4104 6356
239 363 307 418 65
1408 360 1411 361 ⁷
1435 358 1790 415 EPlSTOL/E
1832 357 1920 412 ET
1960 357 2302 415 DECRETA.
3436 366 3503 418 66

235 475 554 533 monstravit
598 476 775 533 inesse
804 476 1136 547 propositum
1184 474 1457 530 lacerandi
1495 476 1808 542 catholicos,
1842 481 1892 541 Α
1914 479 2174 549 judicium
2204 479 2533 551 apostolatus
2562 479 2753 535 adesse
2779 475 3095 547 contempsit
3120 494 3135 544 ;
3166 492 3266 533 nec
3296 489 3504 547 poterat

235 567 621 638 haireticosque
652 568 923 636 laudandi,
967 583 1193 637 seseque
1237 582 1422 623 corum
1457 568 1651 636 potius,
1684 583 1820 637 quos

236 661 502 727 laudabat,
549 660 735 717 docuit
775 675 893 716 esse
940 660 1275 731 participem,
1319 675 1478 729 quam
1526 661 1820 714 catholico-

237 768 376 821 rum,
406 767 540 825 quos
560 754 831 809 nitebatur
855 753 1192 818 decolorare,
1224 761 1527 809 consortem
1558 771 1571 806 :
1599 753 1823 823 tulitque

237 847 304 902 tle
327 861 387 901 se
418 845 532 916 ipse
558 846 840 916 judicium,
870 860 993 901 cum
1036 846 1275 900 damnati
1308 845 1539 901 hominis
1578 860 1821 900 commu-

237 937 400 994 nione
422 937 680 1007 pollutus,
700 937 1061 992 damnationis
1086 938 1203 1007 ejus
1224 936 1397 991 factus
1418 946 1501 993 est
1532 937 1819 1006 particeps.

238 1028 313 1084 lta
343 1039 396 1085 et
427 1028 581 1085 sedes
610 1028 900 1099 apostolica
926 1029 1068 1099 quod
1115 1029 1180 1083 ad
1212 1029 1567 1083 necessariam
1600 1028 1825 1099 diligen-

239 1126 365 1178 tiam
396 1123 688 1194 respiceret
715 1122 788 1177 nil
827 1121 1026 1186 omisit,
1058 1129 1110 1176 et
1139 1120 1369 1177 Aeacius
1399 1121 1690 1176 secundum
1716 1120 1823 1175 for-

239 1231 380 1271 mam
411 1215 600 1287 synodi
623 1213 1099 1279 Chalcedonensis,
1132 1229 1234 1283 qua
1264 1228 1417 1268 error
1457 1213 1544 1269 cui
1585 1228 1825 1268 commu-

238 1307 438 1362 nicavit
460 1307 626 1363 elisus
650 1316 753 1374 est,
780 1306 918 1361 sicut
946 1305 1013 1361 de
1042 1304 1297 1361 lucretico
1320 1304 1538 1361 homine
1566 1306 1671 1360 seri
1680 1316 1824 1374 ptum

239 1411 357 1465 est,
406 1416 505 1457 suo
548 1399 752 1471 judicio
798 1399 1186 1455 condemnatus
1232 1399 1517 1469 apparuit,
1579 1398 1826 1469 justeque

237 1493 393 1549 sedes
412 1493 727 1563 apostolica,
751 1506 869 1562 quae
892 1492 1075 1561 utique
1090 1506 1150 1547 se
1170 1490 1588 1547 Alexandrinum
1608 1492 1825 1547 Petrum

237 1586 546 1653 damnasse,
575 1600 682 1641 non
710 1586 871 1641 etiam
891 1585 1118 1641 solvisse
1148 1595 1434 1654 memorat,
1463 1601 1531 1642 ne
1558 1601 1651 1655 per
1690 1586 1827 1641 Aca-

238 1679 309 1733 cii
342 1678 622 1747 prislinam
646 1678 1079 1733 communionem
1108 1677 1251 1732 Petri
1271 1692 1487 1747 quoque
1513 1676 1824 1747 collegium,

239 1771 328 1825 cui
356 1770 585 1825 Aeacius
615 1768 1127 1833 communicaverat,
1162 1768 1445 1833 incideret,
1480 1769 1654 1835 ipsum
1683 1782 1830 1821 com-

245 1869 493 1927 petenter
520 1860 772 1915 Acacium
800 1874 829 1912 a
855 1874 950 1914 sua
980 1858 1359 1913 communione
1385 1858 1669 1913 submovit.
1694 1858 1835 1925 Qua-

250 1961 475 2022 propter
503 1961 681 2006 utrum
711 1952 881 2007 errori
912 1950 995 2006 vel
1025 1949 1451 2021 praevaricationi
1472 1952 1837 2006 communica-

248 2044 391 2099 verit
437 2042 700 2122 Aeacius,
768 2042 896 2113 quid
955 2057 1089 2112 opus
1135 2050 1253 2098 erat
1305 2058 1440 2098 nova
1504 2043 1835 2099 discussione

243 2135 612 2204 cognoscere?
638 2147 759 2189 cum
782 2134 890 2203 jam
923 2134 1116 2189 litteris
1145 2137 1257 2189 suis
1296 2144 1441 2191 esset
1470 2135 1585 2206 ipse
1623 2134 1836 2191 confes-

240 2240 356 2289 sus,
386 2240 468 2289 ac,
510 2224 651 2280 sicut
677 2224 936 2294 scriptum
966 2233 1069 2292 est,
1107 2224 1211 2279 Ore
1248 2234 1335 2280 tuo
1362 2225 1748 2297 justificaberis,
1786 2235 1834 2281 et

241 2337 328 2375 ore
356 2330 444 2374 tuo
470 2319 880 2375 condemnaberis
911 2319 1126 2391 (Matth.
1154 2320 1274 2392 xu),
1300 2324 1586 2376 verborum
1611 2335 1831 2375 suorum

242 2413 472 2470 vinculis
510 2422 566 2468 et
612 2427 737 2469 reus
779 2423 1053 2469 teneretur
1098 2423 1153 2469 et
1194 2414 1314 2483 jure
1344 2414 1680 2484 plectendus.
1726 2414 1837 2470 Cur

243 2505 363 2576 ipse
389 2506 443 2561 in
475 2520 609 2562 nova
628 2520 810 2573 causa,
834 2521 991 2576 quam
1021 2506 1259 2577 synodus
1286 2507 1428 2562 nulla
1458 2515 1830 2577 praecesserat,

243 2598 530 2665 Joannem,
563 2612 721 2667 quem
752 2598 866 2653 suis
908 2598 1101 2653 litteris
1128 2598 1443 2669 impetebat,
1486 2598 1836 2670 qualemcun-

244 2706 353 2761 que
382 2690 634 2745 secundte
659 2690 803 2745 sedis
830 2689 1161 2760 episcopum,
1192 2692 1245 2745 in
1277 2692 1462 2761 primae
1506 2691 1653 2747 sedis
1692 2690 1836 2746 beati

244 2781 392 2840 Petri
421 2781 646 2852 apostoli
672 2780 875 2851 judicio
918 2782 1196 2839 confutare
1233 2783 1515 2852 despexit;
1543 2790 1599 2838 et
1629 2792 1683 2837 ut
1712 2797 1842 2839 cau-

245 2889 361 2931 sam
388 2874 612 2941 diceret,
640 2888 735 2929 seu
766 2890 859 2944 per
887 2888 967 2943 se,
1012 2890 1108 2930 seu
1157 2890 1252 2945 per
1296 2876 1482 2942 alium,
1516 2875 1599 2931 vel
1630 2875 1836 2940 venire,

247 2967 332 3024 vel
362 2956 633 3023 destin‘are
660 2968 985 3037 contempsit
1028 2984 1042 3019 :
1081 2967 1356 3037 indignum
1387 2966 1592 3023 habens
1623 2967 1840 3037 cujusli-

246 3062 343 3116 bet
370 3059 599 3114 civitatis
619 3060 840 3113 antistes
863 3058 927 3113 ad
958 3059 1145 3128 prima:
1170 3060 1316 3115 sedis
1344 3060 1529 3115 venire
1554 3059 1837 3129 judicium,

251 3150 324 3204 ad
350 3149 494 3218 quod
532 3148 782 3202 secundae
803 3150 945 3203 sedis
975 3159 1224 3205 cerneret
1250 3152 1462 3206 venisse
1507 3148 1836 3221 pontificem,

1926 575 2063 629 ultra
2103 557 2324 640 diﬁ'erri,
2374 586 2462 635 ne,
2519 572 2658 626 sicut
2706 572 2919 626 dictum
2954 579 3054 637 est,
3102 570 3314 641 antiqua
3363 571 3505 626 illius

1923 665 2299 721 communione
2325 663 2575 728 durante,
2607 678 2730 717 cum
2759 676 2878 718 sese
2899 662 3008 732 jam
3040 661 3298 717 sociasset
3320 671 3499 718 exter-

1925 771 2029 822 nte,
2075 756 2230 810 sedes
2275 768 2488 825 quoque
2527 752 2819 823 apostolica
2871 769 2964 822 per
3012 769 3133 808 eum
3176 755 3505 824 pollueretur

1925 848 2185 917 contagiis
2210 847 2554 916 perﬁdorum,
2591 843 2918 914 dignumque
2947 856 3092 899 esset
3124 847 3206 901 vel
3259 845 3505 915 pracvari-

1923 948 2182 1007 catorem,
2212 939 2297 994 vel
2318 945 2735 1006 contemptorem
2763 936 2948 1006 judieii
2979 940 3354 1008 competentis,
3385 954 3504 995 ma-

1926 1031 2272 1085 nifestissime
2302 1030 2508 1083 scilicet
2557 1029 2625 1082 de
2669 1042 2767 1082 suo
2810 1026 3022 1096 negotio
3051 1028 3449 1096 desperantem,
3482 1045 3511 1083 a

1926 1123 2191 1178 catholica
2221 1130 2379 1191 atque
2409 1120 2700 1190 apostolica
2730 1117 3033 1189 integritate
3054 1127 3108 1173 et
3138 1118 3513 1176 communione

1928 1215 2152 1271 secludi.
2168 1245 2235 1253 —
2252 1214 2347 1269 llic
2367 1218 2409 1267 si
2430 1213 2753 1267 examinatio
2768 1211 3047 1281 quaeritur,
3067 1215 3174 1279 jam
3184 1210 3386 1279 judicio
3406 1225 3514 1266 non

1928 1318 2045 1365 erat
2071 1322 2238 1379 opus;
2265 1308 2284 1337 '
2314 1313 2660 1375 posteaquam
2683 1313 2737 1357 et
2757 1302 2952 1357 litteris
2972 1300 3082 1357 suis
3103 1302 3218 1371 ipse
3239 1299 3515 1355 confessus

1928 1409 2033 1467 est,
2064 1408 2118 1454 et
2162 1397 2230 1453 ad
2273 1397 2566 1467 legitimum
2590 1394 2850 1465 judicium
2887 1402 3106 1448 vocatus
3150 1391 3300 1447 adire
3347 1392 3518 1461 perti-

1927 1491 2083 1558 muit,
2110 1494 2153 1545 si
2180 1489 2513 1546 auctoritatis
2542 1488 2748 1558 pondus
2778 1487 3087 1557 inquiritur,
3116 1483 3517 1539 Chalcedonen-

1927 1585 2004 1639 sis
2032 1582 2221 1654 synodi
2258 1583 2277 1613 ³
2304 1592 2453 1637 tenor
2481 1596 2601 1636 eum
2648 1580 2938 1650 apostolica
2974 1578 3104 1634 sede
3148 1576 3513 1643 consentiens,

1930 1683 1986 1731 et
2029 1676 2170 1729 illius
2212 1674 2538 1729 deﬁnitionis
2578 1674 2851 1728 exsecutio
2881 1671 3145 1741 reperitur
3178 1670 3519 1725 condemnati

1936 1767 2051 1822 illic
2082 1768 2287 1822 erroris
2316 1767 2741 1821 communicator
2771 1764 3031 1819 effectus:
3064 1761 3297 1832 praeﬁxae
3326 1760 3519 1817 nihilo-

1862 1876 1911 1936 Β
1938 1860 2116 1914 minus
2146 1858 2341 1913 ibidem
2370 1856 2637 1926 particeps
2676 1854 3033 1909 damnationis
3058 1854 3078 1884 ⁸
3101 1854 3364 1922 apparuit,
3393 1868 3523 1922 quo-

1942 1951 2085 2006 niam
2112 1950 2252 2005 idem
2283 1950 2397 2018 ipse
2431 1964 2584 2003 error
2614 1949 2699 2017 qui
2731 1947 2901 2002 semel
2929 1954 3010 2000 cst
3036 1959 3158 1999 cum
3182 1960 3278 2000 suo
3306 1955 3525 1998 auctore

1939 2043 2243 2108 damnatus,
2271 2043 2321 2095 in
2351 2039 2607 2109 participe
2633 2038 2873 2109 quolibet
2921 2051 3096 2107 prava:
3134 2036 3523 2092 communionis

1936 2139 2150 2203 ell‘ecto,
2182 2148 2235 2192 ct
2263 2136 2686 2191 exsecrationem
2716 2133 2799 2187 sui
2830 2142 3007 2203 gestat
3050 2141 3106 2187 et
3150 2146 3383 2201 poenam.
3414 2130 3526 2185 lloc

1938 2242 2126 2287 tenore
2146 2231 2309 2285 etiam
2336 2228 2652 2283 Timotheus
2673 2226 2912 2293 XElut-us,
2944 2234 3105 2296 atque
3150 2226 3265 2294 ipse
3294 2224 3525 2279 Alexan-

1936 2324 2125 2380 drinus
2167 2324 2382 2389 Petrus,
2429 2322 2522 2393 qui
2553 2321 2843 2376 secundam
2875 2329 3021 2374 certe
3060 2318 3241 2373 sedem
3273 2332 3517 2388 quoquo-

1945 2417 2106 2473 modo
2136 2416 2376 2471 tenuisse
2405 2412 2743 2477 videbantur,
2776 2426 2881 2466 non
2924 2411 3147 2480 repetita
3174 2408 3399 2481 synodo,
3431 2406 3527 2462 sed

1944 2509 2267 2563 auctoritate
2290 2504 2659 2562 tantummodo
2676 2505 2820 2560 sedis
2842 2504 3169 2572 apostolicae,
3185 2502 3300 2571 ipso
3320 2514 3529 2571 quoque

1941 2599 2141 2656 Aeacio
2189 2598 2491 2669 postulante
2538 2595 2621 2649 vel
2671 2604 2999 2665 cxsequente
3055 2593 3353 2662 llprobatur
3409 2607 3529 2648 esse

1942 2696 2257 2758 damnatus;
2289 2708 2430 2748 nunc
2459 2699 2637 2746 autem
2668 2690 2770 2759 ipsi
2799 2690 3027 2743 doceant
3054 2686 3291 2757 legitime
3315 2685 3529 2740 Petrum

1940 2790 2104 2845 fuisse
2137 2796 2438 2859 purgatum,
2462 2795 2517 2842 et
2544 2785 2612 2839 ab
2633 2785 2780 2839 omni
2812 2782 3182 2838 limreticorum
3210 2778 3530 2849 contagione

1940 2883 2042 2938 ritc
2063 2881 2353 2935 discretum
2385 2894 2505 2934 cum
2533 2879 2581 2933 ei
2608 2875 3025 2933 communicavit
3053 2874 3299 2938 Aeacius,
3331 2873 3374 2927 si
3406 2870 3525 2940 ejus

1940 2973 2448 3028 communiealorem
2496 2979 2681 3040 putant
2712 2968 2965 3024 Acacium
2996 2966 3331 3037 aliquatenus
3361 2978 3522 3018 excu-

1942 3064 2187 3129 sandum,
2221 3071 2313 3119 aut
2356 3064 2423 3129 si,
2456 3063 2596 3134 quod
2645 3062 2813 3131 magis
2837 3069 2920 3115 est
2957 3074 3166 3125 verum,
3199 3055 3526 3113 convenien-

1944 3169 2025 3215 ter
2054 3167 2213 3229 atque
2263 3158 2498 3228 legitime
2528 3158 2742 3211 Petrum
2766 3156 2787 3186 ⁸
2810 3155 3037 3225 probare
3083 3168 3189 3207 non
3224 3158 3531 3223 potuerunt

250 3239 398 3311 quod
424 3238 705 3293 Anatolius
730 3237 1331 3309 Constantinopolitana:
1372 3241 1521 3297 urbis
1556 3244 1841 3312 episcopus
1867 3260 1914 3324 ο
1946 3252 2217 3316 expiatum
2238 3251 2257 3281 τ
2287 3250 2526 3318 (propter
2555 3248 2695 3318 quod
2739 3248 2900 3302 etiam
2930 3246 2997 3300 ad
3033 3244 3341 3314 apostolicae
3386 3242 3531 3299 sedis

248 3331 439 3390 missis
469 3328 829 3400 legationibus
860 3344 955 3399 pro
983 3344 1078 3385 sua
1101 3345 1329 3400 persona
1355 3331 1550 3387 fecisse
1576 3343 1842 3388 monstra-

248 3425 379 3481 tur?
404 3423 548 3479 Ecce
573 3423 734 3477 etiam
762 3422 815 3476 in
838 3422 937 3478 hac
967 3431 1120 3492 parte
1147 3438 1330 3480 vocem
1361 3440 1467 3480 non
1499 3425 1698 3482 habent
1717 3441 1845 3480 con-

247 3524 540 3589 querentes
572 3532 583 3567 :
618 3529 765 3585 ecce,
806 3515 1046 3585 inquam,
1092 3516 1156 3570 ad
1187 3517 1484 3587 legitimum
1511 3529 1597 3574 est
1628 3527 1845 3576 vocatus

249 3623 507 3675 examen,
535 3607 624 3663 ubi
658 3606 741 3661 vel
768 3620 893 3661 suas
919 3615 1098 3677 partes
1118 3608 1275 3678 justis
1303 3609 1710 3679 allegationibus
1736 3612 1846 3667 dc-

251 3705 516 3767 fensaret,
558 3701 603 3755 si
642 3700 732 3756 ille
776 3700 1084 3769 apostolica:
1131 3700 1276 3757 sedis
1306 3702 1498 3772 refugit
1530 3718 1756 3758 examen
1790 3705 1841 3759 in

252 3795 481 3853 Joannis
496 3793 746 3848 catholici
772 3790 1038 3861 pontiﬁcis
1061 3793 1276 3863 negotio
1296 3794 1632 3873 vestigando,
1656 3811 1875 3873 quemn

253 3888 547 3944 admodum
589 3885 746 3940 sedes
789 3884 1080 3953 apostolica
1120 3885 1189 3939 de
1230 3886 1537 3956 receptione
1564 3887 1705 3942 Petri
1738 3888 1845 3944 ha:-

253 3982 415 4039 retici
443 3995 539 4034 sua
568 3978 888 4033 auctoritate
918 3979 1157 4044 resoluti,
1190 3980 1370 4034 Acacii
1400 3979 1574 4036 fuerat
1598 3990 1845 4037 secutura

253 4070 552 4146 judicium?
583 4070 663 4125 An
692 4070 875 4124 sedem
905 4070 1255 4138 apostolicam
1285 4072 1617 4142 congruebat
1666 4087 1848 4141 paroc-

255 4169 362 4223 ciae
387 4162 748 4220 Heracliensis
777 4160 1058 4227 Ecclesize,
1088 4162 1141 4216 id
1169 4171 1251 4217 est
1276 4163 1849 4232 Constantinopolitani

256 4257 553 4331 pontiﬁcis,
578 4254 661 4310 vel
690 4252 1053 4325 quorumlibet
1081 4253 1332 4319 aliorum,
1364 4255 1452 4322 qui
1483 4267 1603 4308 cum
1637 4253 1847 4320 eodem,

259 4353 346 4407 vel
383 4357 598 4420 propter
624 4362 744 4402 eum
773 4346 983 4401 fuerant
1009 4345 1390 4415 congregandi,
1431 4345 1687 4416 judicium
1716 4362 1852 4416 prte-

237 4442 487 4517 Istolari?
519 4442 653 4497 Cum
695 4439 1041 4509 apostolicam
1086 4437 1327 4507 ejusdem
1365 4440 1550 4508 prima:
1591 4440 1734 4494 sedis
1759 4455 1852 4495 au-

260 4536 528 4591 dientiam
571 4529 1197 4600 Constantinopolitanus
1223 4530 1506 4600 episc0pus
1534 4530 1845 4599 declinaret,

1941 3342 2196 3411 judicium
2230 3342 2454 3398 Aeacius
2480 3342 2561 3397 vel
2592 3342 2778 3396 venire
2806 3340 2888 3395 vel
2934 3339 3205 3394 destinare
3232 3354 3336 3393 non
3367 3352 3529 3394 ausus

1948 3434 2096 3503 est);
2130 3442 2296 3488 restat
2338 3444 2395 3487 ut
2435 3434 2487 3487 in
2533 3435 2647 3503 ejus
2674 3434 3157 3488 communicatione
3201 3432 3305 3505 [ΑΙ.
3330 3442 3387 3485 ut
3415 3430 3531 3501 ejus

1947 3523 2329 3597 inexpiatione]
2362 3524 2537 3591 fuerit,
2561 3534 2616 3579 et
2643 3523 2731 3594 qui
2762 3526 2809 3578 ei
2833 3523 3246 3579 communicavit
3278 3524 3522 3581 infectus.

1946 3620 1967 3651 ⁸
1988 3617 2103 3672 Non
2136 3619 2422 3673 reticemus
2450 3617 2555 3689 [ΑΙ.
2577 3616 2685 3671 Nec
2707 3615 2865 3686 plane
2895 3616 3155 3689 tacemus]
3186 3624 3361 3671 autem
3384 3615 3524 3686 quod

1944 3719 2136 3765 cuneta
2180 3726 2274 3779 per
2308 3711 2567 3764 mundum
2609 3709 2756 3763 novit
2786 3708 3059 3774 Ecclesia;
3106 3708 3356 3779 quoniam
3400 3724 3528 3776 quo-

1945 3801 2196 3856 rumlihct
2244 3800 2525 3855 sententiis
2569 3800 2725 3870 ligata
2772 3800 3081 3869 pontiﬁcum
3112 3840 3125 3865 ,
3186 3798 3343 3854 sedes
3389 3798 3530 3854 beati

1946 3894 2088 3949 Petri
2121 3894 2351 3963 apostoli
2377 3894 2466 3963 jus
2489 3894 2681 3949 habeat
2708 3892 3031 3957 rcsolvendi,
3052 3900 3236 3961 utpote
3254 3892 3394 3961 quod
3419 3892 3526 3963 [ΑΙ.

1947 3984 2087 4056 quas]
2114 3986 2179 4040 de
2209 3986 2353 4041 omni
2392 3985 2633 4040 Ecclesia
2684 3984 2765 4039 fas
2804 3985 2995 4040 habeat
3031 3984 3326 4053 judicandi,
3360 3999 3533 4053 neque

1948 4080 2194 4145 cuiquam
2224 4078 2291 4131 de
2320 4078 2436 4145 ejus
2465 4077 2619 4130 liceat
2645 4074 2888 4144 judicare
2904 4075 3129 4143 judicio,
3162 4075 3422 4143 siquidem
3465 4076 3530 4128 ad

1952 4167 2097 4221 illam
2125 4166 2193 4220 de
2219 4166 2459 4234 qualibet
2485 4166 2665 4218 mundi
2696 4174 2845 4231 parte
2871 4178 3107 4218 canones
3152 4163 3409 4232 appellari
3440 4179 3533 4216 vo-

1952 4257 2168 4321 luerint,
2196 4256 2266 4309 ab
2297 4255 2384 4309 illa
2414 4263 2593 4309 autem
2636 4267 2796 4308 nemo
2824 4254 2896 4308 sit
2924 4253 3190 4323 appellare
3218 4253 3533 4323 permissus.

1952 4336 2290 4419 Quapropter
2320 4362 2439 4403 cum
2476 4347 2605 4401 satis
2636 4356 2845 4402 constet
2897 4346 3147 4401 Acacium
3199 4345 3403 4401 nullum
3444 4347 3537 4401 Ita-

1952 4443 2133 4499 buissc
2176 4439 2525 4511 pontiﬁcium,
2576 4442 2839 4496 sententia
2884 4439 2992 4513 [ΑΙ.
3039 4440 3362 4497 sententiam
3394 4442 3539 4499 sedis

1952 4535 2259 4608 apostolicae
2303 4534 2440 4601 sine,
2490 4533 2622 4605 ete.]
2671 4532 2817 4588 sedis
2863 4534 3167 4601 apostolica:
3207 4532 3536 4599 damnatum,

259 4631 354 4699 qui
385 4629 569 4698 utique
596 4624 805 4683 etiamsi
831 4623 1229 4693 metropolitani
1269 4632 1415 4679 esset
1432 4624 1555 4693 jure
1584 4625 1850 4693 sutfultus,
1878 4624 1930 4684 D
1957 4629 2072 4684 sine
2100 4627 2207 4681 ulla
2249 4626 2365 4694 ejus
2414 4625 2632 4680 notione
2656 4624 2926 4689 solvendi;
2976 4623 3156 4680 dicant
3208 4634 3358 4680 certe
3385 4628 3404 4657 ’
3436 4641 3539 4696 qua

258 4723 426 4778 etiam
458 4719 599 4775 inter
626 4719 781 4774 sedes
803 4716 1025 4772 haberet
1051 4715 1226 4769 locum
1252 4730 1267 4780 ;
1300 4715 1486 4783 prima:
1511 4725 1687 4771 tamen
1709 4717 1852 4773 sedis

262 4814 626 4886 cognitionem
659 4813 739 4865 l'as
783 4823 888 4863 non
928 4806 1112 4862 habuit
1141 4805 1430 4872 refutandi,
1461 4807 1525 4861 ad
1576 4823 1734 4877 quam
1769 4824 1850 4866 se-

259 4908 502 4965 cundum
532 4918 790 4971 canones,
814 4902 1116 4973 appellante
1147 4901 1396 4956 secundae
1425 4904 1571 4959 sedis
1591 4905 1848 4973 antistite,

260 5002 560 5059 vocabatur
603 5000 673 5055 ad
715 5001 732 5029 ¹
764 5008 1068 5053 nosuorum
1116 5010 1353 5051 causam.
1401 4994 1511 5052 Hoc
1561 4999 1677 5067 ipso
1723 4998 1854 5055 satis

260 5095 509 5152 Ostendit
533 5107 684 5148 reum
714 5105 773 5147 se
800 5104 922 5146 esse
952 5089 1278 5157 confessum,
1308 5089 1396 5160 qui
1441 5091 1505 5145 ad
1554 5092 1849 5161 legitimum

346 5209 362 5238 ι
402 5207 573 5264 Locus
595 5205 858 5261 obscurus
878 5211 970 5256 aut
991 5200 1302 5255 mendosus.
1332 5200 1596 5259 iisunum.

347 5281 366 5310 ’
404 5279 540 5334 Cod.
571 5276 793 5342 Veron.,
825 5284 1090 5343 postquam
1118 5270 1300 5324 litteris
1330 5275 1427 5325 tuis
1452 5274 1559 5343 ipse
1591 5276 1848 5345 confessus

265 5362 370 5411 est.
399 5352 442 5405 si
463 5348 800 5411 auctoritatis,
834 5352 940 5399 etc.

347 5392 370 5453 θ
679 5392 847 5470 tenore
869 5392 1009 5468 illius
1035 5411 1346 5481 deﬁnitionis
1378 5417 1628 5471 exsecutio
1664 5420 1853 5488 reperi-

266 5501 360 5563 tur
377 5508 478 5563 quo
504 5488 881 5563 dantnati,_etc.

350 5561 369 5593 ⁸
389 5558 483 5615 Ἰό.
510 5561 653 5623 cod.,
688 5558 940 5611 existeret.

352 5635 370 5664 ⁵
408 5632 463 5686 ln
486 5630 605 5685 cod.
632 5628 867 5683 Justelli:
900 5644 916 5675 ι
942 5625 1239 5681 Probantur
1270 5637 1387 5697 esse
1409 5624 1662 5682 damnati.
1691 5630 1845 5697 Quod

261 5706 318 5762 si
367 5715 540 5759 utrum
590 5699 758 5755 errori
809 5698 890 5751 vel
940 5696 1359 5765 praevaricationi
1426 5696 1839 5755 cominuniCavit

262 5776 502 5833 Aeacius
526 5771 739 5826 forsitan
764 5768 969 5821 dicatur
994 5767 1291 5834 oportuisse
1320 5777 1585 5833 constare,
1612 5770 1841 5827 breviter

264 5847 581 5899 praebemus
623 5842 688 5895 ad
729 5842 827 5894 ista
871 5852 1203 5896 responsum.
1254 5839 1355 5891 Aut
1413 5841 1554 5894 enim
1602 5843 1700 5903 ipsi
1741 5844 1839 5896 do~

1957 4721 2164 4793 synodo
2191 4721 2293 4774 hoc
2322 4720 2411 4773 ille
2442 4718 2859 4788 praesumpserit,
2885 4717 3027 4785 quod
3072 4731 3173 4772 nec
3199 4717 3279 4773 sic
3323 4718 3538 4787 quidem

1959 4814 2159 4883 absque
2207 4810 2497 4881 apostolica
2544 4809 2673 4865 sede
2715 4808 2794 4862 fas
2834 4807 3054 4863 haberet
3098 4807 3345 4862 efﬁcere?
3388 4809 3541 4878 cujus

1962 4906 2105 4961 sedis
2134 4903 2453 4973 cpiscopus?
2498 4901 2651 4971 cujus
2682 4899 3108 4970 metropolitante
3147 4899 3379 4956 civitatis
3409 4904 3544 4957 auti-

1961 5000 2108 5054 stes?
2140 4997 2325 5053 Nonne
2372 4996 2619 5065 paraecia:
2662 4995 3013 5050 lleracliensis
3054 4995 3347 5051 Ecclesiae?
3385 4996 3442 5052 Si
3470 4996 3543 5051 illi

1963 5100 2109 5149 certe
2137 5090 2288 5146 licuit
2314 5091 2432 5146 sine
2461 5088 2669 5160 synodo
2694 5086 3018 5144 sententiam
3047 5086 3357 5160 apostolicae
3400 5086 3544 5143 sedis

1956 5214 2151 5270 ceant,
2198 5215 2303 5260 etc.
2357 5204 2574 5259 Petrum
2641 5203 2875 5275 legitime
2930 5203 3297 5273 veraciterque
3344 5216 3537 5271 purga-

1954 5288 2065 5334 tum
2106 5284 2211 5330 etc.
2246 5295 2264 5327 ι
2297 5275 2555 5329 Lanaeus.

2028 5350 2047 5379 θ
2088 5347 2160 5400 ld.
2186 5346 2334 5413 cod.,
2366 5362 2465 5399 non
2495 5345 2812 5414 probaverim
2842 5346 3119 5415 expiatum.

2030 5420 2049 5450 ⁷
2089 5410 2674 5490 Ansulis’iwlusanon
2701 5410 2987 5490 exstantia
3018 5416 3150 5490 tiod.
3186 5410 3381 5490 Veron.

2029 5493 2050 5521 ⁸
2090 5489 2339 5543 Nicolaus
2367 5501 2499 5556 papa
2541 5486 2681 5541 hunc
2708 5488 2883 5541 locum
2914 5488 3043 5540 citat
3071 5484 3122 5556 in
3150 5482 3304 5556 epist.
3331 5482 3396 5537 ad
3423 5484 3538 5553 epi-

1957 5576 2150 5630 scopos
2180 5553 2382 5614 Gallia!
2410 5553 2473 5630 (ἐς
2521 5558 2742 5630 epistola
2782 5556 2979 5630 Gelasii
3026 5554 3090 5606 ad
3122 5553 3403 5630 episcopos
3441 5570 3538 5625 per

1963 5623 2276 5686 Dardaniam
2305 5623 2623 5683 constitutos
2650 5645 2661 5679 :
2691 5627 2800 5680 Nec
2831 5627 2981 5693 plane
3011 5634 3251 5676 tacemus.
3282 5623 3537 5679 Hincma-

1950 5717 2041 5757 rus
2070 5702 2307 5755 Luudun.
2338 5715 2399 5754 es
2432 5699 2591 5766 epist.
2620 5697 2685 5751 ad
2710 5696 3047 5750 Anastasium
3080 5694 3400 5764 principem.
3426 5694 3538 5749 Nec

1950 5775 2098 5843 plane
2121 5783 2391 5843 taceamus.
2424 5768 2685 5822 "ARUUIN.

2020 5846 2038 5876 '
2079 5844 2208 5897 Cod.
2248 5842 2467 5905 Verum,
2500 5852 2601 5905 qua
2628 5844 2757 5889 certe
2788 5835 2983 5905 synodo

3513 5957 3543 5967 κ
