4104 6356
586 409 654 463 67
1934 395 2201 452 GELASII
2241 393 2443 451 ΡΑΡᾹΞ
2482 395 2521 451 I.
3791 406 3868 466 63

582 522 919 591 abrumpere,
971 516 1111 570 nulla
1157 513 1273 581 ejus
1301 510 1694 564 consultatione
1735 510 1961 579 quaesita
1984 551 1996 575 ,
2029 508 2173 563 itane
2200 514 2247 572 Α
2281 507 2405 573 tari,
2446 520 2633 561 rursus
2678 505 2791 562 haec
2839 521 3027 561 eauem
3080 523 3197 577 qua:
3220 524 3377 577 supra
3410 509 3867 585 deprompsimug,

582 631 711 669 vero
756 628 857 667 non
907 611 1053 664 licuit
1089 607 1269 675 primm
1316 603 1431 658 sedi
1481 602 1944 657 Chalcedonensis
1976 601 2168 672 synodi

580 708 885 769 constituta,
915 703 1051 757 sicut
1080 698 1277 764 decuit,
1305 696 1643 765 exsequenti,
1694 694 1997 763 hujusmodi
2027 709 2167 763 prae-

579 800 923 852 varieatorem
956 807 1047 846 sua
1078 789 1398 857 auctoritate
1449 788 1772 843 detrudere?
1802 786 1909 842 Sed
1954 800 2052 841 nec
2080 786 2167 840 illa

579 889 942 959 prmterimus,
985 883 1126 953 quod
1164 884 1179 912 ¹
1214 880 1505 950 apostolica
1545 880 1702 934 sedes
1747 878 2079 948 frequenter,
2111 885 2170 931 ut

574 981 770 1035 dictum
804 986 904 1040 est,
937 990 1087 1030 more
1133 974 1417 1043 majorum,
1451 974 1610 1026 etiam
1642 971 1759 1026 sine
1811 972 1915 1025 ulla
1960 969 2169 1042 synodo

576 1071 931 1142 prazcedente,
965 1078 1018 1125 et
1047 1067 1364 1123 absolvendi
1392 1082 1526 1135 quos
1550 1066 1788 1137 synodus
1814 1066 1996 1137 inique
2018 1065 2167 1119 dam-

577 1172 821 1227 naverat,
849 1172 901 1215 et
945 1158 1234 1214 damnandi
1289 1158 1431 1211 nulla
1477 1158 1740 1212 existente
1785 1156 1993 1226 synodo
2032 1170 2167 1225 quos

577 1258 813 1328 Oportuit
839 1298 853 1321 ,
903 1254 1147 1308 habuerit
1187 1253 1495 1307 facultatem
1532 1269 1544 1305 :
1587 1254 1607 1283 ¹
1650 1260 1847 1305 sanctas
1893 1254 2166 1305 memoria:

578 1351 774 1419 quippe
824 1347 1171 1402 Athanasium
1221 1344 1461 1415 synodus
1508 1342 1798 1397 Orientalis
1863 1342 2160 1406 addixerat,

577 1459 735 1513 quem
760 1452 935 1495 tamen
965 1448 1243 1507 exceptum
1279 1437 1439 1492 sedes
1460 1437 1775 1505 apostolica,
1800 1436 1922 1504 quia
1942 1436 2166 1489 damna-

579 1538 707 1591 tioni
740 1535 1045 1588 Graecorum
1080 1546 1184 1585 non
1218 1530 1514 1591 consensit,
1546 1528 1795 1581 absolvit.
1822 1527 2036 1581 Sancta:
2060 1541 2168 1581 mc-

580 1629 763 1683 morirc
818 1622 1159 1679 nihilominus
1197 1623 1458 1678 Joannem
1507 1620 2163 1689 ConstantinOpolitanom

578 1719 813 1789 synodus
843 1718 1002 1770 etiam
1032 1714 1417 1769 catholicorum
1448 1712 1732 1781 prtesulum
1762 1720 1909 1766 certe
1943 1710 2164 1766 damna-

578 1820 681 1875 rat,
716 1824 873 1878 quem
905 1806 1065 1860 simili
1111 1806 1269 1859 modo
1313 1804 1471 1859 sedes
1512 1803 1800 1873 apostolica
1836 1804 1994 1857 etiam
2022 1805 2155 1869 sola,

2274 598 2485 667 planius
2533 598 2755 666 repetita
2809 599 3225 667 perpendatttur,
3278 602 3459 667 idest,
3511 604 3633 673 quia
3676 616 3869 660 contra

2273 688 2451 753 ﬁdem,
2477 699 2665 743 contra
2686 689 2962 743 veritatem
2987 692 3523 763 communionemque
3542 695 3867 751 catholicam

2271 800 2501 855 vereque
2530 784 2907 850 Christianam,
2944 801 3049 840 non
3095 796 3237 841 recte
3280 798 3425 857 gesta
3458 788 3697 858 synodus
3730 790 3869 859 legi-

2271 878 2397 932 tima
2426 877 2633 948 synodo
2662 894 2759 947 pro
2810 880 2931 946 ﬁde,
2962 883 3210 948 veritate,
3250 886 3734 955 comnmnioneque
3775 902 3870 940 ca-

2268 971 2487 1051 tholica,
2522 985 2754 1040 vereque
2800 973 3119 1040 Christiana,
3172 974 3343 1028 modis
3383 976 3637 1031 omnibus
3684 979 3865 1033 seclu-

2268 1066 2440 1120 denda
2468 1076 2568 1131 est,
2602 1075 2654 1119 et
2694 1067 2889 1135 injusta
2934 1068 3171 1138 synodus
3197 1069 3339 1137 justa
3388 1070 3595 1139 synodo
3636 1072 3861 1125 submo-

2269 1157 2457 1211 venda.
2490 1157 2592 1211 Pro
2624 1157 2727 1211 ﬁde
2751 1169 2955 1222 autem,
2999 1168 3051 1212 et
3098 1160 3343 1224 veritate,
3378 1171 3430 1215 et
3480 1165 3863 1219 communione

2266 1252 2551 1311 catholica,
2586 1251 2721 1304 bona
2756 1253 3015 1321 synodus,
3043 1267 3272 1321 vereque
3318 1254 3644 1320 Christiana,
3690 1259 3859 1311 semel

2265 1351 2405 1407 acta,
2436 1342 2577 1395 nulla
2610 1356 2709 1396 nec
2738 1351 2916 1410 potest
2964 1358 3061 1395 nec
3103 1344 3262 1397 debet
3302 1360 3453 1398 novm
3476 1347 3669 1415 synodi
3701 1348 3860 1400 itcra-

2267 1436 2410 1490 tione
2438 1435 2687 1497 convelli,
2724 1436 2815 1489 scd
2851 1436 3140 1490 secundum
3174 1436 3307 1491 bene
3356 1437 3556 1505 gestuin
3590 1440 3853 1509 synodum

2269 1535 2520 1597 recteque
2551 1528 2841 1595 prmﬂxam,
2876 1529 2915 1579 si
2941 1528 3061 1596 quis
3105 1528 3172 1581 ab
3216 1529 3333 1597 ejus
3364 1530 3573 1584 tramite
3602 1530 3852 1598 deviarit,

2264 1629 2658 1691 consequenter
2687 1636 2747 1675 ac
2782 1621 3110 1675 sufﬁcienter
3137 1623 3252 1689 ejus
3280 1623 3589 1678 deﬁnitione
3622 1628 3856 1693 plecten-

2266 1714 2387 1778 dus,
2421 1716 2719 1783 meritoque
2766 1715 2904 1768 illius
2948 1716 3189 1784 subiacet
3220 1717 3547 1781 constitutis,
3594 1734 3693 1773 nec
3721 1736 3853 1789 Opus

2266 1814 2347 1858 est
2379 1820 2473 1875 per
2499 1806 2735 1875 singttios
2758 1818 2999 1875 quosque
3028 1806 3324 1875 deviantes,
3350 1806 3573 1877 jureque
3609 1811 3848 1877 plecten-

580 1904 699 1972 quia
734 1916 839 1956 non
871 1900 1164 1963 consensit,
1186 1899 1451 1964 absolvit;
1479 1899 1713 1967 itemque
1733 1908 1931 1953 sanctzc
1956 1914 2156 1955 memo-
2191 1890 2243 1953 Β
2265 1898 2391 1963 dos,
2430 1912 2593 1953 novas
2623 1912 2807 1952 rursus
2836 1897 3071 1968 synodos
3111 1898 3403 1964 introduci;
3438 1914 3557 1953 cum
3604 1916 3668 1956 ex
3712 1903 3852 1958 illius

576 1997 669 2050 ria:
718 1994 1026 2049 Flavianum
1078 1992 1386 2063 pontiﬁcum
1432 1992 1524 2063 [αι.
1572 1992 1781 2046 additur
1826 1992 2155 2065 Graecorum]

577 2086 988 2156 congregatione
1016 2083 1346 2147 damnatum,
1381 2085 1493 2152 pari
1527 2092 1732 2151 tenore,
1762 2085 2011 2153 quoniam
2042 2085 2157 2139 sola

578 2180 734 2236 sedes
763 2177 1052 2248 apostolica
1104 2190 1208 2231 non
1251 2176 1542 2241 consensit,
1586 2177 1834 2243 absolvit,
1879 2177 2159 2246 potiusque

578 2274 668 2342 qui
702 2272 809 2325 illic
838 2276 1085 2338 receptus
1116 2267 1291 2323 fuerat
1321 2266 1415 2340 [αι.
1453 2268 1574 2337 quia
1606 2267 1712 2321 illic
1759 2276 2007 2336 receptus
2050 2282 2157 2321 non

580 2361 793 2433 fuerat],
821 2361 1133 2415 Dioscorum
1160 2360 1410 2415 secundm
1451 2359 1592 2413 sedis
1634 2360 1914 2428 praesulem
1946 2374 2038 2412 sua
2069 2373 2161 2413 au-

579 2457 825 2511 ctoritate
848 2454 1142 2519 damnavit,
1176 2462 1230 2507 et
1256 2453 1471 2520 impiam
1502 2452 1764 2522 synodum
1800 2468 1903 2506 non
1935 2467 2160 2507 consen-

580 2546 761 2601 tlendo
783 2545 801 2576 ⁸
823 2543 1109 2610 submovit,
1145 2558 1204 2597 ac
1237 2557 1333 2613 pro
1368 2544 1609 2607 veritate,
1653 2552 1709 2597 ut
1740 2544 1975 2613 synodus
2001 2542 2163 2598 Chal-

502 2644 509 2652 '
580 2637 897 2693 cedonensis
915 2636 1092 2701 ﬁeret,
1114 2636 1222 2689 sola
1250 2634 1523 2689 decrevit"
1543 2635 1678 2688 —in
1700 2651 1800 2704 qua
1825 2635 2162 2704 pontiﬁcibus

580 2730 895 2796 innumeris,
941 2728 1029 2797 qui
1077 2728 1355 2781 latrocinio
1386 2737 1699 2781 corruerant
1747 2726 2040 2796 Ephesino,
2075 2742 2163 2781 ve-

580 2822 721 2876 niam
750 2820 1112 2890 poscentibus,
1144 2819 1254 2872 sola
1286 2830 1572 2883 concessit,
1620 2826 1673 2871 et
1712 2818 1762 2870 in
1809 2831 1903 2873 sua
1942 2816 2162 2887 perﬁdia

581 2920 975 2983 permanentes,
1010 2910 1354 2965 nihilominus
1384 2924 1477 2965 sua
1502 2910 1820 2965 auctoritate
1842 2911 2160 2980 prostravit:

581 3021 735 3075 quam
763 3001 1111 3073 congregatio
1155 3017 1272 3072 qua:
1322 3002 1429 3055 illic
1464 3016 1558 3069 pro
1603 3001 1826 3056 veritate
1863 3002 2162 3071 reparanda

582 3097 804 3153 collecta
834 3096 1025 3159 fuerat,
1056 3102 1140 3150 est
1181 3103 1404 3158 secuta;
1439 3096 1691 3163 quoniam
1739 3094 1874 3148 sicut
1924 3095 1974 3149 id
2022 3094 2165 3163 quod

584 3190 751 3260 prima
776 3188 934 3242 sedes
964 3202 1067 3242 non
1103 3187 1437 3255 probaverat,
1468 3194 1715 3239 constare
1737 3199 1843 3240 non
1868 3186 2055 3254 potuit,
2086 3186 2165 3239 sic

2268 1990 2503 2056 tramite,
2539 2005 2655 2059 quin
2684 1999 2957 2043 auctorem
2980 2004 3101 2043 cum
3148 2003 3333 2044 errore
3375 1992 3665 2057 damnavit,
3709 1997 3852 2063 quis-

2264 2082 2385 2151 quis
2413 2082 2652 2151 quolibet
2683 2080 2860 2148 modo,
2895 2081 3134 2151 quolibet
3166 2081 3317 2137 titulo
3342 2083 3583 2153 complcx
3612 2086 3846 2154 ejusdem

2264 2173 2421 2227 fuerit
2455 2174 2626 2227 tactus
2653 2174 2876 2237 erroris,
2908 2181 2964 2227 ut
2990 2173 3106 2242 ejus
3139 2160 3195 2228 se
3226 2176 3543 2244 contagione
3583 2177 3845 2247 poiiuerit,

2264 2273 2631 2333 competenter
2655 2274 2708 2320 et
2738 2266 3005 2334 particeps
3049 2265 3289 2336 ejusdem
3340 2267 3696 2323 damnationis
3737 2270 3851 2324 cxi-

2264 2365 2387 2419 stat,
2412 2358 2631 2425 ejusque
2662 2372 2817 2425 poena
2848 2358 3097 2425 puniatur
3125 2358 3431 2424 obstrictus,
3468 2361 3622 2428 cujus
3654 2362 3843 2416 maluit

2265 2447 2399 2502 inire
2425 2448 2766 2503 consonium.
2796 2448 2989 2515 anero
3011 2464 3136 2518 ergo
3159 2450 3227 2501 ab
3252 2449 3333 2503 his
3364 2450 3489 2519 quid
3513 2450 3579 2504 de
3603 2450 3845 2523 Eutyche

2264 2539 2499 2593 sentiant
2526 2558 2534 2590 :
2563 2540 2797 2595 fuissene
2819 2540 3149 2605 haereticum,
3170 2553 3234 2594 an
3259 2550 3503 2595 asserunt
3527 2555 3631 2595 non
3655 2541 3854 2597 fuisse?

2264 2630 2320 2685 Si
2364 2647 2468 2683 non
2520 2631 2684 2685 fuisse
2730 2631 3080 2697 contendunt,
3131 2632 3256 2701 quid
3307 2633 3621 2702 ambagibus
3664 2642 3844 2703 agunt,

2265 2723 2389 2792 quid
2411 2723 2813 2777 circoitionibus
2834 2725 3220 2793 prmstigiisque
3240 2739 3297 2778 se
3322 2724 3646 2795 contegunt?
3672 2725 3849 2780 Palam

2266 2828 2327 2868 se
2357 2814 2716 2885 Eutychianos
2745 2828 2864 2868 esse
2894 2818 3253 2884 pronuntient,
3280 2830 3335 2870 ut
3366 2817 3417 2870 in
3447 2818 3562 2885 ejus
3593 2818 3853 2886 sacrilego

2267 2907 2447 2961 furore
2477 2906 2705 2961 convicti
2752 2906 2987 2962 veritatis
3031 2910 3255 2963 molibus
3284 2909 3597 2975 obruantur,
3638 2921 3850 2980 aperte-

2267 3014 2369 3068 qoe
2398 3008 2743 3068 cognoscant,
2797 3014 2902 3053 non
2949 3002 3121 3053 solum
3156 2999 3269 3054 haec
3314 3003 3423 3067 ipsa
3476 3002 3641 3068 pestis
3694 3002 3849 3072 Euty-

2268 3090 2457 3145 chiana
2506 3101 2761 3160 quantum
2809 3090 3113 3148 Christiano
3166 3092 3399 3163 dogmati
3454 3094 3711 3161 probetur
3756 3094 3850 3149 ini«

2270 3184 2433 3249 mica;
2463 3184 2555 3238 sed
2589 3193 2813 3252 quantas
2837 3184 2969 3239 alias
2991 3185 3241 3249 haereses,
3268 3200 3465 3255 easque
3486 3187 3847 3254 gravissimas,

582 3284 724 3354 quod
752 3284 838 3338 illa
867 3283 1078 3337 censuit
1100 3279 1463 3343 iudicandum,
1495 3278 1733 3333 Ecclesia
1763 3288 1870 3333 tota
1900 3280 2163 3349 suscepit;
2195 3271 2240 3333 C
2274 3278 2324 3332 in
2357 3292 2447 3331 sua
2476 3281 2737 3346 pravitate
2763 3279 3053 3345 contineat,
3087 3288 3143 3333 ut
3189 3280 3238 3333 in
3289 3280 3478 3349 quibus
3508 3280 3672 3334 foveis
3702 3282 3853 3333 volu-

585 3378 673 3432 ubi
704 3377 862 3431 etiam
909 3383 1303 3443 consequenter
1331 3371 1649 3435 ostenditur,
1692 3373 1814 3441 quia
1850 3372 1989 3427 male
2017 3379 2165 3441 gesta

587 3467 842 3539 synodus,
891 3466 942 3520 id
996 3473 1097 3529 cst,
1150 3473 1334 3518 contra
1373 3463 1675 3532 Scripturas
1705 3471 1936 3529 sanctas,
1978 3470 2167 3517 contra

587 3561 882 3613 doctrinam
931 3557 1143 3611 Patrum
1171 3597 1185 3620 ,
1234 3564 1421 3610 contra
1479 3555 1870 3610 ecclesiasticas
1916 3554 2164 3623 regulas,

588 3667 743 3722 quant
773 3659 880 3705 tota
908 3650 1102 3704 merito
1135 3648 1374 3704 Ecclesia
1403 3663 1507 3702 non
1538 3650 1761 3716 recepit,
1795 3657 1849 3702 et
1899 3646 2168 3715 praecipue

590 3744 743 3799 sedes
770 3742 1064 3811 apostolica
1090 3756 1198 3794 non
1223 3740 1487 3809 probavit,
1513 3754 1604 3806 per
1628 3741 1762 3793 bene
1783 3747 1987 3809 gestam
2011 3752 2170 3808 syno-

591 3839 737 3900 dum,
772 3836 822 3891 id
852 3844 954 3899 est,
986 3832 1275 3889 secundum
1303 3832 1627 3901 Scripturas,
1668 3832 1960 3886 secundum
1990 3832 2169 3886 tradi-

593 3931 790 3983 tionem
816 3927 1051 3991 Patrum,
1076 3924 1368 3980 secundum
1398 3922 1788 3977 ecclesiasticas
1818 3922 2049 3993 regulas,
2075 3936 2170 3991 pro

592 4021 695 4075 ﬁde
717 4018 977 4075 catholica
1006 4026 1061 4072 et
1110 4015 1482 4070 communione
1514 4014 1795 4082 prolatam,
1827 4029 1987 4084 quam
2033 4030 2167 4069 cun-

590 4124 675 4170 cta
708 4114 909 4182 recepit
940 4110 1198 4175 Ecclesia,
1228 4123 1385 4178 quam
1427 4106 1655 4161 maxime
1697 4108 1851 4161 sedes
1877 4108 2169 4178 apostolica

588 4204 976 4277 comprobavit,
1003 4210 1058 4257 et
1089 4200 1331 4256 debuerit
1360 4208 1412 4254 et
1441 4199 1672 4268 potuerit
1697 4199 2001 4265 immutari;
2035 4200 2169 4255 bene

588 4314 716 4353 vero
758 4306 962 4366 gestam
1012 4293 1274 4365 synodum
1316 4291 1465 4359 juxta
1516 4290 1880 4359 supradictum
1915 4291 2165 4357 modum,

590 4406 723 4445 nova
771 4389 980 4458 synodo
1030 4386 1334 4439 nullatenus
1381 4382 1787 4436 immutandam.
1853 4383 2081 4438 Proinde
2126 4386 2170 4438 si

591 4480 870 4551 Eutychen
922 4477 1157 4530 fatentur
1209 4474 1514 4528 hmreticum
1542 4516 1555 4539 ,
1604 4472 1740 4526 male
1787 4482 1991 4543 gestam
2032 4474 2171 4543 apud

591 4577 860 4647 Ephesum
891 4571 1151 4643 synodum
1173 4610 1186 4635 ,
1217 4582 1319 4638 qua
1352 4579 1434 4623 est
1478 4576 1750 4635 receptus,
1800 4565 1996 4635 pariter
2040 4568 2171 4623 fate-

2271 3378 2468 3435 tentur,
2498 3380 2552 3425 et
2584 3373 2633 3426 in
2666 3371 2804 3440 quod
2850 3372 3201 3441 prmeipitium
3248 3373 3657 3438 barathrumque
3707 3386 3854 3425 mer-

2270 3475 2484 3533 gantur,
2519 3463 2835 3533 intelligant.
2861 3464 3027 3518 Simul
3060 3471 3234 3517 autem
3265 3465 3311 3518 si
3342 3460 3611 3533 Eutychen
3636 3461 3854 3517 haereti-

2271 3572 2390 3610 eum
2439 3566 2655 3625 negant,
2701 3554 3024 3610 omnimodis
3068 3556 3384 3624 publicator,
3426 3554 3568 3623 quod
3619 3554 3743 3609 ideo
3789 3555 3854 3610 de

2272 3647 2517 3701 omnibus
2565 3646 2910 3717 Eutychianrc
2960 3647 3091 3715 pesti
3141 3646 3681 3709 communicantibus,
3729 3660 3852 3715 sup-

2274 3757 2461 3811 presso
2490 3742 2649 3795 veluti
2676 3742 2777 3795 hoc
2806 3744 2921 3810 ipso
2951 3756 3151 3805 errore,
3177 3740 3528 3803 contendunt,
3561 3750 3619 3793 ut
3644 3754 3744 3793 nos
3765 3754 3852 3808 per

2244 3836 2461 3899 .taiium
2497 3834 2793 3898 hominum,
2842 3834 2980 3903 quod
3024 3835 3183 3899 absit,
3220 3833 3439 3888 insidias
3481 3834 3853 3903 captiosasque

2276 3928 2568 3982 tendiculas
2592 3927 2644 3980 iu
2678 3928 2984 3997 Eutychetis
3008 3928 3266 3981 insaniam
3296 3926 3532 3980 nitantur
3561 3928 3851 3981 inducere:

2274 4022 2414 4091 quod
2445 4020 2657 4090 quidem
2689 4022 2895 4074 etiamsi
2929 4035 3033 4074 non
3068 4030 3278 4089 negent,
3322 4022 3435 4075 sive
3459 4021 3717 4085 scientes,
3748 4021 3855 4075 sive

2274 4114 2595 4177 nescientes,
2621 4112 2793 4165 facere
2823 4114 3180 4166 confutantur.
3218 4113 3311 4166 Sin
3341 4126 3470 4167 vero
3495 4123 3547 4168 et
3580 4114 3853 4184 Eutychen

2276 4204 2582 4263 haereticum
2614 4217 2811 4273 negare
2844 4220 2947 4256 non
2976 4206 3189 4267 audent,
3236 4212 3401 4258 restat
3444 4214 3721 4259 utcontra
3766 4220 3856 4259 ca-

2277 4297 2525 4350 tholicam
2578 4296 2755 4359 ﬁdem,
2810 4312 2912 4349 non
2953 4296 3215 4366 synodum
3267 4299 3714 4366 nuncupaudam,
3765 4300 3859 4354 sed

2275 4388 2722 4456 conspirationem
2752 4390 2923 4457 potius
2959 4390 3286 4457 perditorum
3318 4390 3487 4446 fuisse
3512 4394 3859 4447 consentiant

2277 4495 2394 4547 qum
2441 4480 2580 4549 apud
2626 4481 2890 4549 Ephesum
2945 4483 3235 4551 Eutychcte
3274 4484 3499 4539 reducto
3542 4485 3772 4553 perculit
3802 4485 3873 4543 8..

2277 4575 2547 4628 memoria:
2595 4573 2927 4641 Flavianum,
2974 4586 3319 4645 cunctosque
3347 4578 3437 4646 qui
3483 4577 3590 4631 illic
3637 4578 3861 4635 aderant

592 4671 809 4731 buntur,
844 4674 897 4719 et
925 4676 1018 4732 per
1048 4662 1185 4716 bene
1214 4669 1417 4729 gestam
1467 4658 1730 4728 synodum
1771 4657 2168 4715 Chalcedonen-
2200 4651 2255 4712 Β
2280 4665 2586 4721 sacerdotes
2629 4666 2846 4721 militari
2876 4678 3080 4721 terrore
3106 4668 3427 4737 compulerit
3478 4678 3630 4723 tanto
3668 4669 3862 4725 sceleri

590 4775 724 4824 sem,
756 4759 901 4827 quod
927 4755 1198 4825 Eutychos
1230 4752 1314 4807 vel
1341 4766 1460 4805 cum
1488 4766 1553 4805 co
1579 4752 1873 4807 sentientes
1904 4752 2024 4807 talia
2047 4764 2169 4809 sunt

590 4851 799 4921 reiecti,
827 4850 990 4903 velint
1016 4848 1313 4914 nolintque,
1334 4846 1689 4909 consentient,
1710 4854 1870 4915 atque
1895 4846 2016 4901 ideo
2035 4846 2171 4903 bene

590 4954 792 5015 gestam
816 4942 1075 5013 synodum
1111 4941 1263 4996 novis
1304 4938 1749 5009 exagitationibus
1795 4940 2033 4995 refricari
2064 4956 2171 4997 non

592 5038 805 5093 licuisse
835 5042 1177 5104 cognoscant.
1207 5032 1307 5101 Qui
1344 5032 1389 5085 si
1423 5030 1643 5085 forsitan
1687 5031 1941 5097 dixerint,
1999 5048 2063 5087 eo
2095 5043 2173 5089 te-

592 5144 723 5185 nore
757 5126 1078 5196 Ephesinam
1108 5138 1322 5194 quoque
1354 5122 1618 5193 synodum
1650 5137 1756 5177 non
1800 5124 2016 5178 licuisse
2059 5142 2173 5179 mu-

663 5314 675 5342 ¹
721 5308 884 5369 Alias,
913 5302 1204 5373 apostolica:
1238 5301 1345 5352 sedi
1366 5300 1671 5373 frequtnter
1700 5302 1873 5351 datum
1904 5310 1997 5364 est,
2032 5317 2168 5356 more

592 5400 671 5433 N11
672 5368 1213 5449 Ῑοιίιηιςςπιςοιυεηιίίἰ
1230 5380 1340 5449 etc._
1350 5368 1627 5449 damnes.

665 5438 687 5480 ί
725 5438 873 5501 llnnc
902 5447 1079 5499 locum
1109 5446 1299 5496 reeitat
1328 5439 1637 5493 llincmarus
1660 5438 1898 5492 Laudun.
1936 5449 2063 5492 tom.
2102 5441 2163 5505 ll,

596 5536 713 5588 pag.
745 5519 867 5582 373,
895 5532 965 5588 ex
989 5516 1149 5588 epist.
1166 5508 1364 5588 Gelasii
1384 5508 1449 5562 ad
1472 5509 1811 5588 Anastasium
1836 5511 2124 5578 principem
2154 5531 2162 5561 :

596 5579 692 5645 sed
719 5579 877 5641 habet
909 5579 1107 5653 aliquid
1139 5582 1238 5637 sub
1265 5580 1422 5653 ﬁnem
1453 5579 1731 5653 dissimile.
1766 5579 2023 5653 llanovta.

668 5660 689 5690 ³
727 5659 856 5711 Cod.
895 5650 1111 5721 Verum,
1152 5654 1261 5707 sola
1303 5650 1545 5703 submovit
1596 5662 1639 5721 ct
1683 5650 1903 5703 veritate.
1931 5680 1997 5689 ——
2044 5654 2170 5705 Sola

597 5729 841 5787 submovit
871 5738 915 5779 et
943 5720 1239 5777 auctoritate
1260 5723 1389 5776 sedis
1412 5720 1704 5791 upostoiicw
1725 5722 1993 5775 concilium
2011 5721 2163 5775 Chai-

600 5802 875 5857 cedonense
912 5806 1159 5849 catmum.
1193 5794 1451 5847 liauesus.
2087 5812 2093 5819 ι

669 5872 690 5902 ⁸
731 5869 933 5924 Inclusa
964 5867 1264 5935 parenthesi
1292 5881 1385 5934 per
1407 5864 1537 5920 duas
1578 5862 1691 5922 fere
1720 5866 1938 5934 paginas
1971 5866 2162 5921 desunt

2279 4758 2519 4826 praebere
2564 4774 2901 4813 consensum.
2958 4761 3133 4828 Atque
3175 4758 3294 4814 ideo
3340 4760 3493 4815 nobis
3528 4774 3749 4815 necesse
3777 4770 3861 4814 est

2280 4866 2493 4921 pravam
2528 4866 2939 4922 perversamqne
2988 4854 3398 4921 conspirationis
3426 4852 3585 4920 illius,
3620 4853 3862 4907 etlatro.

2282 4944 2509 4998 cinalcm
2532 4943 2694 4997 fuisse
2720 4944 3035 5011 perhibeant
3062 4944 3346 5008 actionem,
3366 4959 3590 5013 eamque
3612 4944 3861 5000 debuis-e

2282 5035 2453 5089 modis
2482 5034 2724 5089 omnibus
2755 5036 2976 5099 aboleri,
3001 5045 3054 5090 et
3082 5036 3199 5090 ideo
3219 5036 3435 5104 justam,
3463 5037 3677 5101 bonam,
3710 5052 3861 5089 vera-

2282 5129 2420 5182 citer
2446 5128 2805 5183 Christianam
2828 5128 3318 5183 Chalcedonensem
3352 5128 3612 5199 synodum
3644 5142 3859 5196 proces-

2284 5305 2335 5355 in
2361 5303 2543 5357 codice
2566 5301 2883 5356 Veronensi.
2919 5304 3221 5371 Eorumque
3248 5313 3365 5358 loco
3408 5304 3521 5357 haac
3557 5304 3861 5359 habentur:

2282 5373 2343 5424 In
2372 5391 2469 5441 qua
2492 5383 2545 5424 ut
2576 5388 2692 5439 ergo
2730 5375 2839 5424 sola
2862 5376 2951 5443 jus
2983 5373 3153 5424 habui:
3184 5374 3475 5427 absolvendi
3505 5390 3587 5427 eos
3615 5391 3738 5440 quos
3769 5391 3864 5443 ag-

2280 5444 2460 5496 nodica
2484 5445 2679 5495 decreta
2712 5446 3051 5511 perculerant,
3072 5446 3143 5495 sic
3162 5446 3312 5496 etiam
3334 5445 3441 5497 sine
3466 5447 3658 5513 agnda
3680 5446 3731 5497 in
3762 5446 3864 5499 hac

2280 5514 2455 5564 cadent
2496 5529 2647 5585 causa
2687 5515 2931 5579 plurimos
2962 5517 3115 5566 etiam
3145 5515 3561 5585 metropolitano:
3587 5517 3864 5572 damnasse

2279 5584 2613 5654 cognoscitur.
2667 5587 2813 5649 Quod
2863 5586 2906 5639 si
2946 5585 3057 5652 quis
3090 5586 3197 5637 lucc
3234 5584 3608 5654 ab'apostalica
3635 5589 3751 5639 sede
3782 5590 3863 5641 rei

2281 5653 2557 5706 secundum
2587 5657 2833 5723 synodum
2864 5668 2976 5709 acta
3007 5656 3348 5726 reprehendit,
3379 5666 3561 5724 prmler
3590 5659 3725 5723 quod
3752 5659 3862 5723 pri-

2275 5743 2357 5777 sca
2384 5740 2547 5777 rerum
2577 5729 2866 5793 probatione
2888 5728 3217 5790 convincitur,
3255 5727 3451 5779 interim
3492 5728 3651 5779 multo
3689 5731 3862 5795 magis

2275 5796 2454 5847 Acacio
2478 5812 2573 5847 non
2606 5796 2804 5849 licuisse
2835 5799 3085 5864 fatebitur.
3126 5798 3267 5849 Dicat
3294 5813 3434 5864 ergo,
3456 5806 3558 5851 etc.
3586 5828 3651 5835 ——
3679 5798 3772 5849 llie
3802 5809 3860 5854 ut

2274 5867 2516 5935 superius
2544 5868 2845 5936 parenthesi
2876 5870 3082 5934 signum
3104 5896 3172 5908 --
3203 5868 3565 5923 subtituimus.
3602 5868 3757 5921 Eutr.
