4104 6356
253 339 325 397 os
571 278 574 279 ί
1467 319 1818 380 EPISTULAE
1861 309 1948 374 er
1990 317 2331 376 neuneu:
2925 387 2933 398 .
3201 348 3206 353 .
3458 315 3526 376 πο

251 453 389 510 sisse
419 450 698 516 definiant,
724 449 774 503 in
806 447 886 501 his
915 445 1106 516 quibus
1135 441 1428 514 Entychete
1451 439 1698 511 depulso,
1717 450 1836 492 cum
1865 434 1919 498 Α
1944 434 2260 490 criminibus
2287 435 2555 493 involutos
2577 449 2676 498 sua
2720 434 3024 517 provisione
3060 430 3382 503 supposuit?
3411 432 3524 498 Qua

251 561 350 602 suo
383 544 591 602 fautore
636 542 928 603 Dioscoro,
967 535 1210 592 liceresim
1259 547 1442 588 eorum
1489 543 1838 599 erroremque

252 639 539 706 damnarit.
565 637 709 692 lianc
731 649 856 703 ergo
877 631 1138 703 synodum
1161 629 1245 699 (ut
1266 628 1465 681 dictum
1490 625 1592 695 est)
1620 627 1834 688 bonam,

252 747 462 798 veram,
501 731 720 801 justam,
763 725 1226 793 Cbristianamque
1269 735 1389 776 esse
1424 736 1529 774 non
1569 717 1834 781 dubitant,

254 841 349 896 per
377 839 538 894 quam
584 824 666 877 illa
714 820 872 876 noxia
923 819 990 871 sit
1031 826 1255 871 remota.
1315 812 1646 882 Perspieiant
1685 825 1835 878 ergo,

253 917 575 985 tandemque
624 909 938 974 concedant,
971 907 1111 978 quod
1163 905 1402 975 quisquis
1430 903 1497 957 ab
1539 903 1654 970 ejus
1683 903 1837 969 jusla:

253 1020 306 1061 et
338 1007 651 1062 Christiana:
681 1017 924 1072 veraeque
961 997 1148 1072 synodi
1193 998 1317 1062 fide,
1364 996 1738 1050 communione
1786 1004 1841 1047 et

253 1101 481 1155 veritate
511 1095 824 1160 deviaverit,
859 1094 940 1149 vel
990 1094 1053 1148 ab
1102 1105 1164 1146 ea
1196 1088 1541 1145 deviantihus
1594 1102 1838 1142 commu-

255 1196 467 1252 nionem
520 1190 820 1256 miscuerit,
867 1187 1196 1242 sufficienter
1245 1193 1404 1252 atque
1453 1189 1837 1250 competenter,

253 1282 549 1340 secundum
581 1281 745 1349 ipsius
771 1277 1008 1340 definita,
1062 1285 1302 1330 teneatur
1349 1271 1656 1336 obstrictus,
1703 1286 1838 1338 quu-

259 1380 399 1430 niam
447 1376 586 1428 mala
627 1371 865 1444 synodus
906 1369 1042 1424 bona
1086 1367 1270 1420 debuit
1319 1363 1645 1420 submoveri.
1698 1363 1842 1416 Bona

254 1484 384 1522 vero
411 1465 650 1537 synodus
678 1463 820 1517 nulla
851 1475 1009 1515 causa
1043 1468 1124 1514 est
1153 1473 1246 1512 cur
1287 1455 1390 1509 alia
1420 1455 1611 1509 debeat
1641 1452 1843 1525 synodo

256 1559 559 1622 retractari,
594 1571 663 1612 ne
692 1555 801 1624 ipsa
831 1552 1136 1607 retractatio
1159 1551 1273 1620 ejus
1295 1547 1598 1603 constitutis
1622 1546 1844 1616 deroget

259 1651 590 1704 firmitatem.
626 1645 855 1702 Proinde
883 1643 1182 1714 quicunque
1211 1638 1638 1710 congregationis
1670 1637 1844 1704 Ephe—

165 1781 168 1783 -
236 1739 388 1796 sitne
414 1750 668 1795 tenentur
694 1736 908 1800 affectu,
933 1733 1057 1804 quid
1081 1731 1253 1786 adhuc
1272 1729 1448 1783 Acacii
1475 1726 1845 1782 tantummodo

1941 525 2147 596 synodo
2178 535 2255 580 tot
2301 527 2474 582 aliena
2509 527 2782 598 privilegia
2825 525 3082 583 nefandus
3135 523 3416 596 populator
3447 523 3527 577 iu-

1941 616 2119 672 vasit?
2165 617 2268 672 Sed
2313 617 2432 674 libri
2488 633 2594 673 non
2651 620 2918 674 sufficient
2964 618 3057 691 [αι.
3094 616 3441 685 sufﬁcerent],
3479 615 3525 669 si

1943 708 2230 778 tragmdias
2253 709 2366 778 ejus
2394 723 2523 778 quas
2542 725 2636 779 per
2655 710 2922 765 Ecclesias
2939 711 3100 765 totius
3122 709 3355 763 Orientis
3370 722 3526 762 excr-

1941 801 2082 864 cuit,
2130 799 2402 869 sigillatim
2435 800 2455 829 ⁵
2479 799 2716 854 scribere
2744 801 3065 855 moliamur:
3100 816 3167 855 an
3198 799 3326 854 illud
3360 797 3526 869 ipsius

1943 901 2316 962 argumentum
2353 891 2506 946 nobis
2536 891 2843 946 existiment
2889 891 3288 962 Opponendum,
3323 906 3426 961 quo
3448 889 3526 943 fa-

1941 986 2124 1040 cinora
2151 1001 2244 1039 sua
2277 983 2328 1038 in
2358 983 2685 1054 imperialem
2717 982 2865 1038 nisus
2889 981 2982 1054 [aL
3030 981 3195 1053 visus]
3225 993 3305 1038 est
3325 982 3530 1051 jactare

1943 1093 2248 1148 personam.
2299 1076 2406 1130 Cur
2448 1075 2605 1145 igitur
2647 1074 2859 1142 quando
2892 1073 3081 1140 voluit,
3131 1073 3336 1128 obstitit
3382 1071 3530 1128 Basi-

1944 1170 2078 1226 lisco
2113 1180 2338 1239 tyranno
2370 1177 2517 1226 certe
2539 1177 2592 1222 et
2619 1167 2709 1239 [αι.
2737 1166 2846 1220 Cur
2868 1165 2940 1236 et]
2971 1165 3222 1220 hmrctico
3244 1165 3531 1219 vehemen-

1947 1275 2025 1320 ter
2054 1263 2284 1322 infesto?
2314 1278 2410 1320 cur
2431 1261 2530 1332 ipsi
2585 1259 2898 1330 imperatori
2929 1259 3129 1316 Zenoni
3151 1301 3164 1325 ,
3197 1259 3318 1328 quia
3352 1262 3529 1328 palam

1945 1354 2279 1411 Antiochcno
2334 1354 2495 1408 Petro
2547 1350 2715 1408 noluit
2761 1351 3156 1405 communicare
3183 1392 3197 1415 ,
3231 1365 3378 1404 suam
3423 1350 3528 1422 [aL

1946 1447 2088 1499 addit
2131 1444 2406 1513 nimirum]
2441 1460 2547 1498 non
2587 1441 2826 1497 subdidit
2867 1441 3189 1498 voluntatem
3219 1443 3236 1494 ἰ
3269 1442 3406 1496 Ecce
3439 1459 3534 1512 po-

1949 1538 2046 1594 tuit
2077 1547 2124 1594 et
2158 1538 2210 1592 in
2241 1536 2359 1594 aliis
2409 1537 2691 1604 resultarc,
2728 1537 2746 1567 ⁸
2774 1536 2818 1591 si
2861 1535 3024 1592 vellet
3054 1533 3146 1608 [αι.
3193 1535 3286 1589 sed
3339 1535 3528 1591 noluit.

1946 1623 2036 1686 Au
2058 1645 2161 1685 non
2193 1629 2480 1702 Apostolus
2512 1630 2659 1696 dicit,
2693 1645 2796 1684 non
2829 1629 3003 1684 soluat
3048 1630 3136 1700 qui
3182 1629 3406 1694 faciunt,
3437 1631 3531 1684 s--d

1947 1723 2110 1777 etiam
2140 1721 2230 1792 qui
2252 1721 2594 1776 consentiunt
2625 1719 2940 1778 facientibus
2986 1731 3134 1774 reatu
3165 1720 3363 1790 pariter
3412 1730 3535 1775 sunt

261 1848 458 1888 nomen
490 1828 812 1892 obtendunt,
845 1837 898 1880 et
924 1840 1026 1878 non
1060 1823 1234 1892 palam
1263 1829 1557 1874 sectatores
1584 1819 1847 1888 Eutychc-
1875 1808 1926 1868 B
1952 1815 2189 1870 irretiti?
2219 1813 2407 1886 sed...]
2431 1814 2525 1868 sed
2557 1823 2616 1868 ut
2640 1828 2703 1867 ea
2731 1828 2848 1884 quae
2882 1813 3041 1870 latius
3072 1813 3380 1888 explicanda
3415 1821 3537 1866 sunt

263 1925 353 1990 tis,
385 1924 474 1994 qui
507 1922 617 1976 illic
645 1929 891 1988 receptus
918 1915 1109 1980 fuerat,
1141 1912 1484 1982 profitentur;
1511 1910 1595 1981 qui
1629 1910 1670 1962 si
1703 1908 1850 1963 refu-

262 2017 435 2088 giunt,
472 2023 632 2082 atque
662 2011 938 2082 Eutychen
970 2023 1026 2063 se
1055 2005 1338 2076 perhibent
1368 2003 1658 2068 exsecrari,
1693 2003 1848 2056 simul

260 2123 391 2176 ergo
417 2115 466 2158 rt
495 2104 840 2172 Ephesinam,
875 2116 974 2171 qua
1004 2099 1144 2153 male
1173 2107 1418 2167 receptus
1447 2104 1547 2162 est,
1576 2095 1847 2164 conspira-

259 2199 460 2252 tionem
485 2197 601 2264 jure
634 2203 918 2256 ccssatam,
949 2201 1000 2245 et
1037 2189 1531 2244 Chalcedoncnsem
1561 2187 1844 2256 synodum,

259 2304 363 2358 qua
388 2287 584 2358 rejecta
610 2295 711 2350 est,
737 2284 929 2338 merito
952 2280 1296 2336 consentient
1326 2268 1618 2333 inStitutam
1647 2295 1661 2344 ;
1689 2288 1847 2348 atque

260 2383 333 2436 ita
360 2381 643 2452 synodum,
674 2395 791 2448 qua:
823 2393 916 2448 pro
953 2375 1053 2430 fide
1085 2371 1349 2429 catholica
1379 2373 1446 2427 sit
1489 2374 1723 2443 praeﬁxa,
1758 2387 1846 2428 se-

262 2476 496 2528 cundum
533 2481 772 2528 veterum
815 2471 1060 2534 formam,
1089 2469 1227 2522 sicut
1257 2466 1456 2522 dictum
1501 2459 1603 2530 εει,
1648 2466 1849 2535 perspi-

264 2568 406 2622 eicnt
447 2566 672 2619 novellis
717 2579 822 2618 non
874 2563 1108 2634 potuisse
1152 2558 1537 2630 qutestionibus
1585 2558 1845 2621 ventilari,

265 2657 359 2714 sed
414 2657 563 2726 jixta
623 2655 737 2724 ejus
785 2665 1023 2710 tenorem
1073 2653 1240 2708 semel
1309 2650 1546 2721 legitime
1603 2649 1850 2720 justeque

266 2752 662 2821 depromptum,
713 2759 767 2803 et
807 2752 926 2818 jure
984 2749 1194 2820 probari
1255 2758 1396 2803 recta
1447 2755 1734 2810 sectantes,
1795 2755 1847 2802 et

268 2845 562 2899 sentientes
589 2841 856 2897 contraria
888 2841 1143 2905 refutari;
1177 2840 1315 2911 quod
1347 2841 1505 2895 sedes
1535 2841 1848 2908 apostolica,

269 2933 412 2988 sicut
433 2931 632 3000 deruit,
666 2930 879 3000 antiqua
928 2930 1212 2985 tt'.rditio:ie
1252 2928 1584 2992 custodiens,
1621 2946 1724 2982 non
1759 2946 1849 2998 sy-

270 3025 474 3080 nodum
505 2999 656 3077 trusit
699 3021 1017 3088 iterandam,
1059 3022 1151 3075 sed
1208 3021 1257 3075 in
1301 3020 1414 3090 ejus
1449 3021 1854 3088 prmvaricatore

273 3115 530 3188 pellendo
577 3114 714 3166 hanc
757 3113 996 3165 eamdem
1043 3112 1303 3182 synodum
1339 3112 1513 3183 potius
1558 3128 1855 3181 exsequen-

1956 1908 2285 1977 omittamus,
2319 1909 2338 1938 "
2372 1907 2628 1978 quidquid
2661 1907 2774 1977 ipse
2794 1906 2976 1962 Zenon
3010 1904 3297 1975 imperator
3319 1905 3430 1958 Suis
3454 1905 3537 1958 iit-

1957 2005 2084 2058 teris
2117 2002 2416 2071 profitetur,
2445 2009 2633 2056 cuncta
2661 2015 2780 2058 sese
2801 2015 2866 2056 ex
2895 2000 3071 2056 Aeacii
3104 1999 3336 2068 gessisse
3363 1999 3539 2054 consi-

1953 2097 2049 2163 lio,
2081 2111 2178 2152 nec
2198 2096 2296 2149 hoc
2322 2111 2456 2151 eum-
2470 2094 2653 2150 fallere
2677 2093 2867 2150 litteris
2888 2094 3000 2149 suis
3022 2094 3134 2164 ipse
3154 2093 3352 2162 pariter
3381 2077 3539 2150 testa-

1953 2198 2044 2242 tur
2077 2187 2323 2251 Aeacius,
2358 2187 2447 2256 qui
2478 2196 2533 2263 et
2559 2202 2680 2244 eum
2711 2187 3060 2244 nihilominus
3092 2185 3345 2242 universa
3395 2195 3540 2242 recte

1954 2279 2182 2350 gessisse
2211 2279 2551 2350 conscripsit,
2576 2288 2630 2334 et
2658 2293 2755 2334 suo
2783 2277 3010 2335 consilio
3035 2277 3151 2334 haec
3179 2277 3366 2334 eadem
3393 2288 3538 2347 gesta

1954 2390 2058 2429 non
2092 2374 2278 2430 tacuit.
2312 2373 2473 2442 Quasi
2507 2388 2632 2428 vero
2683 2380 2889 2428 tantum
2919 2374 2973 2428 in
3001 2372 3348 2434 Alexandrini
3393 2373 3536 2436 Petri

1954 2465 2332 2521 communione
2360 2464 2586 2520 Aeacius
2617 2464 2999 2534 praevaricator
3027 2463 3314 2528 exstiterit,
3357 2473 3411 2518 et
3437 2481 3541 2518 non

1957 2557 2012 2610 in
2040 2557 2313 2622 omnibus,
2341 2570 2475 2626 quos
2507 2555 2586 2612 vel
2621 2555 2761 2620 iccit,
2791 2555 3028 2625 depulsis
3058 2555 3338 2610 catholicis
3367 2556 3541 2622 ponti-

1958 2649 2170 2716 ﬁcibus,
2205 2657 2458 2718 tauquam
2494 2659 2773 2720 tyrannus,
2809 2647 3064 2706 Ecclesiis
3091 2647 3390 2719 quibusque
3414 2665 3546 2718 pne-

1956 2743 2121 2811 poni,
2167 2741 2250 2796 vel
2301 2741 2476 2798 taliter
2530 2741 2832 2811 praepositis
2885 2755 3138 2810 perversa
3167 2743 3548 2798 communione

1957 2837 2257 2908 permixtus
2287 2845 2390 2900 est,
2425 2835 2515 2906 qui
2549 2834 2652 2891 hoc
2681 2836 2797 2906 ipso
2828 2835 3125 2891 secundum
3154 2848 3390 2890 canones
3433 2833 3544 2890 fuc-

1959 2939 2078 2984 raut
2111 2930 2177 2983 ab
2205 2925 2566 2991 ecclesiastica
2585 2926 2974 2998 communione
3002 2926 3269 2996 pellendi,
3304 2927 3444 2996 quod
3490 2942 3548 2982 se

1961 3020 2100 3090 passi
2143 3029 2265 3074 sunt
2305 3033 2648 3074 successores
2680 3018 2811 3076 vivis
2861 3017 3233 3075 sacerdotibus
3285 3019 3546 3084 adhiberi.

1959 3116 2089 3184 Quis
2119 3123 2294 3169 autem
2327 3129 2430 3168 non
2463 3113 2754 3184 perspiciat
2783 3112 3140 3181 Christianus,
3187 3113 3326 3182 quod
3366 3113 3551 3167 catho-

276 3208 424 3262 dam.
455 3205 471 3235 ¹
504 3204 839 3273 Quapropter
870 3203 912 3256 si
941 3205 1054 3272 quis
1084 3204 1258 3258 adhuc
1300 3203 1593 3257 secundum
1635 3201 1856 3258 Chalcc-
1884 3190 1931 3253 C
1963 3208 2080 3262 licis
2110 3206 2451 3276 pontificibus
2480 3205 2696 3274 propria
2726 3205 2854 3262 sede
2905 3203 3130 3272 dejectis
3162 3220 3266 3260 non
3313 3205 3412 3259 nisi
3445 3205 3552 3258 ha:-

273 3300 576 3354 donensem
628 3295 888 3366 synodum
943 3294 1054 3348 haec
1105 3298 1171 3347 ab
1208 3296 1500 3364 apostolica
1542 3295 1666 3348 sede
1712 3304 1859 3364 gesta

270 3387 644 3462 reprehendit,
682 3397 872 3459 praeter
916 3385 1056 3456 quod
1083 3396 1134 3440 et
1165 3388 1263 3440 hac
1289 3401 1389 3456 qua
1419 3387 1664 3458 superius
1686 3393 1864 3439 astru-

275 3482 457 3535 ximus
479 3521 492 3542 ,
533 3487 586 3533 et
613 3477 892 3548 multiplici
927 3487 1099 3546 potest
1145 3477 1349 3532 ratione
1381 3477 1661 3546 convinci,
1695 3477 1865 3531 multo

274 3573 450 3642 magis
467 3580 642 3625 tamen
663 3570 858 3625 Aeacio
878 3585 981 3622 non
1002 3569 1213 3623 licuisse
1244 3568 1492 3623 fatebitur
1508 3569 1604 3622 ista
1637 3577 1864 3624 tentare.

269 3693 347 3706 ——
375 3663 521 3717 Dicat
556 3677 703 3733 ergo,
742 3676 841 3732 qua
873 3660 1107 3732 synodo,
1142 3661 1398 3715 Joannem
1437 3660 1685 3714 secunda:
1722 3659 1865 3716 sedis

269 3759 594 3824 antistitem,
619 3759 1060 3826 qualemcumpte,
1086 3769 1230 3811 certe
1260 3749 1601 3822 catholicum,
1635 3765 1688 3810 et
1714 3773 1740 3808 a
1771 3772 1863 3811 ea-

219 3912 223 3913 .
272 3852 495 3910 tholicis
521 3851 846 3917 ordinatura,
873 3864 970 3904 nec
1010 3849 1074 3903 de
1106 3847 1363 3902 catholica
1408 3846 1508 3901 fide
1539 3858 1591 3903 et
1618 3862 1864 3904 commu-

269 3947 443 4002 nione
474 3944 806 4014 aliquatenus
829 3941 1151 4011 impetitum,
1184 3940 1398 3996 duxerit
1431 3939 1824 3995 excludendum
1851 3983 1863 4005 ,

269 4047 331 4093 et
384 4035 687 4089 luereticum
721 4033 1060 4087 manifestum
1106 4031 1322 4087 Petrum
1350 4048 1441 4087 sua
1473 4050 1683 4104 quoque
1714 4049 1867 4089 exse-

269 4129 502 4184 cutione
549 4127 895 4194 damnatum,
959 4125 1192 4194 pontifici
1249 4126 1511 4180 catholico
1566 4128 1870 4196 permiserit

270 4222 682 4296 subrogandum
715 4222 733 4250 ²
768 4220 928 4290 (eum
966 4218 1172 4274 etiamsi
1207 4235 1325 4274 reus
1371 4220 1681 4276 manifestus
1728 4230 1872 4276 esset

269 4318 555 4378 Joannes,
606 4322 723 4382 post
751 4327 871 4366 eum
919 4313 1106 4365 saltem
1157 4310 1477 4367 catholicum
1531 4315 1870 4368 convenisset

271 4406 484 4481 praefici
533 4405 897 4470 sacerdotem,
956 4405 1091 4458 sicut
1136 4402 1245 4473 ipse
1298 4419 1510 4473 quoque
1547 4403 1657 4458 suis
1703 4406 1868 4459 sacris

267 4509 483 4556 sanctzc
530 4497 802 4551 memorias
835 4494 1114 4548 Timotheo
1159 4497 1422 4549 catholico
1456 4496 1508 4549 in
1545 4496 1866 4554 Alexandria

268 4588 585 4648 faciendum
609 4585 918 4658 promisisse
950 4585 1144 4657 legitur
1178 4585 1529 4654 imperator?)
1562 4588 1673 4654 Qua
1707 4603 1870 4658 syno-
1898 4563 1950 4623 D

269 4689 384 4755 do,
429 4685 599 4738 tertire
631 4682 770 4736 sedis
807 4684 1113 4751 episcopum
1148 4682 1240 4750 [ιιι.
1276 4685 1440 4737 addit.
1469 4684 1732 4754 sanctum]
1764 4683 1868 4740 Ca-

271 4777 592 4834 lendionem
628 4775 767 4829 idem
799 4775 993 4842 expelli
1023 4773 1144 4828 fecit
1167 4774 1185 4804 ³
1220 4777 1440 4830 Aeacius
1471 4793 1483 4829 :
1524 4776 1870 4831 nihilominus

272 4875 291 4903 ⁸
331 4870 589 4938 eumdem
623 4869 836 4923 Petrum
880 4879 982 4939 tam
1037 4870 1341 4922 hari'cticum
1391 4867 1766 4933 manifestum,
1818 4879 1874 4924 ut

270 4966 462 5021 cidem
497 4963 668 5031 palam
699 4975 918 5014 necesse
954 4957 1044 5030 [αΙ.
1083 4976 1179 5022 nec
1209 4959 1286 5031 se]
1315 4961 1711 5015 communicare
1738 4978 1872 5031 prat-

272 5057 553 5120 tenderet,
587 5068 682 5109 sua
717 5066 904 5121 passus
928 5060 1008 5105 est
1043 5052 1282 5120 di~positi
1309 5066 1391 5105 :ne
1440 5053 1728 5106 substitui?
1757 5056 1867 5121 Qua

268 5148 521 5216 denique
545 5159 642 5215 per
674 5153 840 5199 totum
885 5143 1157 5198 Orientem
1209 5141 1414 5215 synodo
1467 5147 1653 5213 ejectis
1688 5149 1873 5205 ortho-

269 5239 444 5295 doxis
465 5281 479 5305 ,
510 5236 658 5292 nullo
701 5235 926 5290 crimine
973 5233 1278 5300 maculatis,
1312 5251 1503 5304 pravos
1553 5251 1790 5308 quosque
1820 5249 1875 5296 et

363 5446 380 5474 ³
419 5439 570 5508 Quod
598 5439 642 5491 si
668 5437 780 5505 quis
830 5437 934 5488 hrec
982 5434 1044 5488 ab
1088 5434 1365 5508 apostolica
1410 5436 1524 5508 sede
1567 5439 1642 5491 vel
1687 5451 1868 5494 stutcta

274 5507 454 5588 (male
482 5507 725 5576 secunda)
749 5508 943 5588 synodo
994 5517 1106 5558 acta
1145 5507 1485 5588 reprehendit,
1521 5521 1703 5588 ρνφιεν
1729 5512 1864 5588 qugd

273 5577 464 5657 ρτἱεεα
512 5596 680 5657 rerum
737 5578 1030 5657 probatione
1071 5577 1416 5657 Δεωῃξὶηεὶιιμο,
1469 5579 1667 5632 interim
1709 5577 1865 5636 multo

273 5649 458 5724 'magis
490 5651 672 5705 Arario
707 5667 802 5702 non
828 5649 1026 5724 licuisse
1057 5651 1314 5724 fatebitur.
1347 5649 1604 5724 litant-tus.

364 5719 611 5778 "Inclusa
646 5719 944 5790 parenthesi
971 5722 1153 5774 desunt
1193 5723 1239 5774 in
1271 5720 1452 5773 codice
1482 5720 1794 5779 Veronensi.

369 5797 393 5828 ³
425 5796 497 5851 Id.
531 5794 674 5851 cod.,
707 5809 763 5844 uc
792 5793 1017 5844 Acarius.

1967 3299 2116 3354 retici
2151 3298 2420 3364 potuerint
2447 3296 2708 3358 introduci
2726 3297 2747 3348 ?
2771 3298 2966 3367 quibus
2991 3307 3172 3354 tamen
3204 3298 3437 3362 cunctis,
3465 3299 3550 3360 vel

1970 3400 2155 3444 auctor
2187 3389 2280 3442 fuit
2308 3389 2536 3444 Aeacius
2567 3389 2944 3461 subrogandis,
2975 3390 3057 3446 vel
3083 3389 3385 3459 subrogatis
3413 3405 3555 3443 eota:-

1972 3485 2267 3538 municator
2287 3482 2517 3538 accessit
2542 3499 2556 3548 ;
2593 3483 2677 3538 his
2717 3483 2903 3553 utique
2932 3485 3056 3554 quia
3089 3485 3179 3555 [aL
3209 3487 3298 3555 qui
3326 3486 3379 3556 a]
3407 3501 3556 3539 com-

1969 3573 2208 3628 munioni
2239 3574 2614 3628 hmreticorum
2669 3573 2974 3634 nullatenus
3023 3575 3421 3646 discrepabant.
3454 3581 3560 3638 (Eur

1972 3682 2101 3736 ergo
2129 3668 2208 3723 vel
2239 3683 2360 3726 eum
2408 3667 2520 3722 haec
2560 3668 2678 3726 fieri
2711 3667 2919 3726 videret
2966 3671 3225 3736 Aeacius,
3279 3688 3382 3726 non
3425 3674 3563 3728 sicut

1969 3762 2072 3818 sub
2102 3762 2358 3818 Basilisco
2380 3762 2488 3831 jam
2521 3761 2739 3829 fecerat,
2772 3763 2840 3817 ad
2865 3765 3216 3834 apostolicam
3260 3767 3442 3822 sedem
3476 3784 3561 3823 rc-

1973 3858 2113 3910 ferre
2145 3855 2369 3920 curavit,
2403 3864 2458 3910 ut
2488 3855 2530 3908 si
2560 3855 2708 3912 solus
2751 3856 2866 3927 ipse
2896 3873 3003 3914 non
3056 3869 3284 3928 poterat,
3321 3863 3337 3890 9
3364 3862 3562 3928 jttnt'lis

1969 3965 2090 4006 cum
2119 3951 2308 4005 eadem
2339 3949 2578 4005 consiliis
2603 3960 2764 4021 atque
2794 3953 3128 4017 tractatibus,
3163 3953 3300 4021 apud
3335 3955 3564 4022 impera-

1974 4054 2138 4098 torem
2181 4052 2399 4112 possent
2437 4059 2556 4112 quae
2589 4043 2838 4112 religioni
2887 4054 3260 4116 coujpeterent
3301 4046 3563 4111 alleuati?

1971 4133 2102 4187 Nam
2133 4135 2174 4188 si
2211 4133 2498 4186 Basiliscus
2525 4135 2607 4201 (ut
2644 4133 2847 4190 dictum
2887 4134 2991 4199 cat)
3023 4141 3283 4200 tyrannus
3315 4143 3367 4186 ct
3395 4133 3564 4186 haere-

1975 4227 2112 4280 ticus
2147 4225 2362 4293 scriptis
2394 4223 2702 4290 apostolica:
2751 4223 2899 4277 sedis
2934 4223 3282 4284 vehementer
3307 4224 3566 4280 infractus

1973 4327 2076 4381 est,
2109 4326 2162 4372 et
2194 4332 2219 4372 a
2255 4315 2504 4384 plurimis
2536 4322 2814 4368 revocatus
2833 4313 3184 4374 excessibus;
3214 4326 3415 4384 quanto
3449 4332 3562 4368 nin-

1962 4407 2048 4478 ἐἰς
2081 4408 2349 4480 legitimus
2379 4407 2689 4475 imperator,
2716 4408 2802 4477 qui
2825 4420 2883 4461 se
2910 4405 3234 4470 catholicum
3267 4408 3434 4464 videri
3467 4425 3559 4462 vo-

1981 4501 2147 4563 lebat,
2175 4499 2346 4569 potuit
2375 4513 2497 4554 cum
2529 4498 2821 4566 apostolica
2854 4498 2983 4558 sede
3015 4508 3326 4558 cunctorum
3358 4516 3569 4569 quoque

1979 4593 2287 4663 pontificum
2321 4590 2598 4646 moderata
2636 4591 2979 4662 suggestione
3009 4591 3261 4661 mitigari,
3298 4595 3566 4662 praecipue

1981 4701 2098 4739 cum
2127 4683 2367 4753 ejusdem
2398 4683 2573 4740 Aeacii
2599 4694 2742 4740 esset
2766 4683 3013 4753 specialis
3046 4683 3217 4740 fautor
3247 4695 3300 4742 et
3328 4697 3470 4744 amat
3496 4705 3564 4752 =r;

1981 4789 2033 4835 et
2058 4780 2143 4848 qui
2179 4779 2370 4834 litteris
2401 4777 2513 4834 suis
2549 4787 2654 4832 tam
2687 4781 2862 4847 ipsum
2907 4777 3158 4838 Acacium
3187 4796 3341 4848 quam
3371 4796 3569 4836 sancta:

1983 4873 2253 4930 memoria:
2288 4887 2476 4942 papam
2517 4872 2850 4940 Simplicium
2903 4873 3109 4942 magnis
3143 4873 3387 4930 laudibus
3419 4887 3571 4931 extu-

1981 4971 2154 5033 lisset,
2185 4969 2468 5024 doceretur
2491 4969 2631 5035 quod
2656 4967 2924 5024 haereticis
2949 4967 3383 5026 constantissime
3417 4971 3570 5024 resti—

1983 5058 2252 5130 tisset[al.
2304 5056 2668 5128 restitissent].
2703 5058 2808 5112 Cur
2861 5066 3006 5112 tanto
3055 5069 3290 5128 tempore
3345 5059 3571 5113 Aeacius

1980 5152 2229 5206 intcrista
2251 5149 2529 5216 conticuit,
2560 5148 2659 5204 nisi
2679 5149 2800 5219 quia
2829 5147 3114 5220 prchcdiri
3140 5148 3235 5220 [ιιι.
3263 5144 3568 5219 prohibere]

1984 5245 2198 5300 nolebat
2251 5242 2518 5304 ullatenus
2562 5257 2681 5313 qua:
2710 5245 2730 5278 θ
2777 5257 2873 5312 pro
2922 5241 3193 5298 bzereticis
3233 5237 3571 5298 desiderabat

2056 5443 2076 5471 ‘
2107 5441 2181 5496 ld.
2215 5442 2356 5505 cod.,
2383 5443 2567 5498 eidem.

2057 5513 2076 5543 ⁵
2105 5513 2180 5567 ld.
2212 5512 2357 5579 cod.,
2384 5513 2683 5570 describere.

2057 5584 2075 5613 ⁶
2104 5581 2177 5638 ld.
2205 5584 2351 5648 cod.,
2383 5585 2427 5637 si
2455 5584 2634 5639 nollet.
2818 5614 2823 5619 -

2053 5657 2070 5685 ⁷
2106 5655 2178 5706 Id.
2210 5655 2352 5714 cod.,
2386 5657 2510 5722 quid
2536 5656 2689 5719 quod.
3397 5671 3431 5701 ο

2057 5727 2076 5757 ⁸
2111 5725 2182 5778 ld.
2219 5725 2363 5788 cod.,
2393 5729 2582 5778 (unctis
2616 5741 2727 5776 cum
2768 5723 2965 5778 eodem.

2056 5800 2072 5828 ³
2108 5796 2209 5849 Pro
2237 5796 2482 5849 luereticis
2508 5796 2700 5850 desunt
2728 5796 2780 5848 in
2814 5794 2933 5848 cod.
2971 5794 3288 5854 "i'eroneasi.
