  <div class='ocr_page' id='page_1' title='image "/cluster/home/n/w/nwhite01/storage/ocr_20150623/59/hvd.32044015471626/041.png"; bbox 0 0 4104 6356; ppageno 0'>
   <div class='ocr_carea' id='block_1_1' title="bbox 617 322 2200 445">
    <p class='ocr_par' dir='ltr' id='par_1_1' title="bbox 617 365 2197 445">
     <span class='ocr_line' id='line_1_1' title="bbox 617 365 2197 445; baseline 0.002 -24"><span class='ocrx_word' id='word_1_1' title='bbox 617 387 681 445; x_wconf 70' lang='grc' dir='ltr'>ῃ</span> <span class='ocrx_word' id='word_1_2' title='bbox 896 376 899 379; x_wconf 73' lang='grc'>’</span> <span class='ocrx_word' id='word_1_3' title='bbox 1170 412 1179 420; x_wconf 88' lang='grc'><strong>.</strong></span> <span class='ocrx_word' id='word_1_4' title='bbox 1981 365 2197 424; x_wconf 73' lang='lat' dir='ltr'><strong>CELAS</strong></span> 
     </span>
    </p>
   </div>
   <div class='ocr_carea' id='block_1_2' title="bbox 2305 322 3910 445">
    <p class='ocr_par' dir='ltr' id='par_1_2' title="bbox 2305 366 3910 425">
     <span class='ocr_line' id='line_1_2' title="bbox 2305 366 3910 425; baseline 0.001 -2"><span class='ocrx_word' id='word_1_5' title='bbox 2305 366 2480 423; x_wconf 72' lang='lat' dir='ltr'><strong>’APAZ</strong></span> <span class='ocrx_word' id='word_1_6' title='bbox 2520 367 2538 421; x_wconf 92' lang='grc'><strong>1</strong></span> <span class='ocrx_word' id='word_1_7' title='bbox 3826 370 3910 425; x_wconf 74' lang='grc'><strong>72</strong></span> 
     </span>
    </p>
   </div>
   <div class='ocr_carea' id='block_1_3' title="bbox 620 468 3908 571">
    <p class='ocr_par' dir='ltr' id='par_1_3' title="bbox 620 468 3908 571">
     <span class='ocr_line' id='line_1_3' title="bbox 620 468 3908 571; baseline -0.005 -14"><span class='ocrx_word' id='word_1_8' title='bbox 620 506 636 537; x_wconf 75' lang='grc'>⁸</span> <span class='ocrx_word' id='word_1_9' title='bbox 681 497 927 571; x_wconf 86' lang='lat' dir='ltr'><strong>impleri?</strong></span> <span class='ocrx_word' id='word_1_10' title='bbox 972 496 1237 552; x_wconf 85' lang='lat' dir='ltr'><strong>Ponamus</strong></span> <span class='ocrx_word' id='word_1_11' title='bbox 1281 497 1457 544; x_wconf 89' lang='lat' dir='ltr'><strong>tamen</strong></span> <span class='ocrx_word' id='word_1_12' title='bbox 1508 486 1715 542; x_wconf 90' lang='lat' dir='ltr'><strong>etiamsi</strong></span> <span class='ocrx_word' id='word_1_13' title='bbox 1764 484 1905 539; x_wconf 78' lang='lat' dir='ltr'><strong>nulla</strong></span> <span class='ocrx_word' id='word_1_14' title='bbox 1960 482 2195 555; x_wconf 87' lang='lat' dir='ltr'><strong>synodus</strong></span> <span class='ocrx_word' id='word_1_15' title='bbox 2222 487 2273 545; x_wconf 78' lang='grc' dir='ltr'>Α</span> <span class='ocrx_word' id='word_1_16' title='bbox 2310 491 2443 547; x_wconf 91' lang='lat' dir='ltr'><strong>tum,</strong></span> <span class='ocrx_word' id='word_1_17' title='bbox 2474 498 2631 552; x_wconf 89' lang='lat' dir='ltr'><strong>quam</strong></span> <span class='ocrx_word' id='word_1_18' title='bbox 2661 484 2776 551; x_wconf 86' lang='lat' dir='ltr'><strong>ejus</strong></span> <span class='ocrx_word' id='word_1_19' title='bbox 2802 482 3060 547; x_wconf 77' lang='lat' dir='ltr'><strong>civitatis,</strong></span> <span class='ocrx_word' id='word_1_20' title='bbox 3080 468 3197 553; x_wconf 74' lang='lat' dir='ltr'><strong>qua:</strong></span> <span class='ocrx_word' id='word_1_21' title='bbox 3226 496 3332 538; x_wconf 89' lang='lat' dir='ltr'><strong>non</strong></span> <span class='ocrx_word' id='word_1_22' title='bbox 3357 472 3535 539; x_wconf 83' lang='lat' dir='ltr'><strong>solum</strong></span> <span class='ocrx_word' id='word_1_23' title='bbox 3562 483 3704 540; x_wconf 86' lang='lat' dir='ltr'><strong>inter</strong></span> <span class='ocrx_word' id='word_1_24' title='bbox 3731 484 3908 542; x_wconf 85' lang='lat' dir='ltr'><strong>sedes</strong></span> 
     </span>
    </p>
   </div>
   <div class='ocr_carea' id='block_1_4' title="bbox 617 575 2185 664">
    <p class='ocr_par' dir='ltr' id='par_1_4' title="bbox 617 575 2185 664">
     <span class='ocr_line' id='line_1_4' title="bbox 617 575 2185 664; baseline -0.014 -16"><span class='ocrx_word' id='word_1_25' title='bbox 617 590 998 664; x_wconf 82' lang='lat' dir='ltr'><strong>praecessisset,</strong></span> <span class='ocrx_word' id='word_1_26' title='bbox 1027 586 1176 653; x_wconf 82' lang='lat' dir='ltr'><strong>cujus</strong></span> <span class='ocrx_word' id='word_1_27' title='bbox 1202 578 1491 651; x_wconf 83' lang='lat' dir='ltr'><strong>apostolica</strong></span> <span class='ocrx_word' id='word_1_28' title='bbox 1523 578 1680 631; x_wconf 88' lang='lat' dir='ltr'><strong>sedes</strong></span> <span class='ocrx_word' id='word_1_29' title='bbox 1730 584 1876 630; x_wconf 91' lang='lat' dir='ltr'><strong>recte</strong></span> <span class='ocrx_word' id='word_1_30' title='bbox 1911 575 2062 629; x_wconf 92' lang='lat' dir='ltr'><strong>ﬁeret</strong></span> <span class='ocrx_word' id='word_1_31' title='bbox 2090 588 2185 626; x_wconf 81' lang='lat' dir='ltr'><strong>ex—</strong></span> 
     </span>
    </p>
   </div>
   <div class='ocr_carea' id='block_1_5' title="bbox 619 667 2197 745">
    <p class='ocr_par' dir='ltr' id='par_1_5' title="bbox 619 667 2197 745">
     <span class='ocr_line' id='line_1_5' title="bbox 619 667 2197 745; baseline -0.014 -5"><span class='ocrx_word' id='word_1_32' title='bbox 619 683 876 745; x_wconf 75' lang='lat' dir='ltr'><strong>secutris,</strong></span> <span class='ocrx_word' id='word_1_33' title='bbox 908 694 1026 734; x_wconf 91' lang='lat' dir='ltr'><strong>cum</strong></span> <span class='ocrx_word' id='word_1_34' title='bbox 1064 674 1257 744; x_wconf 83' lang='lat' dir='ltr'><strong>quibus</strong></span> <span class='ocrx_word' id='word_1_35' title='bbox 1287 680 1405 728; x_wconf 88' lang='lat' dir='ltr'><strong>erat</strong></span> <span class='ocrx_word' id='word_1_36' title='bbox 1434 672 1499 727; x_wconf 93' lang='lat' dir='ltr'><strong>de</strong></span> <span class='ocrx_word' id='word_1_37' title='bbox 1538 670 1723 724; x_wconf 67' lang='lat' dir='ltr'><strong>Acacio</strong></span> <span class='ocrx_word' id='word_1_38' title='bbox 1745 668 1980 739; x_wconf 79' lang='lat' dir='ltr'><strong>synodus</strong></span> <span class='ocrx_word' id='word_1_39' title='bbox 2008 667 2197 721; x_wconf 86' lang='lat' dir='ltr'><strong>ineun-</strong></span> 
     </span>
    </p>
   </div>
   <div class='ocr_carea' id='block_1_6' title="bbox 617 762 2202 841">
    <p class='ocr_par' dir='ltr' id='par_1_6' title="bbox 617 762 2202 841">
     <span class='ocr_line' id='line_1_6' title="bbox 617 762 2202 841; baseline -0.012 -10"><span class='ocrx_word' id='word_1_40' title='bbox 617 778 682 831; x_wconf 89' lang='lat' dir='ltr'><strong>da</strong></span> <span class='ocrx_word' id='word_1_41' title='bbox 706 818 718 834; x_wconf 84' lang='lat'><strong>.</strong></span> <span class='ocrx_word' id='word_1_42' title='bbox 764 770 994 841; x_wconf 92' lang='lat' dir='ltr'><strong>nunquid</strong></span> <span class='ocrx_word' id='word_1_43' title='bbox 1025 783 1148 823; x_wconf 91' lang='lat' dir='ltr'><strong>cum</strong></span> <span class='ocrx_word' id='word_1_44' title='bbox 1179 766 1262 820; x_wconf 88' lang='lat' dir='ltr'><strong>his</strong></span> <span class='ocrx_word' id='word_1_45' title='bbox 1291 767 1379 836; x_wconf 90' lang='lat' dir='ltr'><strong>qui</strong></span> <span class='ocrx_word' id='word_1_46' title='bbox 1408 765 1519 834; x_wconf 90' lang='lat' dir='ltr'><strong>jam</strong></span> <span class='ocrx_word' id='word_1_47' title='bbox 1550 762 1845 833; x_wconf 78' lang='lat' dir='ltr'><strong>participes</strong></span> <span class='ocrx_word' id='word_1_48' title='bbox 1878 762 2202 816; x_wconf 88' lang='lat' dir='ltr'><strong>tenebantur</strong></span> 
     </span>
    </p>
   </div>
   <div class='ocr_carea' id='block_1_7' title="bbox 616 851 2201 933">
    <p class='ocr_par' dir='ltr' id='par_1_7' title="bbox 616 851 2201 933">
     <span class='ocr_line' id='line_1_7' title="bbox 616 851 2201 933; baseline -0.011 -9"><span class='ocrx_word' id='word_1_49' title='bbox 616 867 831 928; x_wconf 90' lang='lat' dir='ltr'><strong>Acacio,</strong></span> <span class='ocrx_word' id='word_1_50' title='bbox 853 874 906 919; x_wconf 92' lang='lat' dir='ltr'><strong>et</strong></span> <span class='ocrx_word' id='word_1_51' title='bbox 929 878 1021 933; x_wconf 91' lang='lat' dir='ltr'><strong>per</strong></span> <span class='ocrx_word' id='word_1_52' title='bbox 1043 860 1316 916; x_wconf 88' lang='lat' dir='ltr'><strong>Orientem</strong></span> <span class='ocrx_word' id='word_1_53' title='bbox 1344 866 1511 912; x_wconf 91' lang='lat' dir='ltr'><strong>totum</strong></span> <span class='ocrx_word' id='word_1_54' title='bbox 1536 856 1815 909; x_wconf 78' lang='lat' dir='ltr'><strong>catholicis</strong></span> <span class='ocrx_word' id='word_1_55' title='bbox 1836 851 2201 908; x_wconf 80' lang='lat' dir='ltr'><strong>sacerdotibus</strong></span> 
     </span>
    </p>
   </div>
   <div class='ocr_carea' id='block_1_8' title="bbox 616 944 2197 1020">
    <p class='ocr_par' dir='ltr' id='par_1_8' title="bbox 616 944 2197 1020">
     <span class='ocr_line' id='line_1_8' title="bbox 616 944 2197 1020; baseline -0.009 -7"><span class='ocrx_word' id='word_1_56' title='bbox 616 960 880 1013; x_wconf 87' lang='lat' dir='ltr'><strong>violenter</strong></span> <span class='ocrx_word' id='word_1_57' title='bbox 904 953 1140 1010; x_wconf 76' lang='lat' dir='ltr'><strong>exclusis</strong></span> <span class='ocrx_word' id='word_1_58' title='bbox 1160 992 1175 1017; x_wconf 95' lang='lat'><strong>,</strong></span> <span class='ocrx_word' id='word_1_59' title='bbox 1206 964 1405 1020; x_wconf 85' lang='lat' dir='ltr'><strong>perque</strong></span> <span class='ocrx_word' id='word_1_60' title='bbox 1431 946 1619 1003; x_wconf 72' lang='lat' dir='ltr'><strong>exsilia</strong></span> <span class='ocrx_word' id='word_1_61' title='bbox 1649 947 1859 1001; x_wconf 91' lang='lat' dir='ltr'><strong>diversa</strong></span> <span class='ocrx_word' id='word_1_62' title='bbox 1905 944 2155 1014; x_wconf 89' lang='lat' dir='ltr'><strong>relegatis</strong></span> <span class='ocrx_word' id='word_1_63' title='bbox 2185 984 2197 1006; x_wconf 88' lang='lat'><strong>.</strong></span> 
     </span>
    </p>
   </div>
   <div class='ocr_carea' id='block_1_9' title="bbox 611 1037 2200 1107">
    <p class='ocr_par' dir='ltr' id='par_1_9' title="bbox 611 1037 2200 1107">
     <span class='ocr_line' id='line_1_9' title="bbox 611 1037 2200 1107; baseline -0.011 -1"><span class='ocrx_word' id='word_1_64' title='bbox 611 1050 742 1106; x_wconf 76' lang='lat' dir='ltr'><strong>Socii</strong></span> <span class='ocrx_word' id='word_1_65' title='bbox 793 1048 1072 1103; x_wconf 85' lang='lat' dir='ltr'><strong>evidenter</strong></span> <span class='ocrx_word' id='word_1_66' title='bbox 1122 1042 1468 1107; x_wconf 83' lang='lat' dir='ltr'><strong>existebant,</strong></span> <span class='ocrx_word' id='word_1_67' title='bbox 1519 1037 1911 1093; x_wconf 86' lang='lat' dir='ltr'><strong>communionis</strong></span> <span class='ocrx_word' id='word_1_68' title='bbox 1962 1047 2200 1091; x_wconf 85' lang='lat' dir='ltr'><strong>externa:</strong></span> 
     </span>
    </p>
   </div>
   <div class='ocr_carea' id='block_1_10' title="bbox 614 1128 2200 1214">
    <p class='ocr_par' dir='ltr' id='par_1_10' title="bbox 614 1128 2200 1214">
     <span class='ocr_line' id='line_1_10' title="bbox 614 1128 2200 1214; baseline -0.009 -19"><span class='ocrx_word' id='word_1_69' title='bbox 614 1145 762 1214; x_wconf 83' lang='lat' dir='ltr'><strong>prius</strong></span> <span class='ocrx_word' id='word_1_70' title='bbox 791 1156 849 1195; x_wconf 90' lang='lat' dir='ltr'><strong>se</strong></span> <span class='ocrx_word' id='word_1_71' title='bbox 874 1140 940 1193; x_wconf 92' lang='lat' dir='ltr'><strong>ad</strong></span> <span class='ocrx_word' id='word_1_72' title='bbox 974 1139 1085 1192; x_wconf 60' lang='lat' dir='ltr'><strong>haec</strong></span> <span class='ocrx_word' id='word_1_73' title='bbox 1120 1135 1392 1191; x_wconf 88' lang='lat' dir='ltr'><strong>consortia</strong></span> <span class='ocrx_word' id='word_1_74' title='bbox 1438 1132 1846 1196; x_wconf 89' lang='lat' dir='ltr'><strong>transferentes,</strong></span> <span class='ocrx_word' id='word_1_75' title='bbox 1874 1144 2035 1199; x_wconf 91' lang='lat' dir='ltr'><strong>quam</strong></span> <span class='ocrx_word' id='word_1_76' title='bbox 2059 1128 2200 1183; x_wconf 89' lang='lat' dir='ltr'><strong>sedis</strong></span> 
     </span>
    </p>
   </div>
   <div class='ocr_carea' id='block_1_11' title="bbox 616 1221 2201 1301">
    <p class='ocr_par' dir='ltr' id='par_1_11' title="bbox 616 1221 2201 1301">
     <span class='ocr_line' id='line_1_11' title="bbox 616 1221 2201 1301; baseline -0.01 -14"><span class='ocrx_word' id='word_1_77' title='bbox 616 1231 924 1301; x_wconf 81' lang='lat' dir='ltr'><strong>apostolicae</strong></span> <span class='ocrx_word' id='word_1_78' title='bbox 968 1229 1099 1282; x_wconf 88' lang='lat' dir='ltr'><strong>scita</strong></span> <span class='ocrx_word' id='word_1_79' title='bbox 1142 1224 1507 1281; x_wconf 87' lang='lat' dir='ltr'><strong>consulerent.</strong></span> <span class='ocrx_word' id='word_1_80' title='bbox 1537 1223 1670 1276; x_wconf 86' lang='lat' dir='ltr'><strong>Cum</strong></span> <span class='ocrx_word' id='word_1_81' title='bbox 1700 1221 1893 1293; x_wconf 87' lang='lat' dir='ltr'><strong>quibus</strong></span> <span class='ocrx_word' id='word_1_82' title='bbox 1930 1234 2057 1289; x_wconf 88' lang='lat' dir='ltr'><strong>ergo</strong></span> <span class='ocrx_word' id='word_1_83' title='bbox 2086 1230 2201 1274; x_wconf 90' lang='lat' dir='ltr'><strong>erat</strong></span> 
     </span>
    </p>
   </div>
   <div class='ocr_carea' id='block_1_12' title="bbox 618 1312 2197 1396">
    <p class='ocr_par' dir='ltr' id='par_1_12' title="bbox 618 1312 2197 1396">
     <span class='ocr_line' id='line_1_12' title="bbox 618 1312 2197 1396; baseline -0.009 -15"><span class='ocrx_word' id='word_1_84' title='bbox 618 1328 856 1396; x_wconf 72' lang='lat' dir='ltr'><strong>synodus</strong></span> <span class='ocrx_word' id='word_1_85' title='bbox 886 1320 1161 1378; x_wconf 82' lang='lat' dir='ltr'><strong>ineunda?</strong></span> <span class='ocrx_word' id='word_1_86' title='bbox 1206 1316 1468 1374; x_wconf 87' lang='lat' dir='ltr'><strong>Catholici</strong></span> <span class='ocrx_word' id='word_1_87' title='bbox 1499 1315 1778 1386; x_wconf 91' lang='lat' dir='ltr'><strong>pontiﬁces</strong></span> <span class='ocrx_word' id='word_1_88' title='bbox 1807 1314 2017 1368; x_wconf 76' lang='lat' dir='ltr'><strong>fuerant</strong></span> <span class='ocrx_word' id='word_1_89' title='bbox 2042 1312 2197 1367; x_wconf 87' lang='lat' dir='ltr'><strong>undi-</strong></span> 
     </span>
    </p>
   </div>
   <div class='ocr_carea' id='block_1_13' title="bbox 616 1405 2202 1491">
    <p class='ocr_par' dir='ltr' id='par_1_13' title="bbox 616 1405 2202 1491">
     <span class='ocr_line' id='line_1_13' title="bbox 616 1405 2202 1491; baseline -0.01 -17"><span class='ocrx_word' id='word_1_90' title='bbox 616 1436 719 1491; x_wconf 87' lang='lat' dir='ltr'><strong>que</strong></span> <span class='ocrx_word' id='word_1_91' title='bbox 746 1420 855 1489; x_wconf 90' lang='lat' dir='ltr'><strong>jam</strong></span> <span class='ocrx_word' id='word_1_92' title='bbox 888 1414 1120 1485; x_wconf 88' lang='lat' dir='ltr'><strong>depulsi,</strong></span> <span class='ocrx_word' id='word_1_93' title='bbox 1166 1413 1371 1482; x_wconf 91' lang='lat' dir='ltr'><strong>solique</strong></span> <span class='ocrx_word' id='word_1_94' title='bbox 1402 1417 1771 1466; x_wconf 83' lang='lat' dir='ltr'><strong>remanserant</strong></span> <span class='ocrx_word' id='word_1_95' title='bbox 1803 1407 1935 1462; x_wconf 90' lang='lat' dir='ltr'><strong>socii</strong></span> <span class='ocrx_word' id='word_1_96' title='bbox 1975 1405 2202 1475; x_wconf 81' lang='lat' dir='ltr'><strong>perﬁdo-</strong></span> 
     </span>
    </p>
   </div>
   <div class='ocr_carea' id='block_1_14' title="bbox 616 1499 2200 1577">
    <p class='ocr_par' dir='ltr' id='par_1_14' title="bbox 616 1499 2200 1577">
     <span class='ocr_line' id='line_1_14' title="bbox 616 1499 2200 1577; baseline -0.01 -10"><span class='ocrx_word' id='word_1_97' title='bbox 616 1527 769 1575; x_wconf 86' lang='lat' dir='ltr'><strong>rum,</strong></span> <span class='ocrx_word' id='word_1_98' title='bbox 799 1525 919 1563; x_wconf 90' lang='lat' dir='ltr'><strong>cum</strong></span> <span class='ocrx_word' id='word_1_99' title='bbox 949 1507 1140 1577; x_wconf 83' lang='lat' dir='ltr'><strong>quibus</strong></span> <span class='ocrx_word' id='word_1_100' title='bbox 1177 1504 1287 1573; x_wconf 89' lang='lat' dir='ltr'><strong>jam</strong></span> <span class='ocrx_word' id='word_1_101' title='bbox 1330 1517 1427 1557; x_wconf 91' lang='lat' dir='ltr'><strong>nec</strong></span> <span class='ocrx_word' id='word_1_102' title='bbox 1483 1500 1671 1556; x_wconf 85' lang='lat' dir='ltr'><strong>licebat</strong></span> <span class='ocrx_word' id='word_1_103' title='bbox 1720 1499 1916 1554; x_wconf 87' lang='lat' dir='ltr'><strong>habere</strong></span> <span class='ocrx_word' id='word_1_104' title='bbox 1968 1512 2200 1552; x_wconf 87' lang='lat' dir='ltr'><strong>conven-</strong></span> 
     </span>
    </p>
   </div>
   <div class='ocr_carea' id='block_1_15' title="bbox 618 1588 2200 1673">
    <p class='ocr_par' dir='ltr' id='par_1_15' title="bbox 618 1588 2200 1673">
     <span class='ocr_line' id='line_1_15' title="bbox 618 1588 2200 1673; baseline -0.011 -14"><span class='ocrx_word' id='word_1_105' title='bbox 618 1614 729 1659; x_wconf 90' lang='lat' dir='ltr'><strong>tum</strong></span> <span class='ocrx_word' id='word_1_106' title='bbox 752 1602 843 1673; x_wconf 73' lang='grc' dir='ltr'><strong>[αι.</strong></span> <span class='ocrx_word' id='word_1_107' title='bbox 869 1600 1012 1654; x_wconf 81' lang='lat' dir='ltr'><strong>addit</strong></span> <span class='ocrx_word' id='word_1_108' title='bbox 1042 1599 1251 1653; x_wconf 87' lang='lat' dir='ltr'><strong>dicente</strong></span> <span class='ocrx_word' id='word_1_109' title='bbox 1282 1596 1517 1665; x_wconf 90' lang='lat' dir='ltr'><strong>psalmo:</strong></span> <span class='ocrx_word' id='word_1_110' title='bbox 1543 1593 1656 1648; x_wconf 85' lang='lat' dir='ltr'><strong>Non</strong></span> <span class='ocrx_word' id='word_1_111' title='bbox 1680 1592 1816 1658; x_wconf 80' lang='lat' dir='ltr'><strong>sedi,</strong></span> <span class='ocrx_word' id='word_1_112' title='bbox 1852 1588 1983 1661; x_wconf 91' lang='lat' dir='ltr'><strong>etc.]</strong></span> <span class='ocrx_word' id='word_1_113' title='bbox 2012 1592 2031 1621; x_wconf 80' lang='grc'>¹</span> <span class='ocrx_word' id='word_1_114' title='bbox 2056 1589 2200 1661; x_wconf 84' lang='lat' dir='ltr'><strong>(quia</strong></span> 
     </span>
    </p>
   </div>
   <div class='ocr_carea' id='block_1_16' title="bbox 622 1681 2200 1751">
    <p class='ocr_par' dir='ltr' id='par_1_16' title="bbox 622 1681 2200 1751">
     <span class='ocr_line' id='line_1_16' title="bbox 622 1681 2200 1751; baseline -0.009 -2"><span class='ocrx_word' id='word_1_115' title='bbox 622 1696 786 1751; x_wconf 90' lang='lat' dir='ltr'><strong>moris</strong></span> <span class='ocrx_word' id='word_1_116' title='bbox 831 1690 1179 1748; x_wconf 88' lang='lat' dir='ltr'><strong>ecclesiastici</strong></span> <span class='ocrx_word' id='word_1_117' title='bbox 1216 1689 1435 1743; x_wconf 92' lang='lat' dir='ltr'><strong>omnino</strong></span> <span class='ocrx_word' id='word_1_118' title='bbox 1480 1702 1586 1741; x_wconf 92' lang='lat' dir='ltr'><strong>non</strong></span> <span class='ocrx_word' id='word_1_119' title='bbox 1640 1692 1782 1740; x_wconf 84' lang='lat' dir='ltr'><strong>esset</strong></span> <span class='ocrx_word' id='word_1_120' title='bbox 1830 1698 1949 1737; x_wconf 92' lang='lat' dir='ltr'><strong>cum</strong></span> <span class='ocrx_word' id='word_1_121' title='bbox 1982 1684 2063 1736; x_wconf 91' lang='lat' dir='ltr'><strong>his</strong></span> <span class='ocrx_word' id='word_1_122' title='bbox 2113 1681 2200 1751; x_wconf 90' lang='lat' dir='ltr'><strong>qui</strong></span> 
     </span>
    </p>
   </div>
   <div class='ocr_carea' id='block_1_17' title="bbox 620 1778 2199 1858">
    <p class='ocr_par' dir='ltr' id='par_1_17' title="bbox 620 1778 2199 1858">
     <span class='ocr_line' id='line_1_17' title="bbox 620 1778 2199 1858; baseline -0.009 -16"><span class='ocrx_word' id='word_1_123' title='bbox 620 1789 875 1858; x_wconf 86' lang='lat' dir='ltr'><strong>pollutam</strong></span> <span class='ocrx_word' id='word_1_124' title='bbox 926 1783 1356 1840; x_wconf 90' lang='lat' dir='ltr'><strong>communionem</strong></span> <span class='ocrx_word' id='word_1_125' title='bbox 1425 1788 1710 1845; x_wconf 87' lang='lat' dir='ltr'><strong>tenerent,</strong></span> <span class='ocrx_word' id='word_1_126' title='bbox 1772 1778 2199 1847; x_wconf 77' lang='lat' dir='ltr'><strong>permixtamque</strong></span> 
     </span>
    </p>
   </div>
   <div class='ocr_carea' id='block_1_18' title="bbox 2308 573 3905 644">
    <p class='ocr_par' dir='ltr' id='par_1_18' title="bbox 2308 573 3905 644">
     <span class='ocr_line' id='line_1_18' title="bbox 2308 573 3905 644; baseline 0.003 -17"><span class='ocrx_word' id='word_1_127' title='bbox 2308 573 2525 627; x_wconf 90' lang='lat' dir='ltr'><strong>minime</strong></span> <span class='ocrx_word' id='word_1_128' title='bbox 2557 582 2892 639; x_wconf 88' lang='lat' dir='ltr'><strong>numeratur,</strong></span> <span class='ocrx_word' id='word_1_129' title='bbox 2925 574 3017 628; x_wconf 89' lang='lat' dir='ltr'><strong>sed</strong></span> <span class='ocrx_word' id='word_1_130' title='bbox 3059 588 3158 628; x_wconf 90' lang='lat' dir='ltr'><strong>nec</strong></span> <span class='ocrx_word' id='word_1_131' title='bbox 3188 575 3327 630; x_wconf 88' lang='lat' dir='ltr'><strong>inter</strong></span> <span class='ocrx_word' id='word_1_132' title='bbox 3355 575 3905 644; x_wconf 82' lang='lat' dir='ltr'><strong>metropolitanorum</strong></span> 
     </span>
    </p>
   </div>
   <div class='ocr_carea' id='block_1_19' title="bbox 2299 669 3907 739">
    <p class='ocr_par' dir='ltr' id='par_1_19' title="bbox 2299 669 3907 739">
     <span class='ocr_line' id='line_1_19' title="bbox 2299 669 3907 739; baseline 0.004 -18"><span class='ocrx_word' id='word_1_133' title='bbox 2299 670 2419 739; x_wconf 84' lang='lat' dir='ltr'><strong>jura</strong></span> <span class='ocrx_word' id='word_1_134' title='bbox 2464 679 2713 724; x_wconf 89' lang='lat' dir='ltr'><strong>censetur</strong></span> <span class='ocrx_word' id='word_1_135' title='bbox 2740 690 2749 721; x_wconf 92' lang='lat'><strong>:</strong></span> <span class='ocrx_word' id='word_1_136' title='bbox 2785 684 2905 724; x_wconf 91' lang='lat' dir='ltr'><strong>nam</strong></span> <span class='ocrx_word' id='word_1_137' title='bbox 2936 669 3077 739; x_wconf 90' lang='lat' dir='ltr'><strong>quod</strong></span> <span class='ocrx_word' id='word_1_138' title='bbox 3102 672 3123 700; x_wconf 81' lang='grc'>⁸</span> <span class='ocrx_word' id='word_1_139' title='bbox 3152 669 3359 736; x_wconf 87' lang='lat' dir='ltr'><strong>dicitis,</strong></span> <span class='ocrx_word' id='word_1_140' title='bbox 3391 669 3497 723; x_wconf 88' lang='lat' dir='ltr'><strong>alia</strong></span> <span class='ocrx_word' id='word_1_141' title='bbox 3545 678 3786 738; x_wconf 83' lang='lat' dir='ltr'><strong>potestas</strong></span> <span class='ocrx_word' id='word_1_142' title='bbox 3812 682 3907 728; x_wconf 86' lang='lat' dir='ltr'><strong>est</strong></span> 
     </span>
    </p>
   </div>
   <div class='ocr_carea' id='block_1_20' title="bbox 2304 762 3904 833">
    <p class='ocr_par' dir='ltr' id='par_1_20' title="bbox 2304 762 3904 833">
     <span class='ocr_line' id='line_1_20' title="bbox 2304 762 3904 833; baseline 0.001 -14"><span class='ocrx_word' id='word_1_143' title='bbox 2304 764 2449 833; x_wconf 89' lang='lat' dir='ltr'><strong>regni</strong></span> <span class='ocrx_word' id='word_1_144' title='bbox 2478 764 2771 829; x_wconf 62' lang='lat' dir='ltr'><strong>saecularis,</strong></span> <span class='ocrx_word' id='word_1_145' title='bbox 2804 763 2905 817; x_wconf 90' lang='lat' dir='ltr'><strong>alia</strong></span> <span class='ocrx_word' id='word_1_146' title='bbox 2939 763 3425 818; x_wconf 86' lang='lat' dir='ltr'><strong>ecclesiasticarum</strong></span> <span class='ocrx_word' id='word_1_147' title='bbox 3474 763 3781 819; x_wconf 86' lang='lat' dir='ltr'><strong>distributio</strong></span> <span class='ocrx_word' id='word_1_148' title='bbox 3812 762 3904 821; x_wconf 84' lang='lat' dir='ltr'><strong>di-</strong></span> 
     </span>
    </p>
   </div>
   <div class='ocr_carea' id='block_1_21' title="bbox 2301 855 3903 931">
    <p class='ocr_par' dir='ltr' id='par_1_21' title="bbox 2301 855 3903 931">
     <span class='ocr_line' id='line_1_21' title="bbox 2301 855 3903 931; baseline 0.001 -23"><span class='ocrx_word' id='word_1_149' title='bbox 2301 858 2586 927; x_wconf 88' lang='lat' dir='ltr'><strong>gnitatum.</strong></span> <span class='ocrx_word' id='word_1_150' title='bbox 2618 855 2770 913; x_wconf 92' lang='lat' dir='ltr'><strong>Sicut</strong></span> <span class='ocrx_word' id='word_1_151' title='bbox 2798 855 2939 909; x_wconf 91' lang='lat' dir='ltr'><strong>enim</strong></span> <span class='ocrx_word' id='word_1_152' title='bbox 2970 856 3213 924; x_wconf 85' lang='lat' dir='ltr'><strong>quamvis</strong></span> <span class='ocrx_word' id='word_1_153' title='bbox 3251 869 3416 924; x_wconf 82' lang='lat' dir='ltr'><strong>parva</strong></span> <span class='ocrx_word' id='word_1_154' title='bbox 3455 856 3645 909; x_wconf 79' lang='lat' dir='ltr'><strong>civitas</strong></span> <span class='ocrx_word' id='word_1_155' title='bbox 3691 871 3903 931; x_wconf 59' lang='lat' dir='ltr'><strong>praero-</strong></span> 
     </span>
    </p>
   </div>
   <div class='ocr_carea' id='block_1_22' title="bbox 2303 948 3901 1019">
    <p class='ocr_par' dir='ltr' id='par_1_22' title="bbox 2303 948 3901 1019">
     <span class='ocr_line' id='line_1_22' title="bbox 2303 948 3901 1019; baseline 0.001 -16"><span class='ocrx_word' id='word_1_156' title='bbox 2303 950 2532 1018; x_wconf 79' lang='lat' dir='ltr'><strong>gativam</strong></span> <span class='ocrx_word' id='word_1_157' title='bbox 2587 948 2867 1019; x_wconf 75' lang='lat' dir='ltr'><strong>praesentis</strong></span> <span class='ocrx_word' id='word_1_158' title='bbox 2900 949 3048 1017; x_wconf 80' lang='lat' dir='ltr'><strong>regni</strong></span> <span class='ocrx_word' id='word_1_159' title='bbox 3089 964 3194 1002; x_wconf 93' lang='lat' dir='ltr'><strong>non</strong></span> <span class='ocrx_word' id='word_1_160' title='bbox 3234 948 3441 1011; x_wconf 88' lang='lat' dir='ltr'><strong>minuit,</strong></span> <span class='ocrx_word' id='word_1_161' title='bbox 3473 949 3551 1003; x_wconf 88' lang='lat' dir='ltr'><strong>sic</strong></span> <span class='ocrx_word' id='word_1_162' title='bbox 3594 948 3901 1019; x_wconf 89' lang='lat' dir='ltr'><strong>imperialis</strong></span> 
     </span>
    </p>
   </div>
   <div class='ocr_carea' id='block_1_23' title="bbox 2305 1041 3898 1112">
    <p class='ocr_par' dir='ltr' id='par_1_23' title="bbox 2305 1041 3898 1112">
     <span class='ocr_line' id='line_1_23' title="bbox 2305 1041 3898 1112; baseline 0.002 -18"><span class='ocrx_word' id='word_1_163' title='bbox 2305 1042 2590 1111; x_wconf 77' lang='lat' dir='ltr'><strong>praesentia</strong></span> <span class='ocrx_word' id='word_1_164' title='bbox 2645 1057 2951 1096; x_wconf 90' lang='lat' dir='ltr'><strong>mensuram</strong></span> <span class='ocrx_word' id='word_1_165' title='bbox 3000 1041 3418 1109; x_wconf 87' lang='lat' dir='ltr'><strong>dispensationis</strong></span> <span class='ocrx_word' id='word_1_166' title='bbox 3470 1042 3739 1112; x_wconf 65' lang='lat' dir='ltr'><strong>religiosae</strong></span> <span class='ocrx_word' id='word_1_167' title='bbox 3784 1059 3898 1099; x_wconf 87' lang='lat' dir='ltr'><strong>non</strong></span> 
     </span>
    </p>
   </div>
   <div class='ocr_carea' id='block_1_24' title="bbox 2305 1132 3895 1202">
    <p class='ocr_par' dir='ltr' id='par_1_24' title="bbox 2305 1132 3895 1202">
     <span class='ocr_line' id='line_1_24' title="bbox 2305 1132 3895 1202; baseline -0.003 -13"><span class='ocrx_word' id='word_1_168' title='bbox 2305 1142 2494 1189; x_wconf 87' lang='lat' dir='ltr'><strong>mutat.</strong></span> <span class='ocrx_word' id='word_1_169' title='bbox 2519 1134 2601 1188; x_wconf 91' lang='lat' dir='ltr'><strong>Sit</strong></span> <span class='ocrx_word' id='word_1_170' title='bbox 2624 1135 2764 1187; x_wconf 88' lang='lat' dir='ltr'><strong>clara</strong></span> <span class='ocrx_word' id='word_1_171' title='bbox 2793 1132 2920 1187; x_wconf 87' lang='lat' dir='ltr'><strong>urbs</strong></span> <span class='ocrx_word' id='word_1_172' title='bbox 2941 1132 3030 1186; x_wconf 89' lang='lat' dir='ltr'><strong>illa</strong></span> <span class='ocrx_word' id='word_1_173' title='bbox 3060 1140 3323 1200; x_wconf 90' lang='lat' dir='ltr'><strong>potestate</strong></span> <span class='ocrx_word' id='word_1_174' title='bbox 3350 1135 3630 1201; x_wconf 69' lang='lat' dir='ltr'><strong>praesentis</strong></span> <span class='ocrx_word' id='word_1_175' title='bbox 3652 1134 3895 1202; x_wconf 86' lang='lat' dir='ltr'><strong>imperii,</strong></span> 
     </span>
    </p>
   </div>
   <div class='ocr_carea' id='block_1_25' title="bbox 2303 1223 3897 1297">
    <p class='ocr_par' dir='ltr' id='par_1_25' title="bbox 2303 1223 3897 1297">
     <span class='ocr_line' id='line_1_25' title="bbox 2303 1223 3897 1297; baseline 0 -15"><span class='ocrx_word' id='word_1_176' title='bbox 2303 1228 2491 1297; x_wconf 84' lang='lat' dir='ltr'><strong>religio</strong></span> <span class='ocrx_word' id='word_1_177' title='bbox 2522 1236 2647 1281; x_wconf 90' lang='lat' dir='ltr'><strong>tunc</strong></span> <span class='ocrx_word' id='word_1_178' title='bbox 2675 1226 2776 1281; x_wconf 89' lang='lat' dir='ltr'><strong>sub</strong></span> <span class='ocrx_word' id='word_1_179' title='bbox 2800 1226 2986 1280; x_wconf 90' lang='lat' dir='ltr'><strong>eadem</strong></span> <span class='ocrx_word' id='word_1_180' title='bbox 3020 1225 3112 1296; x_wconf 69' lang='lat' dir='ltr'><strong>lat,</strong></span> <span class='ocrx_word' id='word_1_181' title='bbox 3142 1223 3354 1295; x_wconf 91' lang='lat' dir='ltr'><strong>eodem]</strong></span> <span class='ocrx_word' id='word_1_182' title='bbox 3388 1224 3563 1289; x_wconf 88' lang='lat' dir='ltr'><strong>firma,</strong></span> <span class='ocrx_word' id='word_1_183' title='bbox 3597 1234 3727 1280; x_wconf 82' lang='lat' dir='ltr'><strong>tunc</strong></span> <span class='ocrx_word' id='word_1_184' title='bbox 3762 1227 3897 1283; x_wconf 86' lang='lat' dir='ltr'><strong>Iibe-</strong></span> 
     </span>
    </p>
   </div>
   <div class='ocr_carea' id='block_1_26' title="bbox 2303 1316 3896 1389">
    <p class='ocr_par' dir='ltr' id='par_1_26' title="bbox 2303 1316 3896 1389">
     <span class='ocr_line' id='line_1_26' title="bbox 2303 1316 3896 1389; baseline -0.001 -13"><span class='ocrx_word' id='word_1_185' title='bbox 2303 1335 2393 1387; x_wconf 83' lang='lat' dir='ltr'><strong>ra,</strong></span> <span class='ocrx_word' id='word_1_186' title='bbox 2437 1328 2562 1374; x_wconf 91' lang='lat' dir='ltr'><strong>tunc</strong></span> <span class='ocrx_word' id='word_1_187' title='bbox 2589 1328 2844 1389; x_wconf 89' lang='lat' dir='ltr'><strong>provecta</strong></span> <span class='ocrx_word' id='word_1_188' title='bbox 2872 1317 3150 1381; x_wconf 86' lang='lat' dir='ltr'><strong>consistit,</strong></span> <span class='ocrx_word' id='word_1_189' title='bbox 3184 1317 3226 1371; x_wconf 87' lang='lat' dir='ltr'><strong>si</strong></span> <span class='ocrx_word' id='word_1_190' title='bbox 3277 1316 3453 1386; x_wconf 92' lang='lat' dir='ltr'><strong>potius</strong></span> <span class='ocrx_word' id='word_1_191' title='bbox 3491 1317 3592 1372; x_wconf 89' lang='lat' dir='ltr'><strong>hoc</strong></span> <span class='ocrx_word' id='word_1_192' title='bbox 3622 1328 3896 1387; x_wconf 69' lang='lat' dir='ltr'><strong>prmsente</strong></span> 
     </span>
    </p>
   </div>
   <div class='ocr_carea' id='block_1_27' title="bbox 2303 1407 3890 1482">
    <p class='ocr_par' dir='ltr' id='par_1_27' title="bbox 2303 1407 3890 1482">
     <span class='ocr_line' id='line_1_27' title="bbox 2303 1407 3890 1482; baseline -0.001 -17"><span class='ocrx_word' id='word_1_193' title='bbox 2303 1411 2575 1482; x_wconf 90' lang='lat' dir='ltr'><strong>propriam</strong></span> <span class='ocrx_word' id='word_1_194' title='bbox 2610 1419 2787 1465; x_wconf 90' lang='lat' dir='ltr'><strong>teneat</strong></span> <span class='ocrx_word' id='word_1_195' title='bbox 2817 1410 2933 1464; x_wconf 88' lang='lat' dir='ltr'><strong>sine</strong></span> <span class='ocrx_word' id='word_1_196' title='bbox 2969 1410 3072 1462; x_wconf 94' lang='lat' dir='ltr'><strong>ulla</strong></span> <span class='ocrx_word' id='word_1_197' title='bbox 3102 1407 3513 1478; x_wconf 84' lang='lat' dir='ltr'><strong>perturbatione</strong></span> <span class='ocrx_word' id='word_1_198' title='bbox 3556 1424 3890 1464; x_wconf 85' lang='lat' dir='ltr'><strong>mensuram.</strong></span> 
     </span>
    </p>
   </div>
   <div class='ocr_carea' id='block_1_28' title="bbox 2304 1501 3889 1574">
    <p class='ocr_par' dir='ltr' id='par_1_28' title="bbox 2304 1501 3889 1574">
     <span class='ocr_line' id='line_1_28' title="bbox 2304 1501 3889 1574; baseline 0 -18"><span class='ocrx_word' id='word_1_199' title='bbox 2304 1504 2655 1574; x_wconf 61' lang='lat' dir='ltr'><strong>“(Postremo</strong></span> <span class='ocrx_word' id='word_1_200' title='bbox 2693 1502 2735 1557; x_wconf 88' lang='lat' dir='ltr'><strong>si</strong></span> <span class='ocrx_word' id='word_1_201' title='bbox 2781 1501 2881 1556; x_wconf 90' lang='lat' dir='ltr'><strong>sibi</strong></span> <span class='ocrx_word' id='word_1_202' title='bbox 2910 1501 2978 1556; x_wconf 91' lang='lat' dir='ltr'><strong>de</strong></span> <span class='ocrx_word' id='word_1_203' title='bbox 3024 1501 3362 1570; x_wconf 88' lang='lat' dir='ltr'><strong>imperatoris</strong></span> <span class='ocrx_word' id='word_1_204' title='bbox 3406 1503 3687 1571; x_wconf 64' lang='lat' dir='ltr'><strong>praesentia</strong></span> <span class='ocrx_word' id='word_1_205' title='bbox 3735 1501 3889 1557; x_wconf 86' lang='lat' dir='ltr'><strong>blan-</strong></span> 
     </span>
    </p>
   </div>
   <div class='ocr_carea' id='block_1_29' title="bbox 2302 1592 3889 1662">
    <p class='ocr_par' dir='ltr' id='par_1_29' title="bbox 2302 1592 3889 1662">
     <span class='ocr_line' id='line_1_29' title="bbox 2302 1592 3889 1662; baseline 0 -12"><span class='ocrx_word' id='word_1_206' title='bbox 2302 1596 2540 1659; x_wconf 91' lang='lat' dir='ltr'><strong>diuntur,</strong></span> <span class='ocrx_word' id='word_1_207' title='bbox 2574 1604 2629 1650; x_wconf 94' lang='lat' dir='ltr'><strong>et</strong></span> <span class='ocrx_word' id='word_1_208' title='bbox 2654 1594 2777 1649; x_wconf 92' lang='lat' dir='ltr'><strong>inde</strong></span> <span class='ocrx_word' id='word_1_209' title='bbox 2807 1602 2993 1662; x_wconf 90' lang='lat' dir='ltr'><strong>putant</strong></span> <span class='ocrx_word' id='word_1_210' title='bbox 3016 1592 3625 1661; x_wconf 79' lang='lat' dir='ltr'><strong>ConstantinOpolitana:</strong></span> <span class='ocrx_word' id='word_1_211' title='bbox 3653 1594 3889 1649; x_wconf 74' lang='lat' dir='ltr'><strong>civitatis</strong></span> 
     </span>
    </p>
   </div>
   <div class='ocr_carea' id='block_1_30' title="bbox 2302 1688 3885 1759">
    <p class='ocr_par' dir='ltr' id='par_1_30' title="bbox 2302 1688 3885 1759">
     <span class='ocr_line' id='line_1_30' title="bbox 2302 1688 3885 1759; baseline 0.001 -15"><span class='ocrx_word' id='word_1_212' title='bbox 2302 1691 2539 1759; x_wconf 88' lang='lat' dir='ltr'><strong>episcopi</strong></span> <span class='ocrx_word' id='word_1_213' title='bbox 2604 1692 2865 1758; x_wconf 88' lang='lat' dir='ltr'><strong>potiorem</strong></span> <span class='ocrx_word' id='word_1_214' title='bbox 2920 1688 3033 1743; x_wconf 91' lang='lat' dir='ltr'><strong>ﬁeri</strong></span> <span class='ocrx_word' id='word_1_215' title='bbox 3088 1702 3245 1757; x_wconf 88' lang='lat' dir='ltr'><strong>posse</strong></span> <span class='ocrx_word' id='word_1_216' title='bbox 3295 1701 3613 1757; x_wconf 86' lang='lat' dir='ltr'><strong>personam;</strong></span> <span class='ocrx_word' id='word_1_217' title='bbox 3667 1690 3885 1747; x_wconf 87' lang='lat' dir='ltr'><strong>audiant</strong></span> 
     </span>
    </p>
   </div>
   <div class='ocr_carea' id='block_1_31' title="bbox 2305 1780 3884 1855">
    <p class='ocr_par' dir='ltr' id='par_1_31' title="bbox 2305 1780 3884 1855">
     <span class='ocr_line' id='line_1_31' title="bbox 2305 1780 3884 1855; baseline 0.002 -18"><span class='ocrx_word' id='word_1_218' title='bbox 2305 1783 2629 1837; x_wconf 83' lang='lat' dir='ltr'><strong>Marcianum</strong></span> <span class='ocrx_word' id='word_1_219' title='bbox 2659 1780 2898 1850; x_wconf 87' lang='lat' dir='ltr'><strong>ejusdem</strong></span> <span class='ocrx_word' id='word_1_220' title='bbox 2931 1780 3225 1850; x_wconf 89' lang='lat' dir='ltr'><strong>principem</strong></span> <span class='ocrx_word' id='word_1_221' title='bbox 3252 1780 3511 1847; x_wconf 86' lang='lat' dir='ltr'><strong>civitatis,</strong></span> <span class='ocrx_word' id='word_1_222' title='bbox 3537 1792 3884 1855; x_wconf 78' lang='lat' dir='ltr'><strong>posteaquam</strong></span> 
     </span>
    </p>
   </div>
   <div class='ocr_carea' id='block_1_32' title="bbox 618 1867 2200 1949">
    <p class='ocr_par' dir='ltr' id='par_1_32' title="bbox 618 1869 2195 1949">
     <span class='ocr_line' id='line_1_32' title="bbox 618 1869 2195 1949; baseline -0.011 -13"><span class='ocrx_word' id='word_1_223' title='bbox 618 1897 738 1937; x_wconf 92' lang='lat' dir='ltr'><strong>cum</strong></span> <span class='ocrx_word' id='word_1_224' title='bbox 783 1879 1019 1949; x_wconf 78' lang='lat' dir='ltr'><strong>perfidis,</strong></span> <span class='ocrx_word' id='word_1_225' title='bbox 1066 1877 1228 1931; x_wconf 87' lang='lat' dir='ltr'><strong>ullum</strong></span> <span class='ocrx_word' id='word_1_226' title='bbox 1281 1873 1508 1928; x_wconf 90' lang='lat' dir='ltr'><strong>miscere</strong></span> <span class='ocrx_word' id='word_1_227' title='bbox 1538 1869 1890 1941; x_wconf 88' lang='lat' dir='ltr'><strong>concilium);</strong></span> <span class='ocrx_word' id='word_1_228' title='bbox 1940 1870 2195 1939; x_wconf 77' lang='lat' dir='ltr'><strong>propheta</strong></span> 
     </span>
    </p>
   </div>
   <div class='ocr_carea' id='block_1_33' title="bbox 2305 1867 3884 1949">
    <p class='ocr_par' dir='ltr' id='par_1_33' title="bbox 2305 1870 3884 1943">
     <span class='ocr_line' id='line_1_33' title="bbox 2305 1870 3884 1943; baseline 0.004 -18"><span class='ocrx_word' id='word_1_229' title='bbox 2305 1888 2398 1943; x_wconf 89' lang='lat' dir='ltr'><strong>pro</strong></span> <span class='ocrx_word' id='word_1_230' title='bbox 2428 1882 2713 1941; x_wconf 88' lang='lat' dir='ltr'><strong>augmento</strong></span> <span class='ocrx_word' id='word_1_231' title='bbox 2737 1870 2882 1925; x_wconf 83' lang='lat' dir='ltr'><strong>urbis</strong></span> <span class='ocrx_word' id='word_1_232' title='bbox 2914 1871 3080 1941; x_wconf 87' lang='lat' dir='ltr'><strong>ipsius</strong></span> <span class='ocrx_word' id='word_1_233' title='bbox 3110 1872 3405 1926; x_wconf 85' lang='lat' dir='ltr'><strong>sacerdotis</strong></span> <span class='ocrx_word' id='word_1_234' title='bbox 3442 1872 3775 1930; x_wconf 86' lang='lat' dir='ltr'><strong>intercessor</strong></span> <span class='ocrx_word' id='word_1_235' title='bbox 3799 1891 3884 1932; x_wconf 85' lang='lat' dir='ltr'><strong>ac-</strong></span> 
     </span>
    </p>
   </div>
   <div class='ocr_carea' id='block_1_34' title="bbox 616 1961 2201 2044">
    <p class='ocr_par' dir='ltr' id='par_1_34' title="bbox 616 1961 2201 2044">
     <span class='ocr_line' id='line_1_34' title="bbox 616 1961 2201 2044; baseline -0.009 -18"><span class='ocrx_word' id='word_1_236' title='bbox 616 1987 829 2044; x_wconf 89' lang='lat' dir='ltr'><strong>quoque</strong></span> <span class='ocrx_word' id='word_1_237' title='bbox 859 1970 1074 2024; x_wconf 87' lang='lat' dir='ltr'><strong>dicente</strong></span> <span class='ocrx_word' id='word_1_238' title='bbox 1098 1983 1113 2021; x_wconf 89' lang='lat'><strong>:</strong></span> <span class='ocrx_word' id='word_1_239' title='bbox 1140 1966 1262 2021; x_wconf 85' lang='lat' dir='ltr'><strong>Non</strong></span> <span class='ocrx_word' id='word_1_240' title='bbox 1284 1965 1391 2020; x_wconf 82' lang='lat' dir='ltr'><strong>sedi</strong></span> <span class='ocrx_word' id='word_1_241' title='bbox 1417 1966 1468 2017; x_wconf 90' lang='lat' dir='ltr'><strong>in</strong></span> <span class='ocrx_word' id='word_1_242' title='bbox 1495 1961 1708 2017; x_wconf 87' lang='lat' dir='ltr'><strong>concilio</strong></span> <span class='ocrx_word' id='word_1_243' title='bbox 1731 1962 1987 2026; x_wconf 84' lang='lat' dir='ltr'><strong>vanitatis,</strong></span> <span class='ocrx_word' id='word_1_244' title='bbox 2011 1970 2057 2014; x_wconf 90' lang='lat' dir='ltr'><strong>et</strong></span> <span class='ocrx_word' id='word_1_245' title='bbox 2088 1977 2201 2013; x_wconf 88' lang='lat' dir='ltr'><strong>cum</strong></span> 
     </span>
    </p>
   </div>
   <div class='ocr_carea' id='block_1_35' title="bbox 616 2053 2204 2133">
    <p class='ocr_par' dir='ltr' id='par_1_35' title="bbox 616 2053 2204 2133">
     <span class='ocr_line' id='line_1_35' title="bbox 616 2053 2204 2133; baseline -0.007 -17"><span class='ocrx_word' id='word_1_246' title='bbox 616 2064 791 2133; x_wconf 86' lang='lat' dir='ltr'><strong>iniqua</strong></span> <span class='ocrx_word' id='word_1_247' title='bbox 830 2059 1115 2131; x_wconf 82' lang='lat' dir='ltr'><strong>gerentibus</strong></span> <span class='ocrx_word' id='word_1_248' title='bbox 1158 2074 1259 2111; x_wconf 82' lang='lat' dir='ltr'><strong>non</strong></span> <span class='ocrx_word' id='word_1_249' title='bbox 1300 2055 1555 2119; x_wconf 87' lang='lat' dir='ltr'><strong>introibo;</strong></span> <span class='ocrx_word' id='word_1_250' title='bbox 1588 2054 1607 2085; x_wconf 91' lang='grc'>³</span> <span class='ocrx_word' id='word_1_251' title='bbox 1636 2054 1805 2123; x_wconf 88' lang='lat' dir='ltr'><strong>(odivi</strong></span> <span class='ocrx_word' id='word_1_252' title='bbox 1852 2053 2204 2125; x_wconf 81' lang='lat' dir='ltr'><strong>congregatio-</strong></span> 
     </span>
    </p>
   </div>
   <div class='ocr_carea' id='block_1_36' title="bbox 625 2145 2202 2221">
    <p class='ocr_par' dir='ltr' id='par_1_36' title="bbox 625 2145 2202 2221">
     <span class='ocr_line' id='line_1_36' title="bbox 625 2145 2202 2221; baseline -0.007 -12"><span class='ocrx_word' id='word_1_253' title='bbox 625 2171 737 2209; x_wconf 87' lang='lat' dir='ltr'><strong>nem</strong></span> <span class='ocrx_word' id='word_1_254' title='bbox 781 2154 1160 2221; x_wconf 83' lang='lat' dir='ltr'><strong>malignorum,</strong></span> <span class='ocrx_word' id='word_1_255' title='bbox 1203 2160 1248 2203; x_wconf 87' lang='lat' dir='ltr'><strong>et</strong></span> <span class='ocrx_word' id='word_1_256' title='bbox 1289 2165 1403 2201; x_wconf 88' lang='lat' dir='ltr'><strong>cum</strong></span> <span class='ocrx_word' id='word_1_257' title='bbox 1442 2148 1611 2218; x_wconf 83' lang='lat' dir='ltr'><strong>impiis</strong></span> <span class='ocrx_word' id='word_1_258' title='bbox 1641 2164 1744 2201; x_wconf 86' lang='lat' dir='ltr'><strong>non</strong></span> <span class='ocrx_word' id='word_1_259' title='bbox 1779 2145 2008 2215; x_wconf 76' lang='lat' dir='ltr'><strong>sedebo).</strong></span> <span class='ocrx_word' id='word_1_260' title='bbox 2039 2145 2202 2199; x_wconf 88' lang='lat' dir='ltr'><strong>Recte</strong></span> 
     </span>
    </p>
   </div>
   <div class='ocr_carea' id='block_1_37' title="bbox 619 2233 2203 2314">
    <p class='ocr_par' dir='ltr' id='par_1_37' title="bbox 619 2233 2203 2314">
     <span class='ocr_line' id='line_1_37' title="bbox 619 2233 2203 2314; baseline -0.008 -14"><span class='ocrx_word' id='word_1_261' title='bbox 619 2245 780 2314; x_wconf 79' lang='lat' dir='ltr'><strong>igitur</strong></span> <span class='ocrx_word' id='word_1_262' title='bbox 803 2260 899 2314; x_wconf 89' lang='lat' dir='ltr'><strong>per</strong></span> <span class='ocrx_word' id='word_1_263' title='bbox 918 2239 1373 2297; x_wconf 87' lang='lat' dir='ltr'><strong>Chalcedonensis</strong></span> <span class='ocrx_word' id='word_1_264' title='bbox 1411 2237 1603 2309; x_wconf 83' lang='lat' dir='ltr'><strong>synodi</strong></span> <span class='ocrx_word' id='word_1_265' title='bbox 1645 2238 1868 2292; x_wconf 88' lang='lat' dir='ltr'><strong>formam</strong></span> <span class='ocrx_word' id='word_1_266' title='bbox 1897 2233 2203 2306; x_wconf 91' lang='lat' dir='ltr'><strong>hujusmodi</strong></span> 
     </span>
    </p>
   </div>
   <div class='ocr_carea' id='block_1_38' title="bbox 619 2329 2197 2406">
    <p class='ocr_par' dir='ltr' id='par_1_38' title="bbox 619 2329 2197 2406">
     <span class='ocr_line' id='line_1_38' title="bbox 619 2329 2197 2406; baseline -0.006 -16"><span class='ocrx_word' id='word_1_267' title='bbox 619 2336 986 2406; x_wconf 72' lang='lat' dir='ltr'><strong>prmvaricatio</strong></span> <span class='ocrx_word' id='word_1_268' title='bbox 1016 2332 1228 2403; x_wconf 89' lang='lat' dir='ltr'><strong>repulsa</strong></span> <span class='ocrx_word' id='word_1_269' title='bbox 1259 2339 1361 2399; x_wconf 91' lang='lat' dir='ltr'><strong>est,</strong></span> <span class='ocrx_word' id='word_1_270' title='bbox 1396 2329 1577 2402; x_wconf 84' lang='lat' dir='ltr'><strong>potius</strong></span> <span class='ocrx_word' id='word_1_271' title='bbox 1606 2345 1765 2400; x_wconf 90' lang='lat' dir='ltr'><strong>quam</strong></span> <span class='ocrx_word' id='word_1_272' title='bbox 1799 2329 1865 2383; x_wconf 89' lang='lat' dir='ltr'><strong>ad</strong></span> <span class='ocrx_word' id='word_1_273' title='bbox 1892 2329 2197 2393; x_wconf 72' lang='lat' dir='ltr'><strong>concilium,</strong></span> 
     </span>
    </p>
   </div>
   <div class='ocr_carea' id='block_1_39' title="bbox 622 2420 2198 2499">
    <p class='ocr_par' dir='ltr' id='par_1_39' title="bbox 622 2420 2198 2499">
     <span class='ocr_line' id='line_1_39' title="bbox 622 2420 2198 2499; baseline -0.006 -18"><span class='ocrx_word' id='word_1_274' title='bbox 622 2428 767 2499; x_wconf 89' lang='lat' dir='ltr'><strong>quod</strong></span> <span class='ocrx_word' id='word_1_275' title='bbox 796 2441 895 2482; x_wconf 91' lang='lat' dir='ltr'><strong>nec</strong></span> <span class='ocrx_word' id='word_1_276' title='bbox 923 2439 1057 2495; x_wconf 92' lang='lat' dir='ltr'><strong>opus</strong></span> <span class='ocrx_word' id='word_1_277' title='bbox 1086 2432 1203 2480; x_wconf 90' lang='lat' dir='ltr'><strong>erat</strong></span> <span class='ocrx_word' id='word_1_278' title='bbox 1229 2430 1348 2493; x_wconf 90' lang='lat' dir='ltr'><strong>post</strong></span> <span class='ocrx_word' id='word_1_279' title='bbox 1372 2423 1599 2493; x_wconf 90' lang='lat' dir='ltr'><strong>primam</strong></span> <span class='ocrx_word' id='word_1_280' title='bbox 1631 2420 1919 2493; x_wconf 87' lang='lat' dir='ltr'><strong>synodum,</strong></span> <span class='ocrx_word' id='word_1_281' title='bbox 1953 2436 2052 2475; x_wconf 90' lang='lat' dir='ltr'><strong>nec</strong></span> <span class='ocrx_word' id='word_1_282' title='bbox 2077 2434 2198 2475; x_wconf 90' lang='lat' dir='ltr'><strong>cum</strong></span> 
     </span>
    </p>
   </div>
   <div class='ocr_carea' id='block_1_40' title="bbox 621 2512 2198 2581">
    <p class='ocr_par' dir='ltr' id='par_1_40' title="bbox 621 2512 2198 2581">
     <span class='ocr_line' id='line_1_40' title="bbox 621 2512 2198 2581; baseline -0.007 -5"><span class='ocrx_word' id='word_1_283' title='bbox 621 2520 817 2576; x_wconf 90' lang='lat' dir='ltr'><strong>talibus</strong></span> <span class='ocrx_word' id='word_1_284' title='bbox 850 2519 869 2549; x_wconf 68' lang='grc'><strong><em>³</em></strong></span> <span class='ocrx_word' id='word_1_285' title='bbox 906 2518 1101 2573; x_wconf 90' lang='lat' dir='ltr'><strong>habere</strong></span> <span class='ocrx_word' id='word_1_286' title='bbox 1133 2517 1359 2581; x_wconf 91' lang='lat' dir='ltr'><strong>licebat,</strong></span> <span class='ocrx_word' id='word_1_287' title='bbox 1393 2517 1411 2545; x_wconf 79' lang='grc'><strong><em>⁵</em></strong></span> <span class='ocrx_word' id='word_1_288' title='bbox 1440 2515 1665 2569; x_wconf 89' lang='lat' dir='ltr'><strong>adducta</strong></span> <span class='ocrx_word' id='word_1_289' title='bbox 1706 2523 1805 2569; x_wconf 90' lang='lat' dir='ltr'><strong>est.</strong></span> <span class='ocrx_word' id='word_1_290' title='bbox 1837 2512 1966 2567; x_wconf 82' lang='lat' dir='ltr'><strong>Nam</strong></span> <span class='ocrx_word' id='word_1_291' title='bbox 1996 2523 2050 2568; x_wconf 92' lang='lat' dir='ltr'><strong>et</strong></span> <span class='ocrx_word' id='word_1_292' title='bbox 2074 2512 2198 2579; x_wconf 92' lang='lat' dir='ltr'><strong>quid</strong></span> 
     </span>
    </p>
   </div>
   <div class='ocr_carea' id='block_1_41' title="bbox 623 2604 2198 2684">
    <p class='ocr_par' dir='ltr' id='par_1_41' title="bbox 623 2604 2198 2684">
     <span class='ocr_line' id='line_1_41' title="bbox 623 2604 2198 2684; baseline -0.009 -15"><span class='ocrx_word' id='word_1_293' title='bbox 623 2624 869 2684; x_wconf 86' lang='lat' dir='ltr'><strong>ageretur</strong></span> <span class='ocrx_word' id='word_1_294' title='bbox 897 2611 967 2667; x_wconf 91' lang='lat' dir='ltr'><strong>de</strong></span> <span class='ocrx_word' id='word_1_295' title='bbox 996 2612 1102 2665; x_wconf 89' lang='lat' dir='ltr'><strong>ﬁde</strong></span> <span class='ocrx_word' id='word_1_296' title='bbox 1140 2610 1397 2664; x_wconf 88' lang='lat' dir='ltr'><strong>catholica</strong></span> <span class='ocrx_word' id='word_1_297' title='bbox 1423 2648 1438 2674; x_wconf 92' lang='lat'><strong>,</strong></span> <span class='ocrx_word' id='word_1_298' title='bbox 1468 2607 1511 2661; x_wconf 90' lang='lat' dir='ltr'><strong>si</strong></span> <span class='ocrx_word' id='word_1_299' title='bbox 1545 2606 1842 2675; x_wconf 80' lang='lat' dir='ltr'><strong>intelligere</strong></span> <span class='ocrx_word' id='word_1_300' title='bbox 1872 2604 2198 2670; x_wconf 80' lang='lat' dir='ltr'><strong>voluissent,</strong></span> 
     </span>
    </p>
   </div>
   <div class='ocr_carea' id='block_1_42' title="bbox 622 2698 2201 2776">
    <p class='ocr_par' dir='ltr' id='par_1_42' title="bbox 622 2698 2201 2776">
     <span class='ocr_line' id='line_1_42' title="bbox 622 2698 2201 2776; baseline -0.008 -15"><span class='ocrx_word' id='word_1_301' title='bbox 622 2707 870 2776; x_wconf 88' lang='lat' dir='ltr'><strong>ignorare</strong></span> <span class='ocrx_word' id='word_1_302' title='bbox 917 2720 1023 2758; x_wconf 92' lang='lat' dir='ltr'><strong>non</strong></span> <span class='ocrx_word' id='word_1_303' title='bbox 1074 2708 1352 2771; x_wconf 88' lang='lat' dir='ltr'><strong>poterant,</strong></span> <span class='ocrx_word' id='word_1_304' title='bbox 1401 2715 1520 2754; x_wconf 93' lang='lat' dir='ltr'><strong>cum</strong></span> <span class='ocrx_word' id='word_1_305' title='bbox 1562 2700 1582 2729; x_wconf 84' lang='grc'>⁸</span> <span class='ocrx_word' id='word_1_306' title='bbox 1613 2699 1857 2753; x_wconf 88' lang='lat' dir='ltr'><strong>viderant</strong></span> <span class='ocrx_word' id='word_1_307' title='bbox 1906 2698 2201 2751; x_wconf 90' lang='lat' dir='ltr'><strong>catholicos</strong></span> 
     </span>
    </p>
   </div>
   <div class='ocr_carea' id='block_1_43' title="bbox 618 2787 2199 2867">
    <p class='ocr_par' dir='ltr' id='par_1_43' title="bbox 618 2787 2199 2867">
     <span class='ocr_line' id='line_1_43' title="bbox 618 2787 2199 2867; baseline -0.006 -16"><span class='ocrx_word' id='word_1_308' title='bbox 618 2796 900 2867; x_wconf 89' lang='lat' dir='ltr'><strong>pontifices</strong></span> <span class='ocrx_word' id='word_1_309' title='bbox 931 2795 1070 2848; x_wconf 88' lang='lat' dir='ltr'><strong>nulla</strong></span> <span class='ocrx_word' id='word_1_310' title='bbox 1120 2790 1309 2862; x_wconf 88' lang='lat' dir='ltr'><strong>synodi</strong></span> <span class='ocrx_word' id='word_1_311' title='bbox 1341 2790 1671 2844; x_wconf 88' lang='lat' dir='ltr'><strong>discussione</strong></span> <span class='ocrx_word' id='word_1_312' title='bbox 1695 2829 1711 2855; x_wconf 93' lang='lat'><strong>,</strong></span> <span class='ocrx_word' id='word_1_313' title='bbox 1746 2789 1893 2841; x_wconf 90' lang='lat' dir='ltr'><strong>nullo</strong></span> <span class='ocrx_word' id='word_1_314' title='bbox 1933 2787 2159 2841; x_wconf 90' lang='lat' dir='ltr'><strong>concilio</strong></span> <span class='ocrx_word' id='word_1_315' title='bbox 2184 2827 2199 2853; x_wconf 98' lang='lat'><strong>,</strong></span> 
     </span>
    </p>
   </div>
   <div class='ocr_carea' id='block_1_44' title="bbox 620 2879 2201 2957">
    <p class='ocr_par' dir='ltr' id='par_1_44' title="bbox 620 2879 2201 2957">
     <span class='ocr_line' id='line_1_44' title="bbox 620 2879 2201 2957; baseline -0.006 -16"><span class='ocrx_word' id='word_1_316' title='bbox 620 2886 888 2957; x_wconf 85' lang='lat' dir='ltr'><strong>praecipue</strong></span> <span class='ocrx_word' id='word_1_317' title='bbox 916 2900 1037 2940; x_wconf 91' lang='lat' dir='ltr'><strong>cum</strong></span> <span class='ocrx_word' id='word_1_318' title='bbox 1080 2897 1245 2937; x_wconf 91' lang='lat' dir='ltr'><strong>novas</strong></span> <span class='ocrx_word' id='word_1_319' title='bbox 1273 2895 1460 2936; x_wconf 89' lang='lat' dir='ltr'><strong>causas</strong></span> <span class='ocrx_word' id='word_1_320' title='bbox 1487 2896 1605 2935; x_wconf 90' lang='lat' dir='ltr'><strong>esse</strong></span> <span class='ocrx_word' id='word_1_321' title='bbox 1638 2879 2056 2949; x_wconf 91' lang='lat' dir='ltr'><strong>perpenderent,</strong></span> <span class='ocrx_word' id='word_1_322' title='bbox 2091 2888 2201 2932; x_wconf 88' lang='lat' dir='ltr'><strong>toto</strong></span> 
     </span>
    </p>
   </div>
   <div class='ocr_carea' id='block_1_45' title="bbox 620 2973 2198 3047">
    <p class='ocr_par' dir='ltr' id='par_1_45' title="bbox 620 2973 2198 3047">
     <span class='ocr_line' id='line_1_45' title="bbox 620 2973 2198 3047; baseline -0.004 -13"><span class='ocrx_word' id='word_1_323' title='bbox 620 2980 839 3034; x_wconf 89' lang='lat' dir='ltr'><strong>Uriente</strong></span> <span class='ocrx_word' id='word_1_324' title='bbox 866 2977 1088 3047; x_wconf 87' lang='lat' dir='ltr'><strong>depelli,</strong></span> <span class='ocrx_word' id='word_1_325' title='bbox 1133 2985 1187 3031; x_wconf 93' lang='lat' dir='ltr'><strong>et</strong></span> <span class='ocrx_word' id='word_1_326' title='bbox 1213 2975 1392 3030; x_wconf 67' lang='lat' dir='ltr'><strong>caeteri</strong></span> <span class='ocrx_word' id='word_1_327' title='bbox 1425 2975 1550 3044; x_wconf 89' lang='lat' dir='ltr'><strong>quid</strong></span> <span class='ocrx_word' id='word_1_328' title='bbox 1594 2986 1865 3039; x_wconf 90' lang='lat' dir='ltr'><strong>caverent,</strong></span> <span class='ocrx_word' id='word_1_329' title='bbox 1896 2989 1957 3027; x_wconf 82' lang='lat' dir='ltr'><strong>ex</strong></span> <span class='ocrx_word' id='word_1_330' title='bbox 1992 2973 2198 3028; x_wconf 69' lang='lat' dir='ltr'><strong>illorum</strong></span> 
     </span>
    </p>
   </div>
   <div class='ocr_carea' id='block_1_46' title="bbox 623 3066 2201 3140">
    <p class='ocr_par' dir='ltr' id='par_1_46' title="bbox 623 3066 2201 3140">
     <span class='ocr_line' id='line_1_46' title="bbox 623 3066 2201 3140; baseline -0.004 -13"><span class='ocrx_word' id='word_1_331' title='bbox 623 3075 830 3127; x_wconf 88' lang='lat' dir='ltr'><strong>discere</strong></span> <span class='ocrx_word' id='word_1_332' title='bbox 859 3069 1116 3140; x_wconf 84' lang='lat' dir='ltr'><strong>qualitate</strong></span> <span class='ocrx_word' id='word_1_333' title='bbox 1167 3069 1488 3139; x_wconf 89' lang='lat' dir='ltr'><strong>potuissent.</strong></span> <span class='ocrx_word' id='word_1_334' title='bbox 1536 3066 1724 3122; x_wconf 80' lang='lat' dir='ltr'><strong>Restat</strong></span> <span class='ocrx_word' id='word_1_335' title='bbox 1766 3067 1926 3135; x_wconf 86' lang='lat' dir='ltr'><strong>igitur</strong></span> <span class='ocrx_word' id='word_1_336' title='bbox 1957 3077 2011 3119; x_wconf 91' lang='lat' dir='ltr'><strong>ut</strong></span> <span class='ocrx_word' id='word_1_337' title='bbox 2061 3066 2201 3120; x_wconf 89' lang='lat' dir='ltr'><strong>illius</strong></span> 
     </span>
    </p>
   </div>
   <div class='ocr_carea' id='block_1_47' title="bbox 625 3157 2198 3234">
    <p class='ocr_par' dir='ltr' id='par_1_47' title="bbox 625 3157 2198 3234">
     <span class='ocr_line' id='line_1_47' title="bbox 625 3157 2198 3234; baseline -0.004 -17"><span class='ocrx_word' id='word_1_338' title='bbox 625 3166 790 3234; x_wconf 90' lang='lat' dir='ltr'><strong>partis</strong></span> <span class='ocrx_word' id='word_1_339' title='bbox 820 3180 912 3219; x_wconf 93' lang='lat' dir='ltr'><strong>eos</strong></span> <span class='ocrx_word' id='word_1_340' title='bbox 940 3164 1102 3216; x_wconf 90' lang='lat' dir='ltr'><strong>fuisse</strong></span> <span class='ocrx_word' id='word_1_341' title='bbox 1130 3162 1199 3216; x_wconf 90' lang='lat' dir='ltr'><strong>sit</strong></span> <span class='ocrx_word' id='word_1_342' title='bbox 1239 3160 1461 3224; x_wconf 92' lang='lat' dir='ltr'><strong>clarum,</strong></span> <span class='ocrx_word' id='word_1_343' title='bbox 1512 3160 1595 3212; x_wconf 92' lang='lat' dir='ltr'><strong>cui</strong></span> <span class='ocrx_word' id='word_1_344' title='bbox 1625 3173 1683 3213; x_wconf 91' lang='lat' dir='ltr'><strong>se</strong></span> <span class='ocrx_word' id='word_1_345' title='bbox 1710 3167 1830 3227; x_wconf 91' lang='lat' dir='ltr'><strong>post</strong></span> <span class='ocrx_word' id='word_1_346' title='bbox 1871 3167 1945 3212; x_wconf 88' lang='lat' dir='ltr'><strong>tot</strong></span> <span class='ocrx_word' id='word_1_347' title='bbox 1987 3157 2198 3225; x_wconf 73' lang='lat' dir='ltr'><strong>eXperi-</strong></span> 
     </span>
    </p>
   </div>
   <div class='ocr_carea' id='block_1_48' title="bbox 2303 1964 3882 2035">
    <p class='ocr_par' dir='ltr' id='par_1_48' title="bbox 2303 1964 3882 2035">
     <span class='ocr_line' id='line_1_48' title="bbox 2303 1964 3882 2035; baseline 0.003 -16"><span class='ocrx_word' id='word_1_348' title='bbox 2303 1966 2522 2031; x_wconf 86' lang='lat' dir='ltr'><strong>cedens,</strong></span> <span class='ocrx_word' id='word_1_349' title='bbox 2554 1973 2737 2019; x_wconf 88' lang='lat' dir='ltr'><strong>contra</strong></span> <span class='ocrx_word' id='word_1_350' title='bbox 2762 1964 2974 2035; x_wconf 88' lang='lat' dir='ltr'><strong>regulas</strong></span> <span class='ocrx_word' id='word_1_351' title='bbox 3003 1964 3248 2020; x_wconf 86' lang='lat' dir='ltr'><strong>obtinere</strong></span> <span class='ocrx_word' id='word_1_352' title='bbox 3292 1964 3422 2017; x_wconf 91' lang='lat' dir='ltr'><strong>nihil</strong></span> <span class='ocrx_word' id='word_1_353' title='bbox 3457 1966 3650 2034; x_wconf 90' lang='lat' dir='ltr'><strong>potuit,</strong></span> <span class='ocrx_word' id='word_1_354' title='bbox 3684 1977 3882 2023; x_wconf 76' lang='lat' dir='ltr'><strong>sancta:</strong></span> 
     </span>
    </p>
   </div>
   <div class='ocr_carea' id='block_1_49' title="bbox 2304 2055 3881 2125">
    <p class='ocr_par' dir='ltr' id='par_1_49' title="bbox 2304 2055 3881 2125">
     <span class='ocr_line' id='line_1_49' title="bbox 2304 2055 3881 2125; baseline 0.001 -14"><span class='ocrx_word' id='word_1_355' title='bbox 2304 2057 2577 2111; x_wconf 76' lang='lat' dir='ltr'><strong>memoria:</strong></span> <span class='ocrx_word' id='word_1_356' title='bbox 2611 2070 2796 2125; x_wconf 82' lang='lat' dir='ltr'><strong>papam</strong></span> <span class='ocrx_word' id='word_1_357' title='bbox 2825 2056 3058 2110; x_wconf 86' lang='lat' dir='ltr'><strong>Leonem</strong></span> <span class='ocrx_word' id='word_1_358' title='bbox 3088 2056 3315 2110; x_wconf 89' lang='lat' dir='ltr'><strong>summis</strong></span> <span class='ocrx_word' id='word_1_359' title='bbox 3347 2055 3593 2111; x_wconf 85' lang='lat' dir='ltr'><strong>laudibus</strong></span> <span class='ocrx_word' id='word_1_360' title='bbox 3631 2072 3881 2125; x_wconf 84' lang='lat' dir='ltr'><strong>prosecu-</strong></span> 
     </span>
    </p>
   </div>
   <div class='ocr_carea' id='block_1_50' title="bbox 2305 2148 3879 2218">
    <p class='ocr_par' dir='ltr' id='par_1_50' title="bbox 2305 2148 3879 2218">
     <span class='ocr_line' id='line_1_50' title="bbox 2305 2148 3879 2218; baseline 0.001 -15"><span class='ocrx_word' id='word_1_361' title='bbox 2305 2158 2413 2203; x_wconf 89' lang='lat' dir='ltr'><strong>tum</strong></span> <span class='ocrx_word' id='word_1_362' title='bbox 2439 2149 2575 2217; x_wconf 83' lang='lat' dir='ltr'><strong>quod</strong></span> <span class='ocrx_word' id='word_1_363' title='bbox 2594 2163 2857 2203; x_wconf 90' lang='lat' dir='ltr'><strong>canonum</strong></span> <span class='ocrx_word' id='word_1_364' title='bbox 2881 2148 3093 2218; x_wconf 89' lang='lat' dir='ltr'><strong>regulas</strong></span> <span class='ocrx_word' id='word_1_365' title='bbox 3114 2148 3303 2203; x_wconf 89' lang='lat' dir='ltr'><strong>violari</strong></span> <span class='ocrx_word' id='word_1_366' title='bbox 3330 2149 3476 2203; x_wconf 91' lang='lat' dir='ltr'><strong>nulla</strong></span> <span class='ocrx_word' id='word_1_367' title='bbox 3498 2148 3879 2206; x_wconf 84' lang='lat' dir='ltr'><strong>fueritratioue</strong></span> 
     </span>
    </p>
   </div>
   <div class='ocr_carea' id='block_1_51' title="bbox 2306 2239 3879 2310">
    <p class='ocr_par' dir='ltr' id='par_1_51' title="bbox 2306 2239 3879 2310">
     <span class='ocr_line' id='line_1_51' title="bbox 2306 2239 3879 2310; baseline 0.002 -16"><span class='ocrx_word' id='word_1_368' title='bbox 2306 2254 2613 2310; x_wconf 87' lang='lat' dir='ltr'><strong>perpessus.</strong></span> <span class='ocrx_word' id='word_1_369' title='bbox 2646 2240 2882 2294; x_wconf 87' lang='lat' dir='ltr'><strong>Audiant</strong></span> <span class='ocrx_word' id='word_1_370' title='bbox 2906 2239 3212 2294; x_wconf 80' lang='lat' dir='ltr'><strong>Anatolium</strong></span> <span class='ocrx_word' id='word_1_371' title='bbox 3235 2239 3475 2309; x_wconf 86' lang='lat' dir='ltr'><strong>ejusdem</strong></span> <span class='ocrx_word' id='word_1_372' title='bbox 3497 2240 3641 2296; x_wconf 88' lang='lat' dir='ltr'><strong>sedis</strong></span> <span class='ocrx_word' id='word_1_373' title='bbox 3670 2242 3879 2297; x_wconf 87' lang='lat' dir='ltr'><strong>antisti-</strong></span> 
     </span>
    </p>
   </div>
   <div class='ocr_carea' id='block_1_52' title="bbox 2305 2330 3881 2401">
    <p class='ocr_par' dir='ltr' id='par_1_52' title="bbox 2305 2330 3881 2401">
     <span class='ocr_line' id='line_1_52' title="bbox 2305 2330 3881 2401; baseline 0.003 -15"><span class='ocrx_word' id='word_1_374' title='bbox 2305 2342 2411 2386; x_wconf 91' lang='lat' dir='ltr'><strong>tem</strong></span> <span class='ocrx_word' id='word_1_375' title='bbox 2437 2372 2454 2398; x_wconf 95' lang='lat'><strong>,</strong></span> <span class='ocrx_word' id='word_1_376' title='bbox 2498 2330 2698 2386; x_wconf 91' lang='lat' dir='ltr'><strong>clerum</strong></span> <span class='ocrx_word' id='word_1_377' title='bbox 2750 2332 2928 2400; x_wconf 90' lang='lat' dir='ltr'><strong>potius</strong></span> <span class='ocrx_word' id='word_1_378' title='bbox 2958 2330 3608 2400; x_wconf 87' lang='lat' dir='ltr'><strong>Constantinopolitanum</strong></span> <span class='ocrx_word' id='word_1_379' title='bbox 3638 2346 3801 2401; x_wconf 84' lang='lat' dir='ltr'><strong>quam</strong></span> <span class='ocrx_word' id='word_1_380' title='bbox 3827 2348 3881 2390; x_wconf 90' lang='lat' dir='ltr'><strong>se</strong></span> 
     </span>
    </p>
   </div>
   <div class='ocr_carea' id='block_1_53' title="bbox 2304 2422 3879 2495">
    <p class='ocr_par' dir='ltr' id='par_1_53' title="bbox 2304 2422 3879 2495">
     <span class='ocr_line' id='line_1_53' title="bbox 2304 2422 3879 2495; baseline 0.003 -18"><span class='ocrx_word' id='word_1_381' title='bbox 2304 2432 2542 2479; x_wconf 83' lang='lat' dir='ltr'><strong>tentasse</strong></span> <span class='ocrx_word' id='word_1_382' title='bbox 2587 2422 2710 2476; x_wconf 86' lang='lat' dir='ltr'><strong>talia</strong></span> <span class='ocrx_word' id='word_1_383' title='bbox 2740 2423 3116 2487; x_wconf 88' lang='lat' dir='ltr'><strong>confitentem,</strong></span> <span class='ocrx_word' id='word_1_384' title='bbox 3148 2433 3305 2493; x_wconf 87' lang='lat' dir='ltr'><strong>atque</strong></span> <span class='ocrx_word' id='word_1_385' title='bbox 3340 2422 3393 2476; x_wconf 94' lang='lat' dir='ltr'><strong>in</strong></span> <span class='ocrx_word' id='word_1_386' title='bbox 3423 2424 3707 2493; x_wconf 89' lang='lat' dir='ltr'><strong>apostolici</strong></span> <span class='ocrx_word' id='word_1_387' title='bbox 3750 2441 3879 2495; x_wconf 79' lang='lat' dir='ltr'><strong>pra:-</strong></span> 
     </span>
    </p>
   </div>
   <div class='ocr_carea' id='block_1_54' title="bbox 2301 2514 3877 2585">
    <p class='ocr_par' dir='ltr' id='par_1_54' title="bbox 2301 2514 3877 2585">
     <span class='ocr_line' id='line_1_54' title="bbox 2301 2514 3877 2585; baseline 0 -13"><span class='ocrx_word' id='word_1_388' title='bbox 2301 2518 2434 2572; x_wconf 90' lang='lat' dir='ltr'><strong>snlis</strong></span> <span class='ocrx_word' id='word_1_389' title='bbox 2459 2524 2627 2569; x_wconf 91' lang='lat' dir='ltr'><strong>totum</strong></span> <span class='ocrx_word' id='word_1_390' title='bbox 2658 2515 2923 2569; x_wconf 91' lang='lat' dir='ltr'><strong>dicentem</strong></span> <span class='ocrx_word' id='word_1_391' title='bbox 2963 2515 3193 2585; x_wconf 86' lang='lat' dir='ltr'><strong>positum</strong></span> <span class='ocrx_word' id='word_1_392' title='bbox 3228 2521 3512 2582; x_wconf 88' lang='lat' dir='ltr'><strong>potestate.</strong></span> <span class='ocrx_word' id='word_1_393' title='bbox 3541 2514 3723 2583; x_wconf 90' lang='lat' dir='ltr'><strong>Ipsum</strong></span> <span class='ocrx_word' id='word_1_394' title='bbox 3756 2517 3877 2572; x_wconf 82' lang='lat' dir='ltr'><strong>bea-</strong></span> 
     </span>
    </p>
   </div>
   <div class='ocr_carea' id='block_1_55' title="bbox 2304 2604 3880 2677">
    <p class='ocr_par' dir='ltr' id='par_1_55' title="bbox 2304 2604 3880 2677">
     <span class='ocr_line' id='line_1_55' title="bbox 2304 2604 3880 2677; baseline 0.001 -15"><span class='ocrx_word' id='word_1_395' title='bbox 2304 2619 2414 2663; x_wconf 91' lang='lat' dir='ltr'><strong>tum</strong></span> <span class='ocrx_word' id='word_1_396' title='bbox 2439 2622 2625 2677; x_wconf 84' lang='lat' dir='ltr'><strong>papam</strong></span> <span class='ocrx_word' id='word_1_397' title='bbox 2652 2606 2888 2661; x_wconf 86' lang='lat' dir='ltr'><strong>Leonem</strong></span> <span class='ocrx_word' id='word_1_398' title='bbox 2910 2606 3055 2660; x_wconf 88' lang='lat' dir='ltr'><strong>sedis</strong></span> <span class='ocrx_word' id='word_1_399' title='bbox 3078 2605 3387 2675; x_wconf 83' lang='lat' dir='ltr'><strong>apostolica:</strong></span> <span class='ocrx_word' id='word_1_400' title='bbox 3411 2604 3880 2677; x_wconf 65' lang='lat' dir='ltr'><strong>praesulem,cujus</strong></span> 
     </span>
    </p>
   </div>
   <div class='ocr_carea' id='block_1_56' title="bbox 2304 2698 3880 2772">
    <p class='ocr_par' dir='ltr' id='par_1_56' title="bbox 2304 2698 3880 2772">
     <span class='ocr_line' id='line_1_56' title="bbox 2304 2698 3880 2772; baseline 0.001 -17"><span class='ocrx_word' id='word_1_401' title='bbox 2304 2701 2540 2772; x_wconf 87' lang='lat' dir='ltr'><strong>synodos</strong></span> <span class='ocrx_word' id='word_1_402' title='bbox 2565 2700 3017 2754; x_wconf 87' lang='lat' dir='ltr'><strong>Chalcedonensis</strong></span> <span class='ocrx_word' id='word_1_403' title='bbox 3044 2699 3363 2753; x_wconf 91' lang='lat' dir='ltr'><strong>auctoritate</strong></span> <span class='ocrx_word' id='word_1_404' title='bbox 3387 2698 3593 2753; x_wconf 84' lang='lat' dir='ltr'><strong>ﬁrmata</strong></span> <span class='ocrx_word' id='word_1_405' title='bbox 3610 2708 3715 2767; x_wconf 90' lang='lat' dir='ltr'><strong>est,</strong></span> <span class='ocrx_word' id='word_1_406' title='bbox 3733 2701 3880 2772; x_wconf 53' lang='lat' dir='ltr'><strong>quid.</strong></span> 
     </span>
    </p>
   </div>
   <div class='ocr_carea' id='block_1_57' title="bbox 2303 2793 3878 2868">
    <p class='ocr_par' dir='ltr' id='par_1_57' title="bbox 2303 2793 3878 2868">
     <span class='ocr_line' id='line_1_57' title="bbox 2303 2793 3878 2868; baseline 0 -19"><span class='ocrx_word' id='word_1_407' title='bbox 2303 2797 2428 2868; x_wconf 88' lang='lat' dir='ltr'><strong>quid</strong></span> <span class='ocrx_word' id='word_1_408' title='bbox 2462 2796 2597 2849; x_wconf 92' lang='lat' dir='ltr'><strong>ultra</strong></span> <span class='ocrx_word' id='word_1_409' title='bbox 2624 2810 2783 2865; x_wconf 89' lang='lat' dir='ltr'><strong>quam</strong></span> <span class='ocrx_word' id='word_1_410' title='bbox 2823 2794 2891 2848; x_wconf 89' lang='lat' dir='ltr'><strong>ab</strong></span> <span class='ocrx_word' id='word_1_411' title='bbox 2945 2794 3134 2848; x_wconf 89' lang='lat' dir='ltr'><strong>eodem</strong></span> <span class='ocrx_word' id='word_1_412' title='bbox 3169 2808 3266 2863; x_wconf 92' lang='lat' dir='ltr'><strong>pro</strong></span> <span class='ocrx_word' id='word_1_413' title='bbox 3297 2793 3401 2847; x_wconf 87' lang='lat' dir='ltr'><strong>fide</strong></span> <span class='ocrx_word' id='word_1_414' title='bbox 3428 2802 3483 2848; x_wconf 88' lang='lat' dir='ltr'><strong>et</strong></span> <span class='ocrx_word' id='word_1_415' title='bbox 3504 2797 3878 2851; x_wconf 89' lang='lat' dir='ltr'><strong>communione</strong></span> 
     </span>
    </p>
   </div>
   <div class='ocr_carea' id='block_1_58' title="bbox 2306 2884 3879 2957">
    <p class='ocr_par' dir='ltr' id='par_1_58' title="bbox 2306 2884 3879 2957">
     <span class='ocr_line' id='line_1_58' title="bbox 2306 2884 3879 2957; baseline -0.001 -15"><span class='ocrx_word' id='word_1_416' title='bbox 2306 2888 2567 2943; x_wconf 84' lang='lat' dir='ltr'><strong>catholica</strong></span> <span class='ocrx_word' id='word_1_417' title='bbox 2599 2896 2756 2957; x_wconf 89' lang='lat' dir='ltr'><strong>atque</strong></span> <span class='ocrx_word' id='word_1_418' title='bbox 2787 2885 3079 2955; x_wconf 89' lang='lat' dir='ltr'><strong>apostolica</strong></span> <span class='ocrx_word' id='word_1_419' title='bbox 3126 2884 3235 2939; x_wconf 90' lang='lat' dir='ltr'><strong>illic</strong></span> <span class='ocrx_word' id='word_1_420' title='bbox 3278 2886 3571 2955; x_wconf 83' lang='lat' dir='ltr'><strong>agendum,</strong></span> <span class='ocrx_word' id='word_1_421' title='bbox 3612 2897 3879 2943; x_wconf 86' lang='lat' dir='ltr'><strong>constaret</strong></span> 
     </span>
    </p>
   </div>
   <div class='ocr_carea' id='block_1_59' title="bbox 2304 2976 3870 3047">
    <p class='ocr_par' dir='ltr' id='par_1_59' title="bbox 2304 2976 3870 3047">
     <span class='ocr_line' id='line_1_59' title="bbox 2304 2976 3870 3047; baseline -0.001 -14"><span class='ocrx_word' id='word_1_422' title='bbox 2304 2993 2424 3033; x_wconf 90' lang='lat' dir='ltr'><strong>esse</strong></span> <span class='ocrx_word' id='word_1_423' title='bbox 2440 2978 2765 3046; x_wconf 81' lang='lat' dir='ltr'><strong>delegatum,</strong></span> <span class='ocrx_word' id='word_1_424' title='bbox 2788 2992 2882 3046; x_wconf 92' lang='lat' dir='ltr'><strong>per</strong></span> <span class='ocrx_word' id='word_1_425' title='bbox 2909 2976 3247 3032; x_wconf 89' lang='lat' dir='ltr'><strong>occasionem</strong></span> <span class='ocrx_word' id='word_1_426' title='bbox 3272 2978 3702 3047; x_wconf 76' lang='lat' dir='ltr'><strong>congregationis</strong></span> <span class='ocrx_word' id='word_1_427' title='bbox 3719 2979 3870 3044; x_wconf 89' lang='lat' dir='ltr'><strong>illius,</strong></span> 
     </span>
    </p>
   </div>
   <div class='ocr_carea' id='block_1_60' title="bbox 2306 3068 3872 3141">
    <p class='ocr_par' dir='ltr' id='par_1_60' title="bbox 2306 3068 3872 3141">
     <span class='ocr_line' id='line_1_60' title="bbox 2306 3068 3872 3141; baseline 0 -16"><span class='ocrx_word' id='word_1_428' title='bbox 2306 3085 2500 3141; x_wconf 66' lang='lat' dir='ltr'><strong>praeter</strong></span> <span class='ocrx_word' id='word_1_429' title='bbox 2531 3070 2775 3125; x_wconf 75' lang='lat' dir='ltr'><strong>Niczcnos</strong></span> <span class='ocrx_word' id='word_1_430' title='bbox 2803 3082 3038 3123; x_wconf 89' lang='lat' dir='ltr'><strong>canones</strong></span> <span class='ocrx_word' id='word_1_431' title='bbox 3069 3083 3204 3124; x_wconf 85' lang='lat' dir='ltr'><strong>nova</strong></span> <span class='ocrx_word' id='word_1_432' title='bbox 3233 3068 3503 3124; x_wconf 91' lang='lat' dir='ltr'><strong>videretur</strong></span> <span class='ocrx_word' id='word_1_433' title='bbox 3521 3070 3733 3125; x_wconf 88' lang='lat' dir='ltr'><strong>actione</strong></span> <span class='ocrx_word' id='word_1_434' title='bbox 3762 3080 3872 3125; x_wconf 88' lang='lat' dir='ltr'><strong>ten-</strong></span> 
     </span>
    </p>
   </div>
   <div class='ocr_carea' id='block_1_61' title="bbox 2307 3163 3877 3236">
    <p class='ocr_par' dir='ltr' id='par_1_61' title="bbox 2307 3163 3877 3236">
     <span class='ocr_line' id='line_1_61' title="bbox 2307 3163 3877 3236; baseline -0.003 -15"><span class='ocrx_word' id='word_1_435' title='bbox 2307 3177 2503 3232; x_wconf 91' lang='lat' dir='ltr'><strong>tatum,</strong></span> <span class='ocrx_word' id='word_1_436' title='bbox 2544 3164 2868 3236; x_wconf 78' lang='lat' dir='ltr'><strong>competenti</strong></span> <span class='ocrx_word' id='word_1_437' title='bbox 2917 3163 3238 3219; x_wconf 78' lang='lat' dir='ltr'><strong>refutatione</strong></span> <span class='ocrx_word' id='word_1_438' title='bbox 3267 3176 3539 3217; x_wconf 83' lang='lat' dir='ltr'><strong>vacuasse.</strong></span> <span class='ocrx_word' id='word_1_439' title='bbox 3582 3163 3764 3233; x_wconf 87' lang='lat' dir='ltr'><strong>anue</strong></span> <span class='ocrx_word' id='word_1_440' title='bbox 3794 3165 3877 3217; x_wconf 89' lang='lat' dir='ltr'><strong>ni-</strong></span> 
     </span>
    </p>
   </div>
   <div class='ocr_carea' id='block_1_62' title="bbox 624 3239 2200 3325">
    <p class='ocr_par' dir='ltr' id='par_1_62' title="bbox 624 3251 2198 3321">
     <span class='ocr_line' id='line_1_62' title="bbox 624 3251 2198 3321; baseline -0.004 -10"><span class='ocrx_word' id='word_1_441' title='bbox 624 3268 803 3313; x_wconf 88' lang='lat' dir='ltr'><strong>menta</strong></span> <span class='ocrx_word' id='word_1_442' title='bbox 832 3253 1170 3319; x_wconf 91' lang='lat' dir='ltr'><strong>dediderunt,</strong></span> <span class='ocrx_word' id='word_1_443' title='bbox 1201 3253 1498 3321; x_wconf 87' lang='lat' dir='ltr'><strong>meritoque</strong></span> <span class='ocrx_word' id='word_1_444' title='bbox 1521 3251 1586 3305; x_wconf 90' lang='lat' dir='ltr'><strong>ab</strong></span> <span class='ocrx_word' id='word_1_445' title='bbox 1610 3251 1900 3320; x_wconf 90' lang='lat' dir='ltr'><strong>apostolica</strong></span> <span class='ocrx_word' id='word_1_446' title='bbox 1933 3251 2079 3316; x_wconf 89' lang='lat' dir='ltr'><strong>sede,</strong></span> <span class='ocrx_word' id='word_1_447' title='bbox 2099 3265 2198 3304; x_wconf 79' lang='lat' dir='ltr'><strong>ca:-</strong></span> 
     </span>
    </p>
   </div>
   <div class='ocr_carea' id='block_1_63' title="bbox 2305 3239 3880 3325">
    <p class='ocr_par' dir='ltr' id='par_1_63' title="bbox 2307 3254 3880 3325">
     <span class='ocr_line' id='line_1_63' title="bbox 2307 3254 3880 3325; baseline -0.003 -11"><span class='ocrx_word' id='word_1_448' title='bbox 2307 3260 2596 3314; x_wconf 91' lang='lat' dir='ltr'><strong>hilominus</strong></span> <span class='ocrx_word' id='word_1_449' title='bbox 2619 3260 2778 3312; x_wconf 90' lang='lat' dir='ltr'><strong>etiam</strong></span> <span class='ocrx_word' id='word_1_450' title='bbox 2802 3258 2900 3311; x_wconf 89' lang='lat' dir='ltr'><strong>sub</strong></span> <span class='ocrx_word' id='word_1_451' title='bbox 2926 3265 3124 3311; x_wconf 74' lang='lat' dir='ltr'><strong>sanctae</strong></span> <span class='ocrx_word' id='word_1_452' title='bbox 3142 3256 3418 3310; x_wconf 78' lang='lat' dir='ltr'><strong>memoria:</strong></span> <span class='ocrx_word' id='word_1_453' title='bbox 3441 3269 3571 3324; x_wconf 88' lang='lat' dir='ltr'><strong>papa</strong></span> <span class='ocrx_word' id='word_1_454' title='bbox 3600 3254 3880 3325; x_wconf 86' lang='lat' dir='ltr'><strong>Simplicio</strong></span> 
     </span>
    </p>
   </div>
   <div class='ocr_carea' id='block_1_64' title="bbox 626 3341 2197 3417">
    <p class='ocr_par' dir='ltr' id='par_1_64' title="bbox 626 3341 2197 3417">
     <span class='ocr_line' id='line_1_64' title="bbox 626 3341 2197 3417; baseline -0.005 -14"><span class='ocrx_word' id='word_1_455' title='bbox 626 3348 859 3417; x_wconf 83' lang='lat' dir='ltr'><strong>terisque</strong></span> <span class='ocrx_word' id='word_1_456' title='bbox 898 3344 1177 3400; x_wconf 86' lang='lat' dir='ltr'><strong>catholicis</strong></span> <span class='ocrx_word' id='word_1_457' title='bbox 1211 3359 1315 3397; x_wconf 92' lang='lat' dir='ltr'><strong>non</strong></span> <span class='ocrx_word' id='word_1_458' title='bbox 1339 3343 1447 3412; x_wconf 90' lang='lat' dir='ltr'><strong>jam</strong></span> <span class='ocrx_word' id='word_1_459' title='bbox 1477 3341 1789 3397; x_wconf 87' lang='lat' dir='ltr'><strong>consulendi</strong></span> <span class='ocrx_word' id='word_1_460' title='bbox 1830 3355 1978 3396; x_wconf 87' lang='lat' dir='ltr'><strong>erant</strong></span> <span class='ocrx_word' id='word_1_461' title='bbox 2004 3343 2197 3411; x_wconf 90' lang='lat' dir='ltr'><strong>potius,</strong></span> 
     </span>
    </p>
   </div>
   <div class='ocr_carea' id='block_1_65' title="bbox 623 3435 2198 3509">
    <p class='ocr_par' dir='ltr' id='par_1_65' title="bbox 623 3435 2198 3509">
     <span class='ocr_line' id='line_1_65' title="bbox 623 3435 2198 3509; baseline -0.006 -12"><span class='ocrx_word' id='word_1_462' title='bbox 623 3442 718 3497; x_wconf 90' lang='lat' dir='ltr'><strong>sed</strong></span> <span class='ocrx_word' id='word_1_463' title='bbox 753 3438 992 3496; x_wconf 90' lang='lat' dir='ltr'><strong>notandi.</strong></span> <span class='ocrx_word' id='word_1_464' title='bbox 1028 3446 1052 3474; x_wconf 78' lang='grc' dir='ltr'>α</span> <span class='ocrx_word' id='word_1_465' title='bbox 1082 3436 1317 3492; x_wconf 80' lang='lat' dir='ltr'><strong>Risimus</strong></span> <span class='ocrx_word' id='word_1_466' title='bbox 1361 3445 1535 3509; x_wconf 85' lang='lat' dir='ltr'><strong>autem</strong></span> <span class='ocrx_word' id='word_1_467' title='bbox 1558 3478 1571 3502; x_wconf 92' lang='lat'><strong>,</strong></span> <span class='ocrx_word' id='word_1_468' title='bbox 1606 3436 1744 3505; x_wconf 87' lang='lat' dir='ltr'><strong>quod</strong></span> <span class='ocrx_word' id='word_1_469' title='bbox 1798 3435 2198 3504; x_wconf 58' lang='lat' dir='ltr'><strong>pratrogativam</strong></span> 
     </span>
    </p>
   </div>
   <div class='ocr_carea' id='block_1_66' title="bbox 626 3516 2202 3599">
    <p class='ocr_par' dir='ltr' id='par_1_66' title="bbox 626 3516 2202 3599">
     <span class='ocr_line' id='line_1_66' title="bbox 626 3516 2202 3599; baseline -0.004 -13"><span class='ocrx_word' id='word_1_470' title='bbox 626 3536 810 3588; x_wconf 83' lang='lat' dir='ltr'><strong>volunt</strong></span> <span class='ocrx_word' id='word_1_471' title='bbox 838 3532 1035 3587; x_wconf 86' lang='lat' dir='ltr'><strong>Acacio</strong></span> <span class='ocrx_word' id='word_1_472' title='bbox 1057 3529 1379 3599; x_wconf 89' lang='lat' dir='ltr'><strong>comparari,</strong></span> <span class='ocrx_word' id='word_1_473' title='bbox 1405 3529 1523 3597; x_wconf 89' lang='lat' dir='ltr'><strong>quia</strong></span> <span class='ocrx_word' id='word_1_474' title='bbox 1550 3529 1831 3598; x_wconf 90' lang='lat' dir='ltr'><strong>episcopus</strong></span> <span class='ocrx_word' id='word_1_475' title='bbox 1856 3528 2015 3581; x_wconf 91' lang='lat' dir='ltr'><strong>fuerit</strong></span> <span class='ocrx_word' id='word_1_476' title='bbox 2042 3516 2202 3595; x_wconf 79' lang='lat' dir='ltr'><strong>regia:</strong></span> 
     </span>
    </p>
   </div>
   <div class='ocr_carea' id='block_1_67' title="bbox 622 3622 2203 3697">
    <p class='ocr_par' dir='ltr' id='par_1_67' title="bbox 622 3622 2203 3697">
     <span class='ocr_line' id='line_1_67' title="bbox 622 3622 2203 3697; baseline -0.009 -10"><span class='ocrx_word' id='word_1_477' title='bbox 622 3630 873 3687; x_wconf 73' lang='lat' dir='ltr'><strong>civitatis.</strong></span> <span class='ocrx_word' id='word_1_478' title='bbox 906 3626 1154 3697; x_wconf 84' lang='lat' dir='ltr'><strong>Nunquid</strong></span> <span class='ocrx_word' id='word_1_479' title='bbox 1208 3625 1346 3694; x_wconf 89' lang='lat' dir='ltr'><strong>apud</strong></span> <span class='ocrx_word' id='word_1_480' title='bbox 1397 3625 1736 3687; x_wconf 77' lang='lat' dir='ltr'><strong>Ravennam,</strong></span> <span class='ocrx_word' id='word_1_481' title='bbox 1770 3622 1909 3691; x_wconf 88' lang='lat' dir='ltr'><strong>apud</strong></span> <span class='ocrx_word' id='word_1_482' title='bbox 1952 3622 2203 3675; x_wconf 86' lang='lat' dir='ltr'><strong>Mediola-</strong></span> 
     </span>
    </p>
   </div>
   <div class='ocr_carea' id='block_1_68' title="bbox 624 3713 2202 3783">
    <p class='ocr_par' dir='ltr' id='par_1_68' title="bbox 624 3713 2202 3783">
     <span class='ocr_line' id='line_1_68' title="bbox 624 3713 2202 3783; baseline -0.006 -10"><span class='ocrx_word' id='word_1_483' title='bbox 624 3736 750 3773; x_wconf 89' lang='lat' dir='ltr'><strong>num</strong></span> <span class='ocrx_word' id='word_1_484' title='bbox 774 3761 787 3783; x_wconf 92' lang='lat'><strong>,</strong></span> <span class='ocrx_word' id='word_1_485' title='bbox 816 3721 833 3749; x_wconf 87' lang='lat'><strong><em>&quot;</em></strong></span> <span class='ocrx_word' id='word_1_486' title='bbox 857 3717 1110 3771; x_wconf 86' lang='lat' dir='ltr'><strong>Sirmium</strong></span> <span class='ocrx_word' id='word_1_487' title='bbox 1130 3760 1144 3783; x_wconf 89' lang='lat'><strong>,</strong></span> <span class='ocrx_word' id='word_1_488' title='bbox 1178 3715 1318 3783; x_wconf 90' lang='lat' dir='ltr'><strong>apud</strong></span> <span class='ocrx_word' id='word_1_489' title='bbox 1364 3713 1634 3778; x_wconf 85' lang='lat' dir='ltr'><strong>Treviros,</strong></span> <span class='ocrx_word' id='word_1_490' title='bbox 1668 3713 1848 3765; x_wconf 88' lang='lat' dir='ltr'><strong>multis</strong></span> <span class='ocrx_word' id='word_1_491' title='bbox 1871 3713 2202 3781; x_wconf 91' lang='lat' dir='ltr'><strong>temporibus</strong></span> 
     </span>
    </p>
   </div>
   <div class='ocr_carea' id='block_1_69' title="bbox 627 3802 2203 3875">
    <p class='ocr_par' dir='ltr' id='par_1_69' title="bbox 627 3802 2203 3875">
     <span class='ocr_line' id='line_1_69' title="bbox 627 3802 2203 3875; baseline -0.007 -9"><span class='ocrx_word' id='word_1_492' title='bbox 627 3826 735 3866; x_wconf 90' lang='lat' dir='ltr'><strong>non</strong></span> <span class='ocrx_word' id='word_1_493' title='bbox 765 3808 1004 3862; x_wconf 89' lang='lat' dir='ltr'><strong>constitit</strong></span> <span class='ocrx_word' id='word_1_494' title='bbox 1024 3809 1313 3875; x_wconf 89' lang='lat' dir='ltr'><strong>imperator</strong></span> <span class='ocrx_word' id='word_1_495' title='bbox 1333 3804 1355 3856; x_wconf 89' lang='lat'><strong>?</strong></span> <span class='ocrx_word' id='word_1_496' title='bbox 1376 3803 1749 3873; x_wconf 84' lang='lat' dir='ltr'><strong>Nunquidnam</strong></span> <span class='ocrx_word' id='word_1_497' title='bbox 1776 3804 1963 3857; x_wconf 91' lang='lat' dir='ltr'><strong>harum</strong></span> <span class='ocrx_word' id='word_1_498' title='bbox 1993 3802 2203 3857; x_wconf 89' lang='lat' dir='ltr'><strong>urbium</strong></span> 
     </span>
    </p>
   </div>
   <div class='ocr_carea' id='block_1_70' title="bbox 627 3897 2205 3967">
    <p class='ocr_par' dir='ltr' id='par_1_70' title="bbox 627 3897 2205 3967">
     <span class='ocr_line' id='line_1_70' title="bbox 627 3897 2205 3967; baseline -0.006 -7"><span class='ocrx_word' id='word_1_499' title='bbox 627 3901 934 3960; x_wconf 88' lang='lat' dir='ltr'><strong>sacerdotes</strong></span> <span class='ocrx_word' id='word_1_500' title='bbox 964 3899 1101 3953; x_wconf 90' lang='lat' dir='ltr'><strong>ultra</strong></span> <span class='ocrx_word' id='word_1_501' title='bbox 1131 3912 1433 3953; x_wconf 89' lang='lat' dir='ltr'><strong>mensuram</strong></span> <span class='ocrx_word' id='word_1_502' title='bbox 1467 3897 1679 3951; x_wconf 88' lang='lat' dir='ltr'><strong>sibimet</strong></span> <span class='ocrx_word' id='word_1_503' title='bbox 1706 3899 1995 3967; x_wconf 88' lang='lat' dir='ltr'><strong>antiquitus</strong></span> <span class='ocrx_word' id='word_1_504' title='bbox 2041 3898 2205 3967; x_wconf 57' lang='lat' dir='ltr'><strong>depuo</strong></span> 
     </span>
    </p>
   </div>
   <div class='ocr_carea' id='block_1_71' title="bbox 629 3987 2205 4061">
    <p class='ocr_par' dir='ltr' id='par_1_71' title="bbox 629 3987 2205 4061">
     <span class='ocr_line' id='line_1_71' title="bbox 629 3987 2205 4061; baseline -0.002 -14"><span class='ocrx_word' id='word_1_505' title='bbox 629 4002 812 4057; x_wconf 86' lang='lat' dir='ltr'><strong>tatam,</strong></span> <span class='ocrx_word' id='word_1_506' title='bbox 844 3990 1117 4061; x_wconf 86' lang='lat' dir='ltr'><strong>quidpiam</strong></span> <span class='ocrx_word' id='word_1_507' title='bbox 1160 3989 1271 4044; x_wconf 89' lang='lat' dir='ltr'><strong>suis</strong></span> <span class='ocrx_word' id='word_1_508' title='bbox 1292 3987 1638 4059; x_wconf 87' lang='lat' dir='ltr'><strong>dignitatibus</strong></span> <span class='ocrx_word' id='word_1_509' title='bbox 1672 3990 2036 4057; x_wconf 87' lang='lat' dir='ltr'><strong>usurparunt?</strong></span> <span class='ocrx_word' id='word_1_510' title='bbox 2062 3990 2205 4044; x_wconf 84' lang='lat' dir='ltr'><strong>Nun-</strong></span> 
     </span>
    </p>
   </div>
   <div class='ocr_carea' id='block_1_72' title="bbox 627 4081 2201 4157">
    <p class='ocr_par' dir='ltr' id='par_1_72' title="bbox 627 4081 2201 4157">
     <span class='ocr_line' id='line_1_72' title="bbox 627 4081 2201 4157; baseline -0.001 -20"><span class='ocrx_word' id='word_1_511' title='bbox 627 4086 756 4157; x_wconf 85' lang='lat' dir='ltr'><strong>quid</strong></span> <span class='ocrx_word' id='word_1_512' title='bbox 801 4085 1061 4152; x_wconf 87' lang='lat' dir='ltr'><strong>Acacius,</strong></span> <span class='ocrx_word' id='word_1_513' title='bbox 1098 4090 1156 4141; x_wconf 89' lang='lat' dir='ltr'><strong>ut</strong></span> <span class='ocrx_word' id='word_1_514' title='bbox 1193 4082 1455 4137; x_wconf 84' lang='lat' dir='ltr'><strong>Joannem</strong></span> <span class='ocrx_word' id='word_1_515' title='bbox 1506 4082 1849 4151; x_wconf 92' lang='lat' dir='ltr'><strong>qualemlibet</strong></span> <span class='ocrx_word' id='word_1_516' title='bbox 1894 4081 2201 4148; x_wconf 90' lang='lat' dir='ltr'><strong>hominem,</strong></span> 
     </span>
    </p>
   </div>
   <div class='ocr_carea' id='block_1_73' title="bbox 625 4170 2205 4239">
    <p class='ocr_par' dir='ltr' id='par_1_73' title="bbox 625 4170 2205 4239">
     <span class='ocr_line' id='line_1_73' title="bbox 625 4170 2205 4239; baseline -0.002 -7"><span class='ocrx_word' id='word_1_517' title='bbox 625 4176 948 4233; x_wconf 92' lang='lat' dir='ltr'><strong>catholicum</strong></span> <span class='ocrx_word' id='word_1_518' title='bbox 982 4185 1157 4230; x_wconf 88' lang='lat' dir='ltr'><strong>tamen</strong></span> <span class='ocrx_word' id='word_1_519' title='bbox 1180 4189 1210 4229; x_wconf 91' lang='lat' dir='ltr'><strong>a</strong></span> <span class='ocrx_word' id='word_1_520' title='bbox 1231 4173 1516 4229; x_wconf 89' lang='lat' dir='ltr'><strong>catholicis</strong></span> <span class='ocrx_word' id='word_1_521' title='bbox 1539 4174 1857 4239; x_wconf 87' lang='lat' dir='ltr'><strong>ordinatum,</strong></span> <span class='ocrx_word' id='word_1_522' title='bbox 1892 4173 1957 4229; x_wconf 91' lang='lat' dir='ltr'><strong>de</strong></span> <span class='ocrx_word' id='word_1_523' title='bbox 1981 4170 2205 4229; x_wconf 81' lang='lat' dir='ltr'><strong>Alexan-</strong></span> 
     </span>
    </p>
   </div>
   <div class='ocr_carea' id='block_1_74' title="bbox 625 4273 2202 4343">
    <p class='ocr_par' dir='ltr' id='par_1_74' title="bbox 625 4273 2202 4343">
     <span class='ocr_line' id='line_1_74' title="bbox 625 4273 2202 4343; baseline -0.001 -11"><span class='ocrx_word' id='word_1_524' title='bbox 625 4278 741 4332; x_wconf 72' lang='lat' dir='ltr'><strong>dria</strong></span> <span class='ocrx_word' id='word_1_525' title='bbox 774 4274 1105 4340; x_wconf 74' lang='lat' dir='ltr'><strong>excluderet,</strong></span> <span class='ocrx_word' id='word_1_526' title='bbox 1136 4273 1459 4343; x_wconf 89' lang='lat' dir='ltr'><strong>Petrumque</strong></span> <span class='ocrx_word' id='word_1_527' title='bbox 1487 4274 1538 4328; x_wconf 91' lang='lat' dir='ltr'><strong>in</strong></span> <span class='ocrx_word' id='word_1_528' title='bbox 1572 4274 1886 4343; x_wconf 75' lang='lat' dir='ltr'><strong>hmresijam</strong></span> <span class='ocrx_word' id='word_1_529' title='bbox 1936 4277 2202 4330; x_wconf 76' lang='lat' dir='ltr'><strong>detectum</strong></span> 
     </span>
    </p>
   </div>
   <div class='ocr_carea' id='block_1_75' title="bbox 627 4364 2205 4437">
    <p class='ocr_par' dir='ltr' id='par_1_75' title="bbox 627 4364 2205 4437">
     <span class='ocr_line' id='line_1_75' title="bbox 627 4364 2205 4437; baseline -0.001 -17"><span class='ocrx_word' id='word_1_530' title='bbox 627 4368 723 4437; x_wconf 77' lang='lat' dir='ltr'><strong>lat.</strong></span> <span class='ocrx_word' id='word_1_531' title='bbox 747 4364 1037 4435; x_wconf 85' lang='lat' dir='ltr'><strong>dejectum]</strong></span> <span class='ocrx_word' id='word_1_532' title='bbox 1068 4372 1225 4433; x_wconf 91' lang='lat' dir='ltr'><strong>atque</strong></span> <span class='ocrx_word' id='word_1_533' title='bbox 1252 4365 1562 4419; x_wconf 88' lang='lat' dir='ltr'><strong>damnatum</strong></span> <span class='ocrx_word' id='word_1_534' title='bbox 1587 4404 1604 4428; x_wconf 91' lang='lat'><strong>,</strong></span> <span class='ocrx_word' id='word_1_535' title='bbox 1650 4366 1849 4434; x_wconf 88' lang='lat' dir='ltr'><strong>absque</strong></span> <span class='ocrx_word' id='word_1_536' title='bbox 1890 4367 2031 4420; x_wconf 90' lang='lat' dir='ltr'><strong>sedis</strong></span> <span class='ocrx_word' id='word_1_537' title='bbox 2079 4382 2205 4435; x_wconf 87' lang='lat' dir='ltr'><strong>apo-</strong></span> 
     </span>
    </p>
   </div>
   <div class='ocr_carea' id='block_1_76' title="bbox 630 4455 2202 4524">
    <p class='ocr_par' dir='ltr' id='par_1_76' title="bbox 630 4455 2202 4524">
     <span class='ocr_line' id='line_1_76' title="bbox 630 4455 2202 4524; baseline -0.002 -12"><span class='ocrx_word' id='word_1_538' title='bbox 630 4457 833 4512; x_wconf 72' lang='lat' dir='ltr'><strong>stolicae</strong></span> <span class='ocrx_word' id='word_1_539' title='bbox 853 4455 1243 4509; x_wconf 89' lang='lat' dir='ltr'><strong>consultatione</strong></span> <span class='ocrx_word' id='word_1_540' title='bbox 1272 4456 1560 4522; x_wconf 87' lang='lat' dir='ltr'><strong>reciperet,</strong></span> <span class='ocrx_word' id='word_1_541' title='bbox 1592 4455 1765 4523; x_wconf 91' lang='lat' dir='ltr'><strong>aliqua</strong></span> <span class='ocrx_word' id='word_1_542' title='bbox 1791 4455 1999 4524; x_wconf 87' lang='lat' dir='ltr'><strong>synodo</strong></span> <span class='ocrx_word' id='word_1_543' title='bbox 2028 4457 2202 4510; x_wconf 90' lang='lat' dir='ltr'><strong>saltim</strong></span> 
     </span>
    </p>
   </div>
   <div class='ocr_carea' id='block_1_77' title="bbox 630 4546 2204 4615">
    <p class='ocr_par' dir='ltr' id='par_1_77' title="bbox 630 4546 2204 4615">
     <span class='ocr_line' id='line_1_77' title="bbox 630 4546 2204 4615; baseline 0.001 -10"><span class='ocrx_word' id='word_1_544' title='bbox 630 4551 738 4605; x_wconf 78' lang='lat' dir='ltr'><strong>illic</strong></span> <span class='ocrx_word' id='word_1_545' title='bbox 770 4548 969 4615; x_wconf 89' lang='lat' dir='ltr'><strong>habita,</strong></span> <span class='ocrx_word' id='word_1_546' title='bbox 1001 4547 1102 4601; x_wconf 93' lang='lat' dir='ltr'><strong>hoc</strong></span> <span class='ocrx_word' id='word_1_547' title='bbox 1132 4546 1390 4601; x_wconf 89' lang='lat' dir='ltr'><strong>audacter</strong></span> <span class='ocrx_word' id='word_1_548' title='bbox 1410 4547 1653 4615; x_wconf 90' lang='lat' dir='ltr'><strong>arripuit,</strong></span> <span class='ocrx_word' id='word_1_549' title='bbox 1675 4559 1731 4601; x_wconf 93' lang='lat' dir='ltr'><strong>ut</strong></span> <span class='ocrx_word' id='word_1_550' title='bbox 1752 4547 2108 4604; x_wconf 87' lang='lat' dir='ltr'><strong>Calendoncm</strong></span> <span class='ocrx_word' id='word_1_551' title='bbox 2138 4552 2204 4607; x_wconf 90' lang='lat' dir='ltr'><strong>de</strong></span> 
     </span>
    </p>
   </div>
   <div class='ocr_carea' id='block_1_78' title="bbox 630 4638 2203 4712">
    <p class='ocr_par' dir='ltr' id='par_1_78' title="bbox 630 4638 2203 4712">
     <span class='ocr_line' id='line_1_78' title="bbox 630 4638 2203 4712; baseline 0 -14"><span class='ocrx_word' id='word_1_552' title='bbox 630 4640 908 4698; x_wconf 81' lang='lat' dir='ltr'><strong>Antiochia</strong></span> <span class='ocrx_word' id='word_1_553' title='bbox 965 4640 1223 4709; x_wconf 89' lang='lat' dir='ltr'><strong>pelleret;</strong></span> <span class='ocrx_word' id='word_1_554' title='bbox 1276 4638 1693 4707; x_wconf 71' lang='lat' dir='ltr'><strong>haarcticumque</strong></span> <span class='ocrx_word' id='word_1_555' title='bbox 1747 4641 1993 4705; x_wconf 88' lang='lat' dir='ltr'><strong>Petrum,</strong></span> <span class='ocrx_word' id='word_1_556' title='bbox 2046 4659 2203 4712; x_wconf 89' lang='lat' dir='ltr'><strong>quem</strong></span> 
     </span>
    </p>
   </div>
   <div class='ocr_carea' id='block_1_79' title="bbox 630 4727 2205 4804">
    <p class='ocr_par' dir='ltr' id='par_1_79' title="bbox 630 4727 2205 4804">
     <span class='ocr_line' id='line_1_79' title="bbox 630 4727 2205 4804; baseline 0 -16"><span class='ocrx_word' id='word_1_557' title='bbox 630 4736 744 4803; x_wconf 89' lang='lat' dir='ltr'><strong>ipse</strong></span> <span class='ocrx_word' id='word_1_558' title='bbox 772 4727 983 4801; x_wconf 86' lang='lat' dir='ltr'><strong>quoque</strong></span> <span class='ocrx_word' id='word_1_559' title='bbox 1028 4731 1396 4796; x_wconf 87' lang='lat' dir='ltr'><strong>damnaverat,</strong></span> <span class='ocrx_word' id='word_1_560' title='bbox 1431 4730 1631 4799; x_wconf 88' lang='lat' dir='ltr'><strong>absque</strong></span> <span class='ocrx_word' id='word_1_561' title='bbox 1680 4731 1866 4786; x_wconf 87' lang='lat' dir='ltr'><strong>n0titia</strong></span> <span class='ocrx_word' id='word_1_562' title='bbox 1911 4733 2053 4788; x_wconf 88' lang='lat' dir='ltr'><strong>sedis</strong></span> <span class='ocrx_word' id='word_1_563' title='bbox 2078 4750 2205 4804; x_wconf 87' lang='lat' dir='ltr'><strong>apo-</strong></span> 
     </span>
    </p>
   </div>
   <div class='ocr_carea' id='block_1_80' title="bbox 578 4821 2206 4893">
    <p class='ocr_par' dir='ltr' id='par_1_80' title="bbox 578 4821 2206 4893">
     <span class='ocr_line' id='line_1_80' title="bbox 578 4821 2206 4893; baseline 0.002 -14"><span class='ocrx_word' id='word_1_564' title='bbox 578 4836 583 4839; x_wconf 70' lang='lat'><strong><em>‘</em></strong></span> <span class='ocrx_word' id='word_1_565' title='bbox 631 4824 837 4879; x_wconf 76' lang='lat' dir='ltr'><strong>stolicae</strong></span> <span class='ocrx_word' id='word_1_566' title='bbox 864 4836 1047 4876; x_wconf 93' lang='lat' dir='ltr'><strong>rursus</strong></span> <span class='ocrx_word' id='word_1_567' title='bbox 1086 4821 1422 4880; x_wconf 89' lang='lat' dir='ltr'><strong>admitteret.</strong></span> <span class='ocrx_word' id='word_1_568' title='bbox 1477 4822 1652 4891; x_wconf 87' lang='lat' dir='ltr'><strong>aliqua</strong></span> <span class='ocrx_word' id='word_1_569' title='bbox 1681 4824 1888 4893; x_wconf 89' lang='lat' dir='ltr'><strong>synodo</strong></span> <span class='ocrx_word' id='word_1_570' title='bbox 1935 4825 1981 4879; x_wconf 92' lang='lat' dir='ltr'><strong>id</strong></span> <span class='ocrx_word' id='word_1_571' title='bbox 2016 4825 2206 4883; x_wconf 84' lang='lat' dir='ltr'><strong>fecisse</strong></span> 
     </span>
    </p>
   </div>
   <div class='ocr_carea' id='block_1_81' title="bbox 634 4914 2203 4987">
    <p class='ocr_par' dir='ltr' id='par_1_81' title="bbox 634 4914 2203 4987">
     <span class='ocr_line' id='line_1_81' title="bbox 634 4914 2203 4987; baseline 0.001 -13"><span class='ocrx_word' id='word_1_572' title='bbox 634 4927 962 4975; x_wconf 88' lang='lat' dir='ltr'><strong>monstratur</strong></span> <span class='ocrx_word' id='word_1_573' title='bbox 985 4921 1007 4969; x_wconf 72' lang='grc' dir='ltr'><strong>γ</strong></span> <span class='ocrx_word' id='word_1_574' title='bbox 1032 4914 1089 4971; x_wconf 90' lang='lat' dir='ltr'><strong>Si</strong></span> <span class='ocrx_word' id='word_1_575' title='bbox 1119 4924 1266 4971; x_wconf 90' lang='lat' dir='ltr'><strong>certe</strong></span> <span class='ocrx_word' id='word_1_576' title='bbox 1294 4916 1361 4971; x_wconf 92' lang='lat' dir='ltr'><strong>de</strong></span> <span class='ocrx_word' id='word_1_577' title='bbox 1386 4915 1645 4985; x_wconf 87' lang='lat' dir='ltr'><strong>dignitate</strong></span> <span class='ocrx_word' id='word_1_578' title='bbox 1684 4918 1857 4987; x_wconf 84' lang='lat' dir='ltr'><strong>agitur</strong></span> <span class='ocrx_word' id='word_1_579' title='bbox 1901 4918 2171 4976; x_wconf 89' lang='lat' dir='ltr'><strong>civitatum</strong></span> <span class='ocrx_word' id='word_1_580' title='bbox 2190 4963 2203 4986; x_wconf 97' lang='lat'><strong>,</strong></span> 
     </span>
    </p>
   </div>
   <div class='ocr_carea' id='block_1_82' title="bbox 632 5006 2207 5078">
    <p class='ocr_par' dir='ltr' id='par_1_82' title="bbox 632 5006 2207 5078">
     <span class='ocr_line' id='line_1_82' title="bbox 632 5006 2207 5078; baseline 0.001 -12"><span class='ocrx_word' id='word_1_581' title='bbox 632 5010 881 5066; x_wconf 82' lang='lat' dir='ltr'><strong>secunda:</strong></span> <span class='ocrx_word' id='word_1_582' title='bbox 906 5007 1051 5064; x_wconf 89' lang='lat' dir='ltr'><strong>sedis</strong></span> <span class='ocrx_word' id='word_1_583' title='bbox 1068 5017 1121 5062; x_wconf 92' lang='lat' dir='ltr'><strong>et</strong></span> <span class='ocrx_word' id='word_1_584' title='bbox 1152 5006 1320 5061; x_wconf 82' lang='lat' dir='ltr'><strong>tertia:</strong></span> <span class='ocrx_word' id='word_1_585' title='bbox 1364 5006 1535 5075; x_wconf 90' lang='lat' dir='ltr'><strong>major</strong></span> <span class='ocrx_word' id='word_1_586' title='bbox 1563 5018 1644 5061; x_wconf 89' lang='lat' dir='ltr'><strong>est</strong></span> <span class='ocrx_word' id='word_1_587' title='bbox 1686 5008 1915 5078; x_wconf 85' lang='lat' dir='ltr'><strong>dignitas</strong></span> <span class='ocrx_word' id='word_1_588' title='bbox 1955 5014 2207 5067; x_wconf 81' lang='lat' dir='ltr'><strong>sacerdo-</strong></span> 
     </span>
    </p>
   </div>
   <div class='ocr_carea' id='block_1_83' title="bbox 708 5147 2204 5221">
    <p class='ocr_par' dir='ltr' id='par_1_83' title="bbox 708 5147 2204 5221">
     <span class='ocr_line' id='line_1_83' title="bbox 708 5147 2204 5221; baseline 0.002 -14"><span class='ocrx_word' id='word_1_589' title='bbox 708 5163 731 5191; x_wconf 68' lang='grc' dir='ltr'>α</span> <span class='ocrx_word' id='word_1_590' title='bbox 763 5151 919 5206; x_wconf 85' lang='lat' dir='ltr'><strong>Ridet</strong></span> <span class='ocrx_word' id='word_1_591' title='bbox 968 5147 1203 5218; x_wconf 82' lang='lat' dir='ltr'><strong>pontifex</strong></span> <span class='ocrx_word' id='word_1_592' title='bbox 1252 5147 1404 5221; x_wconf 86' lang='lat' dir='ltr'><strong>illud,</strong></span> <span class='ocrx_word' id='word_1_593' title='bbox 1436 5162 1572 5217; x_wconf 88' lang='lat' dir='ltr'><strong>quou</strong></span> <span class='ocrx_word' id='word_1_594' title='bbox 1601 5162 1720 5221; x_wconf 84' lang='lat' dir='ltr'><strong>cum</strong></span> <span class='ocrx_word' id='word_1_595' title='bbox 1754 5150 2074 5221; x_wconf 81' lang='lat' dir='ltr'><strong>Euphemio</strong></span> <span class='ocrx_word' id='word_1_596' title='bbox 2107 5170 2204 5210; x_wconf 93' lang='lat' dir='ltr'><strong>no-</strong></span> 
     </span>
    </p>
   </div>
   <div class='ocr_carea' id='block_1_84' title="bbox 637 5218 2196 5291">
    <p class='ocr_par' dir='ltr' id='par_1_84' title="bbox 637 5218 2196 5291">
     <span class='ocr_line' id='line_1_84' title="bbox 637 5218 2196 5291; baseline 0.001 -13"><span class='ocrx_word' id='word_1_597' title='bbox 637 5235 823 5279; x_wconf 86' lang='lat' dir='ltr'><strong>vantes</strong></span> <span class='ocrx_word' id='word_1_598' title='bbox 876 5221 1040 5275; x_wconf 84' lang='lat' dir='ltr'><strong>nostri</strong></span> <span class='ocrx_word' id='word_1_599' title='bbox 1075 5220 1329 5291; x_wconf 80' lang='lat' dir='ltr'><strong>temporis</strong></span> <span class='ocrx_word' id='word_1_600' title='bbox 1358 5221 1519 5291; x_wconf 75' lang='lat' dir='ltr'><strong>stulte</strong></span> <span class='ocrx_word' id='word_1_601' title='bbox 1569 5218 1875 5274; x_wconf 64' lang='lat' dir='ltr'><strong>admodunf</strong></span> <span class='ocrx_word' id='word_1_602' title='bbox 1907 5223 2196 5291; x_wconf 91' lang='lat' dir='ltr'><strong>inculcant,</strong></span> 
     </span>
    </p>
   </div>
   <div class='ocr_carea' id='block_1_85' title="bbox 637 5288 2201 5359">
    <p class='ocr_par' dir='ltr' id='par_1_85' title="bbox 637 5288 2201 5359">
     <span class='ocr_line' id='line_1_85' title="bbox 637 5288 2201 5359; baseline 0.001 -10"><span class='ocrx_word' id='word_1_603' title='bbox 637 5298 762 5351; x_wconf 92' lang='lat' dir='ltr'><strong>dum</strong></span> <span class='ocrx_word' id='word_1_604' title='bbox 814 5292 1020 5346; x_wconf 87' lang='lat' dir='ltr'><strong>ratione</strong></span> <span class='ocrx_word' id='word_1_605' title='bbox 1067 5291 1226 5352; x_wconf 75' lang='lat' dir='ltr'><strong>regia:</strong></span> <span class='ocrx_word' id='word_1_606' title='bbox 1274 5288 1546 5359; x_wconf 89' lang='lat' dir='ltr'><strong>dignitatis</strong></span> <span class='ocrx_word' id='word_1_607' title='bbox 1577 5293 1949 5359; x_wconf 73' lang='lat' dir='ltr'><strong>prterogativas</strong></span> <span class='ocrx_word' id='word_1_608' title='bbox 1996 5288 2201 5350; x_wconf 77' lang='lat' dir='ltr'><strong>sodium</strong></span> 
     </span>
    </p>
   </div>
   <div class='ocr_carea' id='block_1_86' title="bbox 712 5422 1245 5493">
    <p class='ocr_par' dir='ltr' id='par_1_86' title="bbox 712 5422 1245 5493">
     <span class='ocr_line' id='line_1_86' title="bbox 712 5422 1245 5493; baseline -0.011 -10"><span class='ocrx_word' id='word_1_609' title='bbox 712 5431 727 5461; x_wconf 89' lang='grc'>¹</span> <span class='ocrx_word' id='word_1_610' title='bbox 762 5425 1001 5490; x_wconf 89' lang='lat' dir='ltr'><strong>ld.cod.,</strong></span> <span class='ocrx_word' id='word_1_611' title='bbox 1033 5422 1245 5493; x_wconf 74' lang='lat' dir='ltr'><strong>expleri.</strong></span> 
     </span>
    </p>
   </div>
   <div class='ocr_carea' id='block_1_87' title="bbox 708 5492 2139 5563">
    <p class='ocr_par' dir='ltr' id='par_1_87' title="bbox 708 5492 2139 5563">
     <span class='ocr_line' id='line_1_87' title="bbox 708 5492 2139 5563; baseline -0.001 -12"><span class='ocrx_word' id='word_1_612' title='bbox 708 5502 727 5530; x_wconf 86' lang='grc'>¹</span> <span class='ocrx_word' id='word_1_613' title='bbox 764 5500 963 5551; x_wconf 85' lang='lat' dir='ltr'><strong>Inclusa</strong></span> <span class='ocrx_word' id='word_1_614' title='bbox 996 5492 1299 5563; x_wconf 87' lang='lat' dir='ltr'><strong>parenthesi</strong></span> <span class='ocrx_word' id='word_1_615' title='bbox 1328 5493 1518 5547; x_wconf 91' lang='lat' dir='ltr'><strong>absunt</strong></span> <span class='ocrx_word' id='word_1_616' title='bbox 1544 5506 1570 5545; x_wconf 90' lang='lat' dir='ltr'><strong>a</strong></span> <span class='ocrx_word' id='word_1_617' title='bbox 1603 5495 1786 5550; x_wconf 88' lang='lat' dir='ltr'><strong>codice</strong></span> <span class='ocrx_word' id='word_1_618' title='bbox 1823 5494 2139 5553; x_wconf 81' lang='lat' dir='ltr'><strong>Vcronensi.</strong></span> 
     </span>
    </p>
   </div>
   <div class='ocr_carea' id='block_1_88' title="bbox 711 5564 2198 5637">
    <p class='ocr_par' dir='ltr' id='par_1_88' title="bbox 711 5564 2198 5637">
     <span class='ocr_line' id='line_1_88' title="bbox 711 5564 2198 5637; baseline -0.001 -15"><span class='ocrx_word' id='word_1_619' title='bbox 711 5570 729 5599; x_wconf 88' lang='grc'><strong><em>³</em></strong></span> <span class='ocrx_word' id='word_1_620' title='bbox 761 5564 1295 5637; x_wconf 86' lang='lat' dir='ltr'><strong>Inclusaparenthesi</strong></span> <span class='ocrx_word' id='word_1_621' title='bbox 1339 5564 1529 5637; x_wconf 88' lang='lat' dir='ltr'><strong>absunt</strong></span> <span class='ocrx_word' id='word_1_622' title='bbox 1555 5582 1582 5619; x_wconf 91' lang='lat' dir='ltr'><strong>a</strong></span> <span class='ocrx_word' id='word_1_623' title='bbox 1615 5569 1733 5621; x_wconf 87' lang='lat' dir='ltr'><strong>eod.</strong></span> <span class='ocrx_word' id='word_1_624' title='bbox 1772 5566 1966 5637; x_wconf 64' lang='lat' dir='ltr'><strong>Veron.</strong></span> <span class='ocrx_word' id='word_1_625' title='bbox 2001 5568 2052 5621; x_wconf 89' lang='lat' dir='ltr'><strong>in</strong></span> <span class='ocrx_word' id='word_1_626' title='bbox 2094 5583 2198 5637; x_wconf 92' lang='lat' dir='ltr'><strong>quo</strong></span> 
     </span>
    </p>
   </div>
   <div class='ocr_carea' id='block_1_89' title="bbox 633 5636 2179 5705">
    <p class='ocr_par' dir='ltr' id='par_1_89' title="bbox 633 5636 2179 5705">
     <span class='ocr_line' id='line_1_89' title="bbox 633 5636 2179 5705; baseline -0.001 -12"><span class='ocrx_word' id='word_1_627' title='bbox 633 5655 816 5697; x_wconf 88' lang='lat' dir='ltr'><strong>eorum</strong></span> <span class='ocrx_word' id='word_1_628' title='bbox 838 5640 953 5692; x_wconf 91' lang='lat' dir='ltr'><strong>loco</strong></span> <span class='ocrx_word' id='word_1_629' title='bbox 975 5636 1220 5704; x_wconf 90' lang='lat' dir='ltr'><strong>leguntur</strong></span> <span class='ocrx_word' id='word_1_630' title='bbox 1246 5648 1407 5702; x_wconf 86' lang='lat' dir='ltr'><strong>supra</strong></span> <span class='ocrx_word' id='word_1_631' title='bbox 1441 5636 1489 5687; x_wconf 89' lang='lat' dir='ltr'><strong>in</strong></span> <span class='ocrx_word' id='word_1_632' title='bbox 1516 5637 1747 5694; x_wconf 88' lang='lat' dir='ltr'><strong>editione</strong></span> <span class='ocrx_word' id='word_1_633' title='bbox 1778 5636 2057 5691; x_wconf 87' lang='lat' dir='ltr'><strong>Labbeana</strong></span> <span class='ocrx_word' id='word_1_634' title='bbox 2086 5636 2179 5705; x_wconf 86' lang='lat' dir='ltr'><strong>jan</strong></span> 
     </span>
    </p>
   </div>
   <div class='ocr_carea' id='block_1_90' title="bbox 632 5704 2167 5783">
    <p class='ocr_par' dir='ltr' id='par_1_90' title="bbox 632 5704 2167 5783">
     <span class='ocr_line' id='line_1_90' title="bbox 632 5704 2167 5783; baseline -0.001 -19"><span class='ocrx_word' id='word_1_635' title='bbox 632 5709 842 5783; x_wconf 83' lang='lat' dir='ltr'><strong>posita:</strong></span> <span class='ocrx_word' id='word_1_636' title='bbox 880 5706 988 5783; x_wconf 53' lang='lat' dir='ltr'><strong>Nec</strong></span> <span class='ocrx_word' id='word_1_637' title='bbox 1034 5704 1353 5783; x_wconf 73' lang='lat' dir='ltr'><strong>ecclesiastici</strong></span> <span class='ocrx_word' id='word_1_638' title='bbox 1402 5707 1571 5776; x_wconf 79' lang='lat' dir='ltr'><strong>moris,</strong></span> <span class='ocrx_word' id='word_1_639' title='bbox 1620 5719 1724 5769; x_wconf 82' lang='lat' dir='ltr'><strong>etc.</strong></span> <span class='ocrx_word' id='word_1_640' title='bbox 1780 5706 1907 5760; x_wconf 84' lang='lat' dir='ltr'><strong>Post</strong></span> <span class='ocrx_word' id='word_1_641' title='bbox 1955 5704 2167 5773; x_wconf 74' lang='lat' dir='ltr'><strong>quaeso</strong></span> 
     </span>
    </p>
   </div>
   <div class='ocr_carea' id='block_1_91' title="bbox 632 5776 1383 5897">
    <p class='ocr_par' dir='ltr' id='par_1_91' title="bbox 632 5776 1383 5897">
     <span class='ocr_line' id='line_1_91' title="bbox 632 5776 1383 5897; baseline -0.013 -61"><span class='ocrx_word' id='word_1_642' title='bbox 632 5776 883 5854; x_wconf 72' lang='lat' dir='ltr'><strong>quuntur,</strong></span> <span class='ocrx_word' id='word_1_643' title='bbox 911 5776 1060 5829; x_wconf 80' lang='lat' dir='ltr'><strong>Recte</strong></span> <span class='ocrx_word' id='word_1_644' title='bbox 1084 5778 1253 5897; x_wconf 55' lang='lat' dir='ltr'><strong>igitur,</strong></span> <span class='ocrx_word' id='word_1_645' title='bbox 1282 5784 1383 5830; x_wconf 91' lang='lat' dir='ltr'><strong>etc.</strong></span> 
     </span>
     <span class='ocr_line' id='line_1_92' title="bbox 706 5844 1224 5897; baseline -0.002 1"><span class='ocrx_word' id='word_1_646' title='bbox 706 5852 723 5881; x_wconf 59' lang='grc' dir='ltr'>δ</span> <span class='ocrx_word' id='word_1_647' title='bbox 755 5851 825 5897; x_wconf 87' lang='lat' dir='ltr'><strong>Id.</strong></span> <span class='ocrx_word' id='word_1_648' title='bbox 859 5846 1001 5897; x_wconf 89' lang='lat' dir='ltr'><strong>cod..</strong></span> <span class='ocrx_word' id='word_1_649' title='bbox 1036 5844 1100 5897; x_wconf 85' lang='lat' dir='ltr'><strong>ha</strong></span> <span class='ocrx_word' id='word_1_650' title='bbox 1134 5846 1224 5897; x_wconf 85' lang='lat' dir='ltr'><strong>eri.</strong></span> 
     </span>
    </p>
   </div>
   <div class='ocr_carea' id='block_1_92' title="bbox 706 5844 1224 5908">
    <p class='ocr_par' dir='ltr' id='par_1_92' title="bbox 706 5844 1224 5908">
     <span class='ocr_line' id='line_1_93' title="bbox 706 5844 1224 5908; baseline -0.01 -5"><span class='ocrx_word' id='word_1_651' title='bbox 706 5852 723 5881; x_wconf 60' lang='grc' dir='ltr'>δ</span> <span class='ocrx_word' id='word_1_652' title='bbox 754 5851 825 5903; x_wconf 92' lang='lat' dir='ltr'><strong>Id.</strong></span> <span class='ocrx_word' id='word_1_653' title='bbox 859 5846 1001 5908; x_wconf 81' lang='lat' dir='ltr'><strong>cod..</strong></span> <span class='ocrx_word' id='word_1_654' title='bbox 1036 5844 1224 5898; x_wconf 85' lang='lat' dir='ltr'><strong>haberi.</strong></span> 
     </span>
    </p>
   </div>
   <div class='ocr_carea' id='block_1_93' title="bbox 2304 3349 3883 3425">
    <p class='ocr_par' dir='ltr' id='par_1_93' title="bbox 2304 3349 3883 3425">
     <span class='ocr_line' id='line_1_94' title="bbox 2304 3349 3883 3425; baseline -0.001 -17"><span class='ocrx_word' id='word_1_655' title='bbox 2304 3355 2533 3425; x_wconf 85' lang='lat' dir='ltr'><strong>Icga&#39;um</strong></span> <span class='ocrx_word' id='word_1_656' title='bbox 2575 3353 2714 3408; x_wconf 91' lang='lat' dir='ltr'><strong>sedis</strong></span> <span class='ocrx_word' id='word_1_657' title='bbox 2750 3351 3055 3422; x_wconf 75' lang='lat' dir='ltr'><strong>apostolica:</strong></span> <span class='ocrx_word' id='word_1_658' title='bbox 3100 3362 3298 3405; x_wconf 80' lang='lat' dir='ltr'><strong>saneta:</strong></span> <span class='ocrx_word' id='word_1_659' title='bbox 3336 3352 3603 3405; x_wconf 73' lang='lat' dir='ltr'><strong>memoria:</strong></span> <span class='ocrx_word' id='word_1_660' title='bbox 3638 3349 3883 3407; x_wconf 89' lang='lat' dir='ltr'><strong>Probum</strong></span> 
     </span>
    </p>
   </div>
   <div class='ocr_carea' id='block_1_94' title="bbox 2302 3440 3885 3513">
    <p class='ocr_par' dir='ltr' id='par_1_94' title="bbox 2302 3440 3885 3513">
     <span class='ocr_line' id='line_1_95' title="bbox 2302 3440 3885 3513; baseline 0.001 -16"><span class='ocrx_word' id='word_1_661' title='bbox 2302 3444 2582 3499; x_wconf 78' lang='lat' dir='ltr'><strong>Canusina:</strong></span> <span class='ocrx_word' id='word_1_662' title='bbox 2597 3445 2742 3499; x_wconf 91' lang='lat' dir='ltr'><strong>urbis</strong></span> <span class='ocrx_word' id='word_1_663' title='bbox 2756 3444 3063 3513; x_wconf 87' lang='lat' dir='ltr'><strong>episcopum</strong></span> <span class='ocrx_word' id='word_1_664' title='bbox 3080 3440 3257 3497; x_wconf 89' lang='lat' dir='ltr'><strong>Leone</strong></span> <span class='ocrx_word' id='word_1_665' title='bbox 3271 3440 3502 3511; x_wconf 84' lang='lat' dir='ltr'><strong>principe</strong></span> <span class='ocrx_word' id='word_1_666' title='bbox 3516 3450 3640 3495; x_wconf 90' lang='lat' dir='ltr'><strong>tunc</strong></span> <span class='ocrx_word' id='word_1_667' title='bbox 3656 3451 3885 3510; x_wconf 89' lang='lat' dir='ltr'><strong>petente</strong></span> 
     </span>
    </p>
   </div>
   <div class='ocr_carea' id='block_1_95' title="bbox 2305 3533 3883 3605">
    <p class='ocr_par' dir='ltr' id='par_1_95' title="bbox 2305 3533 3883 3605">
     <span class='ocr_line' id='line_1_96' title="bbox 2305 3533 3883 3605; baseline 0.001 -16"><span class='ocrx_word' id='word_1_668' title='bbox 2305 3546 2567 3605; x_wconf 61' lang='lat' dir='ltr'><strong>praesente</strong></span> <span class='ocrx_word' id='word_1_669' title='bbox 2599 3535 2847 3589; x_wconf 85' lang='lat' dir='ltr'><strong>docuisse</strong></span> <span class='ocrx_word' id='word_1_670' title='bbox 2895 3533 3201 3587; x_wconf 85' lang='lat' dir='ltr'><strong>nullatenus</strong></span> <span class='ocrx_word' id='word_1_671' title='bbox 3245 3548 3403 3601; x_wconf 89' lang='lat' dir='ltr'><strong>posse</strong></span> <span class='ocrx_word' id='word_1_672' title='bbox 3434 3534 3657 3599; x_wconf 90' lang='lat' dir='ltr'><strong>tentari,</strong></span> <span class='ocrx_word' id='word_1_673' title='bbox 3706 3549 3883 3605; x_wconf 87' lang='lat' dir='ltr'><strong>neque</strong></span> 
     </span>
    </p>
   </div>
   <div class='ocr_carea' id='block_1_96' title="bbox 2305 3626 3881 3696">
    <p class='ocr_par' dir='ltr' id='par_1_96' title="bbox 2305 3626 3881 3696">
     <span class='ocr_line' id='line_1_97' title="bbox 2305 3626 3881 3696; baseline 0.001 -15"><span class='ocrx_word' id='word_1_674' title='bbox 2305 3628 2386 3681; x_wconf 87' lang='lat' dir='ltr'><strong>his</strong></span> <span class='ocrx_word' id='word_1_675' title='bbox 2414 3642 2631 3696; x_wconf 89' lang='lat' dir='ltr'><strong>prorsus</strong></span> <span class='ocrx_word' id='word_1_676' title='bbox 2661 3626 2953 3696; x_wconf 72' lang='lat' dir='ltr'><strong>prmbuisse</strong></span> <span class='ocrx_word' id='word_1_677' title='bbox 2974 3640 3322 3692; x_wconf 86' lang='lat' dir='ltr'><strong>consensum,</strong></span> <span class='ocrx_word' id='word_1_678' title='bbox 3347 3634 3508 3695; x_wconf 88' lang='lat' dir='ltr'><strong>atque</strong></span> <span class='ocrx_word' id='word_1_679' title='bbox 3530 3626 3651 3681; x_wconf 89' lang='lat' dir='ltr'><strong>ideo</strong></span> <span class='ocrx_word' id='word_1_680' title='bbox 3673 3642 3778 3681; x_wconf 92' lang='lat' dir='ltr'><strong>non</strong></span> <span class='ocrx_word' id='word_1_681' title='bbox 3815 3628 3881 3684; x_wconf 87' lang='lat' dir='ltr'><strong>ad</strong></span> 
     </span>
    </p>
   </div>
   <div class='ocr_carea' id='block_1_97' title="bbox 2303 3720 3879 3791">
    <p class='ocr_par' dir='ltr' id='par_1_97' title="bbox 2303 3720 3879 3791">
     <span class='ocr_line' id='line_1_98' title="bbox 2303 3720 3879 3791; baseline 0.001 -16"><span class='ocrx_word' id='word_1_682' title='bbox 2303 3721 2535 3775; x_wconf 90' lang='lat' dir='ltr'><strong>civitatis</strong></span> <span class='ocrx_word' id='word_1_683' title='bbox 2560 3720 2841 3788; x_wconf 87' lang='lat' dir='ltr'><strong>cujuslibet</strong></span> <span class='ocrx_word' id='word_1_684' title='bbox 2870 3721 3164 3791; x_wconf 83' lang='lat' dir='ltr'><strong>reSpiciant</strong></span> <span class='ocrx_word' id='word_1_685' title='bbox 3186 3720 3516 3790; x_wconf 89' lang='lat' dir='ltr'><strong>qualitatem,</strong></span> <span class='ocrx_word' id='word_1_686' title='bbox 3548 3720 3641 3775; x_wconf 90' lang='lat' dir='ltr'><strong>sed</strong></span> <span class='ocrx_word' id='word_1_687' title='bbox 3664 3722 3879 3776; x_wconf 87' lang='lat' dir='ltr'><strong>modum</strong></span> 
     </span>
    </p>
   </div>
   <div class='ocr_carea' id='block_1_98' title="bbox 2304 3812 3879 3883">
    <p class='ocr_par' dir='ltr' id='par_1_98' title="bbox 2304 3812 3879 3883">
     <span class='ocr_line' id='line_1_99' title="bbox 2304 3812 3879 3883; baseline 0.001 -16"><span class='ocrx_word' id='word_1_688' title='bbox 2304 3813 2715 3882; x_wconf 88' lang='lat' dir='ltr'><strong>dispensationis</strong></span> <span class='ocrx_word' id='word_1_689' title='bbox 2735 3814 3114 3868; x_wconf 76' lang='lat' dir='ltr'><strong>ecclesiasdca:</strong></span> <span class='ocrx_word' id='word_1_690' title='bbox 3143 3822 3362 3883; x_wconf 90' lang='lat' dir='ltr'><strong>paterna</strong></span> <span class='ocrx_word' id='word_1_691' title='bbox 3390 3812 3677 3867; x_wconf 89' lang='lat' dir='ltr'><strong>traditione</strong></span> <span class='ocrx_word' id='word_1_692' title='bbox 3705 3814 3879 3869; x_wconf 87' lang='lat' dir='ltr'><strong>ﬁrma-</strong></span> 
     </span>
    </p>
   </div>
   <div class='ocr_carea' id='block_1_99' title="bbox 2306 3905 3878 3978">
    <p class='ocr_par' dir='ltr' id='par_1_99' title="bbox 2306 3905 3878 3978">
     <span class='ocr_line' id='line_1_100' title="bbox 2306 3905 3878 3978; baseline 0.002 -18"><span class='ocrx_word' id='word_1_693' title='bbox 2306 3916 2415 3960; x_wconf 93' lang='lat' dir='ltr'><strong>tum</strong></span> <span class='ocrx_word' id='word_1_694' title='bbox 2448 3907 2825 3961; x_wconf 90' lang='lat' dir='ltr'><strong>convenienter</strong></span> <span class='ocrx_word' id='word_1_695' title='bbox 2846 3905 3178 3976; x_wconf 84' lang='lat' dir='ltr'><strong>observent.)</strong></span> <span class='ocrx_word' id='word_1_696' title='bbox 3208 3906 3425 3960; x_wconf 90' lang='lat' dir='ltr'><strong>Dicatur</strong></span> <span class='ocrx_word' id='word_1_697' title='bbox 3449 3916 3628 3961; x_wconf 90' lang='lat' dir='ltr'><strong>autem</strong></span> <span class='ocrx_word' id='word_1_698' title='bbox 3652 3905 3739 3978; x_wconf 86' lang='lat' dir='ltr'><strong>[aL</strong></span> <span class='ocrx_word' id='word_1_699' title='bbox 3778 3906 3878 3963; x_wconf 88' lang='lat' dir='ltr'><strong>Sed</strong></span> 
     </span>
    </p>
   </div>
   <div class='ocr_carea' id='block_1_100' title="bbox 2306 3996 3881 4069">
    <p class='ocr_par' dir='ltr' id='par_1_100' title="bbox 2306 3996 3881 4069">
     <span class='ocr_line' id='line_1_101' title="bbox 2306 3996 3881 4069; baseline -0.001 -14"><span class='ocrx_word' id='word_1_700' title='bbox 2306 4000 2511 4055; x_wconf 83' lang='lat' dir='ltr'><strong>diCatur</strong></span> <span class='ocrx_word' id='word_1_701' title='bbox 2542 3997 2797 4069; x_wconf 86' lang='lat' dir='ltr'><strong>forsitan]</strong></span> <span class='ocrx_word' id='word_1_702' title='bbox 2826 3998 2893 4053; x_wconf 91' lang='lat' dir='ltr'><strong>de</strong></span> <span class='ocrx_word' id='word_1_703' title='bbox 2920 3997 3281 4051; x_wconf 80' lang='lat' dir='ltr'><strong>Alexandrino</strong></span> <span class='ocrx_word' id='word_1_704' title='bbox 3307 4006 3361 4052; x_wconf 90' lang='lat' dir='ltr'><strong>et</strong></span> <span class='ocrx_word' id='word_1_705' title='bbox 3401 3996 3742 4054; x_wconf 89' lang='lat' dir='ltr'><strong>Antiocheuo</strong></span> <span class='ocrx_word' id='word_1_706' title='bbox 3769 3998 3881 4067; x_wconf 86' lang='lat' dir='ltr'><strong>epi-</strong></span> 
     </span>
    </p>
   </div>
   <div class='ocr_carea' id='block_1_101' title="bbox 2306 4090 3882 4163">
    <p class='ocr_par' dir='ltr' id='par_1_101' title="bbox 2306 4090 3882 4163">
     <span class='ocr_line' id='line_1_102' title="bbox 2306 4090 3882 4163; baseline -0.001 -14"><span class='ocrx_word' id='word_1_707' title='bbox 2306 4094 2483 4163; x_wconf 62' lang='lat' dir='ltr'><strong>scopis</strong></span> <span class='ocrx_word' id='word_1_708' title='bbox 2508 4094 2670 4148; x_wconf 91' lang='lat' dir='ltr'><strong>certis</strong></span> <span class='ocrx_word' id='word_1_709' title='bbox 2697 4109 2761 4149; x_wconf 80' lang='lat' dir='ltr'><strong>ex</strong></span> <span class='ocrx_word' id='word_1_710' title='bbox 2795 4092 2973 4146; x_wconf 90' lang='lat' dir='ltr'><strong>causis</strong></span> <span class='ocrx_word' id='word_1_711' title='bbox 3006 4091 3299 4161; x_wconf 90' lang='lat' dir='ltr'><strong>principem</strong></span> <span class='ocrx_word' id='word_1_712' title='bbox 3329 4092 3499 4160; x_wconf 88' lang='lat' dir='ltr'><strong>magis</strong></span> <span class='ocrx_word' id='word_1_713' title='bbox 3530 4090 3619 4145; x_wconf 87' lang='lat' dir='ltr'><strong>illa</strong></span> <span class='ocrx_word' id='word_1_714' title='bbox 3649 4106 3770 4160; x_wconf 77' lang='lat' dir='ltr'><strong>qua:</strong></span> <span class='ocrx_word' id='word_1_715' title='bbox 3794 4106 3882 4161; x_wconf 89' lang='lat' dir='ltr'><strong>ge-</strong></span> 
     </span>
    </p>
   </div>
   <div class='ocr_carea' id='block_1_102' title="bbox 2305 4182 3883 4254">
    <p class='ocr_par' dir='ltr' id='par_1_102' title="bbox 2305 4182 3883 4254">
     <span class='ocr_line' id='line_1_103' title="bbox 2305 4182 3883 4254; baseline -0.001 -13"><span class='ocrx_word' id='word_1_716' title='bbox 2305 4198 2387 4241; x_wconf 91' lang='lat' dir='ltr'><strong>sta</strong></span> <span class='ocrx_word' id='word_1_717' title='bbox 2443 4196 2595 4252; x_wconf 89' lang='lat' dir='ltr'><strong>sunt,</strong></span> <span class='ocrx_word' id='word_1_718' title='bbox 2648 4202 2751 4240; x_wconf 92' lang='lat' dir='ltr'><strong>non</strong></span> <span class='ocrx_word' id='word_1_719' title='bbox 2802 4184 3057 4239; x_wconf 84' lang='lat' dir='ltr'><strong>Acacium</strong></span> <span class='ocrx_word' id='word_1_720' title='bbox 3106 4182 3445 4253; x_wconf 69' lang='lat' dir='ltr'><strong>praecepisse.</strong></span> <span class='ocrx_word' id='word_1_721' title='bbox 3506 4182 3612 4238; x_wconf 82' lang='lat' dir='ltr'><strong>Sed</strong></span> <span class='ocrx_word' id='word_1_722' title='bbox 3657 4183 3883 4254; x_wconf 85' lang='lat' dir='ltr'><strong>principi</strong></span> 
     </span>
    </p>
   </div>
   <div class='ocr_carea' id='block_1_103' title="bbox 2305 4273 3888 4344">
    <p class='ocr_par' dir='ltr' id='par_1_103' title="bbox 2305 4273 3888 4344">
     <span class='ocr_line' id='line_1_104' title="bbox 2305 4273 3888 4344; baseline -0.002 -12"><span class='ocrx_word' id='word_1_723' title='bbox 2305 4279 2608 4332; x_wconf 83' lang='lat' dir='ltr'><strong>Christiano</strong></span> <span class='ocrx_word' id='word_1_724' title='bbox 2633 4277 2891 4332; x_wconf 89' lang='lat' dir='ltr'><strong>decuerat</strong></span> <span class='ocrx_word' id='word_1_725' title='bbox 2921 4288 3209 4344; x_wconf 86' lang='lat' dir='ltr'><strong>suggerere</strong></span> <span class='ocrx_word' id='word_1_726' title='bbox 3252 4273 3619 4341; x_wconf 89' lang='lat' dir='ltr'><strong>sacerdotem,</strong></span> <span class='ocrx_word' id='word_1_727' title='bbox 3650 4275 3888 4330; x_wconf 81' lang='lat' dir='ltr'><strong>maxime</strong></span> 
     </span>
    </p>
   </div>
   <div class='ocr_carea' id='block_1_104' title="bbox 2307 4366 3889 4438">
    <p class='ocr_par' dir='ltr' id='par_1_104' title="bbox 2307 4366 3889 4438">
     <span class='ocr_line' id='line_1_105' title="bbox 2307 4366 3889 4438; baseline -0.001 -14"><span class='ocrx_word' id='word_1_728' title='bbox 2307 4371 2457 4438; x_wconf 84' lang='lat' dir='ltr'><strong>Cujus</strong></span> <span class='ocrx_word' id='word_1_729' title='bbox 2488 4370 2845 4423; x_wconf 87' lang='lat' dir='ltr'><strong>familiaritate</strong></span> <span class='ocrx_word' id='word_1_730' title='bbox 2876 4375 2931 4423; x_wconf 90' lang='lat' dir='ltr'><strong>et</strong></span> <span class='ocrx_word' id='word_1_731' title='bbox 2958 4369 3136 4421; x_wconf 88' lang='lat' dir='ltr'><strong>favore</strong></span> <span class='ocrx_word' id='word_1_732' title='bbox 3179 4366 3458 4421; x_wconf 87' lang='lat' dir='ltr'><strong>fruebatur</strong></span> <span class='ocrx_word' id='word_1_733' title='bbox 3478 4408 3493 4431; x_wconf 95' lang='lat'><strong>,</strong></span> <span class='ocrx_word' id='word_1_734' title='bbox 3534 4368 3738 4421; x_wconf 73' lang='lat' dir='ltr'><strong>salvam</strong></span> <span class='ocrx_word' id='word_1_735' title='bbox 3769 4367 3889 4423; x_wconf 89' lang='lat' dir='ltr'><strong>fore</strong></span> 
     </span>
    </p>
   </div>
   <div class='ocr_carea' id='block_1_105' title="bbox 2309 4456 3887 4528">
    <p class='ocr_par' dir='ltr' id='par_1_105' title="bbox 2309 4456 3887 4528">
     <span class='ocr_line' id='line_1_106' title="bbox 2309 4456 3887 4528; baseline -0.001 -15"><span class='ocrx_word' id='word_1_736' title='bbox 2309 4460 2375 4513; x_wconf 90' lang='lat' dir='ltr'><strong>de</strong></span> <span class='ocrx_word' id='word_1_737' title='bbox 2401 4460 2637 4528; x_wconf 87' lang='lat' dir='ltr'><strong>ejusdem</strong></span> <span class='ocrx_word' id='word_1_738' title='bbox 2664 4458 2858 4527; x_wconf 90' lang='lat' dir='ltr'><strong>injuria</strong></span> <span class='ocrx_word' id='word_1_739' title='bbox 2884 4456 3309 4526; x_wconf 90' lang='lat' dir='ltr'><strong>contumeliaque</strong></span> <span class='ocrx_word' id='word_1_740' title='bbox 3342 4458 3621 4512; x_wconf 86' lang='lat' dir='ltr'><strong>vindictam</strong></span> <span class='ocrx_word' id='word_1_741' title='bbox 3652 4466 3887 4522; x_wconf 85' lang='lat' dir='ltr'><strong>tantum,</strong></span> 
     </span>
    </p>
   </div>
   <div class='ocr_carea' id='block_1_106' title="bbox 2312 4547 3891 4618">
    <p class='ocr_par' dir='ltr' id='par_1_106' title="bbox 2312 4547 3891 4618">
     <span class='ocr_line' id='line_1_107' title="bbox 2312 4547 3891 4618; baseline 0 -15"><span class='ocrx_word' id='word_1_742' title='bbox 2312 4560 2368 4603; x_wconf 91' lang='lat' dir='ltr'><strong>ut</strong></span> <span class='ocrx_word' id='word_1_743' title='bbox 2397 4549 2647 4605; x_wconf 79' lang='lat' dir='ltr'><strong>Ecclesia:</strong></span> <span class='ocrx_word' id='word_1_744' title='bbox 2679 4550 2879 4603; x_wconf 88' lang='lat' dir='ltr'><strong>sineret</strong></span> <span class='ocrx_word' id='word_1_745' title='bbox 2914 4548 3247 4603; x_wconf 84' lang='lat' dir='ltr'><strong>Christianus</strong></span> <span class='ocrx_word' id='word_1_746' title='bbox 3275 4548 3525 4618; x_wconf 91' lang='lat' dir='ltr'><strong>princeps</strong></span> <span class='ocrx_word' id='word_1_747' title='bbox 3550 4547 3766 4617; x_wconf 87' lang='lat' dir='ltr'><strong>regulas</strong></span> <span class='ocrx_word' id='word_1_748' title='bbox 3788 4563 3891 4603; x_wconf 85' lang='lat' dir='ltr'><strong>cu-</strong></span> 
     </span>
    </p>
   </div>
   <div class='ocr_carea' id='block_1_107' title="bbox 2310 4639 3890 4709">
    <p class='ocr_par' dir='ltr' id='par_1_107' title="bbox 2310 4639 3890 4709">
     <span class='ocr_line' id='line_1_108' title="bbox 2310 4639 3890 4709; baseline 0.001 -15"><span class='ocrx_word' id='word_1_749' title='bbox 2310 4641 2517 4707; x_wconf 77' lang='lat' dir='ltr'><strong>stodiri,</strong></span> <span class='ocrx_word' id='word_1_750' title='bbox 2550 4644 2671 4709; x_wconf 89' lang='lat' dir='ltr'><strong>quia</strong></span> <span class='ocrx_word' id='word_1_751' title='bbox 2701 4648 2757 4694; x_wconf 91' lang='lat' dir='ltr'><strong>et</strong></span> <span class='ocrx_word' id='word_1_752' title='bbox 2778 4654 2914 4695; x_wconf 85' lang='lat' dir='ltr'><strong>nova</strong></span> <span class='ocrx_word' id='word_1_753' title='bbox 2943 4640 2995 4694; x_wconf 92' lang='lat' dir='ltr'><strong>in</strong></span> <span class='ocrx_word' id='word_1_754' title='bbox 3030 4651 3258 4709; x_wconf 87' lang='lat' dir='ltr'><strong>utroque</strong></span> <span class='ocrx_word' id='word_1_755' title='bbox 3280 4639 3528 4709; x_wconf 88' lang='lat' dir='ltr'><strong>pontiﬁce</strong></span> <span class='ocrx_word' id='word_1_756' title='bbox 3561 4653 3721 4693; x_wconf 88' lang='lat' dir='ltr'><strong>causa</strong></span> <span class='ocrx_word' id='word_1_757' title='bbox 3744 4649 3890 4696; x_wconf 84' lang='lat' dir='ltr'><strong>esset</strong></span> 
     </span>
    </p>
   </div>
   <div class='ocr_carea' id='block_1_108' title="bbox 2308 4720 3899 4802">
    <p class='ocr_par' dir='ltr' id='par_1_108' title="bbox 2308 4720 3899 4802">
     <span class='ocr_line' id='line_1_109' title="bbox 2308 4720 3899 4802; baseline 0 -13"><span class='ocrx_word' id='word_1_758' title='bbox 2308 4744 2515 4801; x_wconf 79' lang='lat' dir='ltr'><strong>exorta,</strong></span> <span class='ocrx_word' id='word_1_759' title='bbox 2550 4744 2601 4789; x_wconf 92' lang='lat' dir='ltr'><strong>et</strong></span> <span class='ocrx_word' id='word_1_760' title='bbox 2648 4748 2838 4787; x_wconf 88' lang='lat' dir='ltr'><strong>novam</strong></span> <span class='ocrx_word' id='word_1_761' title='bbox 2883 4732 3273 4787; x_wconf 91' lang='lat' dir='ltr'><strong>discussionem</strong></span> <span class='ocrx_word' id='word_1_762' title='bbox 3300 4740 3691 4801; x_wconf 86' lang='lat' dir='ltr'><strong>consequenter</strong></span> <span class='ocrx_word' id='word_1_763' title='bbox 3714 4720 3899 4802; x_wconf 11' lang='lat' dir='ltr'><strong>inqui-7</strong></span> 
     </span>
    </p>
   </div>
   <div class='ocr_carea' id='block_1_109' title="bbox 2310 4823 3893 4894">
    <p class='ocr_par' dir='ltr' id='par_1_109' title="bbox 2310 4823 3893 4894">
     <span class='ocr_line' id='line_1_110' title="bbox 2310 4823 3893 4894; baseline -0.002 -11"><span class='ocrx_word' id='word_1_764' title='bbox 2310 4838 2487 4892; x_wconf 86' lang='lat' dir='ltr'><strong>reret;</strong></span> <span class='ocrx_word' id='word_1_765' title='bbox 2520 4836 2573 4882; x_wconf 92' lang='lat' dir='ltr'><strong>et</strong></span> <span class='ocrx_word' id='word_1_766' title='bbox 2619 4829 2756 4881; x_wconf 81' lang='lat' dir='ltr'><strong>sicut</strong></span> <span class='ocrx_word' id='word_1_767' title='bbox 2785 4838 3005 4893; x_wconf 36' lang='lat' dir='ltr'><strong>semper,</strong></span> <span class='ocrx_word' id='word_1_768' title='bbox 3037 4832 3183 4879; x_wconf 91' lang='lat' dir='ltr'><strong>esset</strong></span> <span class='ocrx_word' id='word_1_769' title='bbox 3221 4825 3466 4880; x_wconf 88' lang='lat' dir='ltr'><strong>effectum</strong></span> <span class='ocrx_word' id='word_1_770' title='bbox 3495 4825 3537 4856; x_wconf 83' lang='grc'><strong>¹⁰</strong></span> <span class='ocrx_word' id='word_1_771' title='bbox 3560 4824 3646 4894; x_wconf 92' lang='lat' dir='ltr'><strong>(ac</strong></span> <span class='ocrx_word' id='word_1_772' title='bbox 3690 4823 3893 4880; x_wconf 77' lang='lat' dir='ltr'><strong>divina:</strong></span> 
     </span>
    </p>
   </div>
   <div class='ocr_carea' id='block_1_110' title="bbox 2311 4918 3894 4992">
    <p class='ocr_par' dir='ltr' id='par_1_110' title="bbox 2311 4918 3894 4992">
     <span class='ocr_line' id='line_1_111' title="bbox 2311 4918 3894 4992; baseline -0.003 -18"><span class='ocrx_word' id='word_1_773' title='bbox 2311 4924 2509 4992; x_wconf 84' lang='lat' dir='ltr'><strong>pariter</strong></span> <span class='ocrx_word' id='word_1_774' title='bbox 2541 4922 2684 4991; x_wconf 89' lang='lat' dir='ltr'><strong>leges</strong></span> <span class='ocrx_word' id='word_1_775' title='bbox 2727 4920 3078 4988; x_wconf 68' lang='lat' dir='ltr'><strong>humanaeque</strong></span> <span class='ocrx_word' id='word_1_776' title='bbox 3105 4918 3460 4988; x_wconf 91' lang='lat' dir='ltr'><strong>censerent),</strong></span> <span class='ocrx_word' id='word_1_777' title='bbox 3484 4927 3541 4972; x_wconf 88' lang='lat' dir='ltr'><strong>ut</strong></span> <span class='ocrx_word' id='word_1_778' title='bbox 3570 4918 3894 4971; x_wconf 78' lang='lat' dir='ltr'><strong>sacerdotali</strong></span> 
     </span>
    </p>
   </div>
   <div class='ocr_carea' id='block_1_111' title="bbox 2312 5007 3895 5081">
    <p class='ocr_par' dir='ltr' id='par_1_111' title="bbox 2312 5007 3895 5081">
     <span class='ocr_line' id='line_1_112' title="bbox 2312 5007 3895 5081; baseline -0.003 -12"><span class='ocrx_word' id='word_1_779' title='bbox 2312 5014 2541 5069; x_wconf 89' lang='lat' dir='ltr'><strong>concilio</strong></span> <span class='ocrx_word' id='word_1_780' title='bbox 2568 5012 2635 5067; x_wconf 91' lang='lat' dir='ltr'><strong>de</strong></span> <span class='ocrx_word' id='word_1_781' title='bbox 2669 5009 3038 5066; x_wconf 91' lang='lat' dir='ltr'><strong>sacerdotibus</strong></span> <span class='ocrx_word' id='word_1_782' title='bbox 3075 5008 3169 5080; x_wconf 83' lang='grc' dir='ltr'><strong>[αι.</strong></span> <span class='ocrx_word' id='word_1_783' title='bbox 3214 5007 3653 5081; x_wconf 91' lang='lat' dir='ltr'><strong>sacerdotalibus]</strong></span> <span class='ocrx_word' id='word_1_784' title='bbox 3696 5009 3895 5064; x_wconf 79' lang='lat' dir='ltr'><strong>iudic‘a</strong></span> 
     </span>
    </p>
   </div>
   <div class='ocr_carea' id='block_1_112' title="bbox 2314 5150 3896 5225">
    <p class='ocr_par' dir='ltr' id='par_1_112' title="bbox 2314 5150 3896 5225">
     <span class='ocr_line' id='line_1_113' title="bbox 2314 5150 3896 5225; baseline -0.003 -17"><span class='ocrx_word' id='word_1_785' title='bbox 2314 5153 2746 5225; x_wconf 87' lang='lat' dir='ltr'><strong>patriarchalium</strong></span> <span class='ocrx_word' id='word_1_786' title='bbox 2778 5150 3115 5225; x_wconf 80' lang='lat' dir='ltr'><strong>expendunt,</strong></span> <span class='ocrx_word' id='word_1_787' title='bbox 3147 5158 3202 5204; x_wconf 91' lang='lat' dir='ltr'><strong>et</strong></span> <span class='ocrx_word' id='word_1_788' title='bbox 3231 5163 3336 5203; x_wconf 88' lang='lat' dir='ltr'><strong>non</strong></span> <span class='ocrx_word' id='word_1_789' title='bbox 3383 5156 3555 5225; x_wconf 80' lang='lat' dir='ltr'><strong>potius</strong></span> <span class='ocrx_word' id='word_1_790' title='bbox 3581 5150 3896 5225; x_wconf 54' lang='lat' dir='ltr'><strong>apostolum</strong></span> 
     </span>
    </p>
   </div>
   <div class='ocr_carea' id='block_1_113' title="bbox 2314 5217 3894 5351">
    <p class='ocr_par' dir='ltr' id='par_1_113' title="bbox 2314 5217 3894 5351">
     <span class='ocr_line' id='line_1_114' title="bbox 2314 5217 3894 5350; baseline -0.004 -71"><span class='ocrx_word' id='word_1_791' title='bbox 2314 5217 2584 5350; x_wconf 72' lang='lat' dir='ltr'><strong>iBraditioni</strong></span> <span class='ocrx_word' id='word_1_792' title='bbox 2642 5224 2755 5275; x_wconf 66' lang='lat' dir='ltr'><strong>hinc</strong></span> <span class='ocrx_word' id='word_1_793' title='bbox 2822 5221 3101 5291; x_wconf 88' lang='lat' dir='ltr'><strong>privilegia</strong></span> <span class='ocrx_word' id='word_1_794' title='bbox 3165 5228 3383 5289; x_wconf 88' lang='lat' dir='ltr'><strong>accepta</strong></span> <span class='ocrx_word' id='word_1_795' title='bbox 3434 5217 3694 5275; x_wconf 87' lang='lat' dir='ltr'><strong>referunt.</strong></span> <span class='ocrx_word' id='word_1_796' title='bbox 3758 5221 3894 5275; x_wconf 83' lang='lat' dir='ltr'><strong>S..v.</strong></span> 
     </span>
     <span class='ocr_line' id='line_1_115' title="bbox 2362 5312 2515 5351; baseline -0.013 -2"><span class='ocrx_word' id='word_1_797' title='bbox 2362 5312 2515 5351; x_wconf 77' lang='lat' dir='ltr'><strong>iuius.</strong></span> 
     </span>
    </p>
   </div>
   <div class='ocr_carea' id='block_1_114' title="bbox 2389 5422 3363 5479">
    <p class='ocr_par' dir='ltr' id='par_1_114' title="bbox 2389 5422 3363 5479">
     <span class='ocr_line' id='line_1_116' title="bbox 2389 5422 3363 5479; baseline -0.001 -1"><span class='ocrx_word' id='word_1_798' title='bbox 2389 5428 2408 5457; x_wconf 77' lang='grc'><strong><em>⁵</em></strong></span> <span class='ocrx_word' id='word_1_799' title='bbox 2442 5426 2565 5479; x_wconf 67' lang='lat' dir='ltr'><strong>Ilaec</strong></span> <span class='ocrx_word' id='word_1_800' title='bbox 2588 5426 2779 5478; x_wconf 88' lang='lat' dir='ltr'><strong>desunt</strong></span> <span class='ocrx_word' id='word_1_801' title='bbox 2807 5426 2858 5478; x_wconf 91' lang='lat' dir='ltr'><strong>in</strong></span> <span class='ocrx_word' id='word_1_802' title='bbox 2892 5423 3010 5478; x_wconf 87' lang='lat' dir='ltr'><strong>cod.</strong></span> <span class='ocrx_word' id='word_1_803' title='bbox 3044 5422 3363 5479; x_wconf 84' lang='lat' dir='ltr'><strong>Veronensi.</strong></span> 
     </span>
    </p>
   </div>
   <div class='ocr_carea' id='block_1_115' title="bbox 2388 5496 2955 5559">
    <p class='ocr_par' dir='ltr' id='par_1_115' title="bbox 2388 5496 2955 5559">
     <span class='ocr_line' id='line_1_117' title="bbox 2388 5496 2955 5559; baseline -0.007 -10"><span class='ocrx_word' id='word_1_804' title='bbox 2388 5498 2407 5526; x_wconf 76' lang='lat'>°</span> <span class='ocrx_word' id='word_1_805' title='bbox 2440 5496 2511 5549; x_wconf 89' lang='lat' dir='ltr'><strong>Id.</strong></span> <span class='ocrx_word' id='word_1_806' title='bbox 2545 5497 2690 5559; x_wconf 87' lang='lat' dir='ltr'><strong>cod.,</strong></span> <span class='ocrx_word' id='word_1_807' title='bbox 2712 5496 2955 5547; x_wconf 60' lang='lat' dir='ltr'><strong>viderunt.</strong></span> 
     </span>
    </p>
   </div>
   <div class='ocr_carea' id='block_1_116' title="bbox 2386 5565 3148 5635">
    <p class='ocr_par' dir='ltr' id='par_1_116' title="bbox 2386 5565 3148 5635">
     <span class='ocr_line' id='line_1_118' title="bbox 2386 5565 3148 5635; baseline -0.004 -17"><span class='ocrx_word' id='word_1_808' title='bbox 2386 5570 2403 5597; x_wconf 87' lang='grc'><strong><em>⁷</em></strong></span> <span class='ocrx_word' id='word_1_809' title='bbox 2434 5567 2505 5618; x_wconf 90' lang='lat' dir='ltr'><strong>Id.</strong></span> <span class='ocrx_word' id='word_1_810' title='bbox 2546 5568 2689 5630; x_wconf 89' lang='lat' dir='ltr'><strong>cod.,</strong></span> <span class='ocrx_word' id='word_1_811' title='bbox 2719 5566 2856 5635; x_wconf 82' lang='lat' dir='ltr'><strong>apud</strong></span> <span class='ocrx_word' id='word_1_812' title='bbox 2884 5565 3148 5619; x_wconf 79' lang='lat' dir='ltr'><strong>Sirmium.</strong></span> 
     </span>
    </p>
   </div>
   <div class='ocr_carea' id='block_1_117' title="bbox 2383 5635 3491 5705">
    <p class='ocr_par' dir='ltr' id='par_1_117' title="bbox 2383 5635 3491 5705">
     <span class='ocr_line' id='line_1_119' title="bbox 2383 5635 3491 5705; baseline -0.001 -17"><span class='ocrx_word' id='word_1_813' title='bbox 2383 5639 2401 5668; x_wconf 75' lang='grc'><strong><em>⁸</em></strong></span> <span class='ocrx_word' id='word_1_814' title='bbox 2435 5637 2509 5689; x_wconf 92' lang='lat' dir='ltr'><strong>Id.</strong></span> <span class='ocrx_word' id='word_1_815' title='bbox 2542 5637 2688 5701; x_wconf 85' lang='lat' dir='ltr'><strong>Cutl.,</strong></span> <span class='ocrx_word' id='word_1_816' title='bbox 2718 5637 2850 5705; x_wconf 84' lang='lat' dir='ltr'><strong>quod</strong></span> <span class='ocrx_word' id='word_1_817' title='bbox 2878 5635 3045 5687; x_wconf 82' lang='lat' dir='ltr'><strong>dicitis</strong></span> <span class='ocrx_word' id='word_1_818' title='bbox 3076 5636 3228 5704; x_wconf 69' lang='lat' dir='ltr'><strong>regia:</strong></span> <span class='ocrx_word' id='word_1_819' title='bbox 3257 5635 3491 5705; x_wconf 73' lang='lat' dir='ltr'><strong>civitatis.</strong></span> 
     </span>
    </p>
   </div>
   <div class='ocr_carea' id='block_1_118' title="bbox 2382 5704 3784 5774">
    <p class='ocr_par' dir='ltr' id='par_1_118' title="bbox 2382 5704 3784 5774">
     <span class='ocr_line' id='line_1_120' title="bbox 2382 5704 3784 5774; baseline 0.002 -15"><span class='ocrx_word' id='word_1_820' title='bbox 2382 5710 2399 5738; x_wconf 68' lang='grc' dir='ltr'>ο</span> <span class='ocrx_word' id='word_1_821' title='bbox 2435 5707 2630 5760; x_wconf 88' lang='lat' dir='ltr'><strong>Inclusa</strong></span> <span class='ocrx_word' id='word_1_822' title='bbox 2658 5705 2963 5774; x_wconf 84' lang='lat' dir='ltr'><strong>parenthesi</strong></span> <span class='ocrx_word' id='word_1_823' title='bbox 2991 5706 3184 5759; x_wconf 90' lang='lat' dir='ltr'><strong>desunt</strong></span> <span class='ocrx_word' id='word_1_824' title='bbox 3214 5706 3265 5758; x_wconf 90' lang='lat' dir='ltr'><strong>in</strong></span> <span class='ocrx_word' id='word_1_825' title='bbox 3296 5705 3415 5758; x_wconf 91' lang='lat' dir='ltr'><strong>cod.</strong></span> <span class='ocrx_word' id='word_1_826' title='bbox 3461 5704 3784 5762; x_wconf 82' lang='lat' dir='ltr'><strong>Veronensi.</strong></span> 
     </span>
    </p>
   </div>
   <div class='ocr_carea' id='block_1_119' title="bbox 2381 5774 3783 5844">
    <p class='ocr_par' dir='ltr' id='par_1_119' title="bbox 2381 5774 3783 5844">
     <span class='ocr_line' id='line_1_121' title="bbox 2381 5774 3783 5844; baseline 0 -13"><span class='ocrx_word' id='word_1_827' title='bbox 2381 5776 2421 5807; x_wconf 88' lang='lat'><strong>&#39;°</strong></span> <span class='ocrx_word' id='word_1_828' title='bbox 2453 5778 2650 5832; x_wconf 87' lang='lat' dir='ltr'><strong>Inclusa</strong></span> <span class='ocrx_word' id='word_1_829' title='bbox 2678 5777 2982 5844; x_wconf 83' lang='lat' dir='ltr'><strong>parenthesi</strong></span> <span class='ocrx_word' id='word_1_830' title='bbox 3011 5776 3202 5830; x_wconf 86' lang='lat' dir='ltr'><strong>desunt</strong></span> <span class='ocrx_word' id='word_1_831' title='bbox 3232 5776 3282 5826; x_wconf 91' lang='lat' dir='ltr'><strong>in</strong></span> <span class='ocrx_word' id='word_1_832' title='bbox 3313 5774 3427 5829; x_wconf 91' lang='lat' dir='ltr'><strong>cod.</strong></span> <span class='ocrx_word' id='word_1_833' title='bbox 3459 5774 3783 5831; x_wconf 83' lang='lat' dir='ltr'><strong>Vcroueusi.</strong></span> 
     </span>
    </p>
   </div>
  </div>
