4104 6356
258 357 329 411 73
1477 344 1832 405 EPISTOLIE
1872 343 1959 401 ET
1999 344 2337 408 DECRETA.
3472 358 3543 415 74

253 472 636 545 provenirent;
686 484 794 526 non
821 482 852 523 a
881 468 1126 525 sceculari
1178 467 1491 524 viderentur
1525 465 1844 535 qualescun-
1872 461 1928 524 Δ
1951 472 2182 532 seseque
2200 463 2220 494 ³
2237 463 2473 533 prodidit
2494 468 2576 521 his
2598 468 2817 536 agendis
2836 467 2995 523 rebus
3016 467 3179 525 fuisse
3202 469 3538 542 participem.

255 581 361 637 que
393 564 690 635 pontiﬁces,
722 563 821 618 etsi
848 576 1033 617 errore
1054 561 1363 615 humanitus
1388 558 1704 622 accedente,
1737 570 1843 610 non

256 667 437 712 tamen
467 655 561 728 [αι.
600 654 745 708 addit
776 652 983 724 contra]
1028 651 1346 722 religionem
1384 651 1652 706 ullatenus
1683 662 1844 703 exce-

257 749 451 805 dentes
476 756 743 817 potestate
792 745 1030 815 percelli.
1059 745 1142 800 An
1172 744 1350 799 adhuc
1372 743 1469 818 [aL
1509 744 1592 797 An
1620 751 1674 795 et
1704 738 1847 811 haec]

258 839 400 911 iusta
430 841 637 894 ratione
672 837 899 908 principi
931 835 1260 907 suggerenda
1303 850 1410 889 non
1439 842 1593 889 erant
1617 828 1847 901 Htegia:

259 934 493 989 civitatis
539 932 745 988 honore
789 930 1071 998 sublimis,
1099 931 1145 986 si
1176 931 1351 985 factus
1400 938 1517 983 erat
1557 927 1647 981 illa
1697 925 1850 995 regia

260 1026 479 1083 civitate
500 1024 801 1089 sublimior,
850 1032 1002 1078 tanto
1050 1023 1218 1093 magis
1263 1023 1316 1077 in
1357 1020 1441 1075 his
1490 1010 1846 1090 suggereud‘is

261 1117 448 1173 debuit
473 1130 593 1171 esse
637 1113 1018 1171 constantior?
1049 1112 1107 1169 Si
1147 1121 1325 1167 autem
1375 1111 1429 1165 in
1483 1110 1567 1165 his
1606 1122 1723 1180 quas
1755 1122 1852 1179 pro

263 1210 524 1281 religione
551 1207 761 1262 fuerant
796 1207 1103 1274 exerenda,
1147 1206 1355 1260 exstitit
1401 1202 1852 1273 contemptibilis,

263 1316 425 1374 atque
453 1304 758 1372 despectus,
791 1310 848 1355 et
875 1306 967 1354 aut
990 1299 1191 1369 segnis,
1222 1304 1315 1351 aut
1346 1295 1600 1350 ﬁduciam
1631 1308 1737 1348 non
1765 1292 1859 1346 ha-

265 1398 404 1454 bens
434 1396 743 1465 intitnandi,
776 1396 830 1450 in
874 1410 980 1466 quo
1013 1409 1107 1465 per
1154 1395 1359 1463 regiam
1386 1390 1657 1447 civitatem
1688 1390 1859 1456 major

264 1491 489 1547 eﬂ‘ectus
535 1488 662 1546 est?
701 1489 856 1559 (‘an
906 1495 967 1542 ut
1006 1502 1103 1557 per
1128 1501 1190 1542 ea
1235 1500 1347 1540 sua:
1403 1482 1860 1554 praevaricationis

265 1591 555 1639 exerceret
577 1583 752 1652 potius
777 1579 1143 1652 tyrannidem,
1171 1592 1329 1649 quam
1358 1592 1548 1633 causas
1588 1574 1862 1646 religionis

268 1677 509 1747 legitime
540 1675 916 1748 procuraret?)
940 1673 1143 1729 Natban
1188 1673 1450 1744 prepheta
1479 1670 1563 1743 (ΙΙ
1600 1670 1727 1742 Reg.
1764 1670 1863 1739 xu)

268 1770 449 1840 palam
480 1770 802 1839 publiceque
828 1769 881 1822 in
914 1768 1048 1822 facie
1071 1765 1184 1835 regi
1214 1766 1406 1831 David,
1430 1774 1488 1820 et
1515 1763 1863 1818 commissum

1953 554 2057 610 Sed
2086 557 2553 624 esto,Calendion
2594 560 2941 631 imperatoris
2983 576 3178 619 nomen
3229 563 3542 631 abstulerit;

1954 644 2188 707 Joannes
2233 652 2461 722 principi
2511 656 2765 710 mentitus
2816 656 2983 712 fuisse
3007 657 3259 727 jactetur,
3306 674 3427 729 qua:
3466 668 3549 715 ta-

1958 756 2079 800 men
2107 760 2227 800 cum
2263 762 2415 801 nova:
2442 757 2623 802 essent
2642 762 2840 815 causm,
2865 766 2999 806 nova
3029 752 3051 783 ⁸
3079 753 3263 809 debuit
3291 752 3547 809 ecclesia-

1958 839 2092 892 stica
2118 839 2407 907 provenire
2437 839 2736 893 discussio?
2765 858 2831 894 an
2861 843 2949 911 qui
2980 842 3035 897 in
3074 844 3343 900 hominem
3381 845 3549 917 impe-

1959 937 2191 983 ratorem
2221 944 2476 998 peccasse
2498 930 2836 998 dicebantur,
2868 933 3009 986 nulla
3040 934 3431 992 interveniente
3461 952 3553 1009 sy-

1961 1021 2104 1075 nodo
2135 1022 2292 1091 dejici
2322 1021 2655 1089 debuerunt;
2690 1033 2741 1078 et
2767 1024 2819 1078 itt
2849 1024 3015 1079 Deum
3046 1067 3061 1092 ,
3089 1028 3178 1096 qui
3225 1044 3468 1086 summus
3497 1040 3552 1086 et

1962 1127 2126 1169 verus
2153 1124 2236 1169 est
2263 1115 2578 1184 imperator,
2612 1115 2865 1171 Acacium
2901 1117 3336 1188 delinquentem,
3372 1123 3552 1179 since-

1963 1224 2184 1278 ramque
2211 1212 2650 1265 communionem
2693 1209 2858 1264 divini
2889 1213 3213 1267 sacramenti
3247 1213 3553 1270 studentem

1965 1302 2196 1357 miscere
2223 1317 2343 1356 cum
2378 1302 2595 1369 perﬁdis
2623 1343 2638 1369 ,
2682 1302 2976 1357 secundum
3007 1303 3273 1374 synodum
3302 1321 3403 1373 qua
3440 1305 3553 1361 lucc

1964 1402 2047 1447 est
2076 1392 2327 1447 damnata
2358 1393 2583 1463 perﬁdia
2604 1434 2617 1457 ,
2659 1409 2764 1447 non
2794 1394 3075 1462 oportebat
3110 1398 3305 1465 expelli
3338 1397 3431 1469 [αι.
3464 1414 3554 1453 ex-

1966 1484 2169 1557 cludi]?
2202 1487 2220 1515 σ
2248 1486 2383 1553 Quid
2415 1486 2483 1541 de
2513 1487 2810 1540 innumeris
2840 1502 2937 1556 per
2967 1497 3136 1542 totum
3166 1489 3441 1544 Orientem
3468 1506 3553 1545 cae

1968 1578 2185 1633 tholicis
2211 1579 2583 1635 sacerdotibus
2626 1581 2836 1649 propria
2879 1581 3008 1635 sede
3027 1581 3290 1649 depulsis,
3321 1594 3374 1637 ct
3396 1583 3554 1638 indu-

1968 1672 2200 1727 bitanter
2225 1672 2488 1727 hmreticis
2516 1672 2877 1726 intromissis?
2901 1674 3059 1728 Nova:
3088 1682 3236 1730 certe
3258 1686 3413 1729 erant
3433 1691 3555 1730 catt-

1972 1779 2076 1830 sm;
2120 1774 2177 1818 et
2206 1764 2292 1818 his
2320 1774 2713 1834 consequenter
2752 1766 2772 1795 ⁸
2814 1781 2951 1820 nova
2974 1770 3210 1837 synodus
3239 1768 3555 1823 debebatur.

272 1863 649 1932 pronuntiavit
715 1874 986 1927 errorem,
1053 1869 1106 1914 et
1162 1859 1337 1928 ipsum
1384 1858 1720 1913 commisisse
1764 1869 1871 1911 non
1899 1852 1950 1912 Β
1978 1856 2088 1912 Cur
2118 1866 2243 1912 tunc
2289 1874 2394 1911 non
2425 1860 2572 1913 venit
2608 1860 2659 1913 in
2693 1871 2927 1915 mentem
2954 1902 2969 1928 ,
3000 1869 3057 1914 ut
3086 1863 3136 1915 in
3166 1863 3353 1917 talibus
3382 1863 3559 1919 causis

277 1956 485 2021 tacuit;
516 1967 569 2011 et
613 1954 953 2010 confessione
989 1960 1290 2009 correctum
1335 1960 1728 2021 consequenter
1771 1950 1868 2003 ab-

274 2050 456 2107 solvit.
490 2052 510 2122 (
530 2053 550 2081 ¹
573 2050 746 2105 beatae
772 2052 1047 2104 memoriae
1094 2048 1408 2102 Ambrosius
1454 2040 1868 2100 Mediolanensis

274 2143 532 2198 sacerdos
586 2141 882 2205 Ecclesiae,
940 2140 1128 2211 majori
1185 2139 1488 2194 'l‘heodosio
1554 2136 1867 2207 imperatori

272 2233 713 2291 communionem
744 2233 954 2304 publice
978 2232 1258 2303 palamque
1287 2230 1589 2302 suspendit,
1622 2241 1780 2299 atque
1799 2230 1866 2284 ad

277 2328 654 2400 paenitentiam
683 2326 891 2397 redegit
917 2325 1119 2395 regiam
1164 2334 1519 2394 potestatem;
1554 2323 1725 2378 beatae
1757 2337 1869 2377 me-

280 2421 467 2478 moriae
492 2437 629 2493 papa
648 2420 760 2477 Leo
790 2421 951 2492 (sicut
973 2420 1193 2490 legitur)
1216 2421 1597 2488 imperatorem
1619 2416 1869 2472 Theodo-

280 2516 420 2570 sium
461 2516 731 2586 iuniorem
781 2513 1053 2584 Ephesino
1083 2513 1367 2567 latrocinio
1415 2512 1583 2566 libere
1628 2511 1872 2581 coarguit

282 2606 671 2681 excedentem;
700 2614 901 2661 sanctze
940 2604 1215 2679 memoriae
1243 2619 1452 2674 quoque
1486 2618 1617 2672 papa
1661 2602 1872 2657 llilarus

284 2701 629 2757 Anthemium
662 2702 1061 2770 imperatorem,
1092 2715 1212 2756 cum
1263 2699 1575 2753 Philotheus
1620 2697 1868 2752 Macedo-

285 2793 480 2853 nianus
514 2795 631 2865 ejus
665 2792 1027 2848 familiaritate
1056 2792 1304 2847 suffultus
1334 2790 1664 2846 diversarum
1693 2789 1873 2845 conci-

285 2886 486 2946 liabula
537 2900 672 2941 nova
720 2894 986 2941 sectarum
1020 2886 1069 2938 in
1122 2883 1319 2940 Urbem
1369 2882 1531 2937 vellet
1580 2881 1870 2949 inducere,

284 2979 430 3051 apud
462 2981 676 3035 beatum
701 2977 918 3032 Petrum
951 2978 1250 3047 apostolum
1288 2977 1461 3046 palam
1505 2990 1573 3029 ne
1601 2974 1652 3029 id
1684 2977 1867 3037 fieret,

286 3071 438 3125 clara
468 3085 603 3125 voce
632 3069 973 3133 constrinxit,
1006 3070 1058 3122 in
1092 3076 1297 3122 tantum
1330 3077 1386 3121 ut
1406 3083 1511 3122 nou
1540 3080 1603 3122 ea
1630 3065 1873 3122 facienda

291 3175 418 3216 cum
444 3159 848 3228 interpositione
887 3162 1210 3214 sacramenti
1244 3159 1383 3214 idem
1411 3160 1749 3229 promitteret
1775 3160 1881 3213 im-t

1976 1959 2248 2021 peteretur
2296 1965 2325 2003 a
2366 1952 2609 2021 principe
2653 1954 2840 2007 saltem
2893 1954 3278 2025 qualiscunque
3325 1957 3559 2029 synodus

1973 2042 2328 2107 celebranda;
2364 2052 2415 2098 ut
2447 2059 2769 2114 quocunque
2790 2045 2872 2099 vel
2902 2045 3362 2116 eoloratojudicio
3393 2049 3560 2104 tradi-

1975 2132 2134 2185 tionis
2178 2132 2557 2187 ecclesiasticae
2598 2135 2796 2201 passim
2824 2135 3103 2203 pontiﬁces
3132 2137 3445 2193 viderentur
3470 2156 3561 2195 ex-

1973 2222 2112 2276 cludi
2138 2263 2153 2287 ,
2188 2238 2293 2277 non
2316 2224 2487 2277 solum
2515 2240 2953 2295 quarumcunque
2985 2228 3193 2282 urbium
3225 2230 3558 2295 sacerdotes,

1974 2314 2069 2371 sed
2102 2317 2497 2386 metropolitani
2533 2317 2904 2373 incunctanter
2944 2321 3245 2375 antistites?
3272 2322 3363 2376 llis
3386 2323 3563 2378 omni-

1974 2412 2075 2467 bus
2104 2426 2225 2467 cum
2258 2425 2363 2464 non
2398 2409 2589 2464 restitit
2611 2411 2955 2480 suggestione
2983 2428 3083 2479 qua
3112 2414 3304 2482 potuit,
3337 2430 3560 2471 consen-

1975 2506 2044 2559 sit
2066 2504 2313 2567 Aeacius,
2344 2502 2795 2557 communicando
2819 2506 3049 2573 cunctis,
3076 2507 3164 2575 qui
3189 2506 3239 2560 in
3272 2508 3562 2563 catholico-

1978 2612 2095 2651 rum
2148 2598 2321 2649 locum
2370 2594 2608 2649 lneretici
2643 2594 2856 2650 fuerant
2908 2597 3228 2667 subrogati:
3278 2599 3564 2668 Apostolus

1977 2697 2156 2742 autem
2199 2686 2326 2741 dicit
2367 2705 2379 2739 :
2414 2685 2535 2739 Non
2564 2687 2730 2739 solum
2759 2688 2846 2757 qui
2870 2689 3066 2757 faciunt
3092 2730 3105 2754 ,
3137 2690 3225 2743 sed
3254 2701 3304 2745 et
3331 2694 3421 2761 qui
3446 2709 3565 2747 con-

1975 2782 2199 2835 sentiunt
2254 2779 2561 2848 facientibus
2622 2778 2808 2849 (Rom.
2861 2781 2915 2848 ι)
2951 2826 2964 2849 ,
3022 2796 3145 2836 reos
3200 2784 3565 2841 indubitanter

1978 2871 2195 2928 ascribi.
2225 2874 2306 2926 An
2335 2872 2448 2928 hare
2481 2873 2628 2927 licuit
2656 2875 2899 2929 smculari
2930 2878 3178 2945 potestati
3210 2886 3264 2933 et
3284 2881 3416 2934 actis
3448 2880 3567 2937 tali-

1978 2965 2078 3021 bus
2102 3008 2117 3030 ,
2152 2968 2349 3021 Acacio
2375 2967 2746 3022 consentiente
2777 2969 2979 3037 absque
3003 2972 3105 3025 ulla
3138 2974 3371 3043 synodo,
3407 2991 3568 3046 quam

1977 3056 2090 3126 ipsa
2124 3073 2301 3113 rerum
2333 3058 2544 3113 novitas
2573 3059 2841 3127 exigebat,
2867 3062 3068 3133 absque
3094 3066 3237 3119 sedis
3259 3070 3568 3137 apostolica:

1979 3153 2373 3209 consultatione
2396 3154 2685 3223 perﬁcere;
2708 3164 2762 3209 et
2780 3156 2892 3211 sedi
2916 3159 3227 3227 apostolicae
3261 3178 3365 3216 non
3394 3164 3566 3232 licuit,

290 3262 541 3325 perator;
571 3263 771 3307 sanctae
802 3252 1073 3306 memoriae
1105 3251 1449 3315 nihilominus
1492 3268 1623 3323 papa
1656 3254 1876 3322 Simpli-
1901 3224 1950 3287 (ἶ
1982 3246 2275 3301 secundum
2327 3258 2566 3303 tenorem
2599 3248 2789 3318 synodi
2821 3224 3276 3308 Chalcedonensis
3312 3254 3365 3309 in
3394 3224 3569 3312 veteri

285 3348 430 3411 eius,
464 3354 519 3401 et
551 3352 669 3415 pest
697 3360 817 3401 eum
846 3354 1045 3400 sanctae
1084 3346 1356 3400 memoriae
1386 3360 1515 3415 papa
1566 3346 1738 3413 Felix,
1771 3363 1876 3403 non

290 3439 470 3494 solum
492 3436 805 3493 Basiliscum
834 3446 1145 3508 tyrannum,
1180 3436 1273 3491 sed
1302 3437 1461 3490 etiam
1498 3438 1878 3505 imperatorem

289 3530 568 3586 Zenonem
601 3544 699 3599 pro
729 3528 915 3583 iisdem
946 3528 1075 3597 ipsis
1106 3528 1434 3591 excessibus,
1475 3530 1793 3583 auctoritate
1815 3530 1877 3584 li-

292 3624 428 3678 bera
448 3621 643 3693 saepius
659 3620 966 3691 increpasse
988 3629 1301 3686 noscuntur,
1321 3620 1570 3690 flectique
1592 3622 1875 3690 potuisset,

294 3717 402 3772 nisi
433 3714 1005 3784 Constantinopolitani
1040 3712 1283 3783 praesulis
1309 3712 1653 3769 accederetur
1680 3714 1876 3768 instin-

293 3809 537 3878 ctu,qui
586 3808 852 3878 particeps
903 3816 1139 3862 externa:
1188 3805 1576 3860 communionis
1623 3806 1875 3871 effectus,

294 3899 606 3957 necessario
635 3902 689 3955 in
719 3900 859 3971 quod
891 3898 1175 3963 inciderat,
1200 3898 1307 3969 jam
1334 3899 1569 3967 fovebat,
1596 3900 1799 3957 malens
1823 3902 1878 3956 in

291 4010 412 4053 sua:
458 3993 909 4063 prtevaricationis
960 3992 1321 4048 obstinatione
1373 3995 1687 4062 persistere,
1719 4010 1878 4064 quam

295 4094 570 4150 curandus
593 4092 657 4146 ad
688 4090 919 4146 salubria
947 4104 1209 4157 remeare,
1239 4090 1380 4144 sicut
1408 4089 1521 4158 ipse
1550 4105 1725 4143 rerum
1758 4096 1881 4159 pro-

292 4185 445 4239 bavit
474 4192 721 4239 eventus.
755 4182 896 4237 Ecce
945 4195 1113 4250 nuper
1141 4180 1409 4235 llouorico
1440 4183 1550 4250 regi
1575 4180 1883 4236 Vandalicas

299 4277 556 4342 nationis,
591 4276 675 4330 vir
707 4289 930 4344 magnus
959 4282 1014 4328 et
1042 4272 1285 4343 egregius
1316 4272 1569 4327 sacerdos
1617 4273 1884 4342 Eugenius

299 4367 741 4437 Carthaginensis
763 4367 1081 4436 episcOpus,
1116 4365 1375 4435 multique
1400 4381 1519 4420 cum
1570 4365 1759 4421 eodem
1793 4380 1883 4420 ca-

300 4461 489 4517 tholici
532 4462 838 4516 sacerdotes
877 4462 1188 4516 cons‘tanter
1240 4460 1551 4516 resisterent
1606 4461 1879 4528 saevienti,

301 4562 604 4623 cunctaque
633 4562 871 4609 extrema
895 4553 1207 4617 tolerantes,
1241 4553 1501 4623 hodieque
1524 4556 1880 4625 persecutori-

298 4648 405 4703 bus
430 4647 681 4702 resistere
702 4661 807 4700 non
832 4646 1101 4700 omittunt.
1134 4646 1243 4700 Nos
1274 4662 1486 4716 quoque
1511 4646 1739 4704 Odoacri
1766 4649 1881 4704 bar-

300 4739 435 4795 baro
464 4738 715 4795 haeretico
734 4754 953 4808 regnum
981 4738 1142 4792 Italiae
1174 4747 1298 4792 tunc
1316 4740 1537 4803 tenenti,
1561 4754 1681 4795 cum
1704 4742 1879 4812 aliqua

304 4844 412 4885 non
445 4829 689 4885 facienda
715 4831 1052 4901 praeciperet,
1086 4829 1197 4885 Deo
1244 4842 1529 4899 praestante
1579 4836 1882 4891 nullatenus

306 4921 547 4989 paruisse
574 4922 909 4975 manifestum
940 4922 1067 4987 est.)
1095 4921 1188 4977 llic
1219 4931 1397 4977 autem
1424 4924 1506 4977 vir
1536 4924 1705 4981 bonus
1746 4927 1884 4982 Aca-

305 5014 444 5077 cius,
479 5020 533 5067 et
555 5013 804 5067 sacerdos
832 5012 1058 5066 eximius
1088 5011 1179 5084 [αι.
1208 5012 1494 5087 egregius],
1519 5014 1572 5069 in
1603 5025 1805 5071 tantum
1826 5034 1884 5074 se

304 5114 358 5159 et
386 5118 673 5174 suggerere
696 5102 930 5173 potuisse
957 5105 1291 5172 monstravit,
1308 5114 1361 5160 et
1380 5107 1612 5162 noluisse
1632 5108 1881 5178 deprom-

309 5200 433 5268 psit,
462 5199 569 5251 imo
593 5197 789 5252 favisse
815 5196 1068 5266 patefecit
1094 5215 1109 5263 ;
1134 5207 1191 5255 ut
1219 5208 1271 5253 et
1300 5200 1594 5269 imperator
1613 5214 1801 5257 cuncta
1825 5218 1885 5260 se

308 5305 373 5345 ex
404 5291 520 5359 ejus
549 5290 778 5359 gessisse
803 5291 1026 5344 consilio
1054 5306 1160 5344 non
1186 5299 1404 5357 taceret,
1431 5305 1483 5348 et
1515 5294 1631 5363 ipse
1658 5296 1889 5365 impera-

310 5391 481 5437 torem
532 5380 739 5451 magnis
796 5382 1076 5451 praaconiis
1124 5382 1361 5437 elevaret
1412 5384 1510 5438 ista
1561 5384 1881 5458 facientem;

382 5558 396 5587 ‘
431 5555 557 5610 Haec
586 5555 785 5624 pariter
809 5553 1002 5609 desunt
1032 5556 1082 5611 in
1113 5556 1302 5613 eodem
1326 5559 1528 5613 codice.

380 5624 715 5713 :_Squentia
744 5640 954 5705 quoque
974 5629 1175 5683 ansulis
1206 5629 1410 5684 inclusa
1435 5630 1804 5692 desiderantur
1830 5640 1883 5695 in
1912 5696 1927 5713 ,

306 5696 496 5752 codice
538 5695 850 5750 Veronensi.

383 5768 403 5798 ⁸
432 5768 563 5822 Cod.
588 5765 877 5837 Veronam,
907 5771 1159 5837 proderet.

380 5838 401 5869 ⁸
426 5838 507 5894 Id.
534 5836 684 5901 cod.,
714 5836 957 5893 debuerit.

588 5932 861 5993 Pauor“
906 5931 1072 5994 LIX.

1905 4605 1963 4668 D

1984 3339 2169 3406 utique
2196 3354 2353 3393 causa
2375 3380 2389 3406 ,
2420 3351 2473 3394 et
2514 3342 2682 3396 veteri
2711 3344 3003 3399 constituto
3026 3345 3177 3413 juxta
3201 3347 3569 3406 deﬁnitionem

1985 3429 2231 3482 damnata
2262 3428 2357 3500 [αι.
2399 3432 2539 3498 justa
2571 3432 2883 3489 deﬁnitione
2918 3436 3287 3509 damnatum],
3335 3440 3569 3499 inimicis

1984 3524 2175 3595 synodi
2219 3524 2677 3580 Chalcedonensis
2708 3529 2963 3583 Acacium
3005 3534 3490 3590 communicautem
3537 3553 3569 3591 a

1983 3631 2080 3670 sua
2124 3616 2501 3672 communione
2542 3616 2853 3683 depellere?
2879 3618 2982 3674 Sed
3011 3620 3257 3690 inquiunt
3288 3641 3298 3675 :
3342 3625 3569 3681 Aeacius

1984 3709 2207 3779 principi
2232 3709 2451 3766 obviare
2480 3726 2587 3766 non
2616 3712 2807 3780 potuit.
2842 3712 2946 3767 Cur
2992 3714 3271 3781 Basilisco,
3314 3719 3433 3786 quia
3470 3734 3569 3774 vo-

1982 3804 2080 3859 lttit
2104 3846 2119 3871 ,
2153 3803 2422 3859 obviavit?
2446 3820 2543 3860 cur
2572 3807 2685 3875 ipse
2712 3805 2933 3874 Zenoni,
2958 3824 3024 3863 ne
3054 3810 3227 3878 palam
3258 3810 3418 3867 Petro
3452 3814 3568 3869 An-

1986 3905 2236 3958 tiocheno
2283 3904 2526 3973 quamvis
2559 3904 2788 3960 latenter
2820 3906 2920 3960 hoc
2947 3906 3142 3961 fecerit
3170 3911 3569 3966 communicare

1984 3996 2260 4050 videretur
2284 4034 2300 4057 .
2335 4012 2437 4049 non
2468 3996 2831 4049 commodavit
2872 3997 3197 4051 assensum?
3226 4013 3350 4053 ecce
3400 3988 3570 4055 resul-

1986 4087 2116 4139 tanti
2165 4101 2270 4139 non
2302 4086 2489 4139 institit
2516 4085 2609 4157 [αι.
2658 4086 2877 4157 restitit]
2918 4088 3210 4155 imperator
3255 4108 3265 4140 :
3304 4106 3430 4145 ecce
3458 4095 3569 4147 vim

1987 4177 2189 4231 nolenti
2230 4191 2334 4228 non
2380 4176 2592 4239 intulit;
2624 4190 2749 4231 ecce
2796 4177 3083 4245 refugienti
3112 4180 3353 4247 contagia
3400 4182 3571 4237 mani-

1990 4267 2126 4322 festa
2146 4267 2413 4322 concessit
2441 4283 2453 4320 :
2488 4279 2759 4336 posuemo
2786 4308 2800 4331 ,
2833 4282 2928 4322 cur
2960 4277 3107 4322 tanto
3135 4276 3376 4340 tempore
3398 4317 3413 4342 ,
3445 4289 3570 4331 cum

1989 4360 2088 4415 ista
2134 4370 2494 4429 gererentur,
2538 4360 2619 4413 vel
2650 4359 2883 4430 gerenda
2917 4374 3305 4432 cognosceret,
3350 4382 3454 4422 non
3500 4369 3571 4426 ad

1986 4454 2167 4508 sedem
2209 4453 2580 4522 apostolicam,
2605 4468 2633 4506 a
2662 4467 2763 4523 qua
2810 4453 2910 4509 sibi
2940 4469 3121 4510 curam
3152 4457 3365 4514 illarum
3399 4464 3571 4533 regio-

1988 4562 2113 4601 num
2150 4556 2371 4601 noverat
2399 4545 2697 4617 delegatam
2724 4586 2742 4612 ,
2774 4546 2977 4603 referre
3020 4552 3307 4607 maturavit
3336 4554 3431 4625 [αι.
3471 4572 3569 4614 cu-

1988 4636 2183 4709 ravit]?
2212 4638 2318 4693 Sed
2362 4640 2510 4707 prius
2538 4638 2783 4693 laudator
2819 4637 2991 4693 factus
3020 4648 3104 4695 est
3133 4643 3245 4711 ipse
3275 4656 3572 4716 gestorum,

1990 4752 2149 4807 quam
2196 4735 2275 4791 vel
2318 4743 2673 4802 praemoneret
2714 4733 2837 4788 talia
2881 4749 3001 4789 esse
3053 4740 3328 4805 tentanda,
3378 4744 3460 4797 vel
3508 4762 3576 4801 ne

1994 4839 2330 4886 tentarentur
2366 4829 2671 4883 obsisteret.
2702 4827 2850 4883 Sicut
2876 4829 2977 4882 sub
3008 4828 3264 4885 Basilisco
3285 4833 3397 4901 jam
3434 4838 3577 4893 fece-

1992 4934 2097 4988 rat,
2143 4936 2238 4975 cur
2288 4919 2393 4973 illis
2443 4918 2653 4973 cmtcris
2698 4918 3095 4973 communicare
3143 4928 3437 4991 consensit,
3486 4929 3578 4997 qui

1994 5013 2231 5083 depulsis
2259 5010 2535 5065 catholicis
2566 5008 2956 5075 sacerdotibus,
3006 5009 3373 5069 lndubitanter
3407 5016 3580 5072 haere-
3660 5068 3663 5073 ,

1994 5113 2081 5167 tici
2106 5111 2334 5180 singulis
2363 5108 2583 5163 urbibus
2605 5107 2818 5162 fuerant
2845 5106 3157 5161 substituti?
3184 5108 3465 5167 Postremo
3489 5112 3580 5167 ille

1993 5206 2161 5261 defuit
2182 5206 2291 5258 suis
2318 5200 2589 5271 partibus;
2620 5208 2676 5254 et
2697 5213 2817 5267 qua:
2846 5198 3115 5253 sacerdoti
3138 5200 3404 5256 catholico
3430 5216 3579 5256 com-

1992 5306 2276 5372 peterent,
2309 5310 2470 5364 agerc
2503 5293 2757 5349 fastidivit
2780 5291 2873 5365 [αι.
2904 5308 3013 5347 non
3035 5294 3260 5364 curavit]
3293 5310 3307 5346 :
3344 5294 3462 5349 ideo
3491 5311 3578 5353 se-

1993 5394 2089 5449 des
2118 5388 2407 5461 apostolica
2444 5384 2585 5454 quod
2626 5386 2645 5416 τ
2675 5384 2741 5438 ad
2787 5384 2975 5440 eadem
3008 5383 3338 5452 pertinebat,
3368 5385 3449 5440 vel
3478 5402 3575 5465 po-

2073 5570 2092 5599 ε
2154 5566 2209 5621 (ι,
2258 5564 2407 5624 cod.,
2441 5561 2579 5627 Quid
2606 5575 2694 5625 per
2726 5567 2885 5612 totum
2916 5557 3173 5627 Orientem
3202 5559 3265 5612 de
3294 5562 3578 5620 innumeris

1992 5639 2199 5693 urbibus
2244 5635 2376 5706 pulsi
2418 5625 2657 5686 catholici
2691 5628 3014 5693 sacerdotes,
3058 5635 3105 5679 et
3145 5625 3369 5688 haeretici
3392 5636 3574 5691 subro-

1990 5713 2095 5781 ραιί
2112 5710 2136 5762 ?

2060 5783 2080 5811 ⁶
2122 5780 2198 5834 ltl.
2230 5778 2349 5833 cod.
2370 5819 2385 5843 ,
2415 5794 2535 5830 una.

2057 5854 2075 5882 "
2117 5852 2192 5907 ld.
2229 5852 2372 5915 cod.,
2408 5849 2475 5902 ad
2505 5861 2635 5904 eam.
