4104 6356
571 421 646 478 75

1939 424 2208 479 GELASII
2250 423 2450 479 PAPxE
2490 425 2510 478 I

3789 413 3873 482 76'

577 537 681 594 tuit
724 525 806 594 vel
862 521 1046 594 debuit
1103 527 1419 608 praeterire?
1467 538 1718 606 Quolibet
1777 527 1933 608 igitur
1989 536 2152 592 modo
2191 527 2242 597 Α
2269 535 2390 608 quia
2424 535 2475 588 in
2508 541 2707 589 sortem
2738 531 3044 588 reciderant
3085 529 3516 602 praevaricatoris
3548 527 3725 584 Acacii
3755 549 3768 582 :
3802 541 3866 586 et.

577 623 949 688 haereticorum
1007 625 1318 698 complicem
1379 631 1669 698 refutavit,
1727 645 1778 686 et
1836 619 2158 704 consortem

557 713 968 779 communionis
1011 709 1248 777 externae
1294 738 1324 778 a
1363 738 1458 777 sua
1492 711 1871 778 communione
1900 711 2162 788 dimovit;

577 803 675 869 nec
713 807 845 884 opus
894 803 992 868 I'uit
1023 829 1163 868 nova
1213 813 1418 886 synodo
1447 855 1462 880 ,
1506 831 1626 869 cum
1654 815 1852 870 veteris
1882 813 2161 868 cons-tituli

577 891 901 960 sefﬁcienter
927 903 1090 982 1haec.
1129 901 1298 960 forma
1332 909 1734 982 praescriberet;
1771 922 1870 962 nec
1901 895 2038 974 opus
2064 905 2161 960 fuit

577 991 634 1048 III.
661 991 774 1050 hinc
801 981 1018 1052 scierida
1049 995 1141 1069 [αι.
1171 997 1432 1070 facienda]
1467 981 1706 1053 Orientis
1737 999 2010 1067 episcopis
2041 999 2169 1052 inti-

575 1081 768 1156 maret,
787 1107 922 1162 quos
940 1107 1004 1148 ex
1030 1093 1343 1161 cxpulsione
1361 1083 1772 1154 catholicarum,
1789 1089 1906 1162 quae
1933 1071 2166 1162 ageban-

575 1191 660 1237 tur
689 1183 744 1239 in
765 1181 927 1238 causa
967 1181 1121 1250 ﬁdei,
1147 1199 1252 1239 non
1286 1185 1561 1254 ignorasse
1593 1175 1932 1238 manifestum
1965 1193 2081 1246 est;
2113 1169 2167 1236 et

577 1261 1022 1328 communicando
1077 1263 1345 1329 haereticis
1377 1267 1715 1344 subrogatis,
1751 1274 1889 1328 facto
1922 1274 2008 1327 tali
2039 1269 2166 1328 con-

583 1362 818 1420 sensisse
853 1353 956 1417 noit
981 1363 1203 1417 dubium
1227 1351 1337 1428 esi;
1362 1365 1382 1394 ²
1411 1357 1570 1418 etiam
1607 1357 1726 1417 cum
1757 1353 1992 1418 externa:
2024 1357 2168 1418 com-

576 1441 849 1511 mu'uionis
890 1443 1094 1512 effectis
1123 1455 1216 1529 [αι.
1261 1455 1406 1509 addit
1435 1465 1595 1526 atque
1623 1449 1744 1509 ideo
1784 1447 1903 1509 cum
1937 1453 2164 1524 eisjatn]

579 1569 678 1608 nec
721 1555 996 1623 potuisse,
1047 1569 1148 1608 nec
1193 1553 1442 1607 debuisse
1479 1545 1626 1605 Sedis
1677 1551 1985 1619 apostolicae
2035 1550 2164 1602 scita

578 1649 817 1703 tractari.
853 1649 993 1705 Ecce
1021 1657 1354 1720 agnoverunt
1395 1649 1444 1701 itt
1493 1665 1674 1702 eorum
1714 1646 2045 1716 professione
2076 1647 2164 1716 qui

577 1737 1020 1797 constantissime
1043 1742 1425 1811 perdurarunt,
1455 1733 1595 1810 quod
1631 1739 1748 1791 ﬁdei
1775 1729 2167 1791 conuuuuioui-

579 1847 682 1902 que
709 1831 988 1886 cathOlicae
1015 1823 1322 1886 deberetur.
1359 1821 1496 1884 Ecce
1542 1821 1871 1899 agnoverunt
1909 1823 2165 1896 queritad-

2276 615 2418 682 illius
2437 641 2494 683 se
2515 627 2632 682 sine
2663 627 2829 681 dubio
2859 625 3208 698 pervidebant
3234 625 3496 680 sententia
3527 637 3841 693 conscquen

2276 729 2355 771 ter
2385 705 2631 788 astringi,
2667 717 2762 790 [aL
2792 717 2939 770 addit
2983 714 3058 788 et]
3099 705 3169 772 ob
3210 705 3312 771 hoc
3357 730 3480 771 eum
3511 713 3682 768 videri
3717 717 3874 770 nole-

2273 809 2400 864 bant
2429 825 2550 865 esse
2573 801 2903 879 damnatum,
2924 797 3045 880 quia
3071 799 3132 864 se
3163 807 3560 878 cognoscebant
3584 803 3635 861 in
3669 807 3868 863 eadem

2275 905 2714 974 praevaricatione
2761 905 3078 976 damnatos,
3109 905 3162 960 in
3187 921 3292 976 qua
3321 901 3478 960 hodie
3510 920 3723 974 quoque
3751 921 3868 959 ma-

2273 1011 2402 1052 nere
2431 999 2746 1066 persistuut.
2779 997 2886 1053 Sed
2915 999 3054 1054 sicut
3091 989 3126 1052 ii
3179 997 3341 1053 simili
3374 997 3684 1054 conditione
3731 1014 3864 1052 cou-

2273 1090 2444 1144 slricti
2495 1089 2810 1160 eomplicem
2858 1103 3012 1146 suum
3057 1104 3161 1144 non
3196 1079 3419 1160 possunt
3463 1090 3710 1160 judicare
3751 1107 3864 1146 non

2269 1184 2392 1254 jure
2430 1185 2738 1238 damnatum
2759 1230 2774 1252 ,
2811 1200 2982 1256 neque
3011 1200 3166 1268 reum,
3191 1187 3285 1260 [αἱ.
3317 1186 3398 1240 τρὶ
3430 1184 3605 1257 reum]
3637 1197 3862 1254 possunt

2274 1288 2638 1348 Competenter
2661 1278 2942 1334 absolvere
2965 1321 2981 1346 ,
3033 1280 3110 1334 sic
3140 1280 3229 1334 illo
3257 1279 3399 1350 juste
3439 1281 3863 1349 prtevaricatore

2272 1369 2554 1437 damnato,
2599 1371 2699 1438 ipsi
2751 1385 2963 1440 quoque
2995 1371 3106 1440 pari
3150 1371 3334 1439 jacent
3373 1371 3714 1428 damnatione
3743 1389 3870 1442 pro-

2274 1461 2449 1526 Strati,
2487 1477 2661 1532 neque
2691 1462 2792 1516 nisi
2827 1451 3230 1530 resipiscentes,
3275 1459 3399 1518 inde
3428 1473 3678 1532 poterunt
3707 1480 3864 1533 pror-

2273 1569 2362 1608 sus
2385 1555 2590 1608 absolvi
2627 1574 2636 1606 :
2672 1547 2792 1624 quia
2823 1557 2961 1611 sicut
2995 1573 3089 1626 per
3119 1573 3281 1612 unum
3315 1557 3640 1613 scribentem
3675 1574 3866 1614 eorum

2273 1645 2509 1700 omnium
2545 1648 2752 1717 vulgata
2791 1637 3217 1718 transgressione
3245 1648 3336 1720 [ᾰΙ.
3373 1639 3730 1720 transgressio
3759 1651 3862 1722 est]

2273 1741 2360 1807 qui
2411 1743 2462 1793 itt
2505 1742 2749 1796 eamdem
2781 1741 3016 1811 perﬁdiae
3043 1743 3346 1798 reciderant
3384 1745 3672 1810 actionem,
3705 1745 3783 1800 sic
3813 1747 3866 1799 in

2277 1847 2382 1886 uno
2413 1833 2709 1902 eodemque
2737 1834 2825 1903 qui
2858 1849 2952 1903 pro
2979 1821 3226 1888 omnibus
3256 1833 3544 1904 scripserat
3573 1876 3587 1900 ,
3619 1835 3702 1890 vel
3731 1837 3864 1892 scri-

578 1917 798 1979 mod'um
824 1941 853 1978 a
887 1923 1081 1978 talibus
1108 1923 1408 1978 recedcudo
1430 1967 1444 1988 ,
1466 1913 1578 1976 imo
1611 1925 1804 1976 talibus
1833 1911 2017 1975 contra
2053 1939 2165 1974 tuo-
2185 1903 2248 1984 ’Β
2277 1921 2450 1978 bendo
2474 1925 2712 1978 omnium
2745 1925 3052 1994 prodiderat
3071 1921 3396 1994 veluntates,
3424 1927 3862 1994 transgressione

575 2013 778 2083 li'end'o,
813 2033 840 2070 a
867 2015 970 2070 ﬁ‘de
995 2019 1056 2069 'et
1080 2009 1457 2070 com-munione
1488 2013 1749 2069 catholica
1783 2005 2008 2069 devia'rit
2035 2019 2171 2070 Aea-

576 2109 693 2164 cius
717 2149 734 2176 ,
763 2124 929 2178 seque
961 2107 1166 2178 pariter
1208 2103 1326 2162 cum
1371 2109 1558 2162 eodem
1605 2093 1776 2160 errori
1807 2103 2164 2160 subdiderint.

577 2205 724 2262 Ecce
763 2195 1096 2278 agnoverunt
1146 2201 1304 2274 quam
1333 2203 1492 2272 justis
1533 2219 1597 2256 ex
1639 2203 1817 2256 causis
1856 2216 1952 2269 pro
1985 2199 2090 2255 ﬁde
2112 2209 2168 2255 et

576 2303 957 2359 communione
979 2301 1240 2355 catholica
1263 2309 1424 2368 atque
1447 2297 1758 2366 apostolica,
1785 2297 1870 2350 cui
1901 2305 1953 2350 et
1986 2295 2166 2364 illiqtti

576 2397 634 2452 in
662 2414 722 2454 ea
749 2395 1098 2466 perstiterant
1125 2375 1508 2462 congruebant,
1534 2399 1586 2444 et
1613 2390 1663 2443 hi
1693 2391 1782 2459 qui
1807 2388 2166 2460 perstantibus

577 2489 900 2554 obviabant,
935 2487 1000 2541 ab
1031 2485 1218 2540 eadem
1265 2473 1596 2536 docebantur
1628 2479 1820 2546 alieni,
1849 2479 1990 2533 sedis
2031 2493 2165 2546 apo-

577 2582 783 2640 stolicae
813 2579 1129 2635 auctoritate
1176 2577 1245 2631 sit
1295 2585 1534 2629 remotus
1586 2561 1810 2626 Aeacius
1843 2571 1889 2641 (³
1919 2569 1985 2623 ad
2009 2567 2166 2637 cujus

571 2681 842 2754 prazcipue
869 2685 1090 2732 vocatus
1121 2687 1345 2728 examen
1381 2671 1460 2726 vel
1488 2659 1666 2723 venire
1686 2668 1766 2722 vel
1797 2665 2009 2720 mittere
2051 2679 2160 2718 non

572 2775 798 2838 curavit,
827 2781 883 2826 ut
911 2786 970 2825 se
999 2755 1066 2824 de
1098 2769 1180 2822 his
1229 2766 1478 2820 omnibus
1499 2805 1512 2826 ,
1547 2773 1602 2817 ut
1631 2762 1956 2828 conﬁtlebit,
1993 2762 2164 2816 absol-

574 2869 745 2940 veret)
770 2910 784 2934 ,
818 2867 1039 2938 ejusque
1087 2863 1285 2934 pariter
1326 2861 1632 2930 quicunque
1671 2859 1964 2928 cotnplices
1993 2861 2165 2914 exsti-

567 2949 757 3026 terint,
801 2969 960 3028 atque
1007 2957 1074 3008 ab
1113 2955 1201 3008 illa
1248 2953 1440 3006 merito
1479 2967 1599 3006 cum
1653 2951 1736 3006 his
1786 2952 2162 3008 communione

573 3045 840 3112 discretus
866 3095 878 3118 ,
909 3069 938 3108 a
982 3067 1086 3122 qua
1118 3065 1175 3104 se
1207 3051 1318 3118 ipse
1350 3047 1582 3118 primum
1609 3063 1727 3102 eum
1756 3049 1864 3102 suis
1897 3049 2162 3103 consorti-

569 3133 678 3206 bus
723 3148 1004 3204 catholicis
1049 3145 1392 3216 pontificibus
1425 3144 1777 3210 discrepando
1819 3145 2162 3214 cognoscitur

574 3255 888 3310 separasse;
909 3241 1133 3310 jureque
1155 3221 1476 3292 sententiam
1501 3236 1590 3290 ille
1621 3235 1980 3290 damnationis
2004 3252 2202 3310 erce-1

573 3411 1056 3494 promulgandam;
1087 3419 1173 3490 qui
1217 3419 1366 3473 solus
1411 3434 1504 3488 pro
1533 3421 1780 3472 omnibus
1803 3421 1912 3474 suis
1939 3435 2162 3476 consor-

575 3513 717 3568 tibus
747 3501 800 3566 i'n
821 3503 1256 3566 'c'ommuuionem
1287 3525 1346 3566 se
1375 3511 1633 3565 recidisse
1663 3505 1903 3580 perfidia:
1934 3514 1998 3568 ad
2029 3529 2160 3583 apo-

572 3605 817 3659 stolicam
843 3605 1026 3659 sedem
1052 3593 1230 3660 missis
1253 3591 1443 3658 litteris
1466 3613 1548 3659 est
1570 3605 1866 3674 professus.
1901 3607 1998 3662 Cui
2027 3609 2159 3662 Aca-

572 3698 653 3751 cio
686 3739 700 3764 ,
727 3689 780 3750 'si
811 3683 1344 3752 communicaverant
1380 3697 1682 3751 Orientales
1724 3698 1964 3770 episcopi
2009 3710 2161 3756 ante-

575 3803 735 3858 quam
761 3785 865 3841 huc
891 3777 1116 3840 referret
1159 3786 1250 3857 [aL
1277 3771 1629 3858 referretur],
1661 3789 1774 3856 pari
1806 3789 1988 3859 utique
2014 3801 2160 3846 reatu

575 3885 692 3938 sine
746 3883 904 3938 dubio
933 3882 954 3913 ⁸
985 3883 1312 3952 probabatur
1342 3883 1568 3951 involvi,
1611 3884 1844 3954 jureque
1885 3901 1980 3956 per
2011 3887 2159 3944 illum

575 3965 1020 4044 transgressionis
1070 3976 1390 4028 sententiam
1443 3989 1795 4044 susceperunt
1828 4018 1842 4042 ,
1903 3985 2156 4048 tanquam

570 4067 698 4123 facti
742 4084 862 4123 cum
897 4068 1087 4123 eodem
1129 4065 1526 4121 communionis
1564 4077 1833 4136 externae;
1864 4070 1952 4139 qui
1977 4070 2160 4142 utique

571 4175 678 4216 non
699 4147 916 4214 consuli
951 4143 1208 4228 tanquam
1257 4149 1455 4212 nostra:
1486 4149 1882 4216 communionis
1915 4162 2158 4217 homines

567 4251 675 4322 jam
710 4237 988 4314 deberent,
1020 4249 1114 4304 sed
1161 4243 1412 4317 tanquam
1446 4248 1497 4303 in
1525 4253 1797 4308 contrario
1819 4253 1976 4322 positi
2024 4270 2156 4310 con-

557 4341 735 4395 ‘sortio
773 4341 1013 4396 refutari.
1041 4335 1104 4393 ’Si
1133 4355 1262 4394 vero
1303 4355 1410 4393 non
1445 4345 1975 4398 communieaverant
2003 4357 2157 4400 ante-

561 4429 727 4500 quam
760 4425 985 4484 Aeaeius
1017 4429 1118 4482 huc
1145 4429 1372 4483 referret
1403 4429 1496 4502 [αι.
1528 4432 1888 4506 referretur],
1919 4447 1972 4490 et
2013 4453 2159 4492 com-

565 4521 1148 4576 ‘nmnicantetn'notare
1178 4517 1496 4586 debuera‘nt,
1527 4517 1582 4575 'et
1607 4521 1720 4592 ipse
1749 4523 1816 4578 de
1847 4517 2034 4582 eodem
2065 4544 2158 4599 po.

2277 2015 2482 2083 punita,
2535 2017 2730 2084 pariter
2769 2031 2982 2085 quoque
3013 2011 3133 2071 cum
3186 2017 3398 2080 eodem,
3453 2019 3532 2072 vel
3577 2011 3628 2072 in
3667 2013 3860 2074 eodem

2274 2117 2353 2161 est
2382 2109 2702 2174 complicum
2735 2109 3086 2180 transgressio
3110 2099 3286 2180 punita
3321 2103 3652 2166 cunctorum.
3679 2113 3699 2142 ⁵
3719 2103 3854 2178 Quae

2275 2211 2451 2254 tamen
2485 2203 2750 2256 sententia
2785 2203 2834 2255 in
2879 2201 3133 2257 Acacium
3165 2204 3427 2259 destinata
3456 2247 3468 2269 ,
3503 2207 3604 2260 etsi
3641 2201 3860 2260 nomine

2273 2289 2642 2349 tantummodo
2695 2289 2938 2364 praesulis
2979 2293 3258 2366 apostolici
3289 2339 3305 2366 ,
3347 2295 3500 2367 cujus
3531 2309 3646 2354 erat
3677 2307 3860 2370 utique

2277 2387 2558 2456 potestatis
2607 2389 2856 2460 legitimae
2885 2429 2897 2454 ,
2931 2391 3185 2460 probatur
3213 2383 3333 2446 esse
3359 2389 3694 2464 deprompta,
3727 2410 3859 2463 prte-

2271 2483 2424 2552 cipue
2452 2499 2571 2538 cum
2603 2494 2815 2539 secreto
2847 2483 3122 2554 dirigenda
3157 2485 3429 2541 videretur
3462 2505 3474 2540 :
3502 2497 3569 2542 n’e
3598 2487 3858 2544 custodiis

2271 2577 2465 2646 ubique
2491 2573 2763 2646 praetentis
2793 2573 3077 2647 dispositio
3105 2577 3357 2634 salutaris
3390 2579 3716 2649 quibuslibet
3751 2581 3856 2636 dif-

2273 2669 2596 2724 ficultatibus
2629 2667 2886 2739 impedita
2933 2661 3295 2726 necessarium
3329 2665 3525 2728 habere
3575 2691 3684 2729 non
3739 2691 3856 2746 pos-

2267 2771 2350 2816 set
2380 2761 2659 2828 effectum;
2687 2765 3003 2832 tamenquia
3033 2757 3348 2819 orthodoxis
3381 2765 3575 2836 ubique
3606 2767 3849 2837 dejeCtis,

2265 2843 2322 2908 et
2347 2845 2613 2909 limreticis
2637 2847 3008 2910 tantummodo
3038 2871 3332 2928 eorumque
3365 2861 3704 2914 consortibus
3739 2861 3848 2930 jam

2267 2949 2468 3003 relictis
2515 2943 2568 3003 in
2600 2939 2849 3016 Oriente,
2893 2951 3143 3004 catholici
3189 2943 3470 3020 pontiﬁces
3521 2963 3610 3008 aut
3655 2953 3852 3009 residui

2266 3041 2484 3094 omnino
2517 3057 2622 3094 non
2653 3051 2868 3110 es-ent,
2918 3052 3007 3096 aut
3035 3043 3232 3096 nullam
3263 3037 3509 3114 gererent
3551 3045 3852 3102 libertatem

2267 3129 2615 3204 plurimorum
2659 3135 2709 3186 in
2757 3133 2902 3188 Italia
2943 3135 3329 3190 catholicorum
3379 3141 3854 3209 congregatio'sa-

2265 3215 2570 3291 cerdotum;
2628 3225 3015 3280 rationabiliter
3065 3227 3116 3281 in
3167 3225 3417 3283 Aeni-ium
3464 3229 3484 3260 ⁶
3535 3234 3855 3286 sententiam

573 3332 672 3402 pit,
731 3307 1053 3400 ctete'riSque
1109 3329 1446 3383 consortibus
1499 3344 1619 3382 cum
1661 3329 1771 3390 suis
1823 3299 2517 3388 consortibusGICOgno'vit
2573 3311 2741 3374 fuisse
2799 3313 3096 3390 proltilam.
3152 3313 3270 3391 (ιυάε
3323 3321 3662 3393 congregatio
3713 3319 3858 3382 facta

2269 3411 2576 3484 pontiﬁcum
2627 3407 2734 3466 non
2790 3424 2975 3466 c0ntra
3023 3413 3534 3482 Chalcedonensem,
3581 3431 3691 3470 non
3733 3425 3858 3472 tan-

2267 3529 2426 3582 quam
2481 3529 2617 3567 nova
2685 3511 2919 3581 synodus
2988 3522 3170 3567 contra
3229 3505 3461 3570 veterem
3521 3515 3858 3584 primamque

2263 3587 2599 3673 i’cognovit;
2630 3604 2721 3658 sed
2773 3605 2950 3672 potius
3003 3607 3294 3660 secundum
3353 3617 3592 3662 tenorem
3653 3609 3856 3664 veteris

2266 3698 2535 3752 constituti
2593 3699 2860 3767 particeps
2899 3701 3208 3770 apostolica:
3250 3701 3614 3776 exsecutionis
3659 3687 3852 3758 effecta

2267 3801 2377 3852 est;
2404 3801 2456 3845 ut
2487 3791 2617 3844 satis
2644 3776 2896 3860 appareat
2921 3792 3213 3846 Ecclesiam
3246 3794 3564 3850 catholicam
3594 3835 3608 3858 ,
3641 3796 3853 3850 sedem-

2265 3900 2369 3956 que
2392 3885 2740 3954 :tpnleIicam
2764 3927 2779 3951 ,
2813 3886 2934 3956 quia
2963 3887 3088 3942 alibi
3109 3887 3219 3955 jam
3251 3889 3472 3942 omnino
3494 3903 3600 3942 non
3637 3899 3849 3957 posset,

2265 3977 2352 4032 ubi
2387 3978 2555 4046 potuit
2585 4019 2600 4044 ,
2629 3990 2679 4032 et
2709 3994 2828 4032 cum
2858 3981 3048 4048 quibus
3073 3982 3261 4048 potuit,
3297 3977 3426 4034 nihil
3461 3981 3673 4048 penitus
3706 3981 3844 4036 omi-

2229 4143 2232 4146 ἢ
2263 4069 2418 4134 sisse,
2444 4071 2584 4139 quod
2614 4070 2677 4124 ad
2715 4061 3003 4124 fraternum
3037 4073 3330 4140 pertineret
3361 4074 3382 4104 ⁸
3411 4087 3506 4142 pro
3531 4074 3848 4127 intemerata

2264 4171 2319 4218 et
2343 4163 2550 4244 sincera
2592 4165 2972 4218 communione
3006 4173 3322 4229 tractatum;
3353 4169 3372 4198 ο
3403 4180 3521 4234 qua:
3563 4181 3684 4220 cum
3728 4167 3844 4220 uni-

2263 4273 2416 4312 versa
2471 4260 2718 4312 noverint
2767 4259 2856 4328 qui
2907 4259 3153 4314 videntur
3185 4260 3436 4314 Eeclesiis
3485 4261 3852 4318 Orientalibus

2263 4364 2404 4404 nunc
2418 4366 2676 4420 prmesse,
2698 4359 2974 4420 propterea
2989 4349 3343 4406 Christianam
3361 4353 3596 4422 reparari
3613 4355 3850 4424 legitima

2263 4442 2536 4496 curatione
2567 4443 2834 4512 refugiunt
2865 4443 3156 4510 unitatem;
3193 4444 3316 4514 quia
3357 4444 3698 4500 occasionem
3731 4425 3851 4502 dis-

2261 4533 2526 4586 sensionis
2569 4523 2726 4602 hujus
2771 4532 2881 4587 suis
2931 4533 3314 4589 ambitionibus
3342 4535 3725 4606 sutl‘ragantem
3755 4537 3854 4593 de-

569 4615 673 4667 tius
705 4607 806 4665 huc
837 4607 1084 4704 rel‘erre,
1115 4607 1274 4702 atque
1304 4611 1614 4704 apostolicte
1644 4613 1787 4670 sedis
1819 4618 2000 4687 vigore
2031 4637 2236 4738 ρετ-,Β
2257 4615 2586 4694 ’ρυηεῐθὶληι
2617 4617 2895 4688 recusant;
2918 4625 3039 4694 quia
3063 4625 3177 4680 sine
3204 4628 3523 4683 auctetitate
3548 4629 3692 4683 sedis
3715 4645 3854 4700 apo-

569 4706 774 4738 nulsum
797 4703 1353 4738 enm-itnnn'mnrnhora
1400 4719 1703 4738 nnmnnnnn
1721 4708 2149 4738 οηιιηηηληιηιιι-
2264 4716 2459 4738 -.-ιε-..
2514 4717 2744 4738 -μ..2--..-
2800 4715 3158 4738 η,-ι-μξ----μ
3219 4707 3406 4738 ,ψη-κζ
3460 4721 3470 4732 ο
3552 4737 3562 4738 ,
3664 4737 3674 4738 ,
3730 4722 3752 4738 ι-

539 4717 542 4724 ·
568 4706 776 4760 culsum
797 4697 988 4758 merito
1001 4689 1376 4772 comprobare,
1400 4699 1628 4775 cumque
1644 4722 1705 4762 ea
1721 4708 1848 4766 sede
1862 4689 2152 4782 apostolica

566 4795 832 4865 tantisque
873 4793 979 4849 illis
1027 4793 1309 4849 catholicis
1349 4795 1692 4866 pontificibus
1757 4805 1925 4874 magis
1971 4816 2154 4865 tenere

565 4887 931 4943 concordiam.
977 4887 1083 4942 Sed
1133 4887 1254 4956 quia
1284 4888 1350 4944 ab
1375 4887 1588 4945 illorum
1621 4893 1878 4951 societate
1909 4897 2150 4956 descive-

565 4991 718 5048 rant,
748 4993 800 5037 et
836 4981 1040 5074 eurum.
1066 4971 1470 5040 successoribus
1503 4989 1905 5046 communicare
1935 4987 2150 5066 delege-

563 5085 718 5141 rant;
747 5075 868 5129 ideo
897 5073 1016 5128 cum
1031 5069 1167 5129 sede
1194 5069 1486 5144 apOStOIica
1505 5077 1726 5133 minime
1755 5085 2149 5155 congruebant;

635 5263 652 5292 ί
693 5261 770 5315 Id.
794 5247 1059 5332 cod.,|h'oc
1095 5253 1288 5332 forma.

631 5333 652 5364 ⁸
693 5332 770 5386 Id.
801 5331 962 5394 ‘cod.,
1009 5331 1162 5385 etiam
1215 5335 1586 5388 communionis
1638 5337 1857 5394 extenua:
1898 5341 2104 5409 eﬂ'ectos

631 5417 710 5456 me
735 5403 1094 5456 ideocum'eis
1119 5420 1230 5456 nec.
1253 5413 1356 5456 etc.

559 5411 710 5473 atque
735 5411 1094 5468 ideocum'eiq
1119 5420 1230 5467 nec,
1253 5413 1356 5458 etc.

599 5467 655 5503 "
697 5474 821 5528 llrec
848 5474 1045 5530 desunt
1073 5473 1127 5528 in
1157 5475 1278 5529 cod.
1309 5476 1620 5532 Veronensi.

634 5541 657 5622 ξ
795 5545 937 5622 cod,
967 5546 1354 5622 probabantur;

637 5613 658 5692 ξ’
691 5607 931 5692 'Id.c_o'd.,
957 5607 1278 5692 cunctorum.
1307 5607 1517 5692 Quand
1544 5613 1933 5676 inslrticlio'riet'n
1963 5633 2140 5680 vestrw

563 5683 996 5764 dilectionis‘satis
1027 5685 1324 5764 abundeque
1349 5687 1574 5758 sufﬁcere
1595 5691 1890 5764 judicaintis
1916 5735 1928 5755 ,
1959 5712 2139 5764 quam-
2181 5717 2190 5726 ·

565 5758 639 5830 vis
655 5756 828 5808 eadem
847 5754 1021 5823 latius,
1045 5759 1086 5810 si
1111 5757 1358 5812 Dominus
1375 5754 1674 5815 concesserit
1687 5754 2002 5830 facultatem,
2033 5763 2142 5818 alu-

567 5829 774 5906 deantus
798 5841 1064 5906 exponere,
1088 5840 1329 5906 quatenus
1347 5842 1392 5885 et
1403 5833 1631 5906 ﬁdelium
1655 5829 1863 5904 quisque
1875 5848 2140 5906 cognoscat

569 5899 696 5956 nihil
728 5898 1054 5968 apostolicam
1092 5905 1258 5956 sedem
1279 5943 1294 5969 ,
1327 5898 1462 5970 quoa
1488 5901 1644 5974 absit,
1667 5898 2005 5974 'praiprove're
2029 5923 2142 5968 cen-

2261 4716 2463 4772 stoliea:
2509 4717 2748 4772 omnium
2799 4715 3164 4772 Ecelesiarum
3219 4721 3413 4787 passim
3451 4721 3574 4790 jura
3619 4722 3855 4778 confun-

2262 4807 2420 4874 dant,
2468 4809 2635 4878 magis
2683 4808 2941 4878 eligentes
2987 4809 3042 4862 in
3091 4825 3276 4866 errore
3317 4817 3630 4881 persistere,
3681 4830 3852 4885 quam

2227 4893 2738 4974 'prtesumptionum
2791 4917 3004 4956 suarum
3065 4904 3290 4973 perdere
3345 4906 3677 4976 facultatem,
3722 4910 3853 4980 plus

2259 4987 2666 5065 usurpationum
2725 5009 2942 5048 suarum
3003 4996 3272 5051 licentiam
3343 4998 3626 5069 diligentes
3681 5017 3851 5071 quam

2260 5086 2421 5143 divini
2459 5085 2644 5156 judicii
2693 5093 2936 5139 tenentes
2967 5085 3127 5140 corde
3157 5097 3484 5156 respectum.
3522 5089 3576 5144 In
3609 5105 3718 5160 quo
3749 5107 3854 5147 ne-

2255 5273 2432 5328 suisse.
2474 5271 2597 5325 Haec
2617 5283 2646 5322 a
2677 5266 3218 5339 Labbeoafl'eruntur
3244 5269 3309 5323 ad
3341 5270 3542 5324 calcem
3571 5270 3845 5339 epistolae.

2327 5344 2347 5374 ⁸
2387 5341 2517 5398 Cod.
2555 5339 2751 5412 Veron.
2801 5338 3002 5412 omisso
3035 5341 3201 5393 verbo
3231 5343 3534 5394 sententiam
3578 5338 3648 5395 ita
3684 5343 3844 5412 Iegil,

2254 5415 2306 5468 in
2339 5414 2582 5467 Acacium
2615 5411 2771 5480 fuisse
2793 5410 3014 5480 profata.

2323 5488 2344 5517 '
2385 5485 2460 5537 Id.
2503 5481 2644 5544 eod.,
2677 5480 2938 5535 Convenit.

2323 5557 2344 5588 ⁸
2383 5555 2460 5608 Id.
2487 5553 2630 5620 cod.,
2663 5569 2754 5618 pro
2781 5551 3084 5604 intemerata
3113 5552 3238 5620 ﬁde.

2319 5629 2344 5694 _’
2385 5625 2480 5680 Hic
2519 5619 2696 5678 deﬁcit
2749 5622 2864 5675 inec
2905 5619 3129 5694 epistola
3159 5623 3212 5676 in
3248 5619 3380 5694 Cod.
3415 5621 3750 5694 Veronensj,
3787 5625 3848 5678 in

2245 5692 2354 5766 ‘quo
2387 5697 2500 5751 haec
2529 5693 2870 5766 subtluntur;
2909 5692 3136 5766 Explicit
3172 5693 3382 5766 rationis
3411 5693 3682 5746 reddenda:
3707 5697 3852 5747 Aca-

2244 5763 2380 5822 cium
2427 5785 2458 5820 a
2498 5766 2613 5819 sede
2654 5764 2933 5834 apostolica
2987 5763 3147 5832 fuisse
3186 5765 3520 5834 damnatum,
3551 5780 3645 5834 nec
3691 5781 3854 5830 posse

2244 5855 2539 5908 quemquam
2566 5837 2672 5889 sine
2703 5834 2996 5908 discrimine
3027 5834 3211 5890 animi:
3237 5851 3342 5890 tute
3369 5837 3486 5890 eius
3517 5837 3852 5892 communia.

2249 5905 2328 5972 nis
2357 5905 2653 5982 participem
2693 5905 2830 5974 ﬁeri.
