4104 6356
1980 323 1998 332 -
2042 304 2296 350 ’πονου-δι

325 408 396 464 π
1528 404 1883 467 ertsroue
1921 403 2010 461 ET
2053 404 2399 466 necne“.
3530 410 3599 495 73

324 528 478 577 cesse
502 530 580 575 est
609 521 773 577 velint
795 520 965 577 nolint
992 530 1098 577 tam
1127 522 1193 577 de
1246 521 1367 578 fidei
1407 523 1907 593 communionisque
1935 523 1987 581 Α
2014 518 2200 575 liceret
2222 520 2441 588 iterare,
2462 523 2665 579 nullum
2698 534 2881 583 contra
2914 527 3417 611 singulosquosque
3443 544 3599 615 pror.

325 612 607 667 catholicae
638 614 945 668 sinceritate
977 614 1219 683 neglecta
1239 656 1253 679 ,
1281 629 1437 684 quam
1462 615 1527 669 de
1549 614 1790 683 paternis
1817 627 1910 667 ca—

325 702 559 758 nonibus
586 704 864 759 evidenter
891 705 1110 774 irrup’tis
1141 706 1403 774 recipiant
1436 705 1577 774 quod
1607 714 1910 768 merentur,

324 797 427 852 nisi
480 797 605 851 dum
664 798 752 852 hic
827 806 1037 867 tempus
1091 800 1323 854 admittit
1375 800 1491 855 hzec
1546 798 1911 853 damnationis

327 901 544 946 ueterum
572 891 811 961 pericula
840 894 1095 947 correctis
1140 893 1409 947 mentibus
1457 893 1705 947 studeant
1755 890 1913 945 decli-

327 996 458 1038 nare
481 1025 496 1047 ,
544 993 603 1037 ut
632 984 840 1052 possint
882 1001 986 1039 non
1016 984 1151 1040 tales
1176 999 1516 1054 permanere,
1546 984 1737 1053 qm’bus
1768 984 1913 1037 inso-

326 1076 509 1131 lubilis
538 1088 617 1130 est
644 1076 751 1129 lata
795 1077 1080 1131 sententia.
1124 1075 1229 1132 Sed
1261 1091 1289 1130 a
1336 1076 1531 1130 talibus
1572 1075 1911 1139 recedentes,

326 1167 395 1221 ab
422 1168 609 1223 eadem
641 1169 904 1223 sententia
934 1184 1038 1223 non
1074 1170 1239 1223 teneri
1271 1187 1282 1221 :
1329 1185 1449 1238 quae
1482 1169 1619 1222 sicut
1649 1172 1697 1222 in
1731 1182 1915 1223 errore

328 1261 646 1315 durantibus
666 1270 936 1331 nunquam
960 1263 1212 1319 solvenda
1239 1263 1454 1331 pr:cfixa
1483 1273 1558 1318 est
1584 1306 1598 1329 ,
1632 1263 1709 1317 sic
1731 1263 1797 1315 ab
1831 1261 1916 1315 his

327 1356 434 1411 erit
461 1355 632 1409 aliena
649 1357 802 1454 “qui
842 1357 1151 1412 exstiterint
1203 1358 1484 1427 punienda:
1514 1358 1793 1426 pravitatis
1823 1356 1917 1409 im-

329 1459 541 1500 munes.
592 1446 717 1501 Hdie
762 1462 890 1502 vero
920 1448 985 1501 ad
1014 1450 1420 1504 instructionem
1457 1460 1646 1504 vestrae
1674 1448 1917 1503 dilectio-

330 1541 417 1594 nis
470 1541 601 1595 satis
637 1541 953 1613 abundeque
992 1543 1240 1598 sufficere
1291 1544 1614 1612 jndicamus,
1672 1544 1914 1611 quamvis

329 1632 518 1687 eadem
569 1633 761 1701 latius,
795 1636 841 1687 si
896 1635 1152 1689 Dominus
1210 1638 1536 1691 concesserit
1588 1636 1915 1700 facultatem,

332 1724 648 1779 Studeamus
686 1740 957 1793 exponere
992 1746 1004 1780 :
1049 1736 1309 1795 quatenus
1348 1740 1403 1783 et
1434 1728 1663 1781 ﬁdelium
1692 1728 1921 1796 quisque

331 1824 676 1885 cognoscat,
727 1817 865 1871 nihil
914 1821 1263 1886 apostolicam
1315 1820 1496 1873 sedem
1544 1818 1707 1886 (quod
1760 1812 1921 1883 absit)

2016 626 2107 666 sus
2142 625 2355 667 errores
2381 614 2573 669 stabile
2606 619 2910 681 persistere!
2950 624 3202 683 Ecclesia:
3224 632 3598 710 constitutum,

2015 714 2079 755 ac
2122 718 2337 774 semper
2367 705 2554 760 iisdem
2596 708 2868 767 furoribus
2898 716 3148 775 recidivis
3172 731 3363 781 omnis
3392 705 3597 805 integra

2018 794 2265 852 definitio
2297 800 2621 855 turbaretur.
2644 802 2774 857 Nam
2800 806 2843 859 si
2877 809 3135 869 limitibus
3164 820 3322 875 etiam
3368 794 3599 893 praeditis

2019 892 2312 959 positarum
2344 894 2510 949 semel
2533 896 2867 967 synodalium
2900 908 3223 977 regularum,
3260 892 3601 982 nonicegsam

2019 984 2169 1038 elisa:
2204 994 2381 1053 pestes
2429 992 2718 1059 resumptis
2759 998 3171 1067 certaminibus,
3208 1004 3390 1066 contra
3419 1015 3602 1075 iunda.

2020 1084 2261 1177 men-tum
2288 1090 2406 1131 sese
2433 1081 2678 1135 veritatis
2710 1085 2976 1151 attollere,
3008 1101 3060 1143 et
3088 1092 3349 1164 simplicia
3381 1104 3603 1177 quicque

2020 1164 2183 1219 corda
2233 1178 2554 1236 percutere:
2605 1173 2727 1241 quid
2783 1174 2932 1231 ﬁeret
2980 1183 3021 1233 si
3074 1180 3301 1242 subinde
3351 1164 3428 1245 fas
3465 1164 3605 1257 esset

2022 1256 2245 1324 perﬁdis
2272 1259 2408 1314 inire
2435 1264 2759 1319 concilium?
2788 1282 2905 1321 cum
2926 1272 3173 1339 qurelibet
3212 1278 3294 1333 illa
3328 1256 3604 1347 manifesta

2023 1347 2095 1400 sit
2122 1350 2321 1403 veritas
2350 1394 2362 1415 ,
2392 1367 2663 1423 nunquam
2715 1357 2852 1412 desit
2897 1364 3037 1430 quod
3071 1371 3367 1434 perniciosa
3413 1375 3608 1447 depr0<

2023 1451 2135 1495 mat
2163 1442 2371 1500 falsitas
2393 1487 2406 1509 ,
2436 1448 2537 1500 etsi
2570 1452 2807 1517 ratione,
2845 1456 2927 1509 ve’l
2972 1461 3292 1520 auctoritate
3326 1442 3603 1541 tlefieiens,

2024 1534 2138 1587 sola
2198 1546 2372 1592 tamen
2426 1541 2724 1599 intentione
2779 1562 2883 1602 non
2932 1552 3147 1610 cedens.
3186 1554 3329 1624 Quae
3378 1534 3607 1634 majores

2022 1630 2193 1682 nostri
2225 1630 2400 1685 divina
2432 1634 2783 1704 inspiratione
2810 1656 3126 1711 cernentes,
3155 1630 3610 1728 necessarie'prae-

2023 1732 2307 1788 caverunt,
2358 1737 2416 1780 ut
2464 1728 2605 1795 quod
2648 1743 2832 1786 contra
2884 1751 3316 1813 unamquamque
3364 1747 3610 1809 Itazresim

2028 1822 2212 1869 coacta
2244 1821 2483 1888 synodus
2514 1838 2610 1888 pro
2644 1825 2743 1879 lide
2771 1871 2783 1891 ,
2815 1832 3224 1902 communione,
3258 1840 3485 1897 veritate
3515 1861 3612 1900 ca-

335 1921 683 1976 praapropere
707 1910 1005 1974 censuisse,
1036 1919 1088 1964 et
1113 1924 1215 1962 non
1249 1909 1445 1963 habere
1477 1910 1615 1978 quod
1635 1909 1778 1978 juste
1804 1920 1923 1975 pos-
1952 1899 2006 1960 Β
2033 1907 2231 1963 tholica
2264 1921 2422 1973 atque
2449 1914 2742 1982 apostolica
2774 1923 3183 1992 promulgasset,
3213 1899 3327 1984 non
3376 1934 3613 2000 sinerent

337 2000 407 2054 sit
437 2014 731 2069 opponere,
770 2014 1018 2070 perversa
1067 2005 1322 2059 doceatur
1373 2004 1707 2074 improbitas.
1764 2003 1927 2056 Recte

332 2099 514 2146 autem
545 2094 701 2147 faciet
728 2104 905 2149 vestra
937 2096 1154 2150 dilectio
1181 2141 1193 2161 ,
1235 2107 1286 2150 ut
1324 2098 1424 2151 ista
1457 2110 1575 2165 qua:
1615 2095 1921 2159 scribimus,

332 2186 541 2253 pariter
590 2185 870 2242 catholicis
910 2199 960 2242 et
1014 2190 1283 2243 contraria
1336 2191 1671 2257 sapientibus
1713 2190 1923 2243 innote-

330 2285 531 2329 scant:
583 2293 688 2347 quo
739 2290 789 2332 et
846 2280 991 2332 sinis
1044 2281 1345 2335 necessaria
1399 2281 1644 2347 firmitas,
1688 2290 1741 2333 et
1786 2279 1923 2335 male

329 2369 479 2423 sanis
512 2382 825 2440 competens
857 2371 1121 2426 medicina
1158 2373 1481 2441 przcbeatur.
1529 2373 1716 2426 Datum
1745 2372 1923 2426 calen-

331 2462 417 2517 dis
447 2463 751 2532 Februarii,
787 2466 801 2496 ¹
830 2465 1041 2520 Victore
1062 2467 1175 2519 viro
1198 2468 1501 2522 clarissimo
1531 2466 1773 2522 consule.

783 2600 1088 2657 EIUSDEM
1131 2601 1485 2658 EPISTOLIE

890 2737 1028 2775 F01!!!
1037 2739 1063 2776 Λ
1108 2738 1349 2779 BREVIOR.

406 2832 779 2889 Dilectissimis
845 2837 1094 2892 fratribus
1160 2840 1426 2894 universis
1495 2836 1762 2909 episcopis
1832 2848 1926 2907 per

326 2926 654 2982 Dardaniam
686 2932 996 2986 constitutis
1024 2932 1290 2987 Gelasius.

408 3018 571 3073 Valde
603 3023 783 3075 mirati
838 3037 1045 3089 sumus,
1106 3025 1248 3093 quod
1287 3035 1465 3080 vestra
1524 3023 1740 3078 dilectio
1766 3021 1926 3091 quasi

326 3124 529 3163 novam
581 3124 634 3167 et
680 3115 846 3167 veluti
901 3117 1177 3171 difficilem
1227 3118 1605 3187 quaestionem,
1654 3126 1707 3172 et
1754 3115 1927 3169 adhuc

338 3205 923 3272 tanquaminauditum
956 3211 1224 3277 quippiam
1271 3226 1430 3266 nosse
1460 3212 1760 3275 desiderat,
1787 3206 1927 3277 quod

2032 1998 2187 2052 novis
2228 2009 2345 2064 post
2390 2002 2504 2057 haec
2534 2011 3001 2067 retractationihus
3034 2019 3293 2088 mutilari,
3344 2040 3409 2081 ne
3439 1998 3614 2097 pravis

2034 2092 2250 2147 occasio
2292 2096 2621 2162 praeberetur
2663 2112 2780 2167 qua:
2833 2107 3223 2167 tucdicinaliter
3252 2092 3467 2174 fuerant
3501 2134 3615 2178 sta-

2024 2188 2144 2236 tuta
2204 2186 2477 2254 pulsandi;
2524 2190 2615 2244 sed
2669 2202 2889 2249 auctore
2930 2200 3214 2268 cujuslibet
3262 2208 3502 2280 insanire,
3554 2232 3615 2273 ao

2020 2277 2233 2344 ’pariter
2286 2292 2472 2335 errore
2522 2280 2818 2355 damnato,
2863 2290 3109 2349 sufficere
3160 2277 3497 2374 judicarunt,
3558 2316 3615 2366 ut

2029 2368 2277 2439 quisquis
2349 2374 2637 2443 aliquando
2708 2380 2865 2449 hujus
2929 2388 3128 2442 erroris
3185 2368 3613 2455 conuuunic’ator

2031 2461 2305 2527 existeret,
2336 2466 2616 2537 principali
2648 2474 2910 2527 sententia
2937 2476 3294 2538 damnationis
3326 2485 3439 2556 ejus
3463 2498 3611 2546 esset

2030 2556 2359 2625 obstrictus;
2405 2563 2657 2629 quoniam
2704 2567 2985 2625 manifeste
3029 2572 3251 2641 quilibet
3287 2579 3368 2634 vel
3400 2584 3610 2651 profes-

2029 2650 2182 2706 sione
2203 2666 2317 2718 sua,
2350 2654 2435 2709 vel
2466 2659 2845 2715 communione
2881 2675 3059 2729 pos-et
3089 2672 3323 2738 agnosci.

2100 2742 2168 2796 Et
2189 2752 2249 2797 ut
2278 2745 2556 2803 brevitatis
2587 2764 2748 2804 causa
2788 2753 2966 2821 priora
3002 2748 3269 2816 taceamus
3294 2805 3308 2828 ,
3341 2781 3458 2835 quae
3495 2769 3616 2825 oili.

2022 2838 2160 2904 gens
2192 2836 2479 2906 inquisitor
2528 2838 2683 2897 facile
2722 2846 2919 2912 poterit
2965 2850 3227 2920 vestigare
3262 2873 3270 2906 :
3325 2855 3615 2919 Sabelliutn

2029 2924 2299 2980 damnavit
2332 2928 2567 2999 synodus
2592 2973 2605 2995 ,
2645 2947 2745 2988 nec
2774 2934 2873 2989 fuit
2910 2952 3128 2995 necesse
3176 2953 3233 2998 ut
3283 2946 3398 3016 ejus
3441 2963 3615 3007 secta-

2016 3024 2174 3072 “tores
2197 3027 2382 3087 postea
2433 3020 2839 3091 damnarentur,
2886 3030 3124 3097 singulas
3153 3034 3348 3091 viritim
3378 3043 3615 3111 synodos

2031 3110 2293 3166 celebrari
2325 3155 2337 3176 ,
2393 3116 2488 3170 sed
2547 3132 2641 3186 pro
2698 3131 2884 3176 tenore
2934 3126 3332 3185 constitutionis
3382 3135 3616 3206 antiquas

2020 3214 2253 3259 'cunctos
2298 3207 2386 3275 qui
2437 3208 2519 3263 vel
2560 3211 2837 3279 pravitatis
2884 3214 3023 3269 illius
3050 3259 3063 3281 ,
3096 3220 3177 3275 vel
3220 3228 3617 3285 communionis

326 3293 689 3363 Eutychianae
740 3297 1057 3365 pestilentia:
1101 3301 1614 3366 communicatores,
1674 3318 1778 3356 non
1826 3301 1919 3354 ha-
1942 3273 1993 3340 Ε
2020 3297 2283 3353 Ὁκεῐίῑρνρ
2315 3303 2604 3372 participes
2626 3346 2639 3368 ,
2674 3307 2994 3364 universalis
3021 3311 3257 3369 Ecclesia
3294 3317 3444 3375 duxit
3484 3320 3608 3378 esse

332 3384 527 3441 hentes
547 3388 674 3457 quid
710 3404 808 3459 pro
839 3404 948 3443 sua:
981 3393 1296 3460 perditionis
1327 3396 1683 3449 obstinatione
1708 3407 1927 3462 respon-

320 3479 495 3536 deant
522 3523 537 3546 ,
569 3482 835 3551 frequenti
858 3483 973 3551 jam
1000 3486 1215 3539 ratione
1247 3485 1512 3553 convicti,
1559 3488 1672 3540 sola
1706 3493 1929 3539 conten-

322 3574 481 3628 tione
535 3574 974 3629 submurmurant
1018 3595 1027 3627 :
1074 3593 1177 3631 non
1228 3570 1352 3647 quia
1416 3580 1487 3631 sit
1536 3578 1760 3647 alicujus
1810 3589 1927 3630 mo-

334 3664 501 3719 menti
529 3665 668 3735 quod
701 3669 941 3735 garriunt
970 3709 983 3733 ,
1018 3683 1116 3723 nec
1146 3670 1423 3723 inveniunt
1455 3670 1665 3739 penitus
1687 3668 1813 3739 quid
1846 3668 1926 3723 lo-

334 3748 587 3827 quanfur.
612 3757 717 3816 Ubi
747 3762 913 3831 magis
944 3773 1037 3817 eos
1068 3765 1155 3833 qui
1177 3765 1453 3819 catholicis
1484 3764 1731 3819 sensibus
1764 3764 1919 3818 insti-

320 3852 435 3906 tuti
462 3860 612 3920 sunt,
645 3853 821 3908 adhuc
850 3850 1065 3910 haerere
1098 3858 1378 3923 miramur,
1430 3871 1586 3926 quam
1628 3858 1747 3911 illos
1778 3857 1866 3925 qui
1895 3873 1921 3909 a

333 3944 563 4000 veritate
585 3946 921 4015 exciderunt,
950 3956 1003 4002 et
1031 3951 1095 4003 ab
1122 3952 1338 4020 antiqua
1360 3949 1612 4004 Ecclesia:
1642 3949 1924 4006 traditione

334 4049 462 4094 sunt
493 4039 655 4106 devii,
691 4041 942 4109 procuras
970 4054 1160 4097 vocum
1194 4044 1459 4099 novitates
1497 4053 1547 4098 et
1570 4044 1798 4111 ineptias
1836 4054 1926 4096 ca-

336 4132 491 4187 ducae
516 4133 887 4204 perversitatis
906 4136 1218 4191 obtendere.
1248 4136 1450 4202 Quibus
1474 4152 1566 4190 eos
1594 4144 1767 4189 vestra
1792 4134 1927 4188 dile-

335 4225 447 4281 ctio
475 4226 658 4281 retulit
681 4227 966 4295 jactitare,
1010 4228 1138 4282 ideo
1166 4228 1416 4282 Acacium
1451 4243 1552 4281 non
1587 4238 1775 4296 putare
1804 4228 1924 4295 jure

336 4319 675 4387 damnatum,
722 4320 860 4389 quod
916 4334 1020 4375 non
1078 4337 1106 4375 a
1164 4322 1383 4392 speciali
1425 4321 1634 4390 synodo
1678 4320 1927 4375 videatur

338 4413 507 4468 fuisse
550 4412 821 4482 dejectus,
852 4424 905 4469 et
942 4416 1159 4485 insuper
1186 4414 1508 4469 dementiam
1537 4429 1647 4468 suae
1677 4412 1926 4469 vanitatis

338 4505 680 4560 accumulare
739 4508 1015 4573 pueriliter
1043 4552 1055 4573 ,
1098 4508 1461 4577 ndjlcientes:
1504 4511 1773 4578 prmcipuw
1800 4523 1927 4578 pon-

337 4600 529 4667 tiﬁcem
560 4603 715 4669 regia:
735 4602 967 4657 civitatis.
1005 4602 1342 4672 Quapropter
1372 4603 1645 4656 stultitiam
1671 4617 1926 4671 respuen-

337 4700 423 4745 tes
458 4692 692 4746 inanium
723 4696 1090 4763 querelarum,
1136 4710 1450 4762 percurrere
1491 4710 1583 4747 vos
1619 4704 1831 4763 oportet
1860 4696 1926 4750 ab

341 4783 473 4853 ipsis
507 4783 678 4838 beatis
707 4785 990 4854 apestolis,
1025 4794 1080 4840 et
1111 4786 1453 4840 considerare
1485 4786 1777 4854 prudenter
1797 4800 1928 4855 quo-

342 4877 483 4928 niam
520 4884 696 4944 patres
716 4879 888 4931 nostri
912 4919 926 4943 ,
961 4878 1213 4933 catholici
1244 4877 1494 4933 videlicet
1516 4876 1765 4944 doctique
1800 4893 1931 4947 pon-

340 4969 537 5036 tifices,
569 4970 621 5024 in
652 4974 973 5041 unaquaque
1003 4972 1196 5026 hatresi
1220 4971 1463 5042 quolibet
1495 4978 1739 5040 tempore
1760 4971 1932 5025 susci-

338 5069 449 5114 tata
480 5106 493 5130 ,
528 5061 789 5132 quidquid
822 5077 921 5133 pro
952 5063 1073 5119 fide
1104 5106 1118 5131 ,
1151 5078 1246 5133 pro
1270 5066 1498 5119 veritate
1518 5106 1532 5129 ,
1566 5078 1661 5132 pro
1692 5076 1932 5118 commu-

340 5156 506 5211 nione
546 5156 809 5213 catholica
856 5145 1018 5227 atque
1048 5160 1341 5227 apostolica
1372 5159 1663 5215 secundum
1695 5159 1933 5229 Scriptu-
2002 5162 2005 5163 ⁷

336 5262 521 5301 rarum
564 5249 829 5304 tramitem
878 5250 1427 5322 prtedicationemque
1476 5252 1737 5321 majorum
1795 5252 1934 5309 facta

340 5345 513 5399 semel
551 5346 968 5415 congregatione
1017 5354 1349 5413 sanxerunt,
1384 5348 1750 5401 inconvulsum
1784 5347 1933 5402 dein-

342 5449 473 5504 ceps
503 5435 814 5502 voluerint,
848 5437 1169 5507 firmumque
1202 5446 1450 5491 constare
1479 5482 1491 5503 ,
1530 5453 1626 5491 nec
1660 5438 1710 5491 in
1741 5436 1927 5493 eadem

341 5542 503 5583 causa
530 5527 711 5584 denuo
750 5544 867 5600 quae
892 5531 1129 5597 "prtcfixa.
1172 5530 1723 5597 fuerant'retractari,
1761 5532 1927 5601 quali-

340 5618 436 5674 th
462 5620 668 5674 recenti
695 5622 1110 5690 prmsumptione
1137 5621 1512 5691 permiserint;
1538 5622 1930 5689 sapientissime

346 5711 714 5779 providentes,
749 5714 996 5782 quoniam
1038 5714 1083 5767 si
1112 5713 1329 5768 decreta
1357 5712 1653 5767 salubriter
1680 5715 1923 5781 cuiquam

2031 3393 2368 3448 refutandos.
2416 3395 2505 3451 Sic
2559 3408 2777 3467 propter
2827 3400 3187 3471 blasphemias
3236 3409 3394 3479 Arii,
3443 3412 3617 3471 forma

2016 3482 2157 3538 'fidei
2180 3489 2673 3559 communionisqne
2697 3493 2975 3549 catholica:
3004 3497 3219 3555 Nicmno
3250 3504 3453 3572 prolata
3485 3525 3616 3565 con<

2030 3589 2214 3643 ventu,
2247 3580 2476 3635 Arianos
2515 3597 2700 3639 omnes
2720 3628 2733 3652 ,
2759 3588 2840 3641 vel
2874 3592 3113 3660 quisquis
3143 3595 3195 3650 in
3239 3599 3377 3655 hanc
3406 3613 3613 3671 pestem

2030 3669 2143 3723 sive
2165 3685 2325 3725 sensu
2357 3674 2469 3727 sive
2498 3679 2880 3734 communione
2901 3681 3180 3755 deciderit,
3211 3692 3329 3745 sine
3356 3669 3616 3753 retracta-

2029 3763 2174 3818 tione
2205 3767 2496 3823 concludit.
2532 3770 2620 3825 Sic
2654 3772 2975 3832 Eunomium
3007 3822 3019 3845 ,
3066 3781 3460 3859 Macedonium,
3512 3793 3617 3852 Ne-

2028 3857 2255 3911 Storium
2279 3900 2292 3922 ,
2326 3861 2564 3931 synodus
2595 3868 2761 3920 semel
2794 3878 2940 3937 gesta
2967 3873 3362 3945 condemnatis,
3395 3857 3616 3942 ulterius

2028 3945 2093 3998 ad
2145 3960 2280 4001 nova
2333 3952 2561 4007 concilia
2595 3957 2778 4011 venire
2825 3975 2928 4014 non
2980 3962 3143 4029 sivit;
3187 3968 3280 4021 sed
3337 3973 3615 4030 universos

2030 4053 2347 4110 quocunque
2370 4044 2529 4098 modo
2560 4046 2610 4099 in
2641 4047 2736 4101 has
2763 4048 3124 4119 blaSphemias
3151 4059 3469 4127 recidentes,
3504 4074 3615 4120 tra-

2028 4129 2143 4182 dito
2170 4131 2273 4185 sibi
2318 4132 2487 4190 limite
2530 4138 2771 4206 synodali
2815 4144 3067 4198 refutavit
3096 4145 3359 4212 Ecclesia,
3396 4169 3493 4207 nec
3523 4173 3618 4209 nn-

2032 4234 2188 4285 quam
2219 4230 2361 4275 recte
2392 4226 2621 4279 cessisse
2653 4228 2994 4282 manifestum
3024 4243 3099 4285 est
3123 4274 3135 4294 ,
3164 4236 3400 4301 qualibet
3432 4258 3617 4296 ncces-

2033 4310 2188 4365 sitate
2220 4323 2444 4380 cogente
2474 4359 2487 4381 ,
2517 4317 2727 4371 noviter
2763 4332 2881 4388 qttzu
2928 4322 3133 4378 fuerant
3173 4326 3461 4385 salubriter
3487 4351 3617 4390 cou-

2032 4407 2253 4473 stituta,
2300 4418 2614 4466 temerasse.
2665 4413 2781 4467 Non
2823 4425 3000 4471 autem
3032 4435 3126 4474 nos
3160 4421 3286 4477 latet
3316 4425 3366 4479 in
3410 4437 3614 4497 tempe-

2034 4506 2172 4553 state
2228 4503 2615 4568 persecutionis
2663 4506 2875 4559 Ariana:
2922 4509 3180 4575 plurimos
3230 4518 3513 4582 pontifices
3548 4521 3615 4577 de

2034 4591 2265 4655 exsiliis,
2305 4607 2435 4661 pace
2465 4596 2695 4659 reddita,
2722 4600 3049 4665 respirantes
3072 4618 3165 4671 per
3194 4621 3371 4663 certas
3405 4615 3619 4680 provin-

2033 4681 2142 4735 cias
2182 4686 2518 4755 congregatis
2566 4702 2746 4741 secum
2795 4690 3049 4747 fratribus
3096 4694 3361 4753 Ecclesias
3402 4720 3619 4776 compo~

2034 4776 2207 4829 suisse
2240 4778 2511 4842 turbatas;
2544 4794 2648 4833 non
2680 4791 2857 4835 tamen
2887 4794 2943 4835 ut
2975 4784 3125 4863 illius
3145 4793 3336 4858 synodi
3369 4793 3615 4864 Nic-rum,

2038 4870 2292 4939 quidquid
2322 4872 2387 4925 de
2419 4872 2522 4927 fide
2562 4883 2616 4928 et
2646 4878 3025 4932 commtmione
3056 4882 3318 4937 catholica
3364 4887 3617 4947 deﬁnive.

2037 4972 2141 5029 rat,
2196 4963 2562 5031 immutarent,
2620 4980 2718 5020 nec
2770 4982 2903 5021 nova
2954 4986 3276 5042 quemquam
3316 4980 3618 5045 prolapsum

2039 5056 2383 5111 damnatione
2436 5057 2829 5127 percellerent,
2872 5061 2962 5115 sed
3012 5062 3153 5119 illius
3193 5065 3393 5122 decreti
3429 5080 3617 5127 tenore

2040 5154 2139 5207 nisi
2172 5155 2503 5223 resipuissct,
2528 5155 2836 5224 judicavere
2860 5159 3187 5227 damnatum,
3214 5175 3461 5232 essetque
3488 5180 3618 5217 con-

2042 5262 2292 5316 sequens,
2322 5258 2377 5300 ut
2400 5248 2500 5302 nisi
2535 5249 2850 5319 corrigeret,
2885 5250 3211 5306 damnationi
3247 5254 3426 5321 procul
3455 5254 3617 5308 dubio

2040 5340 2361 5407 suhjaceret.
2417 5340 2621 5408 Quibus
2666 5343 3066 5410 convenienter,
3104 5353 3157 5397 ut
3188 5344 3385 5396 dictum
3418 5355 3518 5411 est,
3551 5362 3619 5407 ex

2039 5440 2256 5500 paterna
2287 5432 2575 5488 traditione
2600 5436 2877 5503 perpensis
2900 5436 3236 5495 confidimus,
3268 5435 3408 5503 quod
3438 5440 3617 5497 nullus

2036 5528 2142 5593 jam
2177 5527 2438 5580 veraciter
2481 5525 2814 5581 Christianus
2850 5527 3054 5596 ignoret
3086 5526 3506 5601 uniuscujusque
3528 5547 3619 5606 sy-

2039 5620 2161 5674 nodi
2195 5622 2573 5686 constitutum,
2611 5620 2751 5689 quod
2786 5618 3101 5673 universalis
3134 5616 3390 5678 Ecclesiae
3414 5626 3612 5695 proba-

2040 5717 2115 5769 vit
2148 5728 2394 5769 assensus
2423 5759 2435 5780 ,
2465 5715 2661 5769 nullam
2706 5713 2875 5781 magis
2901 5715 3123 5783 exsequi
3150 5714 3333 5771 sedem
3363 5727 3617 5786 oportere

417 5875 431 5907 ι
474 5870 828 5928 Scribendum
878 5884 963 5929 est
1006 5872 1242 5939 Victore,
1294 5872 1381 5941 qui
1413 5885 1497 5925 an.
1558 5870 1759 5927 Christi
1819 5872 1925 5927 495
1948 5873 2282 5929 consulatum
2316 5868 2481 5931 gessit
