4104 6356
515 386 606 507 i79

1883 377 2059 434 GELA
2069 378 2152 435 Sll
2191 379 2394 436 PAPIE
2434 381 2453 435 1
3738 385 3812 442 80

531 515 645 572 pra
671 499 902 567 caeteris,
932 515 1090 573 quam
1139 500 1387 571 primam,
1412 511 1532 565 quze
1576 502 1631 551 et
1672 509 2107 566 unamquamque
2138 500 2194 558 Α
2217 497 2362 552 sedis
2408 498 2731 568 episcopus?
2768 495 2931 565 Cujus
2978 490 3402 567 metiopotitanre
3432 499 3663 555 civitatis
3704 516 3803 557 an-

528 592 794 667 syuodum
844 609 939 650 sua
985 594 1300 649 auctoritate
1352 590 1669 654 confirmat,
1708 596 1764 642 et
1801 588 2107 642 continuata

516 672 905 743 imoderatioue
958 685 1225 750 custodit;
1270 699 1366 753 pro
1395 699 1493 738 suo
1541 682 1750 738 scilicet
1787 681 2129 750 principatu,’

527 794 688 849 quem
725 779 914 835 beatus
947 778 1223 848 apostolus
1271 776 1460 831 Petrus
1502 775 1710 828 Domini
1759 789 1888 829 voce
1924 787 2110 843 perce-

529 881 678 942 ptum
702 914 716 938 ,
762 870 1002 926 Ecclesia
1050 868 1402 924 nihilominus
1439 866 1824 937 subsequente,
1858 874 1912 920 ct
1938 864 2111 918 tenuit

523 977 740 1034 semper
768 972 823 1019 ct
848 964 1069 1019 retinet.

511 1090 516 1099 ι
594 1055 721 1109 Haec
742 1055 868 1109 dum
890 1054 1143 1109 Acacium
1172 1054 1332 1109 certis
1358 1053 1714 1123 comperisset
1734 1051 1949 1105 indiciis
1968 1065 1997 1104 a
2016 1065 2110 1106 vc.-

522 1146 682 1201 ritate
702 1145 969 1211 deviasse,
995 1144 1194 1199 diutius
1210 1145 1311 1199 ista
1339 1160 1446 1199 non
1467 1144 1717 1210 credens,
1740 1145 1936 1213 quippe
1953 1158 2109 1211 quem

522 1247 749 1294 noverat
786 1246 1155 1292 exsecutorem
1202 1251 1345 1306 saepe
1374 1238 1695 1292 necessaria:
1744 1234 2112 1305 dispositionis

522 1346 638 1386 suae
667 1338 852 1385 contra
882 1328 1163 1384 haareticos
1194 1329 1499 1393 exstitisse,
1543 1346 1637 1399 per
1681 1330 1968 1383 triennium
2000 1328 2112 1383 fere

523 1424 721 1479 litteris
748 1422 1029 1477 destinatis
1057 1421 1304 1477 eumdem
1334 1436 1555 1476 monere
1584 1438 1690 1476 non
1721 1421 1946 1489 destitit,
1976 1420 2115 1474 sicut

522 1533 622 1591 per
644 1516 889 1572 diversos
920 1516 1084 1570 missa
1113 1515 1445 1569 familiariter
1465 1514 1661 1584 scripta
1685 1522 1969 1569 testantur.
1986 1511 2115 1579 Qui-

520 1612 623 1668 bus
651 1612 739 1666 ille
771 1611 1001 1681 primum
1024 1619 1275 1677 tanquam
1304 1608 1490 1663 dedito
1507 1608 1722 1662 silentio
1742 1608 1873 1661 nihil
1893 1621 2114 1676 respon-

520 1704 651 1760 dere
708 1716 1049 1773 proponens,
1108 1700 1321 1755 tandem
1372 1699 1662 1769 aliquando
1712 1698 1891 1752 missis
1920 1696 2114 1754 litteris

518 1796 823 1868 proﬁtetur,
849 1808 907 1848 se
941 1792 1306 1858 Alexandrino
1333 1792 1689 1860 Petro,quem
1714 1790 1950 1859 expetita
1979 1805 2112 1859 apo-

2219 590 2407 643 tistes‘!
2427 589 2614 645 Nonne
2641 590 2907 659 parochias
2940 590 3308 645 Heracleensis
3334 592 3625 647 Ecclesia?
3650 594 3704 648 Si
3728 596 3804 651 illi

2216 690 2362 734 certe
2391 681 2538 736 licuit
2566 682 2680 737 sine
2708 682 2914 753 synodo
2953 685 3271 739 sententiam
3310 687 3619 754 apostolica:
3658 690 3803 747 sedis

2216 775 2560 844 abrumpere,
2595 778 2738 831 nulla
2778 778 2894 847 ejus
2938 777 3333 833 consultatione
3367 780 3618 849 qumsita;
3661 782 3806 840 itane

2216 884 2343 924 vero
2379 884 2485 923 non
2528 870 2917 940 licuit.primte
2964 872 3079 927 sedi
3124 873 3579 930 Chalcedonensis
3610 878 3806 949 synodi

2216 961 2525 1026 constituta,
2554 962 2907 1027 sicutdecuit,
2940 967 3280 1034 exsequenti,
3316 965 3623 1036 hujusmodi
3658 984 3806 1039 pra:-

2216 1054 2567 1110 varicatorem
2598 1070 2692 1109 sua
2732 1057 3049 1111 auctoritate
3090 1055 3407 1113 detrudere?
3442 1060 3550 1116 Sed
3583 1076 3683 1118 nec
3712 1063 3803 1120 illa

2217 1146 2575 1216 prreterimus,
2598 1147 2738 1217 quod
2761 1150 3052 1217 apostolica
3078 1149 3236 1206 sedes
3262 1150 3595 1221 frequenter,
3633 1164 3689 1210 ut
3721 1156 3807 1212 di-

2216 1246 2360 1293 ctum
2402 1249 2505 1304 est,
2566 1256 2714 1295 more
2763 1241 3058 1312 majorum,
3102 1242 3266 1298 etiam
3300 1245 3417 1300 sine
3460 1247 3568 1301 ulla
3595 1251 3805 1321 synodo

2219 1333 2576 1401 praecedente,
2612 1335 2927 1390 exsolvendi
2958 1352 3091 1406 quos
3112 1338 3349 1408 synodus
3381 1340 3560 1410 iniqua
3581 1343 3806 1401 damna-

2220 1433 2388 1488 verat,
2419 1434 2475 1479 et
2499 1424 2786 1480 damnandi
2814 1428 2956 1482 nulla
2979 1430 3245 1485 existente
3271 1433 3479 1503 synodo
3495 1450 3630 1503 quos
3645 1452 3807 1507 Opor-

2220 1515 2338 1580 tuit,
2369 1515 2619 1571 habuerit
2647 1518 2980 1575 facultatem.
3024 1521 3239 1577 Sancta:
3283 1525 3482 1593 quippe
3530 1530 3807 1587 memoria:

2218 1608 2573 1664 Athanasium
2605 1612 2844 1683 synodus
2875 1613 3163 1670 Orientalis
3190 1616 3507 1685 addixerat,
3538 1636 3697 1690 quem
3728 1634 3807 1678 ta-

2218 1715 2340 1754 men
2373 1710 2652 1769 exceptum
2705 1703 2862 1759 sedes
2909 1705 3237 1773 apostolica,
3296 1711 3417 1776 quia
3466 1710 3802 1770 damnationi

2220 1790 2525 1847 Graecorum
2559 1811 2663 1848 non
2712 1797 3005 1864 consensit,
3047 1798 3297 1855 absolvit.
3347 1802 3560 1859 Sanctae
3606 1822 3807 1861 meme.

518 1888 726 1943 stolicae
771 1886 914 1941 sedis
960 1895 1245 1941 exsecutor
1278 1885 1393 1955 ipse
1446 1900 1660 1954 quoque
1712 1884 2106 1949 damnaverat,
2137 1884 2188 1947 Β
2217 1885 2311 1938 rite
2343 1886 2690 1941 nihilominus
2720 1888 2979 1945 Joannem
3019 1889 3665 1965 Constantinopolitanum
3714 1916 3807 1971 sy-

518 1978 721 2048 absque
750 1976 1060 2046 apostolicae
1089 1978 1233 2031 sedis
1262 1977 1450 2031 notitia
1478 1975 1857 2031 communione
1882 1978 2114 2045 permix-

518 2079 653 2125 tum.
700 2069 846 2123 Beati
874 2078 1056 2124 autem
1101 2069 1245 2124 Petri
1295 2069 1473 2133 sedes,
1526 2084 1645 2138 qua:
1692 2068 2114 2123 Alexandrinum

520 2162 738 2219 Petrum
762 2177 821 2217 se
850 2163 1222 2217 tantummodo
1252 2163 1558 2231 damnasse,
1578 2179 1684 2217 non
1710 2162 1870 2217 etiam
1889 2163 2116 2219 solvisse

520 2264 765 2321 noverat,
801 2271 906 2309 non
937 2257 1170 2325 recepit;
1202 2268 1362 2327 atque
1392 2256 1533 2322 ideo,
1563 2272 1631 2312 ne
1658 2273 1754 2327 per
1781 2258 2031 2312 Acacium
2062 2257 2115 2311 in

519 2347 668 2404 Petri
702 2363 913 2417 quoque
944 2350 1274 2403 consortium
1306 2349 1612 2414 duceretur,
1648 2350 1818 2419 ipsum
1850 2364 2061 2419 quoque
2085 2362 2115 2401 a

522 2456 622 2496 sua
678 2442 1055 2495 communione
1105 2440 1393 2506 submovit,
1424 2451 1478 2495 et
1518 2444 1698 2496 multis
1736 2443 1908 2495 modis
1942 2452 2116 2496 trans-

521 2548 828 2603 gressorem
860 2548 887 2584 a
930 2547 1027 2586 sua
1057 2533 1317 2587 societate
1341 2532 1466 2588 fecit
1505 2534 1760 2588 alienum.
1795 2533 1890 2587 llic
1919 2534 1964 2588 si
1982 2547 2111 2586 exa-

524 2626 752 2680 ninatio
779 2626 1057 2694 quaeritur,
1086 2624 1197 2692 jam
1226 2624 1429 2693 judicio
1454 2641 1561 2678 non
1590 2635 1706 2679 erat
1736 2639 1871 2692 Optts
1899 2666 1912 2688 ,
1964 2632 2113 2693 post-

523 2734 684 2789 quam
718 2718 911 2771 litteris
941 2719 1054 2771 suis
1087 2718 1203 2786 ipse
1230 2717 1512 2771 confessus
1543 2727 1646 2771 est.
1685 2717 1739 2771 Si
1783 2716 2116 2770 auctoritatis

520 2810 735 2881 pondus
766 2810 1075 2879 inquiritur,
1109 2808 1564 2864 Chalcedonensis
1596 2809 1785 2880 synodi
1820 2820 2005 2863 tenore
2052 2808 2113 2862 il-

520 2902 629 2956 lius
685 2902 1014 2956 deﬁnitionis
1053 2904 1326 2956 exsecutio
1366 2902 1671 2970 reperitur,
1723 2917 1828 2970 quo
1880 2901 2114 2956 damnati

524 2997 633 3053 illic
658 2997 862 3050 erroris
888 2998 1318 3051 communicatur
1345 2996 1588 3061 effectus,
1645 2997 1874 3067 praeﬁxze
1918 2995 2116 3049 nihilo-

523 3088 701 3143 minus
721 3087 1081 3141 damnationis
1098 3087 1365 3157 particeps
1387 3088 1642 3141 existeret
1665 3104 1679 3152 ;
1698 3088 1947 3156 quoniam
1972 3087 2113 3140 idem

524 3181 641 3250 ipse
666 3194 840 3243 error,
868 3180 958 3247 qui
980 3180 1150 3233 seruet
1175 3192 1253 3233 est
1282 3195 1404 3233 cum
1434 3195 1532 3234 suo
1557 3192 1778 3236 auctore
1805 3182 2107 3246 damnatus,

2221 1977 2393 2032 nodus
2426 1980 2587 2033 etiam
2611 1981 2994 2038 catholicorum
3025 1988 3309 2053 prtesulum
3342 2000 3489 2045 certe
3519 1992 3803 2050 damuave~

2220 2080 2325 2136 rat,
2356 2087 2511 2141 quem
2546 2073 2705 2126 simili
2737 2075 2898 2130 modo
2939 2078 3095 2132 sedes
3142 2081 3431 2148 apostolica
3465 2084 3625 2138 etiam
3656 2087 3797 2157 sola,

2218 2162 2340 2230 quia
2371 2179 2474 2217 non
2525 2167 2814 2231 consensit,
2847 2167 3099 2224 absiilvit.
3143 2170 3380 2240 [temque
3409 2186 3646 2229 sanctum
3678 2177 3798 2231 Fla-

2219 2256 2435 2309 vianum
2464 2259 2766 2324 pontiliccm
2801 2259 3108 2316 ercorum
3150 2267 3562 2335 congregatione
3589 2269 3803 2326 damna-

2223 2359 2331 2403 tum
2366 2350 2481 2421 pari
2511 2360 2717 2417 tenore,
2752 2354 3001 2423 quoniam
3042 2356 3155 2409 sola
3199 2358 3355 2412 sedes
3385 2362 3673 2429 apostolica
3702 2379 3804 2420 non

2217 2444 2515 2509 consensit,
2541 2443 2808 2508 absolvit;
2862 2445 3146 2515 potiusque
3182 2447 3290 2503 illic
3329 2464 3574 2522 receptus
3599 2455 3804 2522 fuerat,

2221 2534 2532 2590 Dioscormu
2558 2538 2808 2592 secundm
2840 2540 2987 2594 sedis
3034 2543 3315 2611 praesulem
3355 2561 3447 2599 sua
3488 2550 3823 2606 auctoritate.

2220 2627 2515 2695 damnavit,
2545 2640 2597 2685 et
2628 2631 2841 2701 impiam
2874 2636 3134 2703 synodum
3156 2652 3259 2692 non
3282 2641 3669 2696 consentiendo
3693 2644 3805 2701 sola

2220 2721 2512 2785 submovit,
2551 2733 2605 2777 et
2636 2739 2731 2793 pro
2762 2728 2984 2782 veritate
3028 2739 3085 2781 ut
3130 2731 3366 2800 synodus
3403 2730 3807 2792 Chalcedonen~

2218 2814 2291 2869 sis
2322 2816 2490 2878 ﬁeret,
2525 2807 2637 2873 sola
2668 2819 2926 2876 decrevit.
2960 2822 3014 2877 ln
3042 2839 3146 2893 qua
3177 2835 3233 2881 ut
3262 2841 3388 2896 ergo
3433 2829 3549 2884 sola
3586 2830 3674 2899 jus
3714 2836 3805 2886 ha-

2221 2907 2337 2961 buit
2358 2910 2672 2965 absolvendi
2704 2927 2797 2967 eos
2821 2929 2955 2983 quos
2988 2916 3246 2987 synodica
3294 2914 3507 2974 decreta
3567 2924 3804 2991 percule-

2219 3009 2361 3067 rant,
2397 3000 2470 3056 sic
2498 3003 2656 3057 etiam
2680 3005 2796 3060 sine
2826 3008 3032 3076 synodo
3060 3009 3110 3062 in
3143 3008 3241 3064 hac
3275 3015 3459 3066 eadem
3490 3029 3653 3070 causa
3691 3018 3800 3087 plu-

2218 3094 2385 3149 rimos
2413 3097 2570 3151 etiam
2615 3102 3056 3168 metropolitauos
3104 3105 3392 3161 damnasse
3438 3116 3801 3178 cognoscitur.

2290 3186 2441 3254 Quod
2463 3190 2508 3243 si
2539 3191 2657 3259 quis
2687 3191 2799 3247 haec
2827 3193 2893 3246 ab
2922 3197 3215 3263 apostolica
3239 3200 3367 3255 sede
3396 3203 3477 3256 vel
3509 3205 3803 3260 secundum

524 3276 579 3331 in
611 3274 872 3344 partit-ipe
894 3272 1133 3342 quolibet
1162 3287 1341 3342 prava:
1366 3275 1764 3327 communionis
1796 3274 1988 3343 effecto
2010 3314 2026 3339 ,
2058 3282 2113 3328 et
2139 3270 2186 3333 C
2220 3281 2481 3350 synodum
2506 3292 2622 3337 acta
2653 3286 3018 3354 reprehendit,
3048 3300 3245 3358 praeter
3267 3295 3407 3363 quod
3428 3276 3595 3364 prisca
3618 3312 3803 3353 rerum

524 3368 953 3423 exsecrationem
986 3365 1067 3419 sui
1089 3373 1263 3435 gestat
1282 3374 1338 3420 et
1371 3380 1606 3435 poenam.
1639 3367 1754 3434 Quo
1803 3377 1989 3421 tenore
2021 3365 2115 3420 Ti-

526 3459 777 3514 motheus
805 3459 987 3518 etiam,
1023 3468 1183 3527 atque
1206 3457 1318 3526 ipse
1351 3458 1747 3512 Alexandrinus
1778 3458 1993 3523 Petrus,
2024 3458 2115 3528 qui

526 3552 818 3608 secundam
846 3562 989 3605 certe
1019 3550 1201 3604 sedem
1244 3552 1477 3607 tenuisse
1520 3551 1856 3615 videbantur,
1894 3568 1999 3604 non
2031 3565 2116 3605 re-

526 3645 691 3715 petita
719 3642 1060 3715 synodo,sed
1081 3645 1400 3697 auctoritate
1426 3646 1796 3697 tantummodo
1823 3643 1965 3697 sedis
1988 3657 2119 3711 apo-

526 3739 751 3806 stolicte,
805 3739 918 3805 ipso
968 3752 1180 3805 quoque
1227 3737 1422 3791 Acacio
1470 3738 1781 3805 postulante
1826 3738 1910 3792 vel
1964 3753 2117 3794 exse.

530 3840 747 3900 quente,
783 3828 1077 3896 probantur
1108 3841 1229 3882 esse
1261 3828 1517 3883 damnati.
1550 3830 1701 3898 Quod
1726 3830 1804 3898 si,
1831 3842 2005 3884 utrum
2034 3845 2117 3886 er-

528 3920 640 3975 rori
672 3920 757 3974 vel
784 3919 1206 3990 prmiaricationi
1237 3924 1644 3975 communicarit
1671 3923 1922 3988 Aeacius,
1955 3922 2114 3980 forsi-

529 4021 619 4066 tan
651 4012 859 4066 dicatur
891 4012 1197 4082 oportuisse
1228 4022 1496 4075 coustare,
1548 4015 1785 4070 breviter
1816 4017 2117 4084 praebemus

530 4109 596 4163 ad
634 4110 733 4164 ista
779 4124 1130 4177 reSponsum,
1187 4120 1278 4163 aut
1324 4112 1468 4163 enim
1510 4112 1609 4180 ipsi
1641 4111 1869 4166 doceant
1898 4112 2115 4167 Petrum

530 4202 798 4257 veraciter
827 4201 1168 4271 legitimeque
1221 4210 1521 4271 purgatum,
1545 4204 1686 4257 etab
1710 4206 1853 4258 omni
1898 4204 2113 4259 lia-reti-

528 4310 715 4348 corum
744 4295 1064 4361 contagione
1089 4294 1189 4347 rite
1218 4294 1510 4349 discretum
1538 4310 1659 4349 cum
1681 4296 1728 4349 ei
1755 4297 2115 4351 communica-

530 4386 605 4439 vit
634 4385 879 4447 Acacius,
909 4386 954 4438 si
984 4385 1099 4453 ejus
1116 4389 1624 4440 communicatorem
1651 4398 1835 4454 putant
1859 4389 2114 4442 Acacium

528 4477 867 4546 aliquatenus
895 4477 1281 4541 excusandum,
1311 4487 1402 4531 aut
1422 4479 1487 4543 si,
1520 4480 1658 4545 quod
1710 4480 1876 4547 magis
1905 4488 1989 4533 est
2025 4494 2116 4535 ve-

529 4583 671 4634 rum,
698 4570 1084 4622 convenienter
1113 4579 1273 4637 atque
1305 4569 1540 4638 legitime
1566 4570 1780 4624 Petrum
1833 4587 1939 4624 non
1992 4586 2115 4642 pro-

2220 3375 2536 3443 probationc
2562 3379 2920 3447 convincitur,
2955 3382 3167 3438 interim
3215 3387 3384 3441 multo
3413 3388 3574 3458 magis
3599 3390 3798 3445 Acacio

2220 3483 2327 3523 non
2360 3470 2573 3526 licuisse
2597 3470 2873 3528 fatebitur.
2904 3475 3055 3530 Dicat
3082 3491 3209 3547 ergo
3236 3494 3339 3549 qua
3358 3480 3472 3548 ipse
3491 3481 3693 3552 synodo
3715 3498 3804 3539 se-

2219 3561 2408 3616 cunda:
2429 3562 2572 3616 sedis
2602 3565 2891 3620 antistitem
2931 3568 3355 3641 qualemcunque
3379 3612 3392 3635 ,
3443 3582 3586 3628 certe
3615 3575 3805 3631 catho-

2220 3652 2403 3721 licum,
2433 3663 2487 3707 et
2528 3670 2556 3707 a
2584 3658 2861 3713 catholicis
2904 3659 3238 3729 ordinatum,
3288 3677 3386 3718 nec
3427 3663 3493 3718 de
3543 3666 3805 3723 catholica

2220 3743 2325 3797 ﬁde
2355 3753 2409 3797 et
2438 3748 2813 3803 communione
2844 3751 3200 3820 aliquatenus,
3225 3753 3553 3824 impetitum,
3592 3759 3806 3817 duxerit

2221 3836 2641 3905 excludendum;
2695 3850 2749 3895 et
2803 3843 3107 3898 haereticum
3166 3848 3507 3904 manifestum
3549 3849 3803 3921 Petrum,

2218 3942 2314 3982 sua
2345 3944 2556 3999 quoque
2586 3934 2930 3990 exsecutione
2956 3936 3290 4003 damnatum,
3331 3941 3595 3998 catholico
3627 3946 3804 4014 ponti-

2218 4019 2304 4074 ﬁci
2337 4022 2643 4087 permiserit
2679 4026 2976 4093 subrogari.
3026 4028 3140 4096 Qua
3189 4032 3396 4103 synodo
3442 4034 3615 4089 tertia:
3660 4038 3806 4092 sedis

2218 4112 2527 4182 episcOpum
2569 4127 2812 4171 sanctum
2867 4119 3249 4177 Calendiouem
3295 4124 3423 4179 fecit
3468 4128 3706 4198 expelli,
3742 4145 3805 4186 ac

2220 4206 2571 4263 nihilominus
2592 4210 2765 4265 eidem
2796 4210 3010 4266 Petrum
3045 4224 3150 4269 tam
3198 4217 3539 4275 manifestum
3588 4220 3807 4279 haereti-

2218 4314 2339 4354 cum
2374 4310 2429 4355 ut
2458 4303 2632 4357 eidem
2664 4304 2836 4372 palam
2864 4321 2960 4361 nec
2987 4322 3045 4361 se
3074 4311 3477 4367 communicare
3506 4315 3806 4382 praetende-

2221 4400 2324 4456 ret,
2355 4406 2448 4445 sua
2481 4408 2669 4461 passus
2696 4404 2777 4449 est
2804 4395 3165 4466 dispositione
3192 4400 3463 4457 substitni.
3496 4406 3608 4470 Qua
3653 4406 3807 4462 deni-

2219 4502 2323 4557 que
2348 4502 2444 4555 per
2472 4498 2639 4543 totum
2663 4491 2935 4546 Orientem
2966 4495 3200 4565 synodo,
3232 4495 3417 4565 ejectis
3447 4499 3762 4555 orthodoxis
3788 4545 3805 4569 ,

2220 4576 2367 4631 nullo
2395 4580 2619 4636 crimine
2648 4582 2947 4649 maculatis,
2984 4600 3175 4652 pravos
3202 4603 3443 4658 quosque
3487 4600 3540 4645 et
3568 4591 3807 4648 crimini-

530 4660 773 4714 baverint
801 4659 1102 4729 esjﬁatum,
1137 4670 1301 4713 restat
1330 4670 1385 4714 ut
1428 4664 1544 4729 ejus
1575 4662 1626 4716 in
1668 4663 1970 4732 expiatione
2011 4666 2116 4719 fue-
2138 4645 2194 4707 Ῑ)
2220 4670 2319 4726 bus
2351 4672 2616 4728 involutos
2644 4691 2737 4729 sua
2762 4679 3065 4744 provisione
3091 4645 3390 4750 supplosuit'.
3434 4683 3545 4750 Qua
3595 4686 3807 4755 synodo

530 4755 621 4820 rit,
653 4764 707 4808 et
733 4757 820 4822 qui
851 4754 901 4808 ei
934 4756 1373 4821 communicavit,
1409 4756 1659 4811 infectus.

607 4845 712 4899 Nec
743 4847 899 4916 plane
932 4852 1167 4900 ta‘ccmus
1194 4850 1334 4917 quod
1365 4861 1554 4903 cuncta
1581 4866 1675 4919 per
1695 4852 1947 4907 mundum
1966 4856 2117 4910 novit

528 4940 795 5005 Ecclesia,
827 4941 1077 5010 quoniam
1110 4944 1469 5010 quorumlibet
1500 4945 1953 5017 seutcntiisligata
1977 4963 2112 5017 pou-

528 5030 729 5086 tiﬁcnm
752 5033 908 5085 sedes
934 5032 1074 5086 beati
1123 5032 1266 5087 Petri
1298 5035 1526 5102 apostoli
1572 5037 1659 5104 jus
1708 5038 1902 5092 habeat
1943 5041 2113 5096 resol-

526 5128 683 5181 vendi
717 5143 730 5179 :
758 5135 816 5178 ut
844 5135 965 5194 pote
998 5142 1116 5194 quae
1139 5126 1205 5181 de
1243 5126 1388 5181 omni
1421 5128 1659 5183 Ecclesia
1687 5131 1764 5184 fas
1798 5131 1987 5187 habeat
2023 5133 2109 5202 ju-

525 5220 773 5283 dicandi,
834 5233 1005 5287 neque
1048 5219 1295 5287 cuiquam
1351 5221 1507 5275 liceat
1565 5222 1633 5275 de
1690 5224 1805 5293 ejus
1862 5226 2111 5295 judicare

522 5312 743 5384 judicio.
773 5310 1051 5380 Siquidem
1074 5310 1139 5362 ad
1172 5310 1318 5364 illam
1355 5313 1421 5366 de
1462 5314 1696 5383 qualibet
1734 5318 1915 5372 mundi
1958 5328 2109 5387 parte

527 5418 765 5457 canones
794 5400 1055 5471 appellari
1088 5401 1374 5467 voluerint,
1408 5404 1473 5458 ab
1500 5405 1586 5458 illa
1632 5416 1807 5461 autem
1842 5425 2000 5465 nemo
2038 5411 2108 5466 sit

525 5494 800 5562 appellare
831 5496 1146 5561 permissus.
1182 5494 1517 5563 Quapro-pter
1544 5504 1753 5550 constat
1795 5501 1925 5552 satis
1970 5505 2109 5556 Aca—

524 5586 668 5640 cium
700 5586 900 5639 nullum
941 5588 1191 5642 habuisse
1244 5587 1572 5655 pontiﬁcium
1608 5592 1929 5644 sententiam
1967 5593 2109 5648 sedis

524 5678 836 5750 apostolicae
866 5678 984 5732 sine
1013 5680 1115 5733 ulla
1145 5679 1263 5749 ejus
1286 5678 1505 5734 notione
1527 5680 1789 5734 solvendi.
1816 5681 1931 5749 Qua
1954 5695 2103 5741 certe

524 5773 729 5845 synodo
758 5772 857 5824 hoc
900 5770 989 5823 illa
1022 5774 1403 5842 prmsumpsit,
1446 5771 1589 5843 quod
1636 5788 1734 5827 nec
1778 5775 1855 5830 sic
1896 5776 2102 5846 absque

526 5864 813 5941 upostolica
845 5866 972 5925 sede
1017 5866 1093 5920 fas
1133 5867 1344 5939 quidem
1389 5868 1610 5926 haberet
1649 5871 1907 5929 efﬁcere?
1936 5873 2098 5949 Cujus

2222 4773 2300 4819 tot
2325 4766 2496 4821 aliena
2526 4768 2804 4839 privilegia
2850 4769 3113 4827 nefandus
3144 4774 3368 4843 populus
3409 4775 3646 4831 invasit?
3699 4779 3809 4837 Sed

2221 4856 2340 4911 libri
2369 4874 2474 4913 non
2497 4860 2765 4916 sufﬁcient
2792 4861 2837 4917 si
2862 4864 3148 4933 tragmdias
3176 4866 3292 4936 ejus
3311 4883 3445 4937 quas
3488 4884 3583 4939 per
3615 4870 3808 4927 Eccle-

2218 4952 2324 5007 sias
2352 4954 2515 5009 totius
2540 4953 2774 5011 Orientis
2824 4960 3095 5024 exercuit,
3140 4961 3448 5031 singillatim
3495 4962 3807 5019 describere

2219 5047 2527 5103 moliamur.
2558 5050 2639 5104 An
2673 5050 2801 5105 illud
2832 5053 2999 5121 ipsius
3037 5064 3409 5124 argumentum
3459 5057 3615 5111 nobis
3660 5060 3807 5112 aesti-

2222 5151 2369 5195 mant
2395 5145 2794 5212 opponendum,
2827 5163 2932 5216 quo
2962 5147 3198 5204 facinora
3243 5163 3337 5204 sua
3372 5152 3427 5205 in
3466 5146 3805 5220 imperialem

2220 5234 2367 5288 visus
2391 5244 2474 5289 est
2498 5237 2705 5304 jactare
2732 5241 3060 5306 personam?
3089 5239 3197 5295 Cur
3225 5241 3387 5312 igitur
3408 5283 3422 5308 ,
3463 5243 3675 5313 quando
3708 5259 3808 5298 vo-

2219 5325 2316 5380 luit
2345 5326 2549 5382 obstitit
2580 5328 2834 5384 Basilisco
2865 5340 3123 5403 tyranno,
3154 5343 3301 5389 certe
3330 5342 3388 5389 et
3426 5334 3679 5390 hacretico
3712 5350 3806 5390 vc-

2218 5415 2498 5475 hementer
2529 5420 2764 5477 infesto?
2790 5421 2900 5479 Cur
2926 5425 3025 5494 ipsi
3056 5427 3366 5497 imperatori
3390 5426 3591 5482 Zenoni
3616 5468 3633 5493 ,
3676 5428 3806 5499 quia

2221 5513 2393 5581 palam
2423 5515 2759 5572 Antiocheno
2789 5516 2949 5573 Petro
2976 5520 3149 5574 noluit
3173 5523 3573 5577 communicare
3596 5562 3611 5587 ,
3648 5538 3804 5578 suam

2218 5619 2322 5657 non
2351 5604 2593 5660 subdidit
2616 5609 2977 5665 voluntatem?
3019 5612 3158 5667 Ecce
3187 5612 3359 5681 potuit
3395 5613 3447 5667 in
3478 5612 3597 5667 aliis
3629 5615 3805 5669 resul-

2216 5704 2328 5751 tare
2378 5696 2423 5751 si
2454 5698 2636 5753 vellet.
2684 5704 2764 5755 An
2816 5718 2923 5757 non
2955 5705 3245 5773 Apostolus
3275 5704 3404 5761 dicit
3436 5722 3449 5758 :
3486 5704 3604 5758 Non
3628 5707 3803 5760 solum

2211 5788 2296 5853 qui
2321 5788 2538 5857 faciunt,
2564 5791 2653 5845 sed
2674 5793 2826 5845 etiam
2844 5794 2933 5864 qui
2960 5797 3280 5851 consentiunt
3300 5798 3623 5866 facientibus,
3652 5810 3803 5854 reatu

2208 5882 2400 5952 pariter
2429 5891 2545 5937 sunt
2568 5883 2788 5938 irretiti?
2825 5885 2931 5942 Sed
2959 5896 3017 5943 ut
3043 5903 3105 5944 ea
3144 5904 3265 5961 qua:
3296 5890 3454 5946 latius
3483 5890 3802 5963 explicanda
