4104 6356
335 328 399 385 81
1546 321 1896 382 EPISTULA“)
1937 320 2023 375 ΕΤ
2063 322 2378 380 DECRETA
2391 363 2403 378 .
3538 317 3607 375 82

335 452 455 497 sunt
484 452 813 508 omittamus,
841 444 986 514 quid,
1034 443 1171 514 quod
1221 443 1335 513 ipse
1390 443 1570 497 Zenon
1625 444 1915 512 imperator
1945 439 1996 498 Δ
2025 454 2144 493 cum
2180 456 2347 495 novas
2380 454 2571 496 causas
2592 453 2713 497 esse
2754 439 3183 511 perpenderent,
3239 444 3350 492 toto
3392 436 3611 491 Oriente

334 538 444 587 suis
476 535 666 590 litteris
697 536 979 606 proﬁtetur
1007 545 1193 590 cuncta
1226 550 1349 591 sese
1384 551 1447 591 ex
1479 536 1654 590 Acacii
1682 538 1915 605 gessisse

334 627 580 692 censilio,
606 641 705 682 nec
728 630 830 683 hoc
852 644 973 683 eum
1002 626 1184 683 fallere
1215 627 1403 682 litteris
1432 628 1542 684 suis
1571 630 1683 697 ipse
1703 646 1919 699 quoque

336 728 561 773 testatur
591 720 849 785 Aeacius,
896 721 985 790 qui
1024 731 1079 777 et
1120 736 1241 777 eum
1285 722 1629 778 nihilominus
1665 726 1915 778 universa

337 820 483 866 recte
503 812 733 882 gessisse
761 814 1095 883 conscripsit,
1121 823 1174 869 et
1202 829 1299 869 suo
1329 816 1555 871 consilio
1588 816 1701 869 haec
1725 817 1915 872 eadem

340 912 486 973 gesta
519 920 622 959 non
656 907 838 960 tacuit.
868 906 1031 973 Quasi
1060 922 1188 961 vero
1214 914 1423 962 tantum
1469 908 1520 962 in
1572 910 1917 964 Alexandrini

338 994 479 1049 l’etri
503 998 881 1054 communione
901 1000 1129 1055 Aeacius
1151 1000 1525 1069 praevaricator
1551 1002 1837 1068 exstiterit,
1865 1010 1922 1057 et

336 1101 441 1142 non
471 1088 524 1141 in
567 1089 813 1142 omnibus
835 1105 968 1159 quos
1005 1090 1088 1145 vel
1134 1090 1255 1146 fecit
1284 1133 1301 1158 ,
1352 1091 1587 1160 depulsis
1644 1093 1920 1150 catholicis

336 1180 697 1249 pontiﬁcibus,
735 1193 983 1252 tanquam
1010 1193 1292 1254 tyrannus,
1320 1184 1575 1241 Ecclesiis
1598 1187 1921 1256 quibuscun-

337 1286 439 1341 que
463 1275 699 1343 praeponi
723 1289 739 1340 ;
773 1276 856 1329 vel
882 1276 1056 1331 taliter
1078 1278 1377 1346 praepositis
1402 1294 1657 1348 perversa
1680 1296 1921 1337 commu-

338 1363 499 1420 nione
528 1368 823 1435 permixtus
844 1374 946 1432 est,
977 1369 1063 1436 qui
1092 1369 1193 1423 hoc
1224 1369 1336 1439 ipso
1365 1370 1659 1425 secundum
1689 1388 1922 1428 canones

338 1456 556 1511 fuerant
582 1458 649 1511 ab
678 1460 1045 1515 ecclesiastica
1078 1462 1721 1530 commnnione‘pellendi
1746 1505 1760 1529 ,
1817 1481 1922 1535 quo

341 1562 403 1603 se
431 1549 573 1617 passi
602 1558 727 1605 sunt
747 1566 1086 1608 successores
1109 1554 1158 1606 vi
1169 1553 1243 1609 vis
1271 1555 1640 1611 sacerdotibus
1660 1557 1919 1613 adhiberi.

347 1644 479 1713 Quis
500 1650 679 1697 autent
707 1660 813 1698 non
837 1645 1123 1714 perspiciat
1147 1645 1503 1716 Christianus,
1555 1650 1694 1718 quod
1741 1651 1925 1703 catho-

342 1735 462 1791 licis
485 1736 823 1803 pontiﬁcibus
846 1754 872 1789 a
902 1742 1113 1806 propria
1133 1740 1263 1794 sede
1286 1741 1530 1810 dejeCIis,
1552 1756 1657 1796 non
1687 1742 1788 1796 nisi
1814 1743 1925 1797 ha:-

2027 530 2225 598 depelli
2252 547 2267 595 ;
2300 540 2355 585 et
2382 534 2565 587 creteri
2587 533 2714 603 quid
2744 540 3018 597 caverent,
3065 545 3129 585 ex
3180 528 3392 584 illorum
3422 528 3611 599 quali-

2024 633 2131 678 late
2155 625 2460 680 discernere
2482 627 2799 695 potuissent.
2829 626 3019 682 Restat
3049 625 3211 694 igitur
3238 632 3295 679 ttt
3318 624 3457 679 illius
3491 637 3610 693 par-

2024 719 2091 773 tis
2120 734 2214 774 eos
2238 720 2399 775 fuisse
2430 721 2499 775 sit
2525 721 2752 785 clarum,
2784 722 2866 776 cui
2893 737 2951 777 se
2982 734 3103 791 post
3139 729 3217 775 tot
3239 720 3608 791 experimenta

2024 812 2308 876 dederunt,
2367 815 2667 883 meritoque
2702 812 2769 867 ab
2797 814 3090 880 apostolica
3127 814 3255 869 sede
3295 813 3612 877 exterisque

2024 905 2303 959 catholicis
2328 921 2433 960 non
2465 906 2572 975 jant
2602 906 2919 961 consulendi
2952 917 3125 972 erant,
3166 908 3261 963 sed
3292 908 3468 977 potius
3513 921 3611 959 no-

2024 998 2191 1053 tandi.
2252 998 2482 1054 Risimus
2537 1010 2713 1055 autem
2761 1000 2901 1070 quod
2962 1003 3372 1070 prterogativam
3422 1003 3614 1054 volunt

2024 1091 2221 1146 Acacio
2251 1094 2576 1161 comparari,
2615 1094 2736 1163 quia
2767 1094 3057 1163 episcOpus
3091 1092 3247 1148 fuerit
3286 1096 3447 1163 regiae
3483 1095 3615 1148 civi-

2026 1183 2168 1236 tatis.
2198 1182 2443 1253 Nunquid
2471 1187 2608 1253 apud
2644 1185 3029 1253 Mediolanum,
3071 1186 3213 1253 apud
3262 1186 3569 1240 Ravennam
3596 1229 3612 1253 ,

2026 1276 2165 1344 apud
2191 1277 2466 1339 Sirmium,
2492 1277 2631 1347 apud
2665 1277 2916 1331 Treviros
2943 1278 3127 1333 multis
3156 1278 3490 1346 temporibus
3510 1292 3614 1330 non

2028 1369 2268 1423 Constitit
2302 1370 2639 1437 imperator?
2669 1368 3047 1440 Nunquidnant
3082 1369 3270 1424 barum
3300 1368 3508 1422 urbium
3532 1382 3618 1422 sa-

2027 1464 2273 1519 cerdotes
2301 1466 2437 1520 ultra
2468 1482 2775 1520 mensuram
2805 1465 3021 1520 sibimet
3064 1463 3358 1532 antiquitus
3390 1462 3619 1531 deputa-

2028 1566 2136 1612 tam
2160 1557 2431 1627 quidpiam
2459 1559 2572 1613 suis
2596 1558 2946 1627 dignitatibus
2972 1554 3342 1624 usurparunt?
3369 1552 3617 1620 Nunquid

2029 1650 2253 1704 Acacins
2278 1660 2334 1704 ut
2363 1651 2623 1705 Joannem
2656 1650 2950 1720 quemlibet
2982 1650 3251 1703 hominem
3286 1647 3615 1701 catholicum

2036 1751 2234 1805 tamen,
2263 1758 2291 1795 a
2323 1741 2603 1795 catholicis
2633 1742 2937 1795 ordinatum
2971 1741 3040 1794 de
3084 1740 3404 1794 Alexandria
3438 1739 3619 1793 exclu-

344 1830 505 1884 retici
534 1839 824 1898 potuerunt
850 1830 1115 1885 introduci
1142 1831 1165 1883 ἲ
1211 1832 1414 1898 Quibus
1456 1842 1633 1887 tamen
1679 1836 1886 1889 cunctis
1911 1875 1925 1900 ,
1958 1823 2006 1883 Β
2035 1831 2205 1898 deret,
2226 1832 2546 1900 Petrumque
2568 1833 2625 1886 in
2646 1833 2835 1887 hatresi
2862 1833 2971 1901 jam
2991 1831 3254 1886 detectum
3282 1841 3442 1900 atque
3470 1831 3620 1883 dam-

347 1920 434 1973 vel
466 1930 651 1973 auctor
683 1920 775 1973 fuit
828 1923 1056 1975 Aeacius
1084 1922 1436 1993 subrogandis
1460 1965 1476 1990 ,
1515 1925 1598 1980 vel
1631 1926 1932 1997 subrogatis

349 2014 775 2067 communicatur
799 2016 1044 2078 accessit,
1071 2016 1151 2070 ltis
1179 2016 1358 2086 utique
1385 2018 1474 2087 qui
1498 2033 1527 2071 a
1556 2019 1931 2075 communione

345 2104 653 2159 nullatenus
679 2106 1076 2173 discrepabunt.
1107 2109 1213 2163 Cur
1244 2124 1373 2179 ergo
1402 2110 1485 2164 vel
1511 2125 1633 2165 cum
1668 2112 1782 2166 haec
1814 2112 1927 2167 ﬁeri

345 2198 573 2264 videret,
607 2214 711 2252 non
741 2199 879 2253 sicut
904 2200 1003 2254 sub
1027 2200 1283 2256 Basilisco
1311 2202 1422 2272 jam
1455 2204 1678 2272 fecerat,
1712 2207 1777 2260 ad
1800 2222 1931 2276 apo-

344 2289 587 2344 stolicam
611 2290 791 2345 sedem
828 2290 1032 2346 referre
1066 2295 1270 2348 curavit
1302 2312 1313 2346 :
1342 2306 1395 2347 ut
1423 2295 1467 2349 si
1495 2297 1640 2351 solus
1675 2298 1788 2365 ipse
1820 2313 1925 2354 non

346 2389 579 2450 poterat,
600 2381 821 2449 junctis,
854 2397 973 2436 cum
1004 2384 1193 2439 eadem
1225 2387 1464 2441 consiliis
1504 2398 1665 2458 atque
1692 2392 1930 2445 tractati-

345 2476 446 2531 bus
475 2478 613 2546 apnd
643 2476 1018 2546 imperatorem
1052 2490 1269 2548 possent
1292 2521 1306 2542 ,
1353 2497 1471 2550 qum
1511 2483 1751 2552 religioni
1782 2498 1930 2539 com-

346 2578 612 2638 petereut,
638 2570 853 2641 allegari
873 2572 895 2624 ?
917 2571 1048 2626 Nam
1078 2575 1121 2627 si
1170 2572 1478 2638 Basiliscus,
1507 2584 1564 2630 ut
1593 2576 1791 2632 dictum
1824 2587 1927 2645 est,

349 2673 610 2732 tyrannus
636 2662 941 2730 haereticus,
977 2666 1190 2735 scriptis
1232 2667 1541 2736 apostolica:
1588 2670 1732 2724 sedis
1766 2669 1930 2726 vehe-

352 2763 562 2809 menter
584 2754 838 2811 infractus
867 2766 971 2823 est,
1000 2766 1054 2812 et
1080 2772 1108 2811 a
1159 2758 1404 2827 plurimis
1435 2772 1716 2815 revocatus
1745 2777 1931 2817 exces-

350 2846 519 2915 sibus,
554 2859 751 2919 quanto
783 2851 951 2919 magis
988 2850 1258 2920 legitimus
1300 2853 1589 2923 imperator
1629 2854 1718 2923 qui
1759 2870 1817 2909 se
1842 2871 1932 2909 ca-

351 2940 605 2996 tholicum
631 2944 796 2999 videri
831 2944 1058 3009 volebat,
1090 2947 1261 3012 potuit
1297 2961 1417 3001 cum
1467 2949 1759 3018 apostolica
1802 2950 1929 3005 sede

350 3047 664 3092 Cunctorum
697 3054 910 3108 quoque
937 3038 1250 3108 pontiﬁcum
1274 3040 1549 3095 moderata
1588 3042 1929 3111 suggestione

353 3128 603 3197 mitigari,
633 3132 899 3197 pr;rcipue
919 3145 1039 3185 cum
1072 3131 1311 3200 ejusdem
1336 3133 1517 3187 Acacii
1549 3145 1692 3188 esset
1719 3136 1929 3202 specia—

2040 1933 2247 1990 natum,
2275 1926 2476 1995 absque
2506 1925 2648 1980 sedis
2680 1926 2989 1996 apostolicae
3032 1924 3429 1980 consultatione
3480 1924 3621 1978 recl-

2036 2028 2204 2088 peret,
2237 2020 2413 2089 aliqua
2440 2019 2648 2091 synodo
2678 2020 2866 2074 saltem
2912 2019 3022 2073 illic
3064 2018 3273 2079 habita,
3306 2016 3408 2071 hoc
3448 2016 3622 2071 auda-

2033 2119 2150 2164 cter
2169 2113 2395 2180 arripuit
2424 2110 2874 2166 ntCalendionem
2898 2110 2965 2165 de
2986 2110 3267 2165 Antiochia
3298 2109 3617 2179 depelleret,

2034 2202 2450 2274 haircticumque
2480 2203 2715 2269 Petrum,
2750 2219 2908 2274 quem
2932 2204 3048 2273 ipse
3076 2204 3465 2268 damnaverat,
3498 2202 3621 2255 abs-

2033 2309 2137 2362 que
2168 2294 2355 2347 notitia
2376 2294 2519 2349 sedis
2535 2294 2848 2365 apostolica:
2870 2309 3057 2349 rursus
3082 2294 3412 2359 admitteret,
3439 2293 3622 2360 aliqua

2033 2389 2238 2460 synodo
2265 2388 2316 2443 id
2357 2390 2550 2444 fecisse
2574 2388 3021 2443 monstratuHSi
3068 2397 3217 2443 certe
3255 2387 3323 2442 de
3360 2386 3622 2455 dignitate

2034 2484 2205 2551 agitur
2231 2483 2534 2547 civitatum,
2558 2482 2809 2537 secundae
2833 2483 2977 2538 sedis
3014 2491 3065 2537 et
3112 2482 3287 2537 tertia:
3335 2482 3509 2551 major
3534 2489 3619 2534 est

2035 2575 2264 2643 dignitas
2290 2574 2640 2629 ‘sacerdotum
2676 2590 2831 2644 quam
2873 2574 2991 2642 ejus
3030 2574 3262 2629 civitatis
3286 2615 3303 2641 ,
3349 2588 3471 2644 qua:
3514 2587 3623 2627 non

2035 2669 2206 2723 solum
2237 2670 2377 2724 inter
2407 2669 2567 2724 sedes
2592 2669 2809 2723 minime
2833 2678 3166 2733 numeratur,
3216 2666 3310 2722 sed
3352 2681 3453 2719 nec
3483 2666 3623 2720 inter

2037 2748 2569 2830 metropolitanorum
2589 2763 2713 2829 jura
2738 2773 3009 2816 censetur.
3057 2759 3188 2814 Nam
3232 2758 3373 2828 quod
3402 2757 3618 2818 dicitis.

2034 2855 2189 2926 regite
2208 2855 2457 2919 civitatis,
2483 2854 2585 2908 alia
2611 2863 2849 2924 potestas
2875 2863 2958 2909 est
2990 2851 3138 2920 regni
3172 2851 3449 2908 saecularis
3471 2891 3488 2916 ,
3518 2850 3623 2905 alia

2035 2946 2520 3001 ecclesiasticarum
2551 2947 2860 3001 distributio
2891 2946 3237 3015 dignitatum.
3282 2942 3433 3000 Sicut
3475 2942 3620 2997 enim

2036 3040 2280 3107 quamvis
2304 3055 2465 3109 parva
2488 3041 2676 3095 civitas
2709 3040 3113 3107 praerogativam
3146 3038 3427 3108 prasentis
3469 3034 3622 3106 regni

2037 3149 2143 3188 non
2169 3135 2382 3200 minuit,
2408 3135 2486 3190 sic
2525 3134 2817 3204 imperialis
2865 3133 3149 3204 praesentia
3185 3146 3492 3187 mensuram
3535 3129 3622 3185 di-

354 3218 424 3273 lis
457 3218 632 3275 fautor
655 3230 708 3275 et
736 3231 961 3287 amator,
987 3230 1039 3275 et
1077 3224 1165 3291 qui
1207 3224 1399 3277 litteris
1452 3226 1562 3278 suis
1608 3235 1713 3279 tam
1756 3228 1929 3295 ipsum
1959 3207 2006 3271 (ἶ
2036 3226 2399 3295 spensationis
2426 3226 2694 3295 religiosa
2736 3241 2840 3280 non
2874 3233 3061 3279 mutat.
3088 3224 3169 3281 Sit
3194 3224 3337 3279 clara
3374 3223 3503 3278 urbs
3530 3221 3623 3276 illa

350 3313 631 3379 Acacium,
664 3329 822 3383 quant
855 3325 1098 3369 sanctum
1120 3330 1311 3384 papam
1341 3317 1668 3384 Simplicium
1685 3334 1930 3387 magnum

349 3404 600 3461 laudibus
625 3408 947 3473 extulisset,
995 3411 1137 3479 quod
1194 3409 1448 3465 lttcretico
1503 3414 1935 3469 constantissime

349 3502 709 3556 restitissent?
758 3502 865 3557 Cur
896 3512 1043 3557 tanto
1091 3512 1331 3573 tempore
1376 3506 1605 3561 Aeacius
1659 3510 1798 3562 inter
1835 3509 1935 3564 ista

350 3596 629 3660 conticuit,
670 3596 770 3650 nisi
794 3596 917 3666 quia
953 3597 1234 3667 praepediri
1264 3598 1478 3652 nolebat
1506 3599 1791 3667 ullatenus,
1816 3619 1932 3671 qua:

352 3690 695 3746 desiderabat
719 3692 921 3759 ettpleri
946 3691 968 3744 τ

430 3783 695 3838 Ponamus
747 3792 954 3848 tamen,
993 3783 1201 3837 etiamsi
1238 3784 1378 3839 nulla
1423 3785 1659 3855 synodus
1706 3801 1934 3855 praeces-

351 3876 534 3942 sisset,
567 3875 718 3945 cujus
745 3875 1034 3945 apostolica
1057 3879 1213 3933 sedes
1244 3888 1390 3932 recte
1422 3878 1574 3933 ﬁeret
1603 3883 1931 3949 exsecutrix,

353 3985 479 4025 cum
511 3968 701 4038 quibus
724 3980 840 4023 erat
865 3970 933 4024 de
964 3970 1158 4024 Acacio
1190 3972 1427 4043 synodus
1478 3975 1744 4028 ineunda?
1786 3976 1933 4029 Nun-

352 4062 485 4133 quid
514 4077 633 4116 cunt
668 4060 749 4115 ltis
775 4062 863 4131 qui
891 4062 1001 4130 jam
1029 4064 1317 4132 participes
1342 4065 1659 4119 tenebantur
1704 4067 1931 4133 Acacio,

351 4162 411 4211 et
434 4170 526 4224 per
547 4154 820 4209 Orientem
844 4161 1011 4207 totum
1036 4154 1314 4209 catholicis
1341 4156 1709 4211 sacerdotibus
1736 4158 1939 4211 violen-

356 4256 441 4301 ter
472 4246 729 4309 exclusis,
762 4256 814 4299 et
841 4261 935 4311 per
980 4245 1164 4299 exsilia
1208 4245 1419 4300 diversa
1469 4247 1756 4316 relegatis,
1806 4248 1937 4301 socii

352 4339 633 4394 evidenter
663 4337 965 4393 existebant
994 4338 1392 4392 communionis
1418 4347 1678 4403 externas,
1708 4338 1857 4407 prius
1878 4354 1939 4395 se

352 4436 423 4489 ad
451 4435 567 4489 haec
591 4433 856 4488 consortia
882 4431 1261 4487 transferentes
1290 4448 1444 4502 quam
1461 4431 1605 4488 sedis
1626 4433 1939 4501 apostolicae

352 4526 489 4581 scita
520 4524 898 4581 consulerent?
928 4525 1059 4577 Cum
1107 4523 1301 4593 quibus
1349 4540 1478 4594 ergo
1538 4525 1773 4597 synodus
1821 4534 1938 4579 erat

354 4619 588 4677 ineunda
617 4617 865 4673 catholici
898 4589 1178 4686 pontiﬁces
1205 4589 1683 4687 fuerant—undique
1703 4618 1813 4687 jam
1846 4619 1941 4674 de-
1964 4589 2019 4650 D

355 4715 516 4786 pulsi,
561 4713 766 4783 solique
796 4721 1168 4767 remanserant
1214 4712 1341 4766 socii
1394 4711 1716 4781 perﬁdorum
1744 4752 1757 4776 ,
1816 4728 1936 4768 cum

355 4808 550 4880 quibus
574 4806 685 4875 jam
718 4815 817 4861 nec
841 4805 1035 4860 licebat
1082 4805 1281 4859 habere
1323 4816 1677 4868 conventum,
1726 4804 1940 4861 dicente

358 4904 568 4974 psalmo
600 4915 614 4953 :
651 4900 769 4955 Non
799 4902 905 4954 aedi
928 4902 982 4953 in
1010 4899 1228 4952 concilio
1247 4899 1485 4953 vanitatis
1504 4940 1520 4967 ,
1545 4908 1593 4953 et
1620 4915 1739 4951 cum
1764 4899 1938 4969 iniqua

355 4994 649 5069 gerentibus
672 5012 771 5050 non
794 4993 1039 5048 introibo.
1085 4992 1194 5047 Nec
1235 4991 1582 5047 ecclesiastici
1618 4976 1786 5045 moris
1816 5000 1935 5057 est,

355 5105 479 5146 cum
512 5090 594 5143 his
647 5089 733 5158 qui
769 5086 1020 5157 pollutam
1067 5085 1261 5138 habent
1297 5082 1759 5147 communionem,
1815 5097 1939 5152 per-

356 5184 693 5251 mixtamqne
714 5194 833 5234 cum
877 5177 1092 5248 perﬁdis
1138 5175 1362 5231 miscere
1414 5178 1726 5233 concilium.
1774 5176 1939 5230 Recte

356 5275 522 5345 igitur
554 5290 651 5344 per
667 5270 1121 5327 Chalcedonensis
1151 5273 1345 5343 synodi
1375 5274 1600 5327 formam
1635 5256 1938 5339 ltnjusmodi

359 5368 732 5440 praevaricatio
756 5367 963 5436 repulsa
994 5375 1096 5431 est,
1127 5366 1303 5436 potius
1333 5382 1490 5435 quant
1518 5366 1585 5419 ad
1617 5362 1903 5419 concilium
1924 5404 1940 5430 ,

360 5463 503 5533 quod
536 5465 632 5517 nec
654 5474 792 5529 opus
819 5470 935 5514 erat
960 5468 1080 5528 post
1108 5459 1333 5529 primam
1361 5457 1649 5529 synodum,
1692 5469 1792 5510 nec
1821 5468 1942 5510 cum

362 5555 562 5612 talibus
590 5553 772 5608 haberi
802 5551 1020 5618 licebat,
1052 5551 1279 5607 adducta
1306 5559 1407 5605 est.
1440 5548 1572 5603 Nam
1596 5546 1791 5618 etquid
1824 5560 1948 5613 age-

362 5662 513 5708 retur
535 5650 605 5705 de
638 5649 741 5703 ﬁde
766 5648 1026 5704 catholica
1050 5646 1352 5716 intelligere
1378 5644 1422 5699 si
1446 5643 1668 5709 vellent,
1702 5641 1948 5711 ignorare

362 5761 471 5800 non
520 5752 772 5813 poterant
822 5757 941 5796 cum
973 5740 1215 5796 viderent
1262 5737 1558 5794 catholicos
1618 5734 1943 5804 pontiﬁces,

363 5837 509 5901 nulla
562 5836 750 5907 synodi
799 5835 1147 5904 discussione,
1201 5833 1346 5890 nullo
1396 5830 1643 5898 concilio,
1676 5827 1948 5901 praecipue
1999 5904 2009 5909 η

2038 3326 2304 3385 potestate
2326 3319 2609 3387 praesentis
2636 3317 3005 3387 imperatoris,
3058 3315 3245 3386 religio
3286 3315 3386 3372 sub
3429 3313 3622 3370 eodem

2043 3419 2168 3464 tunc
2190 3410 2362 3473 ﬁrma,
2380 3418 2505 3464 tunc
2533 3410 2721 3475 libera,
2744 3419 2869 3463 tunc
2887 3418 3139 3479 provecta
3165 3409 3431 3476 consistit,
3459 3409 3503 3463 si
3526 3421 3623 3477 po-

2041 3503 2146 3555 tius
2178 3501 2279 3557 hoc
2309 3490 2574 3570 praesente
2621 3503 2891 3572 propriam
2920 3512 3099 3557 teneat
3118 3502 3236 3558 sine
3262 3502 3370 3557 ulla
3412 3511 3624 3571 pertur-

2038 3593 2251 3650 batione
2275 3609 2602 3651 mensuram.

2109 3688 2215 3743 Sed
2238 3688 2449 3742 dicatur
2480 3686 2701 3744 forsitan
2725 3686 2793 3742 de
2815 3686 3178 3743 Alexandrino
3190 3694 3245 3743 et
3259 3684 3619 3756 Antiocheno,

2038 3780 2205 3837 certis
2231 3799 2294 3836 ex
2323 3782 2502 3836 causis
2533 3781 2830 3851 principem
2856 3781 3027 3851 magis
3056 3780 3142 3835 illa
3167 3797 3288 3852 quae
3306 3790 3456 3851 gesta
3472 3788 3620 3848 sunt,

2042 3890 2145 3929 non
2176 3866 2428 3930 Ac'itcium
2457 3875 2795 3943 praecepisse.
2830 3873 2933 3929 Sed
2962 3873 3188 3944 principi
3207 3872 3511 3929 Christiano
3531 3873 3625 3927 de-

2042 3976 2223 4020 cuerat
2254 3981 2543 4035 suggerere
2568 3964 2926 4027 sacerdotem,
2955 3965 3187 4020 maxime
3212 3966 3367 4034 cujus
3396 3964 3626 4018 familia-

2043 4059 2199 4111 ritate
2223 4068 2274 4112 et
2299 4058 2479 4112 favore
2510 4058 2804 4117 fruebatur,
2839 4056 3040 4110 salvam
3070 4055 3184 4109 fore
3213 4056 3282 4109 de
3322 4055 3438 4123 ejus
3487 4054 3626 4123 inju-

2043 4150 2121 4203 ria
2153 4149 2586 4217 contumeliaque
2608 4146 2922 4213 vindictam,
2956 4155 3160 4199 tantum
3188 4154 3249 4199 ut
3276 4144 3532 4199 Ecclesiae
3555 4145 3627 4199 si-

2044 4250 2201 4295 neret
2224 4239 2562 4295 Christianus
2588 4240 2839 4309 princeps
2860 4239 3071 4307 regulas
3100 4236 3392 4305 custodiri,
3420 4238 3543 4309 quia
3573 4246 3627 4292 et

2045 4350 2181 4395 nova
2204 4333 2257 4387 in
2286 4343 2512 4403 utroque
2540 4334 2791 4402 pontilice
2815 4346 2979 4387 causa
3006 4340 3153 4387 esset
3192 4340 3410 4398 exorta,
3443 4340 3497 4387 et
3526 4345 3626 4386 no-

2042 4442 2163 4482 vam
2216 4426 2601 4481 discussionem
2644 4433 3040 4493 consequenter
3090 4423 3404 4494 inquireret.
3447 4422 3623 4495 Etsi,

2043 4522 2181 4575 sicut
2203 4533 2418 4586 semper
2448 4526 2593 4572 esset
2614 4517 2895 4583 effectum,
2941 4514 3260 4571 sacerdotali
3302 4514 3529 4571 concilio
3558 4515 3628 4572 de

2045 4611 2415 4668 sacerdotibus
2441 4609 2636 4678 judicia
2670 4608 3041 4678 provenirent,
3071 4623 3177 4663 non
3209 4622 3238 4661 a
3276 4607 3519 4663 surculari
3546 4608 3627 4662 vi-

2044 4707 2302 4761 derentur
2343 4704 2745 4774 qualescunque
2775 4702 3087 4771 pontiﬁces,
3126 4711 3181 4755 et
3208 4701 3252 4755 si
3297 4716 3484 4757 errore
3528 4700 3627 4756 hu-

2044 4798 2276 4853 manitus
2301 4794 2610 4861 accedente,
2639 4810 2742 4846 non
2777 4802 2953 4847 tamen
2982 4802 3172 4847 contra
3202 4792 3519 4863 religionem
3546 4793 3630 4846 ul-

2044 4892 2252 4946 latenus
2282 4887 2576 4944 excedente
2608 4893 2870 4954 potestate
2893 4884 3129 4954 percelli.
3157 4884 3238 4939 An
3260 4895 3313 4940 et
3336 4884 3451 4941 haec
3481 4885 3628 4954 just:

2046 4982 2259 5038 ratione
2284 4978 2514 5050 principi
2542 4976 2876 5045 suggerenda
2914 4992 3019 5032 non
3054 4976 3247 5030 erant?
3286 4975 3467 5047 Regia:
3496 4976 3629 5030 civi-

2048 5075 2173 5130 tatis
2206 5074 2409 5128 honore
2432 5071 2675 5125 sublimis
2714 5069 2761 5124 si
2804 5068 2973 5123 factus
3020 5079 3136 5125 erat
3192 5068 3279 5124 illa
3330 5069 3474 5137 regia
3506 5066 3629 5121 civi~

2048 5177 2157 5225 tate
2231 5168 2551 5233 sublimior,
2620 5176 2767 5219 tanto
2824 5164 2994 5236 magis
3051 5166 3106 5222 in
3146 5163 3229 5218 his
3283 5160 3627 5233 tuggerendis

2049 5263 2372 5319 debuitesse
2421 5262 2773 5315 constantior.
2838 5259 2895 5315 Si
2944 5269 3121 5314 autent
3172 5256 3225 5311 in
3264 5254 3349 5308 his
3380 5267 3498 5322 quae
3531 5268 3627 5320 pro

2051 5358 2313 5429 religione
2354 5355 2562 5411 fuerant
2603 5353 2869 5411 exerenda
2899 5394 2913 5419 ,
2955 5352 3159 5408 exstitit
3212 5344 3628 5413 contemptibilis

2051 5462 2211 5522 atque
2239 5450 2546 5521 despectus,
2570 5458 2622 5503 et
2642 5458 2733 5502 aut
2755 5446 2957 5516 segnis,
2984 5454 3076 5499 aut
3100 5441 3347 5496 ﬁduciam
3391 5454 3496 5495 non
3528 5439 3630 5496 ha-

2052 5541 2511 5607 bensintimandi,
2546 5543 2597 5595 in
2626 5556 2731 5610 quo
2754 5554 2847 5608 per
2895 5536 3098 5605 regiam
3140 5530 3415 5587 civitatem
3459 5533 3631 5602 major
3710 5538 3711 5541 “

2051 5638 2273 5693 effectus
2307 5637 2423 5691 est?
2472 5633 2679 5688 Nathan
2714 5631 2972 5702 propheta
3024 5625 3197 5694 palam
3231 5626 3548 5695 publiceque
3578 5627 3628 5681 in

2055 5733 2189 5788 facie
2212 5732 2323 5802 regi
2344 5729 2531 5789 David,
2548 5737 2601 5782 et
2621 5724 2965 5781 commissum
2991 5720 3628 5791 pronuntiaviterrorem,

2055 5836 2110 5883 et
2132 5827 2308 5898 ipsum
2332 5819 2665 5880 commisisse
2702 5831 2807 5872 non
2844 5817 3028 5882 tacuit,
3063 5822 3117 5871 et
3145 5810 3482 5884 confessione
3511 5826 3628 5865 cor-
