4104 6356
224 305 289 361 85
1430 304 1781 360 EPISTULA}
1823 304 1909 360 ET
1952 306 2292 365 DECRETA.
3433 310 3499 362 86

225 422 534 488 scripserat,
568 421 650 477 vel
683 420 965 475 scribendo
993 422 1227 473 omnium
1269 419 1575 488 prodiderat
1601 420 1786 472 voluu-
1819 422 2245 491 Apropagandw
2286 424 2549 494 pravitatis
2593 422 2831 476 inveniat.
2878 421 2991 486 Quo
3040 423 3176 491 facto
3214 438 3313 473 non
3358 422 3497 473 [tunc

223 517 371 575 lates,
407 516 731 582 trangressio
752 524 832 567 est
861 512 1042 581 punita
1069 520 1409 566 cunctorum.

289 606 421 669 Qum
478 608 541 659 ad
604 608 1008 661 instructionem
1059 615 1249 660 vestrae
1305 605 1610 661 dilectionis
1668 605 1809 659 satis

222 698 537 765 abnntlvque
565 702 815 756 sufﬁcere
859 701 1181 769 judicaums,
1211 700 1455 767 quamvis
1500 698 1693 754 eadem
1722 698 1802 751 la—

221 790 339 850 tius,
384 792 425 843 si
472 792 727 846 Dominus
752 791 1078 847 concesserit
1126 792 1430 849 facultatem
1453 833 1467 858 ,
1495 782 1806 846 Studeamus

221 897 494 947 exponere
524 902 539 937 :
568 895 841 952 quatenus
883 895 935 939 et
994 885 1229 941 ﬁdelium
1260 886 1487 955 quisque
1522 893 1813 955 cognoscat

221 974 350 1026 nihil
406 976 752 1041 apostolicam
796 977 1016 1043 sedem,
1064 978 1217 1047 quod
1254 978 1423 1043 absit,
1472 992 1815 1047 prtepropere

220 1067 514 1121 censuisse.
544 1069 673 1133 Quae
728 1079 908 1124 tamen
957 1073 1225 1127 sententia
1254 1071 1308 1125 in
1341 1071 1601 1126 Acacium
1639 1071 1806 1125 desti-

222 1169 365 1224 nata,
410 1162 510 1214 etsi
554 1162 774 1216 nomine
829 1165 1201 1219 tantummodo
1231 1164 1475 1234 praesulis
1505 1163 1811 1233 apostolici,

224 1253 379 1321 cujus
408 1263 529 1308 erat
554 1255 735 1324 utique
769 1258 1073 1325 potestatis,
1118 1258 1361 1328 legitimc
1406 1258 1663 1327 probatur
1695 1273 1816 1312 esse

224 1346 544 1415 deprompta
563 1388 577 1412 ,
604 1351 904 1417 prtcsertim
930 1365 1053 1405 cum
1078 1351 1331 1405 secretim
1359 1350 1631 1420 dirigenda
1665 1350 1815 1405 vide-

224 1447 395 1504 retur,
414 1453 487 1492 ne.
502 1438 758 1493 custodiis
777 1441 971 1511 ubique
989 1442 1263 1511 praetentis
1278 1442 1561 1511 dispositio
1571 1442 1820 1497 salutaris

224 1531 957 1599 quibuslibetdillicultatibus
970 1536 1226 1606 impedita
1243 1536 1605 1597 necessarium
1623 1534 1823 1589 habere

225 1638 332 1680 non
384 1637 565 1694 posset
607 1628 854 1683 etinctum
886 1647 899 1683 :
934 1639 1111 1685 tamen
1140 1633 1263 1700 quia
1289 1630 1602 1685 orthodoxis
1630 1628 1825 1697 ubique

226 1718 477 1787 deiectis,
510 1732 564 1775 et
588 1720 860 1776 hmreticis
884 1726 1254 1777 tantummodo
1277 1739 1572 1792 eorumque
1594 1738 1693 1777 con
1704 1737 1824 1775 sor-

1909 516 2073 585 utagis
2104 515 2171 566 ab
2197 530 2368 567 errore
2392 517 2730 580 detrahimus,
2773 532 2925 584 quant
2956 515 3227 580 perniciem
3259 513 3497 579 fidelibus

1911 608 2234 679 irroqamus;
2274 624 2430 677 eoque
2472 611 2622 661 modo
2652 608 3075 663 Chalcedonensis
3100 604 3287 677 syhodi
3308 615 3499 660 statuta

1912 700 2183 765 violantes,
2214 702 2411 753 aditum
2442 715 2574 754 swva
2619 704 2947 771 copulatione
2992 702 3267 773 grassandi
3310 700 3367 751 in
3401 698 3501 751 Ec—

1915 793 2124 845 clesium
2171 792 2309 861 lupis
2338 793 2608 863 rapacibus
2643 794 2920 861 aperimus.
2954 792 3181 862 Denique
3220 792 3283 845 ab
3314 793 3502 846 eisdem

1917 884 2045 955 ipsis
2063 900 2175 937 cum
2201 885 2385 954 quibus
2404 885 2528 938 olim
2556 901 2589 937 a
2614 884 2871 937 catholica
2895 886 3289 953 participatione
3312 883 3503 937 divisus

1920 987 2012 1040 est,
2044 978 2276 1048 pontifex
2305 977 2495 1029 dicitur
2536 976 2786 1046 postulari
2816 992 2833 1029 :
2866 988 2920 1028 ut
2960 976 3085 1030 satis
3129 977 3385 1029 evidenter
3412 993 3506 1045 ap-

1922 1079 2094 1137 pareat
2117 1085 2219 1122 non
2245 1085 2335 1121 eos
2362 1079 2552 1121 rectam
2581 1069 2733 1135 ﬁdem
2784 1066 2929 1129 velle,
2953 1067 3042 1121 sed
3064 1068 3119 1120 in
3139 1069 3359 1137 prwsule
3388 1085 3506 1137 pro-

1920 1164 2029 1233 prio
2057 1162 2265 1231 nefandi
2305 1162 2556 1231 dogmatis
2582 1175 2811 1230 quaerere
2835 1167 3164 1225 potestatem;
3192 1175 3349 1223 neque
3375 1160 3507 1213 inter

1922 1260 2060 1327 ipsos
2087 1268 2131 1309 et
2159 1255 2400 1309 veraciter
2441 1256 2730 1318 sentientes,
2764 1270 2866 1323 pax
2890 1253 3008 1308 inde
3038 1254 3197 1323 possit
3222 1252 3331 1321 ﬁda
3359 1268 3509 1323 gene-

1924 1349 2052 1412 rari,
2081 1347 2218 1402 unde
2257 1348 2615 1401 httreticarum
2642 1348 2887 1399 mentium
2919 1345 3099 1398 crescit
3141 1348 3342 1408 funesta
3364 1343 3511 1397 dam-

1928 1443 2086 1504 natio,
2110 1452 2157 1494 et
2187 1440 2553 1494 catholicorum
2581 1442 2871 1493 miseranda
2902 1439 3189 1510 captivitas.

2002 1536 2077 1588 Ex
2105 1535 2329 1604 epistola
2354 1533 2549 1588 Felicis
2578 1548 2730 1601 papae
2756 1532 2821 1585 ad
2851 1531 3125 1586 Zenonem
3154 1531 3281 1599 imp.

2557 1626 2761 1695 (Epist.
2802 1625 2883 1695 ε.)

2010 1723 2107 1777 Ubi
2133 1739 2270 1789 esse,
2300 1723 2488 1790 inquit,
2516 1726 2631 1792 jam
2662 1736 2970 1789 consequens
2998 1721 3180 1790 procul
3220 1717 3373 1772 dubio
3397 1734 3513 1788 per-

228 1811 372 1865 tibus
395 1815 504 1877 iam
534 1814 736 1867 relictis
761 1814 815 1867 iu
841 1814 1083 1877 Oriente,
1112 1816 1363 1869 catholici
1388 1814 1666 1883 pontiﬁces
1684 1854 1699 1877 ,
1727 1822 1819 1866 aut
1846 1803 1896 1862 B
1930 1817 2132 1878 videtis,
2158 1816 2525 1867 Alexandrinae
2552 1812 2797 1866 Ecclesia
2818 1829 3158 1880 pervasarem,
3200 1811 3406 1880 funesta
3426 1811 3516 1863 diu

231 1904 437 1958 residui
460 1907 683 1960 omnino
714 1922 817 1960 non
845 1916 1026 1962 essent
1048 1947 1062 1973 ,
1092 1917 1184 1961 aut
1236 1908 1437 1962 nullam
1466 1916 1715 1976 gererent
1763 1906 1824 1958 li-

232 1995 519 2063 bertatem,
568 1998 922 2068 plurimorum
964 2002 1017 2053 in
1067 2000 1217 2054 Italia
1262 1999 1650 2055 catholicorum
1694 2014 1819 2052 con-

228 2087 473 2154 gregatio
508 2090 845 2144 sacerdotum
876 2092 1268 2145 rationabiliter
1312 2093 1564 2159 cognovit
1602 2100 1821 2146 senten-

228 2178 360 2231 tiam
406 2180 459 2231 iu
487 2181 741 2235 Acacium
770 2181 934 2237 fuisse
983 2184 1264 2250 prolatam.
1299 2184 1429 2250 Quae
1480 2183 1827 2253 congregatio.

227 2268 367 2326 facta
400 2274 734 2343 pontiﬁcum,
769 2291 877 2330 non
924 2287 1111 2331 contra
1140 2276 1661 2342 Clialcedoneusein,
1710 2292 1819 2330 non

228 2364 487 2432 tanquam
530 2381 665 2421 nova
710 2368 947 2438 synodus
986 2376 1174 2423 contra
1205 2378 1441 2423 veterem
1485 2368 1821 2437 primamque

229 2455 499 2522 convenit,
535 2458 631 2512 scd
654 2459 827 2527 potius
858 2460 1153 2515 secundum
1184 2468 1427 2516 tenorem
1462 2462 1661 2516 veteris
1691 2477 1820 2517 cou-

230 2549 430 2617 stituti,
460 2552 729 2623 particeps
762 2554 1072 2622 apostolicae
1099 2553 1462 2609 exsecutienis
1493 2553 1687 2608 eﬂ‘ccta'
1707 2562 1817 2617 est;

232 2650 290 2695 nt
318 2643 450 2698 satis
496 2654 759 2714 appareat
804 2646 1100 2703 Ecclesium
1147 2646 1475 2702 catholicam
1529 2646 1827 2714 sedemque

233 2735 610 2803 apostolicam,
640 2738 764 2807 quia
812 2739 939 2793 alibi
981 2739 1089 2807 jam
1118 2739 1337 2795 omnino
1366 2754 1472 2791 non
1504 2748 1703 2807 posset,
1732 2737 1821 2801 ubi

233 2830 429 2897 potuit,
473 2839 675 2886 etcum
714 2833 909 2900 quibus
933 2834 1103 2902 potuit
1147 2833 1280 2889 nihil
1324 2834 1544 2903 penitus
1574 2833 1825 2889 omisisse

232 2921 378 2987 quod
409 2921 477 2978 ad
504 2922 798 2981 fraternum
830 2927 1125 2994 pertineret
1154 2941 1251 2996 pro
1274 2927 1592 2983 intemerata
1620 2926 1745 2991 lide,
1770 2936 1822 2983 ct

238 3013 455 3070 sincera
474 3018 850 3073 communione
884 3027 1188 3075 tractatum.

459 3150 787 3209 EPISTOLA
828 3153 965 3218 XIV,
1007 3152 1163 3207 SIVE
1203 3152 1612 3209 TRACTATUS

825 3259 1029 3298 censu
1068 3260 1236 3311 ρλρίε,

155 3332 163 3339 ’
228 3332 300 3388 In
323 3350 427 3403 quo
449 3337 599 3407 etiam
627 3336 767 3407 ponit
794 3338 1022 3401 exempla
1045 3338 1374 3403 epistolarum
1404 3338 1657 3407 Simplicii
1679 3354 1826 3407 papa:

304 3414 459 3474 atque
483 3404 692 3469 Felicis,
722 3411 859 3476 quod
895 3407 1145 3461 Timothei
1176 3407 1376 3471 /Eluri,
1408 3408 1484 3462 vel
1519 3404 1686 3461 'Pctri'
1708 3404 1829 3461 Ale-

306 3477 553 3550 xandrini
568 3478 879 3550 impietatem
896 3481 1019 3533 olim
1042 3482 1387 3550 cognoverint,
1423 3481 1497 3533 vel
1525 3480 1616 3539 visi
1638 3480 1827 3546 fuerint

302 3548 588 3619 judicasse.
629 3549 814 3605 Postea
866 3548 1460 3619 prapriis'prosequitnr
1512 3552 1694 3612 dit-tis,
1749 3552 1827 3604 in-

311 3628 512 3695 struens
545 3619 667 3688 quid
693 3621 935 3691 adversus
966 3619 1168 3697 (ἔνατος
1191 3622 1366 3675 debeat
1397 3623 1714 3689 responderi.

308 3826 389 3883 Es
420 3827 645 3898 cpistola
675 3826 939 3897 Simplicii
967 3842 1117 3898 papae
1145 3827 1212 3893 ad
1239 3828 1508 3885 Acacium.

846 3942 1052 4013 (Epist.
1097 3945 1209 4015 l7.)

309 4030 478 4098 Illud,
516 4033 715 4102 inquit,
741 4049 822 4089 me
868 4051 969 4089 non
1014 4036 1332 4092 mediocriter
1364 4039 1485 4107 facit
1526 4039 1822 4101 attonitum,

234 4126 376 4198 quod
405 4126 589 4181 iisdem
622 4127 803 4182 litteris
825 4130 930 4181 suis
965 4127 1196 4195 Petrum,
1231 4132 1315 4198 qui
1346 4130 1698 4186 haereticorum
1729 4132 1828 4187 du-

233 4223 364 4276 dum
402 4222 571 4276 socius
602 4222 852 4287 exstitisse
894 4223 1134 4292 probetur
1160 4232 1206 4281 cl
1249 4226 1502 4291 princeps,
1533 4227 1669 4292 quod
1708 4242 1830 4279 con-

236 4315 503 4368 scientiam
519 4314 805 4368 dilectionis
827 4322 930 4368 tuce
954 4316 1271 4369 meminimus
1302 4333 1402 4370 non
1430 4317 1609 4381 latere,
1639 4319 1830 4373 instru-

238 4408 527 4477 ctionesque
555 4408 713 4476 ipsas,
756 4406 934 4475 quibus
966 4410 1118 4476 fuerit
1141 4412 1458 4479 confutatus,
1492 4427 1637 4466 nosse
1670 4413 1831 4479 confi-

238 4501 427 4565 dimus,
486 4515 734 4568 quomque
778 4500 928 4553 etiam
984 4501 1190 4553 dubium
1230 4518 1331 4556 non
1372 4504 1437 4556 sit
1489 4506 1656 4558 adhuc
1686 4516 1830 4561 extra

238 4592 651 4645 communionem
675 4592 861 4646 durare
880 4593 1202 4659 catholicam,
1221 4611 1453 4665 saepeque
1468 4615 1560 4651 nos
1578 4601 1639 4653 de
1652 4600 1831 4654 eodeni

240 4701 303 4737 ex:
330 4686 426 4737 illa
453 4684 574 4738 urbe
602 4684 836 4752 pellendo
872 4685 1133 4753 scripsisse
1161 4688 1224 4741 sit
1254 4697 1466 4757 certum,
1504 4692 1572 4743 ad
1604 4696 1832 4761 prtefatte

247 4774 488 4829 Ecclesiae
507 4777 730 4845 regimen
759 4777 1008 4831 existimet
1034 4777 1445 4847 prove/tendum;
1472 4797 1683 4849 eumque
1712 4800 1833 4850 prou-

243 4871 411 4923 mittat
441 4878 591 4924 recta:
633 4870 753 4935 fidei
782 4870 1159 4939 definitionibus
1190 4874 1472 4937 convenire,
1494 4890 1527 4925 a
1553 4878 1702 4944 cujus
1735 4877 1833 4930 uti-

241 4977 359 5023 que,
394 4962 523 5013 sicut
546 4962 781 5030 superius
806 4962 915 5015 disi
931 5001 945 5024 ,
974 4966 1235 5016 consortio
1253 4974 1359 5017 tam
1380 4966 1515 5034 degit
1541 4977 1830 5038 extraneas,

241 5068 397 5118 quam
433 5052 497 5105 ab
519 5054 635 5121 ejus
666 5054 1021 5107 communione
1045 5056 1294 5111 discretus
1322 5067 1414 5111 est.
1469 5058 1549 5110 Ad
1595 5076 1749 5129 quant
1788 5064 1835 5115 si

244 5160 382 5196 nunc
404 5145 575 5199 redire
601 5146 879 5212 contendit,
896 5146 994 5199 nisi
1012 5162 1101 5215 per
1115 5149 1513 5218 satisfactionem
1530 5151 1839 5211 (.‘hristianis

244 5237 436 5305 regulis
457 5246 821 5306 competentem
849 5255 947 5292 non
969 5248 1133 5309 potest
1151 5242 1399 5295 introire:
1420 5261 1479 5295 ac
1499 5246 1715 5313 perinde
1732 5263 1835 5300 non

244 5328 317 5378 ad
346 5329 610 5399 fastigium
640 5332 969 5386 sacerdotalis
1012 5332 1275 5403 dignitatis
1315 5339 1573 5401 accedere,
1606 5340 1694 5392 sed
1724 5357 1833 5393 me-

247 5418 401 5485 della,
431 5438 547 5491 qute
569 5434 683 5493 post
714 5426 1079 5491 paenitudinem
1110 5428 1383 5498 prcebenda
1404 5440 1497 5498 est,
1532 5448 1837 5505 consequen-

248 5521 327 5563 ter
353 5516 523 5584 aptari
548 5530 565 5568 :
590 5517 777 5569 (tme
802 5533 911 5571 sua
931 5520 1143 5588 cupiens
1174 5523 1533 5577 reconciliatus
1559 5528 1832 5596 auxilium,

246 5618 352 5658 non
374 5607 595 5675 gradum
616 5607 800 5660 summi
826 5607 1035 5663 honoris
1062 5611 1328 5677 a/fectans,
1354 5615 1439 5683 qui
1462 5618 1549 5669 diu
1577 5624 1837 5674 convinci-

249 5704 340 5747 tur
368 5700 523 5767 fuisse
568 5714 827 5769 pervorsus
855 5718 960 5757 :ne
1010 5722 1097 5773 per
1146 5709 1360 5777 speciem
1415 5715 1685 5766 remeantis
1739 5734 1839 5770 non

251 5790 537 5846 remedium
565 5794 773 5848 sincerae
798 5796 1090 5852 salvationis
1120 5800 1364 5871 inquirat,
1411 5802 1498 5858 sed
1525 5805 1825 5873 facultatem

1931 1910 2234 1978 impunitate
2274 1917 2609 1977 grassantem,
2642 1906 2819 1959 vestris
2848 1904 3289 1974 praceptionibus,
3338 1903 3516 1971 quibus

1933 2003 2115 2054 merito
2148 2001 2341 2053 dudum
2369 2000 2617 2067 probatur
2644 2000 2853 2067 ejectus,
2880 2014 2986 2052 esse
3014 1998 3347 2051 nihilominus
3368 1996 3517 2049 addi-

1929 2093 2169 2145 cendum.
2214 2096 2290 2145 An
2333 2110 2431 2147 non
2454 2095 2563 2164 ipse
2589 2103 2681 2158 est,
2712 2092 2803 2162 qui
2825 2108 2914 2162 per
2941 2091 3010 2145 50
3050 2107 3210 2144 annos
3249 2089 3517 2143 catholica:

1928 2186 2155 2238 desertor
2183 2182 2449 2249 Ecclesiae,
2486 2186 2907 2254 inimicorumque
2945 2186 3055 2253 ejus
3085 2192 3303 2236 sectator
3340 2192 3388 2233 et
3424 2182 3519 2235 do-

1926 2286 2059 2341 ctor,
2088 2286 2135 2329 et
2166 2278 2235 2329 ad
2266 2278 2590 2346 fundendum
2615 2282 2915 2347 sanguinem
2955 2293 3151 2344 semper
3176 2274 3323 2329 velox
3345 2275 3443 2343 fuit
3472 2284 3521 2326 et

1927 2371 2232 2448 promptus?
2270 2368 2521 2437 Nunquid
2563 2369 2735 2423 adhuc
2782 2380 2829 2423 et
2858 2371 3011 2422 istaut
3062 2368 3520 2421 dissimulationem

1927 2464 2149 2531 quadam
2175 2480 2349 2517 sumus
2369 2479 2434 2517 ex
2455 2462 2777 2517 conhibentia
2800 2462 3051 2531 recepturi
3073 2462 3096 2513 ?
3122 2461 3188 2514 In
3211 2477 3312 2529 quo
3350 2475 3522 2513 revera

1928 2573 2027 2609 non
2052 2566 2127 2609 est
2164 2572 2291 2626 opus
2320 2556 2635 2611 discussione
2654 2556 2849 2621 subtili,
2884 2556 3003 2625 quia
3048 2556 3161 2625 ejus
3198 2561 3377 2624 aperta
3402 2561 3522 2606 sunt

1930 2666 2163 2703 crimina.

2003 2790 2168 2851 Multa
2190 2789 2386 2851 similia
2429 2804 2483 2845 In
2522 2799 2747 2859 diversus
2786 2788 3031 2858 epistolis
3062 2800 3246 2841 eorum
3293 2784 3521 2853 diligens

1932 2883 2123 2951 lector,
2155 2883 2199 2951 si
2229 2880 2485 2952 requirat,
2511 2880 2764 2939 inveniet.
2792 2878 3151 2935 Praetermitto
3177 2876 3287 2945 jam
3323 2874 3521 2943 scripta

1932 2987 1987 3035 ct
2025 2976 2422 3041 admonitiones
2452 2989 2604 3046 papa:
2633 2973 2933 3042 Simplicii,
2981 2988 3097 3042 quae
3130 2972 3368 3041 plerique
3399 2970 3523 3023 vilia

1934 3070 2221 3133 aestimant,
2254 3076 2312 3131 et
2335 3068 2577 3138 iudicant
2608 3066 3025 3123 contemnenda.
3052 3064 3184 3121 Illud
3212 3062 3524 3119 considere-

1856 3184 1902 3247 ρ
1935 3175 2054 3225 mus
2076 3160 2354 3226 attentius,
2381 3159 2522 3229 quod
2546 3158 2612 3225 de
2633 3158 2825 3213 eodem
2852 3158 3031 3223 Petro,
3066 3165 3189 3211 tunc
3208 3152 3327 3210 cum
3352 3153 3525 3206 adhuc

1935 3269 2123 3310 sanum
2156 3254 2297 3309 forte
2324 3262 2574 3321 saperet,
2602 3252 2857 3322 judicarit
2906 3249 3155 3315 Aeacius,
3202 3248 3525 3316 qualemque

1934 3345 2001 3403 de
2026 3360 2090 3403 eo
2116 3344 2439 3407 sententiam
2472 3344 2539 3401 ad
2562 3343 2914 3415 apostolicam
2945 3342 3128 3405 sedem
3162 3340 3379 3396 dixerit.

2011 3477 2232 3531 Domino
2276 3487 2453 3532 sancto
2475 3520 2487 3541 ,
2530 3489 2577 3531 et
2609 3479 2895 3532 beatissimo
2926 3477 3095 3544 Patri,
3143 3475 3526 3547 archiepiscopo

1937 3569 2207 3640 Simplicio
2230 3571 2462 3624 Aeacius.
3524 3621 3534 3629 ,

2008 3662 2422 3718 Sollicitudinem
2453 3663 2680 3717 omnium
2702 3661 3053 3718 Ecclesiarum
3078 3661 3353 3717 secundum
3387 3660 3529 3726 Apo-

1938 3758 2125 3812 stolum
2164 3757 2231 3826 (Ι
2277 3758 2393 3812 Cor.
2442 3758 2537 3827 χι)
2578 3758 3019 3827 circumferentes,
3060 3771 3152 3810 nos
3188 3754 3531 3809 indesinenter

1939 3852 2246 3919 hortamini,
2276 3854 2507 3922 quamvis
2548 3859 2728 3921 sponte
2764 3851 3027 3923 vigilantes
3053 3865 3111 3901 ac
3143 3857 3530 3918 prcecnrrcntes.

1938 3944 2045 3999 Sed
2064 3961 2151 3998 vos
2178 3946 2405 3999 divinum
2433 3945 2599 3998 zelum
2622 3944 2771 3998 solito
2800 3944 3177 4008 demonstratis,
3200 3950 3389 3995 statum
3414 3938 3529 3992 Αιιι

1934 4037 2204 4090 xandrinte
2237 4037 2476 4090 Ecclesia:
2502 4038 2689 4089 certius
2713 4037 3059 4104 requirentes,
3092 4043 3149 4087 ut
3173 4048 3268 4102 pro
3304 4032 3533 4101 paternis

1938 4132 2218 4185 ca-nonibus
2255 4131 2545 4201 suscipiatis
2591 4130 2838 4194 laborem,
2889 4130 3117 4196 piiSsimo
3160 4125 3415 4179 stillantes
3442 4137 3533 4174 su-

1938 4224 2062 4277 dore
2086 4239 2178 4292 pro
2206 4224 2303 4289 his,
2332 4223 2461 4276 sicut
2486 4238 2685 4291 semper
2704 4230 2778 4274 est
2804 4221 3160 4290 approbatum.
3183 4217 3290 4271 Sed
3302 4215 3539 4270 Christus

1939 4314 2078 4370 Deus
2107 4324 2295 4379 noster,
2342 4315 2430 4385 qui
2465 4312 2794 4385 diligentibus
2835 4328 2889 4366 se
2919 4314 2970 4366 in
3019 4311 3204 4375 bonum
3233 4314 3536 4378 coaperatur

1938 4410 2127 4478 (illam.
2159 4410 2304 4481 vui),
2338 4410 2527 4464 nostris
2567 4407 2955 4479 cogitationibus
2996 4404 3256 4466 insidens,
3300 4404 3351 4455 el
3378 4416 3535 4453 unam

1938 4507 2082 4561 nobis
2109 4508 2159 4560 in
2188 4506 2268 4560 his
2292 4516 2531 4571 mentem,
2556 4515 2706 4574 atque
2734 4504 2961 4558 eamdem
2996 4517 3089 4571 pro
3114 4499 3279 4571 gloria
3306 4513 3399 4550 sua
3428 4512 3537 4549 esse

1938 4618 2243 4672 cognoscens
2268 4641 2282 4667 ,
2326 4616 2525 4655 omnem
2556 4600 2819 4653 victoriam
2849 4614 2954 4652 esse
2995 4595 3203 4666 perfecit
3220 4635 3251 4669 ,ι
3278 4599 3534 4645 consortes

1938 4712 2030 4751 nos
2058 4711 2174 4749 cum
2196 4694 2616 4765 tranquillissima
2646 4693 2875 4761 principe
2904 4691 3112 4761 faciens,
3135 4696 3181 4739 et
3215 4683 3537 4738 Timotheum

1939 4791 2145 4862 quidem
2168 4790 2260 4863 [aL
2282 4789 2407 4844 add.
2428 4787 2694 4859 Elurumj
2713 4790 3022 4840 decessorem
3041 4783 3320 4853 spirantem
3334 4779 3535 4847 procel-
3624 4851 3627 4854 _

1942 4885 2018 4939 las
2039 4927 2053 4951 ,
2092 4895 2137 4937 et
2164 4882 2563 4939 ecclesiasticam
2598 4881 3053 4951 tranquillitatem,
3097 4877 3229 4930 sicut
3264 4873 3502 4946 apparuit

1942 4978 2326 5030 conturbante»:
2354 4976 2471 5031 vita!
2501 4974 2742 5029 subduxit
2782 4975 3043 5036 humamc,
3075 4972 3245 5025 dicens
3273 4969 3318 5023 ei
3346 4985 3361 5021 :
3394 4968 3537 5021 Tace

1947 5074 2001 5122 et
2030 5070 2339 5122 obmutesce
2372 5068 2581 5138 (Matth.
2609 5083 2733 5129 vni;
2776 5065 2941 5119 Marc.
2974 5061 3069 5135 tv).
3101 5062 3312 5117 Petrum
3337 5075 3536 5131 quoque

1949 5158 2271 5229 (Mongum),
2302 5162 2389 5229 qui
2418 5159 2481 5213 ab
2506 5160 2825 5213 Alexandria
2862 5172 2999 5211 more
3036 5156 3269 5210 similiter
3297 5154 3533 5221 procellae

1947 5264 2256 5317 surrexerat,
2284 5254 2568 5323 dissipavit,
2599 5263 2749 5321 atque
2778 5254 2829 5306 in
2860 5262 3100 5307 aeternam
3124 5250 3300 5320 fugam
3332 5246 3533 5315 Spiritu

1949 5358 2127 5399 sancto
2155 5348 2310 5415 ﬂante
2339 5350 2606 5411 convertit,
2638 5361 2795 5399 unum
2822 5354 2867 5399 et
2908 5346 3072 5415 ipsum
3102 5343 3166 5396 de
3194 5341 3273 5392 his
3297 5337 3383 5406 qui
3412 5337 3533 5389 aliut

1954 5442 2223 5509 fueruntet
2253 5450 2368 5494 ante
2397 5441 2648 5495 damnati.
2681 5440 2826 5495 Sicut
2849 5441 2986 5495 enim
3016 5440 3068 5492 in
3106 5434 3287 5488 nostris
3317 5433 3533 5485 archiris

1948 5531 2205 5584 iacentum
2225 5541 2319 5597 est,
2352 5539 2397 5585 et
2429 5533 2490 5585 de
2521 5531 2695 5585 vestris
2726 5530 2942 5594 scriniis,
2976 5529 3017 5581 si
3052 5522 3337 5593 dignamini
3364 5525 3534 5590 requi-

1949 5639 2084 5687 rere,
2128 5627 2355 5694 poteritis
2392 5642 2693 5697 agnoscere,
2735 5640 2844 5691 qua:
2882 5623 2933 5674 in
2984 5632 3204 5686 tempore
3245 5618 3306 5670 de
3355 5618 3529 5671 eodem

1950 5718 2251 5783 subsecuta,
2289 5718 2348 5769 ab
2387 5716 2732 5769 Alexandrino
2770 5713 3006 5779 episcopo
3044 5712 3254 5764 Romam
3279 5711 3344 5762 ud
3378 5709 3535 5761 alter-

1950 5825 2118 5869 utram
2153 5816 2249 5868 sint
2279 5813 2458 5866 relata.
2494 5810 2593 5876 Qui
2621 5808 2803 5863 Petrus
2838 5806 2975 5874 ﬁlius
3003 5808 3162 5863 noctis
3200 5806 3444 5869 existens;
3484 5810 3531 5856 et

2291 5956 2371 5963 ,-—.
