4104 6356
556 405 624 467 87
1922 380 2178 441 GELASII

2283 379 2427 433 APIE
2466 375 2486 430 ι
3762 360 3847 417 88
3935 371 3940 375 ”

556 539 765 597 operum
792 519 892 574 diei
921 517 1194 573 lucentium
1220 513 1415 567 alienus
1445 521 1719 577 apparens,
1746 502 1951 556 omnino
1988 508 2128 553 tene-
2163 496 2218 557 Α
2242 496 2478 567 quandiu
2529 490 2995 563 pravaricatorum
3060 485 3274 540 nomina
3323 483 3390 538 de
3443 479 3680 536 Ecclesia
3727 490 3850 532 non

2325 586 2346 597 ρ
2484 594 2492 597 .
2736 583 2770 597 -ν
2860 581 2872 593 ο
2931 579 3089 597 Πλάμ,
3139 578 3440 597 ⁸...11.......,.
3470 571 3849 597 ..ι-..Ιζηιιυ--ιι-ιι

559 621 672 674 bras
696 615 764 671 ad
793 613 1117 669 latrocinium
1147 602 1495 677 peragendum
1522 614 1774 670 congruos
1811 611 1986 650 eorum
2025 608 2145 645 coo-

560 718 760 781 perator
778 706 1053 769 inveniens,
1080 701 1247 753 media
1270 706 1433 760 nocte,
1467 693 1638 748 adhuc
1659 693 1870 761 jacente
1899 686 2146 740 cadavere

560 803 720 865 illius,
752 800 838 869 qui
858 806 1092 865 paternos
1115 807 1335 845 canones
1362 788 1688 849 subverterat,
1720 781 2001 852 insepulto,
2030 774 2148 830 sub-

561 895 716 963 repsit
746 894 797 945 in
826 890 1025 954 sedem,
1069 887 1199 940 sicut
1233 885 1340 951 ipse
1374 880 1646 935 arbitratus
1689 885 1793 941 est,
1830 890 1935 928 uno
1959 880 2005 927 et
2034 870 2143 925 solo

562 993 839 1049 pru'scnte,
875 990 920 1035 et
951 997 1007 1034 eo
1038 979 1125 1048 qui
1167 990 1375 1030 consors
1412 975 1551 1026 illius
1586 969 1845 1024 insistebat
1892 964 2103 1019 insania:
2126 975 2146 1013 :

562 1082 632 1131 itu
654 1087 710 1131 ut
739 1083 943 1145 prcpter
975 1074 1066 1124 huc
1090 1070 1368 1140 majoribus
1395 1064 1656 1136 suppliciis
1683 1060 2019 1121 subderetur;
2061 1070 2153 1108 nec

564 1170 700 1241 quod
734 1168 968 1238 sperabat
999 1164 1235 1230 effectum
1270 1172 1362 1215 est.
1404 1158 1630 1213 Sed'ilte
1667 1154 1872 1222 quidem
1908 1152 1968 1204 de
2002 1164 2055 1201 se
2092 1162 2156 1200 ea:

568 1273 713 1332 parte
750 1262 825 1314 uel
862 1260 1073 1313 minima
1116 1257 1353 1326 judicans
1404 1265 1656 1319 nusquam
1700 1248 1901 1318 penitus
1950 1239 2156 1295 omnino

571 1354 881 1423 comparuit.
913 1351 1205 1405 Timotheus
1240 1341 1667 1417 (Salophaciolus
1702 1338 1814 1393 sive
1844 1334 2035 1403 Albus)
2063 1348 2155 1383 au-

572 1459 671 1503 tem
699 1457 1023 1518 paternorum
1067 1458 1319 1496 canonum
1366 1448 1562 1504 custos,
1594 1439 1679 1505 qui
1716 1432 1973 1485 Davidicm
2013 1443 2160 1479 man-

572 1541 857 1597 suetudinis
881 1537 1115 1604 exemplo
1145 1533 1400 1595 subditur,
1422 1540 1467 1583 et
1497 1544 1655 1597 usque
1682 1527 1733 1577 in
1756 1525 1908 1591 finem
1941 1518 2155 1588 patiens,

574 1646 723 1706 atque
773 1631 1006 1702 potestati
1049 1627 1267 1698 propria!
1314 1623 1575 1676 restitutus
1614 1636 1643 1671 a
1688 1616 1912 1675 Christo,
1943 1610 2163 1682 propria:

575 1730 707 1783 sedis
746 1728 940 1779 honore
988 1727 1195 1776 ttetntur
1231 1736 1249 1772 :
1288 1727 1337 1773 et
1374 1713 1715 1786 spiritualium
1766 1708 1991 1777 ﬁliorum
2021 1718 2163 1756 voces

575 1824 850 1889 accipiens,
884 1820 1013 1889 grati
1040 1835 1099 1866 ‘ttt
1128 1812 1408 1866 curationis
1437 1813 1716 1878 exspectat,
1744 1800 2083 1869 multiplicato
2110 1795 2163 1848 in

575 1932 628 1969 se
655 1913 847 1968 honore
870 1929 901 1964 α
930 1909 1131 1965 Christo
1158 1906 1385 1977 principe
1411 1902 1753 1957 sacerdotum.
1821 1934 1829 1947 .

651 2095 790 2148 Ecce
834 2088 1196 2146 testimonium
1230 2083 1407 2139 Acacii
1456 2077 1873 2141 validissimum,
1924 2071 2049 2142 quid
2100 2071 2167 2125 de

582 2185 897 2250 Timotheo,
927 2181 1052 2252 quid
1083 2180 1148 2233 de
1178 2178 1338 2231 Petro
1368 2171 1617 2228 senserit.
1654 2171 1790 2223 Vere
1820 2167 1961 2221 enim
1983 2205 1996 2229 ,
2029 2164 2170 2217 sicut

582 2280 839 2349 scriptum
882 2285 965 2331 est
1008 2274 1060 2329 in
1090 2270 1384 2341 Evangelio
1422 2268 1489 2323 de
1526 2264 1728 2334 Caipha
1772 2260 1866 2315 illo
1894 2256 2164 2325 pontifice.

582 2372 760 2427 evenit
789 2368 1001 2425 Acacio.
1042 2365 1246 2419 Dicitur
1273 2361 1413 2415 enim
1454 2358 1520 2413 de
1558 2356 1679 2421 illo,
1724 2353 1845 2423 quia
1876 2366 1997 2406 cum
2029 2357 2171 2403 esset

583 2466 835 2536 princeps
869 2458 1207 2516 sacerdotum
1254 2454 1382 2508 anni
1428 2452 1603 2515 illius,
1635 2448 1702 2503 de
1735 2445 1943 2500 Domini
1972 2438 2174 2499 dixerit

584 2561 832 2631 passione
868 2575 882 2611 :
915 2554 1133 2623 Expedit
1156 2562 1207 2604 ut
1230 2566 1362 2603 unus
1385 2548 1533 2600 homo
1559 2544 1812 2598 moriatur
1836 2556 1928 2610 pro
1956 2536 2168 2610 populo,

583 2660 640 2705 ut
672 2668 772 2704 non
803 2658 907 2702 tota
927 2663 1048 2718 gens
1072 2651 1238 2714 pereat
1271 2638 1458 2710 (Joan.
1493 2638 1592 2707 tu).
1620 2637 1685 2691 Et
1710 2632 1983 2702 subiungit
2009 2643 2176 2684 evan-

584 2743 769 2814 gelista
806 2743 990 2795 beatus
1019 2731 1406 2801 Joannes,hoc,
1440 2730 1755 2799 inquiens,a
1776 2725 2046 2790 semetipso
2071 2736 2175 2775 non

586 2836 757 2897 dixit,
809 2831 895 2884 sed
926 2846 1040 2884 cum
1071 2838 1198 2881 esset
1243 2826 1479 2893 princeps
1523 2821 1843 2875 sacerdotum
1886 2816 2007 2869 anni
2033 2813 2175 2867 illius

588 2926 923 2997 praphe'avit.
950 2921 1022 2974 lta
1056 2930 1109 2973 et
1141 2919 1244 2981 hic,
1270 2932 1389 2969 cum
1418 2917 1468 2968 in
1498 2914 1689 2967 summi
1717 2918 1862 2964 esset
1885 2903 2176 2961 sacerdotii

589 3018 843 3088 dignitate
869 3016 1102 3075 locatus,
1151 3020 1326 3063 utrum
1359 3007 1543 3061 nolens
1575 3019 1641 3057 an
1674 3003 1906 3065 invitus,
1934 2999 2177 3053 dubitare

591 3112 786 3181 quippe
812 3122 909 3165 nos
937 3106 1050 3173 ejus
1082 3101 1308 3154 varietas
1336 3108 1389 3152 et
1425 3094 1779 3151 inconstantia
1813 3092 1965 3158 fecit,
2003 3090 2176 3143 veris-

590 3202 782 3258 simam
831 3199 898 3251 de
946 3194 1173 3248 inimicis
1222 3192 1315 3245 Det
1366 3188 1484 3242 tulit
1530 3185 1877 3249 sententiam;
1920 3196 2077 3252 quam
2128 3179 2173 3235 si

2251 586 2584 650 auferuntur,
2634 583 2782 653 pacis
2827 579 3099 635 vinculum
3139 578 3443 632 nullatenus
3470 571 3850 639 redintegrare

2251 683 2586 755 permittunt.
2619 680 2675 734 Si
2706 678 2850 734 enim
2891 675 3019 730 licet
3059 682 3384 730 sectatorum
3414 670 3495 725 vel
3541 666 3850 722 communi-

2252 787 2493 832 catorum
2523 770 2833 843 Eutychetis
2856 810 2873 837 ,
2904 776 2963 823 ut
2992 766 3090 822 fuit
3118 766 3236 835 ejus
3266 772 3500 819 sectator
3524 760 3719 815 Petrus
3745 800 3760 823 ,
3790 764 3853 811 et

2255 870 2681 930 communicator
2707 864 2936 921 Aeacius
2962 904 2976 929 ,
3026 862 3077 917 in
3112 858 3353 915 Ecclesia
3394 856 3609 911 nomina
3653 866 3853 907 recen-

2257 969 2402 1033 seri,
2436 981 2533 1021 cur
2560 962 2629 1018 de
2672 958 3031 1017 sectatoribus
3072 966 3127 1011 et
3153 950 3699 1009 communicatoribus
3732 947 3853 1001 Arii

2258 1066 2342 1119 vel
2365 1071 2681 1118 casterurum
2715 1056 3113 1117 litcreticorum,
3136 1047 3298 1107 simili
3326 1055 3470 1102 sorte
3500 1059 3607 1099 non
3648 1040 3854 1096 liceat?

2260 1161 2341 1213 An
2392 1153 2614 1211 minoris
2666 1148 2955 1221 impietatis
2999 1154 3054 1199 et
3097 1140 3333 1213 perﬁdiae
3376 1136 3640 1208 Eutyches
3683 1133 3857 1188 luisse

2262 1256 2477 1317 putatur
2506 1260 2664 1316 quam
2698 1242 2890 1297 Arius?
2930 1237 3101 1294 Nemo
3133 1236 3235 1289 hoc
3267 1231 3481 1303 quidem
3512 1229 3628 1283 sani
3655 1225 3857 1295 capitis

2263 1342 2481 1397 audebit
2519 1340 2721 1393 dicere.
2756 1335 2812 1391 Si
2850 1348 2979 1403 ergo
3017 1346 3115 1403 par
3145 1339 3228 1385 est
3269 1326 3533 1397 impietas,
3572 1336 3667 1391 par
3697 1321 3772 1375 sit
3800 1328 3859 1374 et

2266 1448 2613 1503 utrorumque
2658 1429 2942 1487 detestatio
2985 1444 2998 1481 :
3043 1441 3111 1480 ne
3140 1424 3185 1478 si
3217 1420 3381 1476 semel
3413 1418 3533 1472 talis
3565 1415 3727 1471 fuerit
3775 1414 3857 1468 in-

2268 1512 2771 1589 tromissa‘licentia
2798 1567 2813 1590 ,
2864 1520 3114 1576 omnibus
3158 1514 3351 1571 exinde
3397 1509 3577 1567 omnia
3624 1508 3853 1569 liceant.

2267 1626 2506 1691 fiatque,
2560 1620 2701 1689 quod
2747 1616 2926 1679 absit,
2979 1623 3083 1667 tam
3134 1609 3342 1679 passiva
3383 1618 3563 1660 rerum
3606 1599 3857 1655 confusio

2269 1728 2428 1789 atque
2456 1711 2790 1774 commixtio,
2820 1717 2878 1761 ut
2917 1705 3059 1760 nulla
3091 1704 3231 1758 inter
3256 1697 3513 1754 mundum
3541 1705 3595 1749 et
3624 1693 3859 1746 immun-

2268 1782 2394 1864 dum
2428 1808 2498 1860 sit
2524 1803 2816 1859 secundum
2851 1799 3162 1869 prOphetam
3186 1790 3399 1863 (Ezech.
3433 1802 3564 1851 χχιι,
3587 1782 3681 1854 26)
3710 1794 3857 1839 certa

2194 1887 2241 1946 Β
2270 1899 2545 1956 discretio.
2592 1897 2708 1951 Non
2736 1903 2819 1948 est
2862 1891 3076 1961 quidem
3108 1893 3307 1940 nostra:
3338 1878 3657 1937 humilitatis
3683 1877 3752 1932 de
3778 1885 3859 1931 to.

2271 1998 2377 2050 tius
2404 1993 2550 2047 orbis
2595 1987 2931 2045 dissensione
2974 1984 3115 2037 ferre
3155 1976 3509 2039 sententiam;
3550 1982 3634 2029 est
3677 1981 3855 2027 tamen

2271 2098 2514 2145 nostrum
2555 2085 2622 2140 de
2665 2079 2877 2154 propria
2900 2077 3070 2133 salute
3117 2088 3238 2130 esse
3281 2070 3569 2132 sollicitos,
3600 2066 3848 2136 quoniam

2272 2182 2638 2252 unusquisque
2690 2191 2788 2247 pro
2846 2188 2905 2229 se
2950 2171 3215 2227 rationem
3260 2165 3567 2221 redditurus
3610 2167 3689 2216 est
3723 2165 3854 2212 ante

2272 2276 2403 2333 illud
2433 2249 2663 2329 tribunal
2684 2267 2878 2338 judicis
2902 2273 2958 2321 et
2985 2263 3127 2334 regis
3157 2258 3344 2316 aeterni
3376 2258 3395 2328 (
3424 2254 3482 2309 II
3518 2253 3641 2308 Cor.
3668 2268 3700 2307 ν
3724 2249 3769 2320 ),
3802 2249 3856 2304 in

2274 2384 2383 2441 quo
2413 2368 2571 2424 etiam
2602 2364 2670 2419 de
2714 2360 2886 2417 verbo
2919 2358 3114 2424 otioso,
3160 2353 3493 2421 minimoque
3525 2342 3856 2417 quadrante,

2274 2439 2458 2520 sumus
2484 2467 2784 2513 nostrorum
2812 2452 3075 2508 rationem
3103 2457 3316 2504 actuum
3338 2441 3627 2515 praestituri
3645 2439 3857 2511 (Matth.

2278 2578 2310 2614 ν
2337 2570 2384 2614 et
2417 2554 2536 2625 in).
2567 2554 2719 2610 Unde
2747 2562 2805 2607 et
2831 2558 3099 2620 optamus,
3128 2543 3516 2611 qualiacunque
3555 2547 3610 2593 et
3638 2544 3860 2607 quanta-

2276 2666 2487 2722 cunque
2508 2663 2669 2718 super
2694 2660 2792 2701 nos
2815 2638 3184 2711 importaverit
3209 2635 3478 2699 inimicus,
3503 2631 3737 2687 tolerare
3764 2628 3864 2683 dis-

2277 2744 2499 2800 crimina
2524 2742 2575 2795 in
2592 2737 2789 2793 saeculo
2806 2733 3075 2802 praesenti,
3092 2738 3294 2784 tantum
3324 2741 3391 2781 ne
3412 2737 3601 2781 causas
3626 2724 3863 2777 incum-

2278 2854 2399 2894 mus
2422 2834 2606 2890 mortis
2638 2842 2872 2887 a-ternce.
2897 2827 3002 2883 Sed
3034 2825 3228 2880 dicitur
3255 2822 3323 2877 de
3353 2820 3532 2885 Petro,
3566 2830 3863 2887 quanquam

2279 2932 2396 2988 sine
2442 2924 2825 2997 approbatione
2892 2920 3134 2983 dicatur,
3189 2911 3483 2985 praesertim
3532 2908 3601 2964 de
3650 2907 3862 2962 homine

2279 3018 2743 3094 perspicacissimo
2784 3008 3251 3087 [pervicacissimo
3295 3004 3568 3075 legendum
3611 2994 3857 3067 videtur],

2280 3089 2366 3184 qui
2400 3089 2492 3186 per
2526 3113 2594 3169 50
2638 3124 2809 3164 annos
2843 3106 3079 3160 famosus
3111 3106 3445 3171 expugnator
3475 3094 3650 3150 fuerat
3680 3089 3865 3147 verita-

2283 3181 2349 3266 tis
2377 3181 2417 3275 ,ν
2438 3206 2577 3280 quod
2611 3201 2922 3275 pmnitentia
2973 3208 3085 3253 acta
3116 3201 3396 3262 susceptus
3425 3187 3495 3243 sit
3523 3188 3574 3243 in
3604 3181 3867 3239 Ecclesia.

595 3309 810 3350 servare
841 3291 1115 3351 voluisset,
1144 3284 1433 3355 procellam
1463 3296 1620 3350 quam
1655 3280 1720 3332 ab
1749 3275 1990 3332 Ecclesia
2020 3287 2178 3329 vera-
2204 3260 2249 3325 C
2280 3260 2558 3370 ὠδώξώ
2592 3260 2749 3367 igitur
2780 3309 2876 3365 per
2903 3292 2971 3347 δι)
2998 3301 3171 3344 annos
3211 3260 3371 3356 ρεξτε
3399 3280 3565 3351 potuit
3593 3276 3862 3347 peniten-

595 3389 728 3443 citer
758 3385 1077 3453 depulerat,
1114 3395 1301 3435 rursus
1330 3378 1382 3431 in
1414 3374 1711 3430 Ecclesium
1740 3374 1853 3441 ipse
1879 3383 1985 3424 non
2017 3382 2176 3423 revo-

596 3489 802 3560 casset;
841 3476 988 3532 etde
1017 3490 1122 3545 quo
1151 3474 1390 3534 dixerat,
1426 3482 1536 3523 tace
1560 3476 1609 3523 et
1650 3468 1930 3521 obmutesce
1956 3461 2176 3533 (Matth.

595 3589 722 3641 vni;
764 3554 931 3625 Marc.
965 3565 1062 3637 IV),
1090 3580 1277 3622 rursus
1310 3563 1452 3618 Petri
1486 3575 1771 3627 personam
1804 3556 1950 3625 loqui
1998 3556 2050 3609 in
2081 3554 2179 3609 Ec-

596 3668 754 3724 clesia
788 3666 1006 3720 minime
1032 3660 1382 3733 permisisset.
1412 3657 1583 3721 Quam
1612 3654 1861 3709 similiter
1888 3648 2179 3719 procellam

597 3775 628 3813 a
659 3765 844 3812 sancto
874 3754 1078 3823 Spiritu
1108 3751 1421 3818 dissipatam
1450 3761 1570 3799 esse
1620 3743 1962 3811 przcdixerat,
1993 3754 2181 3810 quem-

601 3866 702 3921 que
732 3849 898 3902 ﬁlium
947 3845 1120 3899 noctis
1164 3845 1592 3907 asseveraverat,
1636 3844 1690 3890 et
1737 3849 1893 3903 quem
1924 3834 1992 3886 ab
2021 3846 2186 3901 opere

602 3940 822 3997 luminis
868 3938 1136 4002 alienum,
1187 3942 1564 4000 amantemque
1628 3928 1873 3983 tenebras
1919 3926 2184 3981 latronum

604 4030 856 4100 operibus
880 4042 1142 4099 congruas
1168 4040 1289 4082 esse
1323 4022 1573 4077 narrabat
1600 4037 1611 4073 :
1652 4022 1740 4090 qui
1788 4018 1977 4073 falsum
2009 4033 2189 4074 sacer—

604 4123 734 4179 dotii
760 4137 955 4179 nomen
981 4164 993 4185 ,
1023 4120 1091 4175 ab
1119 4134 1183 4174 eo
1213 4117 1303 4188 qui
1334 4124 1584 4186 paternos
1612 4154 1626 4178 ,
1658 4121 1716 4167 ut
1746 4113 1859 4180 ipse
1894 4113 1988 4177 ait,
2021 4126 2187 4165 cano-

596 4233 701 4273 nes
728 4216 1089 4280 subverterat,
1112 4210 1317 4266 artibus
1343 4207 1544 4263 dolosis
1569 4206 1671 4259 sibi
1699 4206 1813 4272 ipse
1836 4204 2187 4273 imposuerat.

605 4311 704 4366 llic
735 4311 950 4373 Petrus,
993 4308 1060 4362 de
1100 4322 1205 4376 quo
1253 4306 1423 4360 beam
1459 4303 1733 4359 memorim
1760 4301 2074 4355 Timotheus
2103 4314 2193 4354 cae

610 4400 858 4461 tholicus,
892 4408 950 4452 ut
982 4399 1099 4468 ipse
1127 4397 1283 4464 dixit,
1316 4406 1660 4465 paternorum
1689 4406 1871 4448 custos
1903 4407 2189 4455 canonum,

608 4492 987 4546 Alexandrinae
1013 4489 1284 4559 quondam
1315 4487 1570 4542 Ecclesia:
1606 4484 1873 4554 pontifex,
1905 4484 1969 4537 ad
2011 4481 2192 4536 sedem

611 4583 958 4652 apostolicam
1003 4581 1170 4636 multa
1215 4579 1400 4634 retulit
1439 4579 1706 4633 deteriora
1751 4591 1911 4646 quam
1950 4575 2195 4643 superius

2283 3368 2431 3459 tiam,
2463 3392 2563 3447 nisi
2596 3400 2723 3445 tunc
2750 3402 2873 3442 cum
2900 3384 3241 3454 episcopatus
3267 3388 3448 3431 amore
3477 3382 3527 3428 et
3552 3368 3867 3424 ambitionis

2284 3488 2477 3543 ardore
2518 3478 2799 3538 fervebat?
2829 3476 2874 3532 Ο
2903 3490 3017 3531 rem
3060 3478 3303 3527 monstro
3349 3461 3703 3521 simillimam!
3744 3467 3875 3513 ante

2284 3581 2437 3634 illum
2468 3575 2705 3647 potuisse
2733 3571 2907 3625 locum
2934 3582 3087 3621 suum
3116 3559 3398 3618 sacerdotii
3424 3557 3687 3617 obtinere,
3707 3567 3874 3624 quam

2285 3645 2580 3743 possetvvel
2626 3664 2777 3720 brevi
2824 3676 2918 3733 pro
2958 3672 3062 3713 tam
3094 3653 3313 3712 immani
3342 3649 3566 3706 crimine
3606 3645 3876 3717 pumileas

2288 3739 2480 3821 videri.
2505 3762 2609 3818 Sed
2638 3758 2795 3815 solvit
2820 3756 2989 3819 i'lum,
3024 3752 3194 3817 inquit
3218 3791 3233 3816 ,
3262 3744 3577 3802 auctoritate
3601 3755 3696 3796 sua
3726 3739 3876 3809 prius

2289 3857 2536 3919 Aeacius,
2567 3863 2619 3909 et
2643 3851 2722 3906 sic
2751 3847 3002 3917 suscepit.
3028 3844 3243 3900 Utinam
3275 3839 3507 3909 seipsum
3540 3831 3877 3889 miserrimus

2290 3952 2555 4012 omnium.
2579 3958 2867 4014 secumque
2894 3936 3334 4011 quamplurimos,
3360 3946 3469 3986 non
3495 3936 3713 3983 aeterna
3742 3938 3881 3979 mort

2292 4045 2362 4100 tis
2424 4039 2776 4111 compedibus
2834 4034 3104 4103 alligaret!
3166 4030 3267 4097 Qui
3322 4040 3443 4081 cum
3489 4017 3877 4093 superbissimo

2294 4136 2567 4210 prognatus
2610 4132 2803 4202 spiritu
2850 4131 3101 4183 thronum
3150 4120 3465 4178 humilitatis
3495 4117 3654 4172 altius
3682 4113 3877 4169 efferre

2295 4204 2519 4287 conatur
2548 4240 2706 4297 quam
2737 4221 2953 4287 decuit,
2998 4228 3051 4274 et
3091 4211 3598 4287 prtesumptionibus
3625 4206 3740 4261 suis
3766 4204 3884 4259 adi-

2297 4332 2408 4377 tum
2430 4296 2787 4383 undecunque
2816 4306 3391 4381 couquirit,simulque
3421 4318 3515 4371 per
3543 4301 3623 4355 fas
3651 4308 3708 4355 et
3736 4296 3887 4352 nefas

2299 4415 2471 4471 calcat
2499 4421 2554 4465 et
2584 4407 2780 4463 transit
2809 4402 3139 4459 inviolabilia
3170 4406 3365 4453 statuta
3392 4404 3733 4452 sanctorum.
3762 4404 3885 4444 cum

2301 4507 2418 4575 ipsn
2446 4517 2605 4573 quem
2633 4500 2872 4555 imitatus
2901 4504 2984 4550 est
3016 4502 3235 4549 auctore
3262 4487 3548 4559 superbiae,
3583 4485 3635 4539 in
3669 4481 3892 4554 profun-

2301 4597 2573 4653 dissimam
2620 4594 2827 4648 ruinam
2859 4588 3098 4657 deiectus
3122 4625 3137 4651 ,
3189 4583 3241 4638 id
3287 4579 3571 4650 dereliquit
3608 4575 3892 4641 Ecclesia,

613 4674 983 4739 continentur,
1031 4685 1279 4726 asserens
1324 4669 1629 4738 Specialitcr
1672 4677 1726 4723 et
1766 4668 2044 4723 aflirmans
2097 4665 2193 4720 ini-
2225 4644 2280 4705 Ῑ)
2303 4644 2952 4755 ξξᾷξῖςιξειίθιίξρηοίῆέί
2978 4719 2992 4743 ν
3025 4644 3314 4743 ﬁdelesque
3337 4682 3391 4727 ει
3420 4644 3647 4725 humiles
3677 4668 3892 4722 ﬂerent.

614 4766 810 4823 inicum
862 4766 1022 4832 tidei,
1072 4764 1342 4819 inimicum
1372 4762 1821 4819 Chalcedonensis
1867 4761 2058 4834 synodi
2106 4776 2198 4831 per

615 4872 802 4913 omnes
864 4859 1132 4912 exstitisse
1179 4856 1505 4911 infelicitatis
1550 4866 1794 4910 conatus.
1850 4855 1985 4923 Quid
2041 4855 2199 4924 igitur

615 4951 772 5007 nobis
815 4950 1118 5006 faciendum
1169 4950 1290 5004 est?
1328 4949 1443 5005 Non
1495 4951 1764 5005 credimus
1811 4958 1890 5003 tot
1936 4959 1990 5004 et
2041 4950 2199 5003 tantis

615 5050 881 5097 tantarum
928 5042 1132 5098 sedium
1166 5040 1565 5106 sacerdotibus,
1599 5044 1689 5110 qui
1735 5057 1921 5095 omnes
1950 5057 2056 5095 uno
2081 5057 2198 5106 ore,

618 5151 728 5191 uno
755 5150 1022 5191 consensu
1046 5176 1060 5199 ,
1093 5134 1357 5203 publicam
1386 5144 1440 5189 et
1484 5136 1703 5189 feralem
1737 5134 1983 5188 humana:
2011 5134 2200 5188 salutis

617 5228 848 5284 bestiam
874 5226 1092 5282 Petrum
1122 5242 1243 5281 esse
1270 5229 1564 5294 dixerunt,
1597 5227 1648 5280 iu
1681 5227 1832 5297 cujus
1876 5243 1935 5281 se
1963 5242 2205 5281 commu-

620 5322 800 5387 nione,
827 5319 1126 5391 perniciosa
1157 5320 1555 5388 conjunctione,
1589 5320 1876 5374 suadentes
1903 5319 2206 5374 daemonico

622 5413 808 5483 spiritu
834 5453 850 5479 ,
880 5411 1166 5467 infeliciter
1195 5412 1494 5466 sociaverat
1536 5412 1759 5467 Aeacius
1785 5454 1798 5476 ,
1832 5412 1970 5467 male
2021 5425 2207 5466 rursus

624 5505 894 5560 aediﬁcanti
946 5503 1091 5575 quod
1140 5502 1276 5558 bene
1317 5504 1695 5559 destruxerat?
1734 5504 1842 5559 Nec
1888 5518 2022 5572 opus
2055 5503 2205 5572 plura

627 5604 751 5657 hinc
774 5603 975 5669 dicere,
1004 5619 1123 5658 cum
1154 5602 1462 5657 timentibus
1491 5603 1657 5657 Deum
1690 5611 1743 5657 et
1790 5600 2206 5655 formidantibus

628 5696 766 5750 diem
795 5694 1009 5763 judicii,
1049 5706 1103 5750 et
1130 5695 1382 5751 Ecclesia:
1413 5696 1669 5752 unitatem
1697 5693 2043 5761 diligentibus
2077 5691 2210 5746 satis

629 5799 915 5858 aperteque
950 5803 1107 5842 causa
1150 5792 1217 5845 sit
1254 5791 1418 5843 clara.
1454 5786 1575 5844 Hice
1605 5795 1751 5850 enim
1796 5786 1909 5841 sola
1956 5786 2093 5840 ratio
2122 5796 2206 5841 est

631 5898 748 5952 qua:
795 5885 1049 5940 unitatem
1088 5882 1273 5944 dividit
1300 5890 1353 5940 et
1379 5888 1719 5950 concordiam
1766 5879 1991 5947 dissipat
2042 5878 2208 5949 :quia

2306 4779 2362 4833 Si
2391 4776 2533 4833 enim
2566 4775 2653 4830 ille
2699 4771 2916 4826 modum
2967 4773 3261 4835 temperata
3306 4770 3569 4832 potestate
3597 4767 3894 4823 servasset,

2309 4886 2407 4926 nec
2434 4869 2651 4924 Petrum
2683 4863 2992 4919 haeretieum
3018 4901 3034 4926 ,
3068 4858 3213 4913 nullo
3258 4854 3488 4924 regulari
3517 4850 3708 4905 ordine
3736 4849 3899 4903 abso-

2310 4966 2475 5019 lutum
2503 5004 2518 5029 ,
2552 4976 2649 5030 pro
2679 4959 2796 5027 ejus
2820 4954 3010 5010 audaci
3036 4950 3338 5008 temeritate
3367 4992 3382 5016 ,
3414 4948 3468 5003 in
3509 4960 3605 5001 sua
3635 4945 3902 4999 societate

2312 5055 2473 5110 hodie
2505 5050 2740 5107 Ecclesia
2771 5047 3065 5113 suspiraret
3094 5051 3460 5110 assumptum;
3501 5052 3600 5093 nec
3634 5035 3903 5104 caritatis,

2307 5161 2426 5217 qua:
2456 5142 2694 5198 omnium
2724 5140 2977 5193 virtutum
3005 5144 3088 5191 est
3113 5132 3405 5204 perfectio,
3439 5140 3493 5185 et
3537 5130 3655 5183 sine
3684 5142 3785 5194 qua
3816 5140 3907 5179 se-

2308 5215 2541 5291 cundum
2590 5227 2907 5300 Apostolum
2952 5225 3129 5281 inania
3161 5231 3284 5278 sunt
3329 5220 3579 5276 universa
3625 5231 3747 5286 qua:
3773 5215 3907 5269 faci-

2313 5342 2431 5383 mus
2456 5324 2504 5393 (l
2533 5323 2653 5379 Cor.
2678 5321 2757 5393 v),
2784 5328 2927 5375 tanta
2955 5317 3050 5373 ﬁlii
3094 5316 3239 5387 pacis
3261 5313 3537 5384 dispendia
3567 5317 3907 5379 paterentur,

2313 5432 2412 5474 nec
2437 5414 2735 5471 mordendo
2762 5412 3011 5477 invicem,
3042 5417 3488 5465 consumerentur
3511 5405 3761 5459 invicem.
3793 5400 3908 5454 Sed

2315 5509 2556 5580 quolibet
2582 5505 2742 5563 modo
2768 5505 2979 5561 dicatur
2996 5505 3186 5559 Petrus
3214 5514 3336 5555 esse
3365 5501 3910 5566 susceptus,apparet

2316 5608 2495 5655 tamen
2538 5613 2662 5654 eum
2713 5594 2874 5651 fuisse
2921 5591 3273 5658 hdzreticum,
3323 5590 3411 5660 qui
3464 5585 3781 5657 paenituisse
3810 5597 3914 5652 pro

2318 5692 2671 5764 perversitate
2718 5687 3057 5750 defenditur;
3099 5693 3153 5739 et
3197 5684 3338 5753 quod
3369 5694 3566 5751 pravus
3595 5687 3649 5732 et
3678 5675 3914 5732 inﬁdelis

2317 5785 2473 5840 fuerit
2498 5824 2512 5848 ,
2544 5791 2600 5838 et
2644 5782 2713 5836 de
2742 5779 2983 5835 Ecclesia
3030 5775 3400 5832 ecclesiastico
3440 5772 3562 5840 jure
3611 5768 3913 5838 proiectus,

2318 5879 2513 5949 ambigi
2558 5874 2898 5936 dubitarique
2938 5889 3051 5929 non
3118 5880 3308 5937 potest.
3372 5866 3478 5925 Sed
3544 5861 3917 5921 concedamus
