4104 6356
306 372 381 437 39
1519 364 1876 426 EPISTOLE
1915 368 2005 425 ET
2047 369 2385 429 DECRETA.
3520 374 3595 436 so

305 492 580 565 paulisper
624 487 941 561 pmnituisse
989 500 1110 543 eum
1131 526 1145 550 ,
1180 480 1324 554 quod
1372 481 1681 537 nullatenus
1708 496 1895 536 verum
1923 486 1972 545 Α
2002 482 2128 537 lites
2174 483 2272 552 ipsi
2320 484 2407 553 qui
2437 485 2722 541 Dominum
2754 484 3135 541 cruciﬁxerunt
3157 526 3173 553 ,
3208 487 3448 545 dividere
3472 491 3591 545 ausi

302 594 422 649 est;
461 582 749 638 videndum
778 594 908 651 ergo
953 588 1036 633 est
1063 574 1354 647 quomodo,
1388 574 1439 629 id
1469 582 1551 629 est
1598 582 1775 628 utrum
1806 573 1897 643 qui

302 676 910 745 ordine-competenti,
958 668 1192 740 regulari
1251 666 1537 723 severitate
1582 666 1795 720 excisus
1844 673 1899 720 et

305 767 638 838 exstirpatus
667 776 752 821 est
776 806 792 831 ,
826 762 1090 834 paenitens
1128 768 1277 815 recte
1306 767 1363 813 et
1389 760 1783 827 consequenter
1812 771 1898 811 re-

303 872 493 933 ceptus
536 862 623 916 sit.
659 859 763 917 Sed
795 872 1063 927 nunquam
1106 853 1401 917 docebitur,
1440 866 1711 920 nunquam
1744 865 1898 904 mon-

303 956 584 1022 strabitur,
616 968 886 1024 nunquam
934 950 1153 1005 omnino
1197 949 1509 1020 probabitur
1549 947 1666 1017 ejus
1706 961 1899 1017 purga-

305 1049 507 1102 tionem
540 1044 702 1102 fuisse
732 1044 1045 1115 legitimam,
1070 1057 1190 1111 qua:
1222 1055 1326 1095 non
1356 1048 1439 1095 est
1468 1038 1896 1109 competentibus

305 1140 509 1211 regulis
554 1139 843 1195 celebrata.
912 1136 1175 1192 Secunda:
1219 1135 1362 1190 enim
1412 1132 1558 1189 sedis
1601 1132 1895 1187 antistitem

305 1248 410 1287 nec
440 1232 712 1303 expellere
738 1231 1015 1299 quisquam
1039 1270 1054 1294 ,
1090 1242 1190 1283 nec
1217 1240 1473 1281 revocare
1496 1266 1511 1290 ,
1562 1226 1677 1279 sine
1707 1225 1897 1294 prima:

305 1324 454 1380 sedis
480 1339 727 1388 assensu,
761 1323 841 1376 vel
870 1321 1062 1391 potuit,
1098 1320 1178 1373 vel
1205 1318 1408 1373 debuit.
1442 1316 1554 1372 Nisi
1596 1316 1734 1372 forte
1767 1332 1897 1372 cou-

305 1416 425 1473 fuso
449 1416 562 1486 jam
595 1416 784 1473 ordine
813 1429 993 1469 rerum
1037 1421 1199 1482 atque
1254 1410 1468 1465 turbato
1493 1452 1507 1477 ,
1554 1426 1655 1466 nec
1696 1414 1893 1479 prima,

307 1525 411 1566 nec
447 1508 682 1564 secunda
710 1548 725 1574 ,
752 1522 851 1562 nec
880 1507 1035 1561 tertia
1066 1504 1224 1559 sedes
1264 1502 1457 1559 debeat
1482 1502 1779 1571 observari,
1810 1502 1895 1557 vel

306 1602 507 1672 suscipi
555 1600 849 1657 secundum
900 1598 1118 1667 antiqua
1153 1605 1353 1652 statuta
1403 1595 1686 1665 majorum,
1720 1606 1775 1651 et
1804 1608 1896 1649 su-

307 1698 455 1753 blato
480 1699 677 1767 capite,
725 1708 783 1751 ut
810 1695 1072 1758 videmus,
1102 1693 1280 1747 omnia
1306 1691 1547 1746 membra
1578 1691 1727 1745 vario
1757 1690 1896 1744 inter

308 1804 372 1847 se
395 1796 761 1860 compugnent
786 1787 1099 1848 certamine,
1132 1784 1330 1851 [latque
1370 1783 1498 1837 illud
1527 1783 1668 1851 quod
1698 1782 1766 1835 de
1798 1795 1894 1849 po-

2001 575 2225 631 fuissent
2254 576 2433 646 (Joan.
2482 580 2620 650 xix).
2652 579 2781 647 Quae
2814 595 2955 637 nunc
2981 580 3024 635 si
3066 588 3287 652 propter
3314 581 3592 651 perﬁdiam

2002 668 2363 733 Petri,Acacii
2398 672 2727 741 tyrannicam
2757 673 3083 743 superbiam,
3108 672 3429 745 impiamque
3456 688 3591 742 pra:-

2000 766 2356 836 sumptionem
2384 766 2519 835 ejus,
2555 767 2783 823 violatur
2812 778 2973 839 atque
2999 770 3386 838 conscinditur,
3414 771 3592 828 videte

2002 869 2055 914 et
2101 858 2375 928 sapienter
2424 859 2714 927 expendite
2742 898 2758 922 ,
2810 860 2864 913 in
2911 876 3070 929 quam
3100 878 3265 933 grave
3296 863 3590 934 periculum

2001 963 2182 1010 nostra
2230 954 2510 1008 deducitur
2556 950 2884 1007 conscientia
2911 993 2928 1020 ,
2976 954 3102 1009 dum
3154 965 3297 1011 tanta
3329 957 3594 1027 majorum

2001 1049 2225 1104 solvitur
2272 1048 2641 1103 observantia.
2696 1046 2825 1113 Quis
2852 1048 2995 1101 enim
3029 1062 3136 1103 non
3166 1059 3287 1118 agat
3312 1051 3594 1121 quodcun-

2001 1156 2105 1209 que
2134 1140 2392 1204 libuerit,
2440 1140 2483 1193 si
2536 1138 2703 1195 semel
2744 1140 2795 1192 in
2826 1138 3273 1195 consuetudinem
3314 1150 3597 1212 corruptus

2000 1232 2139 1287 ordo
2168 1232 2513 1302 pervenerit?
2551 1232 2607 1286 Si
2634 1238 2811 1286 autem
2840 1230 2943 1286 hoc
2974 1232 3293 1302 sacrilegum
3324 1242 3407 1288 est
3434 1236 3596 1291 etiam

2000 1331 2276 1400 cogitare,
2320 1345 2416 1384 cur
2446 1344 2553 1383 non
2598 1344 2718 1383 cum
2768 1326 3177 1397 diligentissima
3219 1327 3597 1385 observatione

1999 1436 2245 1483 teneatur
2274 1426 2386 1481 htec
2415 1425 2586 1479 forma
2632 1423 2925 1494 majorum,
2958 1438 3077 1478 cum
3125 1424 3195 1479 sit
3248 1424 3301 1478 in
3351 1423 3451 1479 hoc
3499 1425 3597 1481 ob-

1998 1519 2315 1576 servationis
2358 1528 2540 1573 tenore
2584 1516 2866 1571 inellabilis
2914 1516 3331 1588 indubitata-que
3378 1517 3595 1573 unitatis

1999 1612 2230 1668 evidens
2270 1619 2325 1665 et
2372 1609 2575 1680 grande
2625 1608 2977 1679 mysterium?
3029 1610 3109 1663 An
3150 1608 3269 1663 duae
3322 1617 3448 1663 sunt
3487 1607 3594 1663 Ec-

2000 1705 2180 1760 clesire
2240 1712 2295 1757 et
2334 1703 2441 1757 duo
2502 1700 2791 1772 pastores?
2849 1700 3021 1755 Absit.
3096 1699 3246 1754 Unus
3299 1708 3381 1755 est
3446 1699 3593 1755 enim

2000 1798 2087 1865 qui
2117 1798 2237 1866 fecit
2266 1806 2480 1865 utraque
2510 1811 2667 1848 unum
2695 1796 2715 1864 (
2740 1792 2931 1865 Ephes.
2961 1810 2995 1849 tt
3020 1792 3061 1864 ),
3098 1794 3291 1849 tollens
3320 1792 3386 1847 de
3416 1792 3595 1851 medio

310 1881 443 1951 Ρυιο
464 1882 721 1949 seriillum
750 1887 835 1934 εει
879 1877 1041 1932 Israel
1079 1894 1092 1927 ³
1136 1873 1202 1928 Ῑη
1251 1874 1343 1928 ίίίο
1382 1885 1634 1942 “MPO”.
1664 1890 1767 1927 ηοη
1793 1880 1902 1926 εναε
1932 1876 1981 1937 Β
2012 1888 2407 1943 inimicitiarum
2455 1885 2714 1956 parietem
2768 1885 2821 1939 in
2869 1900 3094 1955 corpore
3146 1900 3264 1940 suo.
3312 1884 3421 1940 Cur
3465 1899 3595 1955 ergo

315 1972 427 2027 dua:
454 1973 506 2025 in
529 1970 734 2026 Israel:
758 1970 1100 2039 unusquisque
1126 1969 1261 2035 quod
1288 1965 1536 2037 placitum
1561 1974 1670 2020 erat
1699 1967 1750 2020 in
1782 1982 1907 2020 ocu-

309 2063 378 2115 lis
402 2062 511 2115 suis
541 2062 761 2131 faciebat
792 2058 1013 2128 (ludic.
1044 2075 1134 2113 ut
1162 2059 1203 2128 ).
1249 2059 1363 2125 Qua
1395 2059 1534 2113 enim
1584 2058 1793 2112 ratione
1823 2058 1904 2113 vel

307 2152 690 2222 consequentia
737 2152 857 2206 aliis
905 2151 1124 2206 sedibus
1170 2150 1567 2205 defendendum
1615 2148 1707 2221 [al.
1750 2148 1900 2204 defe-

308 2242 558 2316 rendum]
585 2254 698 2311 est,
730 2245 775 2300 si
808 2245 993 2314 primae
1031 2243 1325 2299 beatissimi
1366 2244 1507 2297 l’etri
1538 2243 1653 2297 sedi
1683 2242 1897 2311 antiqua

307 2349 360 2395 et
383 2348 591 2395 vetusta
618 2340 922 2394 reverentia
946 2353 1050 2393 non
1076 2337 1335 2404 defertur,
1362 2353 1457 2407 per
1477 2352 1636 2407 quam
1658 2336 1900 2392 omnium

305 2432 644 2489 sacerdotum
673 2432 908 2501 dignitas
937 2445 1149 2501 semper
1196 2440 1280 2485 est
1332 2430 1581 2485 roborata
1622 2438 1781 2499 atque
1809 2429 1901 2483 lir-

307 2535 470 2592 mata,
502 2534 971 2595 trecentorumque
999 2524 1182 2579 decem
1211 2533 1267 2578 et
1295 2532 1415 2579 octo
1453 2523 1670 2577 Patrum
1702 2523 1899 2579 invicto

307 2628 363 2675 et
406 2618 661 2686 singulari
697 2616 899 2687 judicio
945 2614 1335 2671 vetustissimus
1359 2614 1630 2685 judicatus
1658 2613 1754 2687 [al.
1785 2615 1901 2670 vin-

307 2709 534 2781 dicatus]
567 2718 650 2765 est
679 2708 885 2763 honor?
922 2706 994 2764 Ut
1021 2720 1142 2777 pote
1170 2710 1258 2777 qui
1285 2708 1497 2762 Domini
1537 2708 1897 2763 recordaban-

310 2814 395 2860 tur
422 2804 743 2861 sententiam
778 2819 794 2857 :
826 2802 903 2856 Tu
941 2819 992 2857 es
1032 2801 1232 2866 Petrus,
1259 2811 1304 2854 et
1351 2818 1503 2871 super
1539 2800 1672 2855 hanc
1702 2811 1900 2869 petram

309 2896 535 2965 fundabo
563 2895 847 2950 Ecclesiam
878 2910 1061 2960 meam,
1106 2905 1154 2948 et
1201 2904 1363 2963 porta:
1392 2894 1545 2963 inferi
1574 2911 1673 2947 non
1704 2908 1900 2965 prteva-

309 2989 481 3043 lebunt
509 2969 756 3042 adversus.
776 2986 990 3040 eam.Et
1013 2987 1100 3040 tibi
1121 2986 1251 3040 dabo
1276 2987 1437 3040 claves
1468 2988 1611 3060 regni
1636 2988 1897 3051 calorum,

310 3092 361 3138 et
389 3098 696 3152 quacunque
726 3082 963 3152 ligaveris
996 3082 1071 3134 vel
1113 3081 1322 3135 solveris
1366 3081 1419 3133 in
1449 3090 1582 3134 terra
1605 3120 1620 3145 ,
1659 3090 1805 3133 erunt
1836 3081 1899 3134 li-

313 3185 436 3247 gata
474 3176 553 3230 vel
598 3175 767 3229 soluta
793 3176 848 3228 in
890 3177 1013 3229 caelo
1044 3175 1271 3245 (Matth.
1320 3191 1406 3229 xv1
1433 3175 1473 3245 ).
1509 3176 1577 3230 Et
1615 3191 1802 3231 rursus
1830 3176 1896 3230 ad

2010 1994 2105 2048 per
2159 1978 2303 2033 Petri
2352 1986 2407 2031 et
2454 1977 2635 2032 Acacii
2686 1976 2900 2030 nomina
2947 1990 3133 2030 rursus
3197 1975 3407 2030 inimica
3453 1976 3597 2046 sepis

2007 2074 2286 2140 intexitur,
2318 2086 2477 2143 quam
2506 2071 2674 2126 semel
2714 2070 2907 2125 Christi
2938 2084 3092 2134 crux,
3124 2083 3269 2124 mors
3297 2080 3351 2125 et
3380 2070 3597 2141 sanguis

2004 2165 2311 2229 destruxit,
2356 2164 2518 2220 solvit
2565 2173 2620 2219 et
2649 2164 2877 2219 evertit?
2916 2162 3030 2217 Non
3072 2176 3202 2233 ergo
3247 2161 3448 2217 dividat
3498 2176 3595 2218 eos

2004 2261 2379 2330 interpositum
2408 2259 2554 2315 Petri
2600 2268 2655 2314 et
2682 2259 2864 2315 Acacii
2910 2274 3127 2327 nomen,
3157 2274 3290 2331 quos
3318 2259 3449 2314 tanti
3478 2273 3595 2315 me-

2002 2354 2228 2410 diatoris
2269 2354 2535 2425 pretiosus
2580 2354 2797 2424 sanguis
2839 2354 3029 2410 univit.
3064 2354 3343 2410 Postremo
3383 2368 3595 2425 aequum

2002 2454 2087 2502 est
2112 2457 2169 2502 ut
2197 2447 2286 2517 qui
2312 2446 2448 2501 alios
2476 2446 2706 2501 libenter
2734 2456 2788 2502 et
2811 2454 3180 2516 competenter
3206 2447 3366 2502 vultis
3396 2446 3595 2502 habere

2003 2540 2279 2610 subjectos
2306 2584 2319 2608 ,
2352 2539 2559 2595 cedatis
2585 2549 2640 2595 et
2668 2539 2767 2610 ipsi
2814 2540 3035 2608 antiquo
3081 2555 3232 2596 more
3276 2540 3592 2611 majoribus,

2006 2642 2065 2686 ut
2092 2631 2427 2687 conﬁdenter
2453 2632 2717 2701 imperare
2759 2633 2977 2701 possitis
3025 2633 3327 2689 minoribus
3375 2635 3592 2690 vestris.

2006 2726 2297 2782 Duodecim
2328 2736 2475 2781 certe
2521 2726 2670 2781 fuere
2700 2726 2951 2796 apostoli,
2979 2727 3195 2797 paribus
3245 2728 3473 2795 meritis,
3502 2743 3595 2799 pa-

2004 2822 2158 2892 rique
2211 2821 2470 2892 dignitate
2517 2819 2742 2877 sull‘ulti.
2792 2818 3035 2891 Cumque
3079 2835 3267 2876 omnes
3317 2822 3596 2893 aqualiter

2002 2908 2267 2984 spirituali
2297 2916 2414 2971 luce
2445 2913 2729 2985 fulgerent,
2755 2930 2919 2969 unum
2946 2923 3125 2970 tamen
3152 2915 3444 2985 principem
3471 2930 3595 2973 esse

2003 3022 2069 3061 ex
2094 3006 2198 3061 illis
2228 3007 2398 3061 voluit
2425 3004 2674 3061 Christus
2694 3046 2709 3073 ,
2739 3019 2973 3073 eumque
2997 3004 3397 3075 dispensatione
3427 3008 3588 3062 mira-

2003 3099 2098 3154 bili
2128 3100 2178 3153 in
2206 3099 2477 3154 dominam
2506 3098 2746 3170 gentium
2778 3097 3003 3153 Romam
3029 3098 3248 3165 direxit,
3278 3109 3335 3154 ut
3376 3100 3426 3154 in
3455 3115 3594 3169 pm-

2003 3193 2158 3264 cipua
2185 3192 2315 3248 urbe
2341 3193 2423 3247 vel
2456 3194 2623 3260 prima
2654 3192 2881 3261 primum
2906 3200 2960 3247 et
2986 3192 3311 3264 praecipuum
3336 3192 3592 3264 dirigeret

312 3266 562 3321 eumdem
588 3281 603 3317 :
631 3264 763 3319 Ecce
790 3279 884 3335 ego
911 3265 1083 3335 ragavi
1109 3279 1201 3333 pro
1230 3273 1299 3327 te,
1323 3274 1376 3315 ut
1405 3280 1507 3315 non
1537 3264 1739 3332 deﬁciat
1766 3264 1893 3332 fides

2004 3287 2239 3341 Petrum.
2288 3285 2469 3354 Ibique
2513 3285 2653 3340 sicut
2680 3284 2940 3340 doctrina
2967 3263 3164 3340 virtute
3188 3286 3433 3341 sublimis
3454 3263 3593 3342 emi-

310 3369 400 3412 tua
421 3400 437 3424 ,
491 3365 536 3410 el
581 3367 636 3410 tu
683 3355 960 3424 aliquando
988 3366 1278 3409 convertere
1301 3392 1317 3418 ,
1361 3363 1409 3407 et
1438 3355 1684 3422 confirma
1714 3359 1898 3424 fratres

308 3460 426 3506 tuos
454 3448 604 3521 (Luc.
651 3450 815 3519 xm),
855 3458 910 3505 et
938 3448 1067 3503 illud
1103 3467 1115 3501 :
1160 3448 1221 3503 Si
1250 3466 1392 3502 amas
1440 3466 1519 3505 me
1543 3491 1558 3516 ,
1597 3465 1749 3520 pasce
1788 3465 1902 3503 oves

308 3560 448 3599 mcas
474 3542 671 3614 (Joan.
712 3543 861 3613 xxi).
900 3543 1076 3610 Quare
1116 3542 1279 3612 igitur
1304 3541 1370 3596 ad
1400 3543 1611 3597 Petrum
1656 3553 1761 3598 tam
1792 3542 1897 3597 fre-

309 3651 482 3710 quens
515 3638 724 3693 Domini
752 3652 931 3693 sermo
974 3636 1261 3706 dirigitur?
1300 3636 1665 3706 nunquidnam
1709 3635 1901 3705 reliqui

308 3732 483 3793 sancti
520 3740 576 3792 et
616 3731 757 3792 beati
788 3730 1017 3807 apostoli
1050 3747 1153 3791 non
1183 3745 1336 3792 erant
1365 3730 1527 3791 simili
1556 3730 1751 3791 virtute
1780 3745 1903 3791 soc-

309 3828 511 3884 cincti?
548 3828 678 3896 Quis
704 3830 805 3884 hoc
831 3828 1022 3883 audeat
1047 3829 1348 3884 affirmare?
1379 3828 1485 3885 Sed
1511 3839 1565 3882 ut
1590 3831 1755 3896 capite
1785 3844 1904 3883 con-

312 3926 511 3987 stituto,
556 3923 843 3978 schismatis
872 3923 1131 3978 tolleretur
1167 3926 1363 3979 occasio
1408 3923 1494 3995 (S.
1530 3923 1753 3980 Hieron.
1783 3941 1898 3994 cap.

314 4015 425 4083 14,
470 4016 559 4071 lib.
610 4032 625 4071 ι
673 4017 792 4071 adv.
843 4015 1236 4085 Iovinianum),
1278 4023 1335 4071 et
1362 4031 1464 4070 una
1513 4024 1904 4072 monstraretur

312 4123 574 4180 compago
598 4109 841 4180 corporis
873 4107 1108 4173 Christi,
1140 4122 1260 4178 qua:
1301 4108 1366 4163 ad
1406 4125 1569 4163 unum
1600 4119 1760 4179 caput
1784 4110 1905 4178 glo-

313 4202 611 4258 riosissima
652 4200 957 4256 dilectionis
990 4200 1245 4254 societate
1294 4209 1679 4265 concurreret;
1721 4208 1776 4253 et
1803 4215 1907 4254 uua

313 4305 461 4351 esset
488 4295 763 4363 Ecclesia,
794 4296 877 4349 cui
920 4294 1148 4349 lideliter
1191 4293 1521 4360 crederetur,
1561 4308 1773 4363 unaque
1812 4292 1912 4347 do-

315 4402 438 4443 mus
487 4376 643 4441 unius
694 4385 906 4442 Domini
950 4396 1007 4439 ct
1064 4384 1218 4439 unius
1264 4384 1661 4453 redemptoris,
1710 4385 1764 4439 in
1806 4400 1909 4455 qua

314 4479 386 4534 de
412 4494 520 4534 uno
550 4494 685 4548 pane
729 4486 783 4533 et
808 4476 876 4533 de
907 4493 1013 4531 uno
1041 4478 1207 4534 calice
1234 4478 1560 4533 nutriremur
1588 4475 1641 4549 (1
1682 4476 1803 4533 Cor.
1830 4482 1906 4548 ι).

316 4573 431 4640 Qua
460 4571 665 4627 ratione
689 4612 703 4636 ,
747 4570 882 4626 sicut
914 4570 1062 4635 dixi,
1095 4570 1327 4639 majores
1366 4571 1575 4636 nostri,
1619 4570 1899 4627 reverendi

317 4668 395 4723 illi
426 4665 785 4723 Ecclesiarum
832 4666 1114 4735 magistri,
1164 4666 1563 4733 clarissimeque
1604 4665 1694 4719 illa
1726 4664 1907 4735 populi
1938 4649 1991 4709 D

318 4760 607 4818 Christiani
658 4758 900 4829 lumina,
949 4773 1086 4830 quos
1132 4759 1323 4813 merita
1378 4760 1639 4813 virtutum
1689 4773 1907 4813 suarum

319 4870 490 4926 usque
519 4854 584 4908 ad
611 4853 967 4910 confessionis
995 4852 1411 4924 gloriosissimas
1441 4852 1663 4921 palmas,
1686 4862 1740 4907 et
1769 4868 1910 4907 mar-

320 4952 443 5024 tyrii
465 4950 730 5022 fulgentes
750 4950 989 5005 extulere
1009 4963 1259 5016 coronas,
1282 4948 1349 5002 ad
1377 4948 1523 5002 illam
1546 4946 1725 5002 sedem
1749 4962 1908 5015 quam

323 5047 569 5115 princeps
595 5042 961 5115 apostolorum
995 5042 1211 5098 sederat
1241 5042 1451 5108 Petrus,
1498 5042 1583 5097 sui
1623 5040 1911 5096 sacerdotii

323 5146 530 5206 sumpta
560 5136 822 5206 principia
859 5134 1047 5203 repleti
1084 5135 1285 5191 Christi
1327 5136 1552 5189 caritate
1599 5134 1901 5198 mittebant,

324 5244 433 5285 suae
454 5228 579 5284 inde
599 5228 882 5284 soliditatis
905 5227 1219 5298 gravissima
1244 5228 1507 5283 ﬁrmitatis
1532 5226 1906 5281 roboramenta

327 5334 629 5392 poscentes.
680 5321 747 5377 Ut
789 5336 885 5391 per
928 5320 1066 5375 lianc
1114 5320 1346 5388 speciem
1378 5318 1628 5373 omnibus
1657 5326 1913 5388 appareat

328 5428 451 5472 vere
480 5428 637 5470 unam
665 5429 785 5470 esse
810 5428 903 5482 per
932 5411 1137 5478 omnia,
1167 5420 1221 5466 et
1259 5410 1683 5465 indissolubilem
1712 5408 1912 5464 Christi

330 5509 622 5566 Ecclesiam
648 5550 663 5575 ,
693 5522 813 5578 qua:
841 5506 1145 5562 concordiae
1172 5503 1387 5557 vinculo
1429 5503 1766 5573 mirabilique
1817 5518 1910 5558 ca-

330 5604 500 5660 ritatis
545 5610 750 5657 textura
795 5598 1131 5669 composita,
1173 5596 1285 5651 sola
1335 5606 1391 5650 et
1434 5595 1658 5651 indivisa
1706 5611 1802 5665 per
1830 5606 1913 5651 to-

332 5705 440 5751 tum
471 5693 844 5751 ostenderetur
872 5705 993 5745 esse
1020 5690 1195 5744 tunica
1224 5688 1447 5754 Christi,
1480 5703 1639 5757 quam
1686 5701 1783 5743 nec
1816 5688 1913 5742 mi-

404 5816 419 5846 ¹
461 5813 517 5868 1η
548 5827 650 5866 ms.
682 5810 867 5865 codice
894 5817 1228 5881 ipervetustio
1261 5805 1583 5881 Veronensis
1640 5804 1889 5881 capituli,

332 5899 451 5943 cum
480 5899 587 5957 quo
615 5882 805 5943 collata
834 5874 936 5937 fuit
960 5898 989 5936 a
1012 5880 1294 5935 Francisco
1323 5874 1619 5933 Blattchiuo
1664 5876 1777 5932 haec
1804 5874 1907 5931 Gc-

2002 3380 2132 3442 cuit,
2148 3378 2217 3431 ita
2240 3378 2514 3448 sanguinis
2535 3378 2767 3449 gloriosa
2790 3377 3048 3434 ell'usione
3069 3378 3374 3447 decoratus,
3388 3390 3591 3436 aeterno

2007 3473 2236 3542 hospitio
2265 3472 2619 3541 conquiescit,
2653 3481 2912 3541 praestans
2939 3474 3071 3539 sedi,
3101 3489 3260 3543 quam
3288 3474 3401 3544 ipse
3427 3474 3592 3531 bene-

2005 3566 2162 3634 dixit,
2192 3574 2249 3620 ut
2296 3581 2326 3619 a
2371 3566 2537 3635 portis
2582 3564 2740 3619 inferi
2771 3580 3039 3632 nunquam
3084 3581 3183 3635 pro
3212 3566 3424 3621 Domini
3467 3580 3593 3636 pro-

2005 3660 2262 3714 missione
2291 3659 2537 3713 vincatur
2567 3659 2583 3725 (
2606 3655 2795 3711 Matth.
2825 3672 2912 3711 XVI
2936 3657 2979 3728 ),
3017 3658 3367 3727 omniumque
3394 3658 3465 3711 sit
3494 3656 3593 3712 llu-

2004 3750 2298 3813 ctuamii‘im
2341 3749 2637 3806 tutissimus
2669 3758 2872 3817 portus.
2906 3749 2961 3804 ln
2987 3764 3094 3819 quo
3120 3748 3209 3817 qui
3244 3748 3589 3820 requieverit,

2005 3849 2160 3905 beata
2187 3859 2242 3905 et
2267 3857 2470 3905 aeterna
2499 3842 2732 3901 statione
2758 3841 3012 3916 gaudebit
3036 3860 3049 3895 :
3073 3842 3163 3913 qui
3194 3857 3325 3898 vero
3349 3852 3595 3898 contem-

2005 3945 2211 4015 pserit,
2262 3944 2378 4013 ipse
2421 3940 2623 3997 videbit
2651 3942 2827 4009 qualia
2866 3955 3061 4010 genera
3101 3937 3505 3995 excusationum
3538 3936 3591 3991 in

2007 4042 2096 4097 die
2125 4040 2384 4095 obtendat
2406 4036 2612 4105 judicii.
2661 4036 2744 4091 Me
2784 4035 2923 4089 enim
2950 4033 3138 4097 credo,
3170 4048 3348 4102 spero,
3380 4029 3595 4087 conﬁdo

2009 4135 2064 4189 in
2095 4132 2331 4196 Christo,
2362 4130 2501 4200 quod
2528 4130 2596 4185 ab
2625 4129 2741 4197 ejus
2783 4128 3005 4182 caritate
3033 4141 3133 4180 nec
3174 4126 3464 4191 tribulatio,
3496 4136 3595 4180 nec

2012 4228 2274 4295 angustia,
2309 4239 2409 4277 nec
2435 4222 2669 4290 gladius,
2697 4235 2795 4274 nec
2834 4219 3159 4289 persecutio,
3191 4231 3289 4271 nec
3334 4218 3461 4281 vita,
3496 4230 3596 4271 nec

2015 4332 2159 4374 mors
2189 4330 2422 4386 unquam
2454 4313 2650 4383 poterit
2671 4324 2923 4379 separare
2949 4309 3128 4376 (Rom.
3156 4307 3292 4377 viti).
3322 4305 3597 4363 lneumbat

2014 4408 2341 4482 persecutio,
2362 4406 2585 4461 saeviant
2614 4402 2778 4472 leges,
2794 4401 2947 4456 militi
2977 4398 3173 4456 Christi
3202 4400 3487 4471 gloriosius
3515 4408 3599 4456 est

2016 4503 2151 4559 mori
2199 4516 2358 4572 quam
2396 4498 2534 4553 vinci
2576 4514 2591 4550 :
2638 4494 2869 4550 fraudari
2917 4494 3256 4565 praesentium
3302 4492 3598 4549 commodis

2018 4598 2212 4655 melius
2240 4611 2397 4666 quam
2427 4606 2615 4649 carere
2640 4590 2851 4645 futuris.

2567 4699 2896 4757 EPISTOLA
2934 4698 3049 4753 XV.

2188 4814 2391 4856 GELASII
2448 4813 2594 4851 PAPE
2635 4812 2701 4849 AD
2756 4806 3029 4848 EPISCOPOS
3068 4805 3413 4847 ORIENTALES.

2017 4914 2165 4982 Quod
2207 4914 2261 4966 in
2303 4912 2476 4965 Acacii
2514 4906 3208 4982 aliorumque_damnatione
3246 4904 3442 4982 synodo
3475 4919 3601 4982 natm

2086 5002 2212 5053 opus
2240 5000 2341 5036 non
2374 4982 2555 5050 fuerit,
2587 4992 2634 5034 et
2670 4976 2810 5053 quod
2839 4976 3494 5053 Petrum__Alexandri_nuin
3513 4976 3602 5028 ab.

2090 5046 2283 5111 solvere
2327 5046 2543 5105 Aeacius
2564 5046 2838 5105 sine'sedis
2864 5046 3159 5119 apostolica:
3180 5050 3483 5101 auctoritate
3502 5061 3603 5119 non

2083 5127 2325 5196 potuerit.
2357 5123 2485 5176 'l'um
2516 5122 2578 5175 de
2601 5194 2609 5196 Α
2629 5120 2872 5193 episcOpis
2900 5116 3187 5175 'catholicis
3224 5120 3340 5175 sede
3378 5133 3471 5171 sua
3495 5116 3603 5168 sine

2086 5194 2402 5251 discussione
2429 5194 2656 5261 deiectis.

2090 5311 2457 5368 Dilectissimis
2485 5308 2735 5364 fratribus
2759 5306 3025 5362 universis
3063 5304 3327 5375 episcopis
3357 5302 3602 5357 Orienta-

2015 5407 2154 5462 libus
2176 5402 2440 5459 Gelasius.

2678 5494 2947 5529 *μηδι

2096 5595 2110 5623 ¹
2153 5590 2290 5659 Quid
2320 5605 2447 5659 ergo
2473 5589 2558 5643 isti
2591 5586 2875 5658 prudentes
2899 5585 3018 5648 viri,
3047 5591 3098 5638 et
3118 5590 3318 5651 argutis
3343 5581 3607 5637 mentibus

2024 5689 2184 5745 totius
2214 5686 2487 5757 religionis
2510 5686 2716 5739 interna
2744 5680 3022 5746 rimantes,
3054 5680 3103 5732 in
3120 5676 3350 5732 Orientis
3366 5677 3606 5747 partibus

2001 5801 2121 5859 lasii
2149 5801 2397 5873 epistola,
2435 5800 2537 5854 hoc
2567 5798 2685 5873 ejus
2708 5794 2903 5873 legitur
2947 5797 3318 5873 argumentum
3365 5787 3607 5873 :Jlneipit

2020 5878 2083 5929 de
2106 5860 2279 5929 eadem
2308 5860 2506 5925 ratione
2527 5860 2789 5921 reddenda
2814 5866 2882 5918 ad
2923 5860 3182 5939 epiicopos
3216 5860 3455 5915 Orientis.
