4104 6356
2653 177 2683 205 κ

481 268 542 324 9l
929 327 939 335 ,
1817 263 2090 338 occasu
2128 265 2328 338 eam;
2373 267 2389 320 ι
3694 265 3776 320 99.

477 378 1529 451 constituti,sicognoverunthuiusmodi
1553 395 1836 449 personam
1863 383 1876 411 ¹
1901 382 1950 434 in
1972 385 2080 436 An-
2107 390 2158 462 Α
2187 385 2239 438 in
2265 387 2486 460 istorum
2519 383 2862 464 damnatione
2891 386 2957 441 de
2983 385 3186 462 synodo
3228 401 3334 462 non
3368 385 3497 456 facta
3529 384 3768 450 causari,

478 473 723 529 tioehena
751 473 983 527 Ecclesia
1000 471 1359 536 constitutam,
1376 486 1472 527 cur
1487 475 1932 528 communicando
1948 476 2069 540 talis

477 564 576 620 bus
606 567 879 636 przebuere
901 578 1215 618 consensum
1234 563 1257 616 ?
1273 561 1380 618 Cur
1401 580 1511 620 non
1531 566 1673 620 illico
1690 567 2066 637 reclamarunt,

479 671 576 712 cur
622 673 726 712 non
775 672 834 712 se
877 673 904 709 a
959 657 1046 710 tali
1080 657 1326 726 contagio
1369 670 1754 724 removerunt,
1805 676 1925 716 cum
1963 673 2068 717 tam

483 750 582 823 [aL
645 749 786 820 jam]
853 750 1136 805 evidenter
1196 751 1539 806 adverterent
1599 752 1722 807 ideo
1786 736 2071 810 Calendio-

480 860 600 900 nem
629 845 906 912 depulsum
941 844 1104 914 (anno
1131 845 1260 918 485)
1315 855 1372 899 ιιι
1423 845 1689 900 luereticis
1745 849 2068 915 panderetur

481 937 777 992 introitus?
818 938 1002 1006 Quare
1047 939 1132 994 hic
1175 942 1194 970 '
1242 939 1375 994 nihil
1444 938 1512 994 de
1561 953 1620 995 re
1673 939 1802 995 nihil
1858 943 1925 997 de
1966 942 2069 999 ﬁde

479 1029 781 1084 Christiana
833 1073 846 1095 ,
907 1031 1040 1085 nihil
1106 1031 1174 1087 de
1249 1049 1596 1102 personarum
1675 1037 2068 1093 examinatione

483 1132 779 1179 tractarunt
830 1124 853 1177 ?
901 1127 956 1180 Si
1010 1141 1137 1181 vero
1181 1128 1279 1192 filli
1355 1145 1538 1185 eorum
1587 1148 1646 1188 se
1705 1133 2068 1188 communioni

482 1219 781 1273 voluntarie
817 1219 1206 1286 subdiderunt,
1264 1224 1330 1277 ab
1381 1204 1683 1293 apostolica
1739 1226 1866 1280 sede
1923 1235 2070 1280 certe

483 1311 715 1381 separati
769 1321 912 1376 sunt,
968 1329 1086 1368 cum
1137 1315 1330 1370 talibus
1359 1327 1412 1372 et
1464 1320 1602 1388 apud
1657 1321 1811 1388 tales,
1859 1320 2070 1375 etiamsi

483 1413 628 1459 esset
678 1419 896 1458 necesse
949 1405 1094 1470 ﬁeri,
1131 1408 1270 1463 nulla
1318 1420 1503 1480 posset
1558 1414 1777 1467 omnino
1833 1415 2073 1484 synodus

486 1496 786 1562 provenire.
822 1496 975 1562 Quod
997 1498 1044 1550 si-
1071 1500 1344 1567 ignorasse
1365 1517 1422 1556 se
1453 1504 1684 1557 dixerint
1711 1506 1882 1574 qualis
1912 1506 1932 1537 ³
1960 1506 2073 1559 An-

487 1585 704 1640 tiochiae-
723 1587 1250 1655 post'Calendionem
1299 1597 1648 1650 successisset
1674 1598 1920 1664 antistes,
1950 1600 2076 1669 quid

487 1681 705 1743 mirum,
737 1680 782 1734 si
808 1682 897 1750 qui
927 1683 978 1736 in
1001 1683 1220 1740 Oriente
1252 1687 1434 1753 positi,
1483 1703 1602 1757 quae
1629 1690 1679 1742 in
1740 1690 1956 1759 regione
1985 1705 2079 1746 sua

2177 498 2300 560 cum
2325 482 2589 546 scianttot
2609 490 2890 558 tantosque
2915 481 3193 558 pontiﬁces
3221 479 3361 560 anilla
3383 477 3584 548 synodo
3600 477 3774 532 fuisse

2177 574 2444 644 depulsos,
2485 573 2540 629 Si
2569 574 2622 629 in
2655 573 2878 628 istorum
2912 573 3204 642 reiectione
3231 573 3296 626 de
3327 588 3431 642 non
3460 571 3590 625 inito
3635 584 3776 625 con-

2175 667 2298 722 cilio
2325 677 2748 742 conqtieruntur,
2783 674 3109 738 cognoscant
3149 679 3207 719 se
3232 680 3326 718 cur
3361 680 3464 716 non
3498 672 3550 716 et
3582 663 3681 714 hoc
3711 658 3772 742 in

2176 761 2400 815 aliorum
2433 761 2720 830 reiectione
2761 757 3125 829 quaesiverint,
3174 756 3434 830 accusari.
3467 754 3521 826 Si
3555 769 3685 807 vero
3714 753 3775 805 in

2175 865 2490 908 eteterorum
2523 852 2814 922 reiectione
2831 850 3055 905 concilia
3080 848 3501 904 necessariarum
3529 845 3774 910 fuerunt,

2176 963 2274 1002 nec
2301 948 2351 1002 in
2383 947 2497 1001 istis
2525 945 2830 1022 necessaria
2877 943 3039 997 fuisse
3079 950 3426 1012 cognoscant.
3486 941 3564 992 An
3598 937 3650 990 in
3681 952 3778 989 ea-

2179 1041 2500 1114 tholicorum
2530 1038 2828 1119 dejectione
2859 1052 2964 1091 non
3023 1035 3114 1089 fuit
3144 1050 3295 1103 opus,
3325 1041 3378 1085 et
3410 1031 3504 1086 fuit
3552 1043 3777 1107 magno-

2179 1149 2306 1202 pere
2369 1116 2740 1200 congreganda
2816 1131 2865 1182 in
2935 1125 3360 1200 praevaricatoris
3429 1121 3779 1200 damnatione

2181 1203 2467 1280 confessi?
2488 1221 2625 1291 Quid
2659 1223 2816 1292 igitur
2839 1232 3027 1285 restat,
3063 1219 3164 1272 nisi
3204 1228 3258 1271 ut
3279 1217 3458 1271 dicaut
3486 1213 3778 1268 luereticos

2180 1301 2285 1370 non
2315 1315 2477 1369 fuisse
2505 1315 2527 1366 ?
2573 1314 2688 1368 Non
2713 1328 2840 1381 ergo
2881 1312 2947 1366 de
2976 1310 3182 1384 synodo
3227 1314 3644 1384 conquerantur,
3678 1304 3775 1372 qui

2180 1425 2239 1474 se
2264 1409 2437 1480 palam
2474 1405 2870 1461 communionis
2910 1412 3147 1457 externae
3185 1399 3274 1471 [αι.
3321 1381 3605 1466 haereticus]
3653 1410 3778 1463 per-

2184 1481 2368 1555 hibent
2395 1508 2709 1554 sectatores.
2745 1499 2762 1528 7
2797 1496 2902 1551 Cur
2932 1495 3073 1549 enim
3103 1493 3180 1546 eis
3203 1492 3438 1554 synodus
3471 1488 3778 1543 necessaria

2184 1592 2354 1647 fuisse
2377 1590 2641 1657 videatur,
2669 1589 2757 1660 qui
2780 1604 2839 1643 se
2863 1597 3049 1642 contra
3081 1569 3573 1639 Chalcedonensem
3607 1596 3776 1651 synn-

2186 1687 2311 1739 tlum
2343 1685 2525 1742 venire
2550 1692 2901 1754 cognoscunt,
2928 1695 3033 1764 qua
3066 1676 3427 1758 Eutychianus
3455 1688 3609 1728 error
3646 1687 3774 1727 cum

487 1773 809 1843 contigerint
848 1774 988 1830 seire
1018 1778 1390 1855 nequiverunt,
1421 1794 1480 1833 ea
1523 1795 1642 1852 quae
1671 1781 1814 1850 apud
1859 1793 2073 1852 aposlo-
2104 1785 2162 1860 Β,
2182 1779 2204 1809 ⁸
2235 1777 2545 1830 auctoribus
2574 1773 2810 1845 generali
2864 1749 3122 1826 Ecclesim
3173 1782 3304 1834 voce
3346 1749 3629 1819 damnatus
3658 1765 3782 1818 est?

488 1865 644 1921 licam
681 1867 864 1921 sed’em
898 1879 1047 1939 gesta
1086 1870 1296 1926 fuerant
1352 1874 1695 1942 ignorarent?
1740 1872 1844 1928 Cur
1878 1885 2077 1946 tamen,

487 1967 830 2028 posteaquam
859 1961 924 2013 ad
965 1974 1149 2016 eorum
1181 1963 1422 2018 notitiam
1455 1967 1696 2034 pervenit
1745 1966 1916 2036 qualis
1937 1974 2080 2022 esset

488 2049 743 2104 mcerdos
771 2051 918 2118 apud
942 2052 1276 2108 Antiochiam
1303 2057 1649 2123 constitutus,
1675 2073 1778 2111 non
1802 2058 1918 2126 eius
1946 2072 2079 2113 con-

489 2142 648 2195 sortia
683 2144 936 2198 continuo
966 2156 1288 2214 respuerunt
1318 2147 1350 2199 ?-
1395 2148 1536 2213 Quid
1583 2152 1982 2206 excusationem
2015 2151 2081 2207 de

491 2229 807 2300 ignorantiae.
836 2235 1020 2289 colore
1045 2239 1406 2305 praetendunt,
1440 2255 1560 2294 cum
1593 2241 1857 2312 hodieque
1879 2252 1932 2298 et
1963 2259 2078 2297 ma-

490 2323 738 2378 nifestata
783 2329 1034 2395 contagia
1078 2330 1444 2397 perﬁdorum,
1503 2344 1554 2386 et
1593 2349 1620 2386 a
1681 2334 1832 2390 nobis
1884 2335 2081 2405 saepius

489 2419 812 2487 exprobrasa
848 2425 1168 2477 sectentur?
1216 2425 1336 2492 Quo
1383 2427 1512 2481 satis
1541 2441 1798 2499 apparet,
1848 2431 1968 2498 quia
2015 2446 2082 2486 ne

492 2517 617 2566 tmte
645 2511 859 2580 quidem
887 2514 1103 2569 etiamsi
1122 2529 1508 2587 cognoscerent
1530 2520 1842 2586 rel‘utarent,
1870 2525 2082 2598 quando

491 2617 634 2656 nunc
655 2605 820 2657 etiam.
844 2604 1106 2674 publicata
1139 2623 1245 2662 non
1275 2621 1524 2666 renuunt.
1558 2612 1862 2670 Prorsus‘in
1895 2633 2081 2686 quam-

488 2693 621 2752 libet
658 2711 720 2750 se
744 2705 955 2764 partem
993 2702 1464 2772 causationemque
1515 2700 1606 2775 [αι.
1644 2709 2074 2763 excusationem-

489 2785 612 2856 que]
637 2798 969 2856 convertant,
999 2791 1297 2850 manifestae
1325 2797 1566 2849 veritatis
1600 2797 1668 2849 ita
1694 2798 1897 2867 laqueis
1919 2800 2081 2872 sull'o-

491 2891 700 2946 cantur,
725 2890 783 2937 ut
808 2883 920 2939 suis
948 2885 1051 2953 ipsi
1076 2887 1252 2941 verbis
1279 2889 1490 2958 possint
1517 2890 1833 2960 actibusque
1853 2895 2078 2949 conclu-

491 2974 570 3042 di,
597 2990 692 3030 nec
721 2977 830 3031 nisi
856 2977 1026 3033 solam
1061 2980 1362 3050 perniciem
1400 2984 1684 3038 obstinata:
1735 2986 1971 3056 perfidiae
1997 3004 2083 3042 re-

491 3067 696 3124 siduam
727 3071 1005 3127 ventilare.
1053 3072 1186 3128 Haec-
1224 3082 1423 3140 au-tem,
1483 3092 1602 3146 qum
1643 3078 1709 3132 de
1755 3079 2082 3136 Calendione

2186 1867 2296 1922 Nec
2315 1867 2536 1922 dubium
2568 1864 2709 1936 quod
2756 1864 2896 1920 sicut
2941 1861 2990 1914 in
3044 1872 3358 1929 unaquaque
3391 1856 3602 1924 haeresi,
3636 1855 3785 1924 quod

2186 1955 2578 2012 incessabiliter
2635 1953 2985 2023 repetendum
3040 1960 3161 2014 est,
3213 1949 3334 2019 quia
3391 1950 3598 2001 lirmum
3654 1959 3773 2002 esse

2188 2051 2367 2103 nullus
2408 2048 2632 2117 ambigit
2669 2047 3038 2109 Christianus,
3094 2058 3284 2097 omnes
3310 2041 3627 2110 complices,
3684 2054 3765 2092 se~

2187 2152 2444 2206 ctatores,
2479 2139 2963 2194 communicatores
3005 2135 3268 2189 damnata:
3299 2131 3466 2202 semel
3502 2121 3770 2206 pravitatis

2187 2237 2302 2307 pari
2338 2245 2482 2288 sorte
2509 2241 2817 2287 censentur.
2853 2230 3085 2298 ldeoque
3115 2228 3174 2281 lit
3219 2239 3577 2294 consequens,
3606 2232 3660 2276 ut
3692 2222 3769 2276 si-

2186 2339 2275 2385 cut
2316 2329 2632 2384 Timotheus
2661 2335 2821 2395 atqui:
2850 2327 3042 2380 Petrus
3101 2324 3282 2377 talium
3340 2328 3655 2381 sectatores,
3687 2331 3775 2369 se-

2187 2422 2418 2478 cundum
2473 2420 2613 2473 illius
2660 2430 2900 2474 tenorem
2943 2415 3155 2487 synodi,
3200 2414 3341 2467 nulla
3396 2411 3600 2467 recenti
3645 2407 3780 2464 facta

2188 2517 2508 2588 pontiﬁcum
2541 2515 2951 2586 congregatione
2975 2512 3212 2566 damnati
3244 2519 3368 2564 sunt
3397 2526 3409 2562 :
3470 2509 3548 2562 sic
3583 2517 3635 2560 et
3691 2504 3780 2587 qui

2187 2611 2346 2666 Petro
2379 2608 2797 2665 communicavit
2837 2606 3084 2670 Aeacius,
3130 2614 3186 2658 ut
3211 2603 3450 2658 criminis
3494 2599 3780 2668 particeps,

2187 2705 2260 2758 ita
2297 2717 2519 2758 consors
2549 2703 2618 2755 sit
2658 2700 2823 2755 factus
2861 2709 2914 2753 et
2966 2714 3155 2768 pronai.
3205 2695 3338 2764 Quid
3399 2696 3559 2764 igitur
3604 2692 3782 2747 amba-

2187 2781 2338 2866 gibus
2386 2806 2440 2849 et
2489 2793 2697 2848 nebulis
2754 2797 2852 2846 ista
2905 2797 3244 2861 prmtexunt,
3295 2797 3351 2842 ut
3397 2785 3780 2856 impudentiam

2187 2903 2363 2953 suam,
2403 2895 2743 2954 mentemque
2783 2898 3033 2938 vesanam
3084 2881 3331 2936 inanibus
3375 2879 3550 2949 potius
3592 2877 3783 2954 fabulis

2187 2982 2208 3012 °
2251 2981 2430 3033 velare
2481 2976 2768 3039 lethaliter,
2816 2991 2973 3045 quam
3049 2973 3324 3042 prodendo
3396 2970 3783 3025 medieinaliter

2187 3088 2380 3127 sanare
2407 3071 2732 3126 contendant
2763 3069 2784 3120 ?
2816 3069 2954 3123 Nihil
2985 3069 3126 3122 enim
3159 3067 3312 3121 nobis
3339 3081 3622 3120 commune
3661 3078 3780 3117 cum

491 3161 785 3218 venerabili
817 3163 958 3222 dicta
988 3177 1130 3230 sunt,
1161 3176 1217 3222 et
1244 3169 1296 3222 in
1325 3169 1548 3224 Joannis
1576 3171 1922 3243 Alexandrini
1953 3188 2080 3227 con-
2107 3164 2154 3227 C
2191 3163 2502 3217 hominibus
2545 3161 2936 3216 rommunionis
2988 3169 3244 3212 externm.
3298 3156 3418 3210 ldco
3465 3163 3686 3207 vocatur
3715 3154 3780 3204 ad

493 3252 713 3308 veniunt
737 3264 886 3310 certa
912 3257 1118 3312 ratione
1150 3272 1450 3326 personam.
1484 3259 1616 3328 lmo,
1641 3262 1690 3315 si
1711 3276 1872 3316 causa
1895 3263 2080 3317 eadem

494 3344 654 3402 latius
685 3347 999 3417 inquiram,
1039 3359 1204 3406 tantm
1237 3351 1346 3407 illic
1400 3353 1692 3422 "egrediar,
1747 3357 1876 3409 tanti
1931 3373 2084 3426 repe-

495 3434 706 3495 riunua‘
731 3452 968 3505 errores,
1010 3450 1072 3495 ut
1119 3441 1172 3496 si
1215 3441 1318 3509 ipsi
1343 3443 1451 3497 sint
1498 3444 1712 3512 iudices
1761 3447 1849 3516 qui
1895 3448 2084 3503 eadem

494 3534 893 3598 parpetrarutu,
921 3546 1041 3592 cum
1064 3534 1341 3591 evidenter
1385 3536 1586 3592 fuerint
1626 3539 1907 3604 confutati,
1941 3556 1969 3595 a
2003 3542 2087 3595 sui

497 3618 838 3678 datanntione
869 3637 981 3679 tum
1013 3635 1332 3694 temperent.
1396 3629 1577 3682 Palam
1606 3631 1748 3684 enim
1783 3631 1889 3685 illic
1931 3647 2086 3699 aper-

496 3720 655 3781 teque
685 3723 1030 3780 monstratnr,
1082 3718 1211 3772 nihil
1261 3720 1410 3774 aliud
1436 3736 1596 3790 quam
1639 3713 1922 3790 qumsitarn
1963 3739 2086 3779 eau-

498 3815 636 3869 βων
665 3805 1140 3873 quemadmodum,
1168 3809 1433 3866 catholico
1459 3813 1813 3884 qualicunque
1867 3816 2092 3883 depulso

497 3895 776 3964 pontiﬁce,
809 3897 1070 3953 btet-etim
1090 3900 1249 3956 Petro
1274 3912 1606 3959 reseraretur
1640 3921 1907 3965 accessus.
1941 3909 2091 3964 Tunc

499 3986 644 4044 istud
699 4004 861 4065 nemo
904 3989 1248 4058 discutiebat,
1293 3995 1558 4066 synodum
1603 4013 1768 4054 nemo.
1814 4002 2087 4068 poscebat,

500 4081 706 4151 possim.
720 4084 902 4144 σωθῶ·
929 4086 1082 4142 licito
1101 4086 1216 4142 ﬁeri
1243 4103 1270 4141 a
1297 4089 1703 4162 quibuscuon
1731 4092 2049 4149 videbantur
2073 4114 2084 4146 :

500 4174 704 4240 nullum
747 4176 1042 4244 discrimen.
1068 4195 1266 4246 rerum.
1296 4184 1436 4238 nulla
1477 4187 1806 4242 examinatio
1856 4190 2091 4256 postula-

499 4265 654 4328 hatur
685 4270 967 4338 Ecclesitr;
1013 4274 1114 4329 sed
1139 4285 1293 4343 prout
1318 4276 1384 4332 de
1421 4293 1742 4349 unoquoque
1771 4282 2007 4338 venisset
2039 4281 2089 4336 in

500 4370 757 4426 iacntem,
798 4364 872 4418 de
908 4366 1024 4419 suis
1050 4367 1271 4422 urbibus
1301 4370 1599 4426 catholicus
1651 4373 1946 4440 pellebatur
1981 4375 2094 4444 epi-

504 4467 728 4522 acepus,
761 4469 875 4510 non.
901 4457 1080 4511 solum
1117 4462 1580 4529 metmpot-itanus,
1609 4464 1709 4518 sed.
1734 4466 1898 4519 etiam.
1925 4468 2094 4521 tertias

2189 3255 2448 3325 iudicium
2478 3264 2624 3309 certe
2653 3267 2987 3323 quaecunque
3037 3263 3286 3319 persona,
3341 3258 3396 3302 ut
3425 3257 3516 3300 aut
3554 3246 3782 3298 fateatur

2194 3347 2424 3416 obiecta,
2457 3354 2548 3399 aut
2576 3345 2922 3398 convincatur
2949 3341 3192 3411 objectis.
3227 3340 3353 3393 Post
3389 3337 3777 3408 confessionem

2193 3449 2355 3508 porro
2381 3437 2676 3491 litterarum
2728 3443 2914 3488 tenore
2966 3435 3334 3502 depromptam
3388 3445 3481 3483 cur
3524 3425 3586 3480 ad
3635 3425 3782 3492 iudi-

2193 3535 2334 3587 cium
2364 3540 2649 3585 vocaretur
2679 3530 2928 3592 Aeacius,
2955 3527 3044 3596 qui
3081 3541 3138 3580 se
3192 3524 3471 3579 confessus
3501 3532 3578 3576 est
3602 3521 3781 3582 Petro,

2195 3639 2352 3694 quem
2387 3626 2548 3694 petita
2576 3624 2718 3679 sedis
2746 3623 3055 3692 apostolicze
3092 3621 3452 3691 prmceptione
3481 3618 3784 3680 damnarat,

2196 3717 2573 3772 communione
2628 3715 2900 3771 sociasse:
2953 3730 3049 3769 nec
3097 3713 3146 3768 ei
3195 3713 3339 3768 credi
3383 3712 3491 3780 iam
3552 3720 3789 3765 externa:

2197 3809 2588 3864 communionis
2615 3808 2825 3871 effecto,
2870 3807 2957 3862 vel
2980 3822 3076 3877 pro
3106 3822 3200 3861 sua
3223 3849 3235 3870 ,
3281 3806 3368 3860 vel
3400 3819 3494 3873 pro
3547 3804 3784 3865 illorum,

2197 3903 2280 3956 vel
2318 3917 2413 3970 pro
2464 3903 2608 3956 Petri
2670 3901 2982 3956 defensione
3019 3901 3126 3969 iam
3182 3909 3382 3969 posset,
3416 3899 3502 3953 cui
3527 3913 3586 3952 se
3641 3898 3786 3966 prius

2201 3999 2492 4052 miscuerat
2519 3995 2750 4051 nefando
2773 3995 3072 4059 consortio,
3101 3995 3402 4060 ieceratque
3428 4007 3486 4046 se
3515 4006 3638 4046 cum
3669 3994 3788 4059 ejus

2198 4101 2357 4146 eausa
2387 4091 2504 4145 sine
2525 4089 2856 4144 dubitatione
2883 4102 3225 4142 communem
3249 4088 3272 4140 ?
3324 4087 3364 4116 ¹⁰
3391 4083 3483 4139 Cui
3515 4087 3789 4139 examina-

2200 4185 2345 4238 tione
2373 4184 2670 4253 praemissa,
2696 4190 2750 4237 et
2779 4181 3012 4250 legitima
3062 4182 3104 4235 si
3140 4181 3208 4233 ita
3272 4189 3416 4234 esset
3467 4162 3789 4247 purgatione

2199 4287 2474 4348 Suscepto,
2529 4277 2851 4347 regulariter
2897 4277 3237 4331 misceretur.
3288 4275 3399 4330 Sed
3426 4289 3546 4348 cuiq
3599 4273 3786 4327 eodem

2200 4372 2436 4425 nondum
2497 4370 2733 4440 legitime
2773 4368 3017 4423 discusso
3070 4379 3229 4438 atque
3277 4376 3501 4439 purgato
3544 4380 3787 4419 eommu-

2201 4466 2360 4518 nione
2388 4463 2642 4531 sociatus,
2676 4476 2834 4532 quam
2867 4461 3039 4516 adhuc
3062 4476 3155 4516 reo
3185 4476 3242 4515 se
3287 4461 3519 4524 miscuit,
3561 4467 3668 4512 tam
3695 4473 3788 4526 pro

504 4556 556 4600 et
591 4547 838 4602 secundm
880 4549 1022 4604 sedis
1051 4553 1280 4608 antistes.
1302 4553 1342 4609 ⁸.
1379 4555 1438 4609 In
1485 4557 1567 4610 his
1588 4558 1731 4612 nulla
1785 4573 1960 4614 rerum
2004 4575 2094 4615 ve-
2119 4552 2175 4626 Ι)
2197 4559 2388 4614 eodem
2417 4573 2522 4611 non
2555 4557 2736 4612 habuit
2760 4556 3013 4625 loquendi
3048 4555 3311 4609 ﬁduciam.
3342 4553 3473 4607 Nam
3505 4567 3627 4608 cum
3655 4553 3789 4606 Aca-

507 4641 724 4709 stigatio
766 4644 1138 4712 quzerebatur,
1190 4649 1334 4706 nulla
1385 4651 1623 4710 facienda
1663 4655 1888 4708 concilia
1928 4656 2095 4723 jacta-

509 4733 772 4790 bantur.‘
819 4736 1189 4808 Suhroganuu'
1235 4740 1492 4809 lueretiei,
1548 4760 1706 4800 nemo
1757 4746 2092 4804 resultabat:

509 4826 603 4900 sed
635 4827 776 4880 velut
805 4836 947 4882 muta
975 4845 1162 4898 pecora
1195 4832 1245 4886 in
1294 4835 1596 4903 captionem
1640 4836 1818 4904 ducta,
1869 4839 2097 4894 subditis

510 4920 875 4984 voluntatibus
906 4923 1178 4992 perﬁdiam
1210 4928 1574 4984 sectabantur.
1619 4929 1732 4987 Non
1767 4932 1962 4990 mirum
1982 4932 2099 5000 qui-

512 5012 663 5078 dem,
680 5015 724 5067 si
750 5030 888 5069 nunc
905 5031 1000 5071 eos
1023 5019 1325 5074 defendere
1369 5021 1676 5088 moliantur,
1710 5038 1934 5094 quorum
1959 5022 2098 5078 indi-

511 5121 753 5161 scussam
808 5110 965 5164 czecis
1016 5109 1118 5182 [αι.
1175 5111 1555 5186 schismaticis]
1601 5115 1870 5169 mentibus
1927 5115 2094 5168 secuti

513 5210 638 5256 sunt
661 5203 680 5232 ⁸
713 5202 1014 5258 utilitatem.
1039 5203 1144 5260 Sed
1171 5206 1426 5260 miramur
1482 5222 1575 5261 cur
1605 5223 1698 5262 eos
1751 5223 1854 5262 non
1903 5208 2097 5277 pudeat

586 5360 609 5448 ξ
646 5361 896 5448 intelligit
927 5362 1148 5448 Petrum
1172 5363 1649 5448 gulapheumsive‘
1687 5365 1990 5448 Fullonem.

589 5431 609 5460 ²
647 5432 779 5485 Cod.
821 5433 1041 5502 Veron.,
1073 5433 1205 5487 nihil
1236 5431 1402 5499 deire,
1437 5434 1566 5490 nihil
1616 5436 1678 5489 de
1704 5438 1920 5506 synodo,
1975 5435 2105 5489 nihil

521 5502 584 5555 de
608 5502 707 5568 ﬁde
736 5503 1064 5558 Christianas

594 5545 621 5653 fl
1115 5577 1577 5653 dntiochiampoat
1609 5575 2003 5653 Koiendionem.
2032 5587 2104 5653 _et

472 5693 477 5697 .
523 5643 718 5711 ubique
742 5643 794 5697 in
816 5645 1002 5698 eodem
1046 5649 1230 5703 codice
1257 5643 1554 5701 Kalendion
1582 5647 1835 5702 scribitur
1865 5662 1986 5700 cum
2031 5647 2100 5702 K.

598 5713 617 5788 ἒ
655 5713 907 5788 Calendib
928 5713 1375 5788 °Antiochcnusiet
1406 5719 1642 5774 Joannes
1673 5718 1852 5774 Talaia
1877 5719 2102 5773 Alexan-

524 5785 729 5842 drinus.
772 5785 1031 5842 Lanaeus.

1187 5941 1246 5959 ρ”ά

2202 4652 2316 4706 cius
2382 4651 2532 4705 nullo
2608 4649 2888 4719 privilegio
2939 4647 3212 4703 fulciretur
3244 4689 3257 4712 ,
3309 4655 3366 4700 ut
3432 4645 3499 4701 de
3554 4644 3786 4700 secunda

2203 4742 2606 4816 (Alexandrina)
2633 4743 2759 4798 sede
2788 4750 2969 4812 posset
2995 4741 3135 4796 l'erre
3159 4740 3437 4809 judicium,
3478 4739 3517 4768 “
3551 4753 3658 4792 non
3691 4752 3786 4806 po-

2203 4839 2303 4893 tuit
2325 4839 2445 4907 iure
2476 4851 2798 4908 quemquam
2831 4835 3107 4888 damnare.
3140 4832 3311 4887 Simili
3343 4829 3524 4897 modo,
3557 4829 3657 4884 nisi
3686 4845 3786 4898 prt-

2201 4947 2306 4987 mat
2337 4929 2635 4999 (Romanae)
2668 4929 2811 4982 sedis
2860 4928 3175 4982 auctoritate
3205 4933 3476 4996 percepta,
3523 4939 3622 4979 nec
3663 4937 3788 4978 exa-

2206 5023 2440 5080 minandi
2476 5021 2620 5076 Petri
2645 5022 2733 5090 ius
2756 5019 2963 5083 habuit,
2997 5035 3093 5076 nec
3132 5017 3423 5088 reeipiendi
3447 5017 3659 5087 penitus
3698 5030 3789 5082 p0-

2208 5124 2473 5171 testatem.
2497 5113 2613 5179 Quo
2639 5111 2964 5179 regulariter
2997 5095 3312 5176 conStituto,
3357 5126 3456 5165 nec
3503 5110 3641 5180 apud
3698 5123 3792 5161 nos

2210 5207 2370 5264 Petro
2400 5207 2670 5261 ullatenus
2699 5204 2964 5268 absoluto,
2996 5221 3151 5274 quem
3183 5205 3466 5259 damnasse
3496 5217 3593 5256 nos
3643 5202 3793 5255 novi-

2289 5366 2309 5436 ?
2351 5365 2426 5417 Id.
2449 5364 2600 5436 cod.,
2633 5364 3058 5436 subrogabantur.

2289 5435 2309 5464 ⁶
2347 5436 2424 5493 Id.
2456 5435 2602 5500 cod.,
2631 5435 2893 5492 vilitatem.

2286 5505 2306 5536 "
2350 5506 2422 5559 Id.
2466 5505 2612 5568 cod.,
2641 5505 2743 5559 Cur
2770 5523 2910 5573 ergo.

2287 5576 2308 5606 ⁸
2349 5576 2425 5648 id.
2457 5576 2604 5642 cod.,
2631 5593 2744 5629 cum
2775 5577 2879 5630 suis
2921 5577 3211 5632 auctoribus
3241 5578 3489 5648 generalis

2288 5650 2307 5680 ⁹
2351 5647 2428 5702 ld.
2455 5648 2597 5711 cod.,
2627 5649 2808 5701 celare.

2293 5720 2332 5747 ”
2373 5718 2448 5771 Id.
2478 5719 2595 5772 cod.
2622 5760 2636 5783 ,
2680 5719 2790 5783 Qua
2820 5720 3206 5773 cunainatione.

2291 5790 2327 5820 "
2372 5789 2447 5846 ld.
2488 5789 2634 5857 cod.,
2658 5791 2951 5860 potuitjure
2974 5793 3235 5850 damnare.
