  <div class='ocr_page' id='page_1' title='image "/cluster/home/n/w/nwhite01/storage/ocr_20150623/59/hvd.32044015471626/052.png"; bbox 0 0 4104 6356; ppageno 0'>
   <div class='ocr_carea' id='block_1_1' title="bbox 220 253 3499 373">
    <p class='ocr_par' dir='ltr' id='par_1_1' title="bbox 220 253 3499 373">
     <span class='ocr_line' id='line_1_1' title="bbox 220 253 3499 373; baseline -0.001 -23"><span class='ocrx_word' id='word_1_1' title='bbox 220 296 292 350; x_wconf 78' lang='lat'><strong>95</strong></span> <span class='ocrx_word' id='word_1_2' title='bbox 1420 293 1780 350; x_wconf 68' lang='lat' dir='ltr'><strong>Eptsrom‘.</strong></span> <span class='ocrx_word' id='word_1_3' title='bbox 1819 293 1908 373; x_wconf 69' lang='lat' dir='ltr'><strong>Er</strong></span> <span class='ocrx_word' id='word_1_4' title='bbox 1950 253 2285 360; x_wconf 66' lang='lat' dir='ltr'><strong>estnam.</strong></span> <span class='ocrx_word' id='word_1_5' title='bbox 3418 300 3499 371; x_wconf 40' lang='lat' dir='ltr'><strong>ei</strong></span> 
     </span>
    </p>
   </div>
   <div class='ocr_carea' id='block_1_2' title="bbox 221 405 3482 490">
    <p class='ocr_par' dir='ltr' id='par_1_2' title="bbox 221 405 3482 490">
     <span class='ocr_line' id='line_1_2' title="bbox 221 405 3482 490; baseline 0.004 -33"><span class='ocrx_word' id='word_1_6' title='bbox 221 419 361 469; x_wconf 85' lang='lat' dir='ltr'><strong>lllllS,</strong></span> <span class='ocrx_word' id='word_1_7' title='bbox 390 406 722 476; x_wconf 80' lang='lat' dir='ltr'><strong>examinasse</strong></span> <span class='ocrx_word' id='word_1_8' title='bbox 745 406 826 460; x_wconf 99' lang='lat' dir='ltr'><strong>vel</strong></span> <span class='ocrx_word' id='word_1_9' title='bbox 852 405 1166 472; x_wconf 71' lang='lat' dir='ltr'><strong>absolvisse,</strong></span> <span class='ocrx_word' id='word_1_10' title='bbox 1217 407 1482 470; x_wconf 79' lang='lat' dir='ltr'><strong>nescimus</strong></span> <span class='ocrx_word' id='word_1_11' title='bbox 1508 425 1521 472; x_wconf 90' lang='lat'><strong>;</strong></span> <span class='ocrx_word' id='word_1_12' title='bbox 1547 415 1711 462; x_wconf 90' lang='lat' dir='ltr'><strong>restat</strong></span> <span class='ocrx_word' id='word_1_13' title='bbox 1741 416 1794 459; x_wconf 90' lang='lat' dir='ltr'><strong>ut</strong></span> <span class='ocrx_word' id='word_1_14' title='bbox 1825 407 1886 484; x_wconf 69' lang='grc' dir='ltr'><strong>Α,¹</strong></span> <span class='ocrx_word' id='word_1_15' title='bbox 1905 409 2217 482; x_wconf 81' lang='lat' dir='ltr'><strong>constringi.</strong></span> <span class='ocrx_word' id='word_1_16' title='bbox 2247 410 2302 478; x_wconf 82' lang='lat' dir='ltr'><strong>Si</strong></span> <span class='ocrx_word' id='word_1_17' title='bbox 2329 411 2672 486; x_wconf 61' lang='lat' dir='ltr'><strong>catholicum,</strong></span> <span class='ocrx_word' id='word_1_18' title='bbox 2707 411 2878 488; x_wconf 68' lang='lat' dir='ltr'><strong>palam</strong></span> <span class='ocrx_word' id='word_1_19' title='bbox 2925 413 3084 490; x_wconf 64' lang='lat' dir='ltr'><strong>totius</strong></span> <span class='ocrx_word' id='word_1_20' title='bbox 3111 413 3374 490; x_wconf 68' lang='lat' dir='ltr'><strong>dogmatis</strong></span> <span class='ocrx_word' id='word_1_21' title='bbox 3424 429 3482 480; x_wconf 82' lang='lat' dir='ltr'><strong>es</strong></span> 
     </span>
    </p>
   </div>
   <div class='ocr_carea' id='block_1_3' title="bbox 219 495 1797 569">
    <p class='ocr_par' dir='ltr' id='par_1_3' title="bbox 219 495 1797 569">
     <span class='ocr_line' id='line_1_3' title="bbox 219 495 1797 569; baseline 0.004 -20"><span class='ocrx_word' id='word_1_22' title='bbox 219 495 350 550; x_wconf 92' lang='lat' dir='ltr'><strong>illud</strong></span> <span class='ocrx_word' id='word_1_23' title='bbox 423 497 878 565; x_wconf 74' lang='lat' dir='ltr'><strong>demonstremus,</strong></span> <span class='ocrx_word' id='word_1_24' title='bbox 934 501 1177 568; x_wconf 70' lang='lat' dir='ltr'><strong>eumdem</strong></span> <span class='ocrx_word' id='word_1_25' title='bbox 1232 499 1469 565; x_wconf 83' lang='lat' dir='ltr'><strong>Petrum,</strong></span> <span class='ocrx_word' id='word_1_26' title='bbox 1533 515 1690 569; x_wconf 83' lang='lat' dir='ltr'><strong>quem</strong></span> <span class='ocrx_word' id='word_1_27' title='bbox 1739 515 1797 558; x_wconf 73' lang='lat' dir='ltr'><strong>se</strong></span> 
     </span>
    </p>
   </div>
   <div class='ocr_carea' id='block_1_4' title="bbox 217 593 1795 668">
    <p class='ocr_par' dir='ltr' id='par_1_4' title="bbox 217 593 1795 668">
     <span class='ocr_line' id='line_1_4' title="bbox 217 593 1795 668; baseline 0.002 -22"><span class='ocrx_word' id='word_1_28' title='bbox 217 602 498 662; x_wconf 77' lang='lat' dir='ltr'><strong>purgatum</strong></span> <span class='ocrx_word' id='word_1_29' title='bbox 523 595 898 652; x_wconf 85' lang='lat' dir='ltr'><strong>communione</strong></span> <span class='ocrx_word' id='word_1_30' title='bbox 940 595 1207 665; x_wconf 74' lang='lat' dir='ltr'><strong>recepisse</strong></span> <span class='ocrx_word' id='word_1_31' title='bbox 1238 593 1519 668; x_wconf 68' lang='lat' dir='ltr'><strong>prietendit</strong></span> <span class='ocrx_word' id='word_1_32' title='bbox 1546 594 1795 660; x_wconf 85' lang='lat' dir='ltr'><strong>Aeacius,</strong></span> 
     </span>
    </p>
   </div>
   <div class='ocr_carea' id='block_1_5' title="bbox 221 684 1798 754">
    <p class='ocr_par' dir='ltr' id='par_1_5' title="bbox 221 684 1798 754">
     <span class='ocr_line' id='line_1_5' title="bbox 221 684 1798 754; baseline 0.001 -18"><span class='ocrx_word' id='word_1_33' title='bbox 221 697 489 752; x_wconf 84' lang='lat' dir='ltr'><strong>nunquam</strong></span> <span class='ocrx_word' id='word_1_34' title='bbox 518 685 584 736; x_wconf 89' lang='lat' dir='ltr'><strong>ab</strong></span> <span class='ocrx_word' id='word_1_35' title='bbox 607 685 872 746; x_wconf 68' lang='lat' dir='ltr'><strong>hrcreticae</strong></span> <span class='ocrx_word' id='word_1_36' title='bbox 902 686 1293 746; x_wconf 86' lang='lat' dir='ltr'><strong>communionis</strong></span> <span class='ocrx_word' id='word_1_37' title='bbox 1317 684 1565 754; x_wconf 75' lang='lat' dir='ltr'><strong>contagio</strong></span> <span class='ocrx_word' id='word_1_38' title='bbox 1592 698 1798 740; x_wconf 88' lang='lat' dir='ltr'><strong>cessas-</strong></span> 
     </span>
    </p>
   </div>
   <div class='ocr_carea' id='block_1_6' title="bbox 216 774 1799 848">
    <p class='ocr_par' dir='ltr' id='par_1_6' title="bbox 216 774 1799 848">
     <span class='ocr_line' id='line_1_6' title="bbox 216 774 1799 848; baseline -0.003 -15"><span class='ocrx_word' id='word_1_39' title='bbox 216 792 278 833; x_wconf 97' lang='lat' dir='ltr'><strong>se</strong></span> <span class='ocrx_word' id='word_1_40' title='bbox 324 793 338 830; x_wconf 90' lang='lat'><strong>:</strong></span> <span class='ocrx_word' id='word_1_41' title='bbox 372 791 432 830; x_wconf 90' lang='lat' dir='ltr'><strong>ac</strong></span> <span class='ocrx_word' id='word_1_42' title='bbox 465 791 567 830; x_wconf 92' lang='lat' dir='ltr'><strong>non</strong></span> <span class='ocrx_word' id='word_1_43' title='bbox 605 778 776 832; x_wconf 91' lang='lat' dir='ltr'><strong>solum</strong></span> <span class='ocrx_word' id='word_1_44' title='bbox 809 778 923 848; x_wconf 85' lang='lat' dir='ltr'><strong>ipso</strong></span> <span class='ocrx_word' id='word_1_45' title='bbox 954 787 1193 848; x_wconf 74' lang='lat' dir='ltr'><strong>tempore</strong></span> <span class='ocrx_word' id='word_1_46' title='bbox 1213 793 1319 848; x_wconf 90' lang='lat' dir='ltr'><strong>quo</strong></span> <span class='ocrx_word' id='word_1_47' title='bbox 1352 778 1368 808; x_wconf 85' lang='grc'>¹</span> <span class='ocrx_word' id='word_1_48' title='bbox 1397 777 1446 834; x_wconf 85' lang='lat' dir='ltr'><strong>ei</strong></span> <span class='ocrx_word' id='word_1_49' title='bbox 1500 774 1799 842; x_wconf 85' lang='lat' dir='ltr'><strong>communi-</strong></span> 
     </span>
    </p>
   </div>
   <div class='ocr_carea' id='block_1_7' title="bbox 215 870 1799 941">
    <p class='ocr_par' dir='ltr' id='par_1_7' title="bbox 215 870 1799 941">
     <span class='ocr_line' id='line_1_7' title="bbox 215 870 1799 941; baseline -0.002 -15"><span class='ocrx_word' id='word_1_50' title='bbox 215 873 354 926; x_wconf 91' lang='lat' dir='ltr'><strong>cavit</strong></span> <span class='ocrx_word' id='word_1_51' title='bbox 379 870 622 938; x_wconf 78' lang='lat' dir='ltr'><strong>Aeacius,</strong></span> <span class='ocrx_word' id='word_1_52' title='bbox 659 871 749 926; x_wconf 86' lang='lat' dir='ltr'><strong>sed</strong></span> <span class='ocrx_word' id='word_1_53' title='bbox 778 873 940 938; x_wconf 84' lang='lat' dir='ltr'><strong>etiam</strong></span> <span class='ocrx_word' id='word_1_54' title='bbox 973 882 1087 941; x_wconf 90' lang='lat' dir='ltr'><strong>post</strong></span> <span class='ocrx_word' id='word_1_55' title='bbox 1113 871 1543 938; x_wconf 72' lang='lat' dir='ltr'><strong>communionem</strong></span> <span class='ocrx_word' id='word_1_56' title='bbox 1591 885 1799 940; x_wconf 62' lang='lat' dir='ltr'><strong>praiva-</strong></span> 
     </span>
    </p>
   </div>
   <div class='ocr_carea' id='block_1_8' title="bbox 213 961 1799 1038">
    <p class='ocr_par' dir='ltr' id='par_1_8' title="bbox 213 961 1799 1038">
     <span class='ocr_line' id='line_1_8' title="bbox 213 961 1799 1038; baseline -0.003 -20"><span class='ocrx_word' id='word_1_57' title='bbox 213 961 468 1020; x_wconf 73' lang='lat' dir='ltr'><strong>riCatoris</strong></span> <span class='ocrx_word' id='word_1_58' title='bbox 500 963 700 1027; x_wconf 84' lang='lat' dir='ltr'><strong>Acacii,</strong></span> <span class='ocrx_word' id='word_1_59' title='bbox 749 978 960 1038; x_wconf 84' lang='lat' dir='ltr'><strong>semper</strong></span> <span class='ocrx_word' id='word_1_60' title='bbox 1009 963 1424 1020; x_wconf 82' lang='lat' dir='ltr'><strong>Alexandrinum</strong></span> <span class='ocrx_word' id='word_1_61' title='bbox 1484 962 1695 1020; x_wconf 82' lang='lat' dir='ltr'><strong>Petrum</strong></span> <span class='ocrx_word' id='word_1_62' title='bbox 1748 961 1799 1030; x_wconf 80' lang='lat' dir='ltr'><strong>in</strong></span> 
     </span>
    </p>
   </div>
   <div class='ocr_carea' id='block_1_9' title="bbox 215 1055 1802 1126">
    <p class='ocr_par' dir='ltr' id='par_1_9' title="bbox 215 1055 1802 1126">
     <span class='ocr_line' id='line_1_9' title="bbox 215 1055 1802 1126; baseline -0.002 -17"><span class='ocrx_word' id='word_1_63' title='bbox 215 1055 591 1110; x_wconf 60' lang='lat' dir='ltr'><strong>hatrelicorum</strong></span> <span class='ocrx_word' id='word_1_64' title='bbox 619 1056 845 1124; x_wconf 81' lang='lat' dir='ltr'><strong>collegio</strong></span> <span class='ocrx_word' id='word_1_65' title='bbox 895 1056 1230 1124; x_wconf 85' lang='lat' dir='ltr'><strong>perdurasse.</strong></span> <span class='ocrx_word' id='word_1_66' title='bbox 1287 1058 1461 1125; x_wconf 89' lang='lat' dir='ltr'><strong>Atque</strong></span> <span class='ocrx_word' id='word_1_67' title='bbox 1494 1055 1563 1108; x_wconf 90' lang='lat' dir='ltr'><strong>ita</strong></span> <span class='ocrx_word' id='word_1_68' title='bbox 1610 1063 1662 1126; x_wconf 87' lang='lat' dir='ltr'><strong>et</strong></span> <span class='ocrx_word' id='word_1_69' title='bbox 1710 1067 1802 1122; x_wconf 89' lang='lat' dir='ltr'><strong>per</strong></span> 
     </span>
    </p>
   </div>
   <div class='ocr_carea' id='block_1_10' title="bbox 216 1145 1803 1215">
    <p class='ocr_par' dir='ltr' id='par_1_10' title="bbox 216 1145 1803 1215">
     <span class='ocr_line' id='line_1_10' title="bbox 216 1145 1803 1215; baseline -0.002 -17"><span class='ocrx_word' id='word_1_70' title='bbox 216 1146 356 1199; x_wconf 90' lang='lat' dir='ltr'><strong>hunc</strong></span> <span class='ocrx_word' id='word_1_71' title='bbox 384 1148 632 1200; x_wconf 79' lang='lat' dir='ltr'><strong>Acacium</strong></span> <span class='ocrx_word' id='word_1_72' title='bbox 661 1146 878 1214; x_wconf 70' lang='lat' dir='ltr'><strong>perfida:</strong></span> <span class='ocrx_word' id='word_1_73' title='bbox 907 1146 1299 1201; x_wconf 76' lang='lat' dir='ltr'><strong>communionis</strong></span> <span class='ocrx_word' id='word_1_74' title='bbox 1344 1145 1645 1215; x_wconf 85' lang='lat' dir='ltr'><strong>suscepisse</strong></span> <span class='ocrx_word' id='word_1_75' title='bbox 1675 1157 1803 1197; x_wconf 81' lang='lat' dir='ltr'><strong>con-</strong></span> 
     </span>
    </p>
   </div>
   <div class='ocr_carea' id='block_1_11' title="bbox 216 1237 1806 1310">
    <p class='ocr_par' dir='ltr' id='par_1_11' title="bbox 216 1237 1806 1310">
     <span class='ocr_line' id='line_1_11' title="bbox 216 1237 1806 1310; baseline 0.001 -18"><span class='ocrx_word' id='word_1_76' title='bbox 216 1241 438 1308; x_wconf 73' lang='lat' dir='ltr'><strong>tagium,</strong></span> <span class='ocrx_word' id='word_1_77' title='bbox 469 1247 523 1294; x_wconf 88' lang='lat' dir='ltr'><strong>et</strong></span> <span class='ocrx_word' id='word_1_78' title='bbox 554 1255 648 1308; x_wconf 79' lang='lat' dir='ltr'><strong>per</strong></span> <span class='ocrx_word' id='word_1_79' title='bbox 677 1240 918 1294; x_wconf 87' lang='lat' dir='ltr'><strong>eamdem</strong></span> <span class='ocrx_word' id='word_1_80' title='bbox 947 1240 1049 1294; x_wconf 89' lang='lat' dir='ltr'><strong>illis</strong></span> <span class='ocrx_word' id='word_1_81' title='bbox 1072 1239 1355 1307; x_wconf 64' lang='lat' dir='ltr'><strong>haereticis,</strong></span> <span class='ocrx_word' id='word_1_82' title='bbox 1390 1241 1583 1310; x_wconf 79' lang='lat' dir='ltr'><strong>quibus</strong></span> <span class='ocrx_word' id='word_1_83' title='bbox 1619 1237 1806 1294; x_wconf 80' lang='lat' dir='ltr'><strong>Petrus</strong></span> 
     </span>
    </p>
   </div>
   <div class='ocr_carea' id='block_1_12' title="bbox 216 1331 1805 1402">
    <p class='ocr_par' dir='ltr' id='par_1_12' title="bbox 216 1331 1805 1402">
     <span class='ocr_line' id='line_1_12' title="bbox 216 1331 1805 1402; baseline -0.001 -18"><span class='ocrx_word' id='word_1_84' title='bbox 216 1332 664 1400; x_wconf 85' lang='lat' dir='ltr'><strong>cmnmunicabat,</strong></span> <span class='ocrx_word' id='word_1_85' title='bbox 719 1332 906 1387; x_wconf 78' lang='lat' dir='ltr'><strong>cadent</strong></span> <span class='ocrx_word' id='word_1_86' title='bbox 959 1344 1109 1402; x_wconf 87' lang='lat' dir='ltr'><strong>peste</strong></span> <span class='ocrx_word' id='word_1_87' title='bbox 1151 1331 1805 1402; x_wconf 60' lang='lat' dir='ltr'><strong>conjunctum.Quiprtc-</strong></span> 
     </span>
    </p>
   </div>
   <div class='ocr_carea' id='block_1_13' title="bbox 214 1424 1807 1496">
    <p class='ocr_par' dir='ltr' id='par_1_13' title="bbox 214 1424 1807 1496">
     <span class='ocr_line' id='line_1_13' title="bbox 214 1424 1807 1496; baseline -0.001 -17"><span class='ocrx_word' id='word_1_88' title='bbox 214 1425 442 1496; x_wconf 83' lang='lat' dir='ltr'><strong>sumpsit</strong></span> <span class='ocrx_word' id='word_1_89' title='bbox 487 1440 590 1478; x_wconf 91' lang='lat' dir='ltr'><strong>non</strong></span> <span class='ocrx_word' id='word_1_90' title='bbox 635 1433 847 1480; x_wconf 89' lang='lat' dir='ltr'><strong>servato</strong></span> <span class='ocrx_word' id='word_1_91' title='bbox 895 1424 1086 1479; x_wconf 87' lang='lat' dir='ltr'><strong>ordine</strong></span> <span class='ocrx_word' id='word_1_92' title='bbox 1115 1425 1330 1480; x_wconf 82' lang='lat' dir='ltr'><strong>Petrum</strong></span> <span class='ocrx_word' id='word_1_93' title='bbox 1373 1424 1665 1494; x_wconf 89' lang='lat' dir='ltr'><strong>suscipere,</strong></span> <span class='ocrx_word' id='word_1_94' title='bbox 1706 1436 1807 1478; x_wconf 89' lang='lat' dir='ltr'><strong>nec</strong></span> 
     </span>
    </p>
   </div>
   <div class='ocr_carea' id='block_1_14' title="bbox 213 1519 1804 1590">
    <p class='ocr_par' dir='ltr' id='par_1_14' title="bbox 213 1519 1804 1590">
     <span class='ocr_line' id='line_1_14' title="bbox 213 1519 1804 1590; baseline -0.001 -17"><span class='ocrx_word' id='word_1_95' title='bbox 213 1519 580 1574; x_wconf 80' lang='lat' dir='ltr'><strong>examinatum</strong></span> <span class='ocrx_word' id='word_1_96' title='bbox 612 1534 756 1585; x_wconf 91' lang='lat' dir='ltr'><strong>eum,</strong></span> <span class='ocrx_word' id='word_1_97' title='bbox 784 1533 884 1574; x_wconf 90' lang='lat' dir='ltr'><strong>nec</strong></span> <span class='ocrx_word' id='word_1_98' title='bbox 904 1519 1245 1589; x_wconf 78' lang='lat' dir='ltr'><strong>cognoscitur</strong></span> <span class='ocrx_word' id='word_1_99' title='bbox 1297 1519 1568 1590; x_wconf 85' lang='lat' dir='ltr'><strong>recepisse</strong></span> <span class='ocrx_word' id='word_1_100' title='bbox 1616 1534 1804 1589; x_wconf 76' lang='lat' dir='ltr'><strong>purga-</strong></span> 
     </span>
    </p>
   </div>
   <div class='ocr_carea' id='block_1_15' title="bbox 215 1609 1804 1680">
    <p class='ocr_par' dir='ltr' id='par_1_15' title="bbox 215 1609 1804 1680">
     <span class='ocr_line' id='line_1_15' title="bbox 215 1609 1804 1680; baseline 0.001 -17"><span class='ocrx_word' id='word_1_101' title='bbox 215 1620 328 1663; x_wconf 89' lang='lat' dir='ltr'><strong>tum</strong></span> <span class='ocrx_word' id='word_1_102' title='bbox 361 1629 372 1662; x_wconf 88' lang='lat'><strong>:</strong></span> <span class='ocrx_word' id='word_1_103' title='bbox 406 1620 460 1665; x_wconf 89' lang='lat' dir='ltr'><strong>et</strong></span> <span class='ocrx_word' id='word_1_104' title='bbox 481 1609 602 1666; x_wconf 85' lang='lat' dir='ltr'><strong>ideo</strong></span> <span class='ocrx_word' id='word_1_105' title='bbox 633 1621 828 1680; x_wconf 84' lang='lat' dir='ltr'><strong>praeter</strong></span> <span class='ocrx_word' id='word_1_106' title='bbox 853 1610 995 1666; x_wconf 83' lang='lat' dir='ltr'><strong>sedis</strong></span> <span class='ocrx_word' id='word_1_107' title='bbox 1044 1611 1351 1680; x_wconf 66' lang='lat' dir='ltr'><strong>apostolicae</strong></span> <span class='ocrx_word' id='word_1_108' title='bbox 1408 1610 1670 1674; x_wconf 86' lang='lat' dir='ltr'><strong>notitiam,</strong></span> <span class='ocrx_word' id='word_1_109' title='bbox 1699 1626 1804 1665; x_wconf 92' lang='lat' dir='ltr'><strong>non</strong></span> 
     </span>
    </p>
   </div>
   <div class='ocr_carea' id='block_1_16' title="bbox 212 1701 1803 1774">
    <p class='ocr_par' dir='ltr' id='par_1_16' title="bbox 212 1701 1803 1774">
     <span class='ocr_line' id='line_1_16' title="bbox 212 1701 1803 1774; baseline 0.002 -19"><span class='ocrx_word' id='word_1_110' title='bbox 212 1701 510 1770; x_wconf 77' lang='lat' dir='ltr'><strong>legitimam</strong></span> <span class='ocrx_word' id='word_1_111' title='bbox 539 1703 639 1758; x_wconf 84' lang='lat' dir='ltr'><strong>sibi</strong></span> <span class='ocrx_word' id='word_1_112' title='bbox 669 1702 787 1772; x_wconf 83' lang='lat' dir='ltr'><strong>ejus</strong></span> <span class='ocrx_word' id='word_1_113' title='bbox 811 1702 1175 1774; x_wconf 89' lang='lat' dir='ltr'><strong>receptionem</strong></span> <span class='ocrx_word' id='word_1_114' title='bbox 1226 1718 1489 1774; x_wconf 87' lang='lat' dir='ltr'><strong>usurpare</strong></span> <span class='ocrx_word' id='word_1_115' title='bbox 1544 1703 1803 1770; x_wconf 88' lang='lat' dir='ltr'><strong>voluisse,</strong></span> 
     </span>
    </p>
   </div>
   <div class='ocr_carea' id='block_1_17' title="bbox 1905 501 3484 582">
    <p class='ocr_par' dir='ltr' id='par_1_17' title="bbox 1905 501 3484 582">
     <span class='ocr_line' id='line_1_17' title="bbox 1905 501 3484 582; baseline 0.005 -28"><span class='ocrx_word' id='word_1_116' title='bbox 1905 501 2174 568; x_wconf 86' lang='lat' dir='ltr'><strong>defensor,</strong></span> <span class='ocrx_word' id='word_1_117' title='bbox 2202 505 2341 574; x_wconf 85' lang='lat' dir='ltr'><strong>quod</strong></span> <span class='ocrx_word' id='word_1_118' title='bbox 2373 504 2699 560; x_wconf 89' lang='lat' dir='ltr'><strong>catholicum</strong></span> <span class='ocrx_word' id='word_1_119' title='bbox 2753 520 2872 578; x_wconf 84' lang='lat' dir='ltr'><strong>esse</strong></span> <span class='ocrx_word' id='word_1_120' title='bbox 2932 507 3263 582; x_wconf 74' lang='lat' dir='ltr'><strong>pronuntias.</strong></span> <span class='ocrx_word' id='word_1_121' title='bbox 3297 509 3373 562; x_wconf 80' lang='lat' dir='ltr'><strong>Ac</strong></span> <span class='ocrx_word' id='word_1_122' title='bbox 3406 507 3484 562; x_wconf 88' lang='lat' dir='ltr'><strong>ni-</strong></span> 
     </span>
    </p>
   </div>
   <div class='ocr_carea' id='block_1_18' title="bbox 1907 595 3485 675">
    <p class='ocr_par' dir='ltr' id='par_1_18' title="bbox 1907 595 3485 675">
     <span class='ocr_line' id='line_1_18' title="bbox 1907 595 3485 675; baseline 0.006 -28"><span class='ocrx_word' id='word_1_123' title='bbox 1907 595 2360 664; x_wconf 84' lang='lat' dir='ltr'><strong>hilominusillius</strong></span> <span class='ocrx_word' id='word_1_124' title='bbox 2411 614 2600 664; x_wconf 76' lang='lat' dir='ltr'><strong>errore</strong></span> <span class='ocrx_word' id='word_1_125' title='bbox 2620 599 2850 670; x_wconf 81' lang='lat' dir='ltr'><strong>censeri,</strong></span> <span class='ocrx_word' id='word_1_126' title='bbox 2894 599 2936 668; x_wconf 79' lang='lat' dir='ltr'><strong>si</strong></span> <span class='ocrx_word' id='word_1_127' title='bbox 2969 598 3278 675; x_wconf 61' lang='lat' dir='ltr'><strong>hmreticum</strong></span> <span class='ocrx_word' id='word_1_128' title='bbox 3320 599 3485 670; x_wconf 77' lang='lat' dir='ltr'><strong>fuisse</strong></span> 
     </span>
    </p>
   </div>
   <div class='ocr_carea' id='block_1_19' title="bbox 1905 687 3484 768">
    <p class='ocr_par' dir='ltr' id='par_1_19' title="bbox 1905 687 3484 768">
     <span class='ocr_line' id='line_1_19' title="bbox 1905 687 3484 768; baseline 0.006 -30"><span class='ocrx_word' id='word_1_129' title='bbox 1905 687 2152 760; x_wconf 84' lang='lat' dir='ltr'><strong>definias,</strong></span> <span class='ocrx_word' id='word_1_130' title='bbox 2184 687 2274 741; x_wconf 91' lang='lat' dir='ltr'><strong>sed</strong></span> <span class='ocrx_word' id='word_1_131' title='bbox 2306 699 2488 758; x_wconf 83' lang='lat' dir='ltr'><strong>postea</strong></span> <span class='ocrx_word' id='word_1_132' title='bbox 2517 691 2826 760; x_wconf 82' lang='lat' dir='ltr'><strong>correxisse</strong></span> <span class='ocrx_word' id='word_1_133' title='bbox 2861 691 3190 764; x_wconf 26' lang='lat' dir='ltr'><strong>prmtendas,’</strong></span> <span class='ocrx_word' id='word_1_134' title='bbox 3227 692 3384 768; x_wconf 66' lang='lat' dir='ltr'><strong>eique</strong></span> <span class='ocrx_word' id='word_1_135' title='bbox 3431 700 3484 748; x_wconf 85' lang='lat' dir='ltr'><strong>te</strong></span> 
     </span>
    </p>
   </div>
   <div class='ocr_carea' id='block_1_20' title="bbox 1909 782 3482 858">
    <p class='ocr_par' dir='ltr' id='par_1_20' title="bbox 1909 782 3482 858">
     <span class='ocr_line' id='line_1_20' title="bbox 1909 782 3482 858; baseline 0.006 -27"><span class='ocrx_word' id='word_1_136' title='bbox 1909 790 2132 850; x_wconf 80' lang='lat' dir='ltr'><strong>purgato</strong></span> <span class='ocrx_word' id='word_1_137' title='bbox 2155 782 2578 856; x_wconf 70' lang='lat' dir='ltr'><strong>communicasse</strong></span> <span class='ocrx_word' id='word_1_138' title='bbox 2611 785 2946 858; x_wconf 67' lang='lat' dir='ltr'><strong>pronunties.-</strong></span> <span class='ocrx_word' id='word_1_139' title='bbox 2982 785 3200 848; x_wconf 83' lang='lat' dir='ltr'><strong>Interim</strong></span> <span class='ocrx_word' id='word_1_140' title='bbox 3242 785 3294 856; x_wconf 81' lang='lat' dir='ltr'><strong>in</strong></span> <span class='ocrx_word' id='word_1_141' title='bbox 3330 785 3482 858; x_wconf 79' lang='lat' dir='ltr'><strong>cujus</strong></span> 
     </span>
    </p>
   </div>
   <div class='ocr_carea' id='block_1_21' title="bbox 1906 874 3488 952">
    <p class='ocr_par' dir='ltr' id='par_1_21' title="bbox 1906 874 3488 952">
     <span class='ocr_line' id='line_1_21' title="bbox 1906 874 3488 952; baseline 0.005 -28"><span class='ocrx_word' id='word_1_142' title='bbox 1906 885 2134 942; x_wconf 85' lang='lat' dir='ltr'><strong>persona</strong></span> <span class='ocrx_word' id='word_1_143' title='bbox 2189 888 2273 928; x_wconf 89' lang='lat' dir='ltr'><strong>me</strong></span> <span class='ocrx_word' id='word_1_144' title='bbox 2325 874 2699 952; x_wconf 79' lang='lat' dir='ltr'><strong>negligendom</strong></span> <span class='ocrx_word' id='word_1_145' title='bbox 2747 890 2867 946; x_wconf 72' lang='lat' dir='ltr'><strong>esse</strong></span> <span class='ocrx_word' id='word_1_146' title='bbox 2917 877 3229 946; x_wconf 87' lang='lat' dir='ltr'><strong>credidisti,</strong></span> <span class='ocrx_word' id='word_1_147' title='bbox 3278 878 3488 952; x_wconf 78' lang='lat' dir='ltr'><strong>causari</strong></span> 
     </span>
    </p>
   </div>
   <div class='ocr_carea' id='block_1_22' title="bbox 1907 963 3486 1042">
    <p class='ocr_par' dir='ltr' id='par_1_22' title="bbox 1907 963 3486 1042">
     <span class='ocr_line' id='line_1_22' title="bbox 1907 963 3486 1042; baseline 0.008 -29"><span class='ocrx_word' id='word_1_148' title='bbox 1907 975 2013 1014; x_wconf 86' lang='lat' dir='ltr'><strong>non</strong></span> <span class='ocrx_word' id='word_1_149' title='bbox 2047 973 2196 1030; x_wconf 85' lang='lat' dir='ltr'><strong>potes</strong></span> <span class='ocrx_word' id='word_1_150' title='bbox 2221 963 2361 1036; x_wconf 82' lang='lat' dir='ltr'><strong>quod</strong></span> <span class='ocrx_word' id='word_1_151' title='bbox 2402 965 2466 1020; x_wconf 30' lang='lat' dir='ltr'><strong>vin</strong></span> <span class='ocrx_word' id='word_1_152' title='bbox 2517 968 2613 1020; x_wconf 85' lang='lat' dir='ltr'><strong>hac</strong></span> <span class='ocrx_word' id='word_1_153' title='bbox 2642 965 2828 1034; x_wconf 80' lang='lat' dir='ltr'><strong>eadem</strong></span> <span class='ocrx_word' id='word_1_154' title='bbox 2862 977 2914 1040; x_wconf 85' lang='lat' dir='ltr'><strong>te</strong></span> <span class='ocrx_word' id='word_1_155' title='bbox 2951 968 3067 1042; x_wconf 87' lang='lat' dir='ltr'><strong>ejus</strong></span> <span class='ocrx_word' id='word_1_156' title='bbox 3117 984 3340 1037; x_wconf 84' lang='lat' dir='ltr'><strong>persona</strong></span> <span class='ocrx_word' id='word_1_157' title='bbox 3389 984 3486 1026; x_wconf 91' lang='lat' dir='ltr'><strong>ne-</strong></span> 
     </span>
    </p>
   </div>
   <div class='ocr_carea' id='block_1_23' title="bbox 1906 1051 3485 1128">
    <p class='ocr_par' dir='ltr' id='par_1_23' title="bbox 1906 1051 3485 1128">
     <span class='ocr_line' id='line_1_23' title="bbox 1906 1051 3485 1128; baseline 0.009 -25"><span class='ocrx_word' id='word_1_158' title='bbox 1906 1051 2186 1120; x_wconf 77' lang='lat' dir='ltr'><strong>glexerint.</strong></span> <span class='ocrx_word' id='word_1_159' title='bbox 2216 1054 2414 1110; x_wconf 82' lang='lat' dir='ltr'><strong>Deinde</strong></span> <span class='ocrx_word' id='word_1_160' title='bbox 2445 1072 2564 1128; x_wconf 88' lang='lat' dir='ltr'><strong>cum</strong></span> <span class='ocrx_word' id='word_1_161' title='bbox 2597 1057 2712 1126; x_wconf 86' lang='lat' dir='ltr'><strong>sine</strong></span> <span class='ocrx_word' id='word_1_162' title='bbox 2740 1073 2826 1113; x_wconf 89' lang='lat' dir='ltr'><strong>me</strong></span> <span class='ocrx_word' id='word_1_163' title='bbox 2851 1059 2938 1126; x_wconf 89' lang='lat' dir='ltr'><strong>jus</strong></span> <span class='ocrx_word' id='word_1_164' title='bbox 2968 1075 3076 1114; x_wconf 91' lang='lat' dir='ltr'><strong>non</strong></span> <span class='ocrx_word' id='word_1_165' title='bbox 3115 1060 3367 1124; x_wconf 82' lang='lat' dir='ltr'><strong>habueris</strong></span> <span class='ocrx_word' id='word_1_166' title='bbox 3399 1059 3485 1118; x_wconf 89' lang='lat' dir='ltr'><strong>vel</strong></span> 
     </span>
    </p>
   </div>
   <div class='ocr_carea' id='block_1_24' title="bbox 1908 1145 3482 1224">
    <p class='ocr_par' dir='ltr' id='par_1_24' title="bbox 1908 1145 3482 1224">
     <span class='ocr_line' id='line_1_24' title="bbox 1908 1145 3482 1224; baseline 0.007 -27"><span class='ocrx_word' id='word_1_167' title='bbox 1908 1145 2222 1214; x_wconf 68' lang='lat' dir='ltr'><strong>absolvendi</strong></span> <span class='ocrx_word' id='word_1_168' title='bbox 2254 1147 2332 1202; x_wconf 85' lang='lat' dir='ltr'><strong>vel</strong></span> <span class='ocrx_word' id='word_1_169' title='bbox 2358 1149 2665 1224; x_wconf 46' lang='lat' dir='ltr'><strong>recipiendi,</strong></span> <span class='ocrx_word' id='word_1_170' title='bbox 2690 1149 2991 1222; x_wconf 81' lang='lat' dir='ltr'><strong>hujusmodi</strong></span> <span class='ocrx_word' id='word_1_171' title='bbox 3025 1151 3126 1216; x_wconf 82' lang='lat' dir='ltr'><strong>rite</strong></span> <span class='ocrx_word' id='word_1_172' title='bbox 3170 1166 3482 1224; x_wconf 79' lang='lat' dir='ltr'><strong>personam,</strong></span> 
     </span>
    </p>
   </div>
   <div class='ocr_carea' id='block_1_25' title="bbox 1911 1239 3486 1322">
    <p class='ocr_par' dir='ltr' id='par_1_25' title="bbox 1911 1239 3486 1322">
     <span class='ocr_line' id='line_1_25' title="bbox 1911 1239 3486 1322; baseline 0.002 -29"><span class='ocrx_word' id='word_1_173' title='bbox 1911 1256 2009 1294; x_wconf 84' lang='lat' dir='ltr'><strong>nec</strong></span> <span class='ocrx_word' id='word_1_174' title='bbox 2039 1239 2060 1270; x_wconf 74' lang='grc'><strong>⁸⁵</strong></span> <span class='ocrx_word' id='word_1_175' title='bbox 2087 1252 2364 1318; x_wconf 80' lang='lat' dir='ltr'><strong>purgatum</strong></span> <span class='ocrx_word' id='word_1_176' title='bbox 2391 1242 2649 1312; x_wconf 79' lang='lat' dir='ltr'><strong>legalitcr,</strong></span> <span class='ocrx_word' id='word_1_177' title='bbox 2677 1257 2776 1298; x_wconf 87' lang='lat' dir='ltr'><strong>nec</strong></span> <span class='ocrx_word' id='word_1_178' title='bbox 2794 1243 3110 1322; x_wconf 66' lang='lat' dir='ltr'><strong>regulariter</strong></span> <span class='ocrx_word' id='word_1_179' title='bbox 3129 1251 3486 1312; x_wconf 75' lang='lat' dir='ltr'><strong>constetesse.</strong></span> 
     </span>
    </p>
   </div>
   <div class='ocr_carea' id='block_1_26' title="bbox 1909 1332 3490 1408">
    <p class='ocr_par' dir='ltr' id='par_1_26' title="bbox 1909 1332 3490 1408">
     <span class='ocr_line' id='line_1_26' title="bbox 1909 1332 3490 1408; baseline 0.001 -22"><span class='ocrx_word' id='word_1_180' title='bbox 1909 1332 2077 1400; x_wconf 82' lang='lat' dir='ltr'><strong>Quam</strong></span> <span class='ocrx_word' id='word_1_181' title='bbox 2113 1334 2426 1406; x_wconf 76' lang='lat' dir='ltr'><strong>regulariter</strong></span> <span class='ocrx_word' id='word_1_182' title='bbox 2450 1352 2553 1398; x_wconf 87' lang='lat' dir='ltr'><strong>non</strong></span> <span class='ocrx_word' id='word_1_183' title='bbox 2583 1336 2602 1364; x_wconf 81' lang='grc'><strong><em>⁵</em></strong></span> <span class='ocrx_word' id='word_1_184' title='bbox 2625 1346 2922 1404; x_wconf 83' lang='lat' dir='ltr'><strong>acceptam,</strong></span> <span class='ocrx_word' id='word_1_185' title='bbox 2973 1344 3076 1401; x_wconf 83' lang='lat' dir='ltr'><strong>tam</strong></span> <span class='ocrx_word' id='word_1_186' title='bbox 3114 1333 3490 1408; x_wconf 62' lang='lat' dir='ltr'><strong>legalitermon</strong></span> 
     </span>
    </p>
   </div>
   <div class='ocr_carea' id='block_1_27' title="bbox 1910 1428 3490 1508">
    <p class='ocr_par' dir='ltr' id='par_1_27' title="bbox 1910 1428 3490 1508">
     <span class='ocr_line' id='line_1_27' title="bbox 1910 1428 3490 1508; baseline -0.001 -29"><span class='ocrx_word' id='word_1_187' title='bbox 1910 1436 2124 1481; x_wconf 85' lang='lat' dir='ltr'><strong>constat</strong></span> <span class='ocrx_word' id='word_1_188' title='bbox 2144 1442 2264 1494; x_wconf 78' lang='lat' dir='ltr'><strong>esse</strong></span> <span class='ocrx_word' id='word_1_189' title='bbox 2292 1439 2567 1498; x_wconf 72' lang='lat' dir='ltr'><strong>purgatam</strong></span> <span class='ocrx_word' id='word_1_190' title='bbox 2595 1447 2607 1496; x_wconf 88' lang='lat'><strong>;</strong></span> <span class='ocrx_word' id='word_1_191' title='bbox 2640 1439 2694 1494; x_wconf 81' lang='lat' dir='ltr'><strong>et</strong></span> <span class='ocrx_word' id='word_1_192' title='bbox 2723 1429 2841 1500; x_wconf 90' lang='lat' dir='ltr'><strong>ideo</strong></span> <span class='ocrx_word' id='word_1_193' title='bbox 2873 1443 2978 1498; x_wconf 85' lang='lat' dir='ltr'><strong>non</strong></span> <span class='ocrx_word' id='word_1_194' title='bbox 3018 1428 3141 1500; x_wconf 81' lang='lat' dir='ltr'><strong>jure</strong></span> <span class='ocrx_word' id='word_1_195' title='bbox 3192 1437 3490 1508; x_wconf 76' lang='lat' dir='ltr'><strong>purgatam,</strong></span> 
     </span>
    </p>
   </div>
   <div class='ocr_carea' id='block_1_28' title="bbox 1910 1520 3492 1594">
    <p class='ocr_par' dir='ltr' id='par_1_28' title="bbox 1910 1520 3492 1594">
     <span class='ocr_line' id='line_1_28' title="bbox 1910 1520 3492 1594; baseline -0.001 -20"><span class='ocrx_word' id='word_1_196' title='bbox 1910 1522 2032 1591; x_wconf 89' lang='lat' dir='ltr'><strong>quia</strong></span> <span class='ocrx_word' id='word_1_197' title='bbox 2061 1521 2301 1594; x_wconf 77' lang='lat' dir='ltr'><strong>legaliter</strong></span> <span class='ocrx_word' id='word_1_198' title='bbox 2328 1537 2433 1577; x_wconf 94' lang='lat' dir='ltr'><strong>non</strong></span> <span class='ocrx_word' id='word_1_199' title='bbox 2479 1532 2766 1593; x_wconf 87' lang='lat' dir='ltr'><strong>receptam.</strong></span> <span class='ocrx_word' id='word_1_200' title='bbox 2803 1524 2914 1576; x_wconf 81' lang='lat' dir='ltr'><strong>Mea</strong></span> <span class='ocrx_word' id='word_1_201' title='bbox 2946 1523 3088 1594; x_wconf 83' lang='lat' dir='ltr'><strong>enim</strong></span> <span class='ocrx_word' id='word_1_202' title='bbox 3112 1521 3161 1574; x_wconf 91' lang='lat' dir='ltr'><strong>in</strong></span> <span class='ocrx_word' id='word_1_203' title='bbox 3188 1520 3336 1574; x_wconf 91' lang='lat' dir='ltr'><strong>illum</strong></span> <span class='ocrx_word' id='word_1_204' title='bbox 3383 1536 3492 1594; x_wconf 84' lang='lat' dir='ltr'><strong>ma-</strong></span> 
     </span>
    </p>
   </div>
   <div class='ocr_carea' id='block_1_29' title="bbox 1911 1613 3490 1690">
    <p class='ocr_par' dir='ltr' id='par_1_29' title="bbox 1911 1613 3490 1690">
     <span class='ocr_line' id='line_1_29' title="bbox 1911 1613 3490 1690; baseline 0 -24"><span class='ocrx_word' id='word_1_205' title='bbox 1911 1625 2070 1667; x_wconf 90' lang='lat' dir='ltr'><strong>nente</strong></span> <span class='ocrx_word' id='word_1_206' title='bbox 2093 1615 2376 1690; x_wconf 81' lang='lat' dir='ltr'><strong>sententia,</strong></span> <span class='ocrx_word' id='word_1_207' title='bbox 2411 1623 2462 1668; x_wconf 92' lang='lat' dir='ltr'><strong>te</strong></span> <span class='ocrx_word' id='word_1_208' title='bbox 2507 1615 2621 1669; x_wconf 86' lang='lat' dir='ltr'><strong>sine</strong></span> <span class='ocrx_word' id='word_1_209' title='bbox 2651 1614 2671 1644; x_wconf 77' lang='grc'>⁶</span> <span class='ocrx_word' id='word_1_210' title='bbox 2700 1631 2783 1670; x_wconf 90' lang='lat' dir='ltr'><strong>me</strong></span> <span class='ocrx_word' id='word_1_211' title='bbox 2815 1613 3170 1684; x_wconf 79' lang='lat' dir='ltr'><strong>pontificium,</strong></span> <span class='ocrx_word' id='word_1_212' title='bbox 3231 1619 3282 1681; x_wconf 81' lang='lat' dir='ltr'><strong>ut</strong></span> <span class='ocrx_word' id='word_1_213' title='bbox 3317 1627 3490 1667; x_wconf 90' lang='lat' dir='ltr'><strong>meam</strong></span> 
     </span>
    </p>
   </div>
   <div class='ocr_carea' id='block_1_30' title="bbox 1912 1705 3494 1784">
    <p class='ocr_par' dir='ltr' id='par_1_30' title="bbox 1912 1705 3494 1784">
     <span class='ocr_line' id='line_1_30' title="bbox 1912 1705 3494 1784; baseline 0.003 -26"><span class='ocrx_word' id='word_1_214' title='bbox 1912 1705 2230 1761; x_wconf 85' lang='lat' dir='ltr'><strong>sententiam</strong></span> <span class='ocrx_word' id='word_1_215' title='bbox 2274 1705 2600 1780; x_wconf 73' lang='lat' dir='ltr'><strong>rcsolveres,</strong></span> <span class='ocrx_word' id='word_1_216' title='bbox 2647 1722 2749 1762; x_wconf 91' lang='lat' dir='ltr'><strong>non</strong></span> <span class='ocrx_word' id='word_1_217' title='bbox 2798 1706 3046 1780; x_wconf 82' lang='lat' dir='ltr'><strong>habente,</strong></span> <span class='ocrx_word' id='word_1_218' title='bbox 3095 1723 3197 1778; x_wconf 89' lang='lat' dir='ltr'><strong>qua</strong></span> <span class='ocrx_word' id='word_1_219' title='bbox 3228 1716 3494 1784; x_wconf 75' lang='lat' dir='ltr'><strong>potestate</strong></span> 
     </span>
    </p>
   </div>
   <div class='ocr_carea' id='block_1_31' title="bbox 216 1783 3494 1876">
    <p class='ocr_par' dir='ltr' id='par_1_31' title="bbox 216 1783 3494 1876">
     <span class='ocr_line' id='line_1_31' title="bbox 216 1783 3494 1876; baseline 0.002 -30"><span class='ocrx_word' id='word_1_220' title='bbox 216 1807 275 1848; x_wconf 88' lang='lat' dir='ltr'><strong>ut</strong></span> <span class='ocrx_word' id='word_1_221' title='bbox 308 1795 768 1850; x_wconf 80' lang='lat' dir='ltr'><strong>examinationem</strong></span> <span class='ocrx_word' id='word_1_222' title='bbox 810 1795 927 1864; x_wconf 86' lang='lat' dir='ltr'><strong>ejus</strong></span> <span class='ocrx_word' id='word_1_223' title='bbox 969 1804 1023 1850; x_wconf 86' lang='lat' dir='ltr'><strong>et</strong></span> <span class='ocrx_word' id='word_1_224' title='bbox 1061 1795 1434 1864; x_wconf 79' lang='lat' dir='ltr'><strong>purgationem</strong></span> <span class='ocrx_word' id='word_1_225' title='bbox 1485 1805 1670 1864; x_wconf 86' lang='lat' dir='ltr'><strong>posset</strong></span> <span class='ocrx_word' id='word_1_226' title='bbox 1713 1811 1807 1862; x_wconf 86' lang='lat' dir='ltr'><strong>pro</strong></span> <span class='ocrx_word' id='word_1_227' title='bbox 1837 1783 1998 1860; x_wconf 86' lang='lat' dir='ltr'><strong>vel</strong></span> <span class='ocrx_word' id='word_1_228' title='bbox 2025 1797 2302 1851; x_wconf 83' lang='lat' dir='ltr'><strong>discussus</strong></span> <span class='ocrx_word' id='word_1_229' title='bbox 2333 1809 2415 1852; x_wconf 90' lang='lat' dir='ltr'><strong>est</strong></span> <span class='ocrx_word' id='word_1_230' title='bbox 2445 1800 2526 1851; x_wconf 88' lang='lat' dir='ltr'><strong>vel</strong></span> <span class='ocrx_word' id='word_1_231' title='bbox 2552 1814 2654 1868; x_wconf 88' lang='lat' dir='ltr'><strong>qua</strong></span> <span class='ocrx_word' id='word_1_232' title='bbox 2683 1801 3002 1876; x_wconf 82' lang='lat' dir='ltr'><strong>auctoritate</strong></span> <span class='ocrx_word' id='word_1_233' title='bbox 3032 1809 3276 1874; x_wconf 80' lang='lat' dir='ltr'><strong>receptos</strong></span> <span class='ocrx_word' id='word_1_234' title='bbox 3302 1783 3494 1854; x_wconf 81' lang='lat' dir='ltr'><strong>asseri-</strong></span> 
     </span>
    </p>
   </div>
   <div class='ocr_carea' id='block_1_32' title="bbox 214 1884 1810 1959">
    <p class='ocr_par' dir='ltr' id='par_1_32' title="bbox 214 1884 1810 1959">
     <span class='ocr_line' id='line_1_32' title="bbox 214 1884 1810 1959; baseline 0.003 -21"><span class='ocrx_word' id='word_1_235' title='bbox 214 1899 313 1939; x_wconf 85' lang='lat' dir='ltr'><strong>sua</strong></span> <span class='ocrx_word' id='word_1_236' title='bbox 341 1887 614 1942; x_wconf 74' lang='lat' dir='ltr'><strong>voluntate</strong></span> <span class='ocrx_word' id='word_1_237' title='bbox 660 1886 873 1941; x_wconf 88' lang='lat' dir='ltr'><strong>mentiri</strong></span> <span class='ocrx_word' id='word_1_238' title='bbox 919 1884 1010 1958; x_wconf 59' lang='grc' dir='ltr'><strong>[αἱ.</strong></span> <span class='ocrx_word' id='word_1_239' title='bbox 1061 1884 1292 1959; x_wconf 86' lang='lat' dir='ltr'><strong>metiri],</strong></span> <span class='ocrx_word' id='word_1_240' title='bbox 1338 1897 1496 1956; x_wconf 88' lang='lat' dir='ltr'><strong>atque</strong></span> <span class='ocrx_word' id='word_1_241' title='bbox 1546 1902 1668 1944; x_wconf 89' lang='lat' dir='ltr'><strong>eum</strong></span> <span class='ocrx_word' id='word_1_242' title='bbox 1710 1902 1810 1942; x_wconf 92' lang='lat' dir='ltr'><strong>nee</strong></span> 
     </span>
    </p>
   </div>
   <div class='ocr_carea' id='block_1_33' title="bbox 218 1980 1809 2052">
    <p class='ocr_par' dir='ltr' id='par_1_33' title="bbox 218 1980 1809 2052">
     <span class='ocr_line' id='line_1_33' title="bbox 218 1980 1809 2052; baseline 0.001 -18"><span class='ocrx_word' id='word_1_243' title='bbox 218 1981 606 2045; x_wconf 79' lang='lat' dir='ltr'><strong>examinatum,</strong></span> <span class='ocrx_word' id='word_1_244' title='bbox 634 1997 731 2036; x_wconf 91' lang='lat' dir='ltr'><strong>nec</strong></span> <span class='ocrx_word' id='word_1_245' title='bbox 760 1983 1023 2050; x_wconf 88' lang='lat' dir='ltr'><strong>reciperet</strong></span> <span class='ocrx_word' id='word_1_246' title='bbox 1053 1981 1270 2036; x_wconf 91' lang='lat' dir='ltr'><strong>omnino</strong></span> <span class='ocrx_word' id='word_1_247' title='bbox 1308 1991 1607 2052; x_wconf 78' lang='lat' dir='ltr'><strong>purgatum.</strong></span> <span class='ocrx_word' id='word_1_248' title='bbox 1641 1980 1809 2050; x_wconf 85' lang='lat' dir='ltr'><strong>Quem</strong></span> 
     </span>
    </p>
   </div>
   <div class='ocr_carea' id='block_1_34' title="bbox 215 2073 1802 2144">
    <p class='ocr_par' dir='ltr' id='par_1_34' title="bbox 215 2073 1802 2144">
     <span class='ocr_line' id='line_1_34' title="bbox 215 2073 1802 2144; baseline 0.003 -19"><span class='ocrx_word' id='word_1_249' title='bbox 215 2073 262 2125; x_wconf 88' lang='lat' dir='ltr'><strong>si</strong></span> <span class='ocrx_word' id='word_1_250' title='bbox 296 2088 482 2126; x_wconf 86' lang='lat' dir='ltr'><strong>revera</strong></span> <span class='ocrx_word' id='word_1_251' title='bbox 511 2074 667 2128; x_wconf 88' lang='lat' dir='ltr'><strong>vellet</strong></span> <span class='ocrx_word' id='word_1_252' title='bbox 716 2073 1077 2130; x_wconf 83' lang='lat' dir='ltr'><strong>examinatum</strong></span> <span class='ocrx_word' id='word_1_253' title='bbox 1122 2082 1503 2144; x_wconf 68' lang='lat' dir='ltr'><strong>purgatumque</strong></span> <span class='ocrx_word' id='word_1_254' title='bbox 1542 2074 1802 2142; x_wconf 85' lang='lat' dir='ltr'><strong>recipere,</strong></span> 
     </span>
    </p>
   </div>
   <div class='ocr_carea' id='block_1_35' title="bbox 219 2163 1808 2236">
    <p class='ocr_par' dir='ltr' id='par_1_35' title="bbox 219 2163 1808 2236">
     <span class='ocr_line' id='line_1_35' title="bbox 219 2163 1808 2236; baseline 0.004 -22"><span class='ocrx_word' id='word_1_255' title='bbox 219 2163 468 2218; x_wconf 87' lang='lat' dir='ltr'><strong>ordinem</strong></span> <span class='ocrx_word' id='word_1_256' title='bbox 504 2163 552 2216; x_wconf 93' lang='lat' dir='ltr'><strong>in</strong></span> <span class='ocrx_word' id='word_1_257' title='bbox 600 2164 717 2234; x_wconf 79' lang='lat' dir='ltr'><strong>ejus</strong></span> <span class='ocrx_word' id='word_1_258' title='bbox 746 2165 1142 2223; x_wconf 75' lang='lat' dir='ltr'><strong>examinatione</strong></span> <span class='ocrx_word' id='word_1_259' title='bbox 1179 2175 1231 2221; x_wconf 89' lang='lat' dir='ltr'><strong>et</strong></span> <span class='ocrx_word' id='word_1_260' title='bbox 1274 2166 1580 2236; x_wconf 75' lang='lat' dir='ltr'><strong>receptioue</strong></span> <span class='ocrx_word' id='word_1_261' title='bbox 1631 2165 1808 2235; x_wconf 89' lang='lat' dir='ltr'><strong>potius</strong></span> 
     </span>
    </p>
   </div>
   <div class='ocr_carea' id='block_1_36' title="bbox 217 2255 1808 2330">
    <p class='ocr_par' dir='ltr' id='par_1_36' title="bbox 217 2255 1808 2330">
     <span class='ocr_line' id='line_1_36' title="bbox 217 2255 1808 2330; baseline 0.006 -27"><span class='ocrx_word' id='word_1_262' title='bbox 217 2255 569 2320; x_wconf 68' lang='lat' dir='ltr'><strong>custodisset,</strong></span> <span class='ocrx_word' id='word_1_263' title='bbox 603 2259 622 2287; x_wconf 80' lang='grc'>³</span> <span class='ocrx_word' id='word_1_264' title='bbox 657 2273 722 2318; x_wconf 87' lang='lat' dir='ltr'><strong>ne</strong></span> <span class='ocrx_word' id='word_1_265' title='bbox 767 2257 1037 2312; x_wconf 85' lang='lat' dir='ltr'><strong>videretur</strong></span> <span class='ocrx_word' id='word_1_266' title='bbox 1101 2259 1288 2328; x_wconf 80' lang='lat' dir='ltr'><strong>magis,</strong></span> <span class='ocrx_word' id='word_1_267' title='bbox 1341 2275 1497 2330; x_wconf 86' lang='lat' dir='ltr'><strong>quam</strong></span> <span class='ocrx_word' id='word_1_268' title='bbox 1547 2259 1808 2330; x_wconf 88' lang='lat' dir='ltr'><strong>veraciter</strong></span> 
     </span>
    </p>
   </div>
   <div class='ocr_carea' id='block_1_37' title="bbox 213 2347 1808 2421">
    <p class='ocr_par' dir='ltr' id='par_1_37' title="bbox 213 2347 1808 2421">
     <span class='ocr_line' id='line_1_37' title="bbox 213 2347 1808 2421; baseline 0.004 -24"><span class='ocrx_word' id='word_1_269' title='bbox 213 2357 397 2414; x_wconf 64' lang='lat' dir='ltr'><strong>[.OSSL‘I.</strong></span> <span class='ocrx_word' id='word_1_270' title='bbox 437 2347 557 2416; x_wconf 90' lang='lat' dir='ltr'><strong>jure</strong></span> <span class='ocrx_word' id='word_1_271' title='bbox 587 2348 606 2378; x_wconf 80' lang='grc'><strong>³</strong></span> <span class='ocrx_word' id='word_1_272' title='bbox 663 2364 906 2420; x_wconf 82' lang='lat' dir='ltr'><strong>purgare.</strong></span> <span class='ocrx_word' id='word_1_273' title='bbox 958 2350 1108 2409; x_wconf 88' lang='lat' dir='ltr'><strong>Sicut</strong></span> <span class='ocrx_word' id='word_1_274' title='bbox 1154 2366 1284 2421; x_wconf 77' lang='lat' dir='ltr'><strong>ergo</strong></span> <span class='ocrx_word' id='word_1_275' title='bbox 1338 2361 1461 2406; x_wconf 87' lang='lat' dir='ltr'><strong>ante</strong></span> <span class='ocrx_word' id='word_1_276' title='bbox 1502 2367 1606 2406; x_wconf 92' lang='lat' dir='ltr'><strong>non</strong></span> <span class='ocrx_word' id='word_1_277' title='bbox 1662 2351 1808 2420; x_wconf 89' lang='lat' dir='ltr'><strong>prius</strong></span> 
     </span>
    </p>
   </div>
   <div class='ocr_carea' id='block_1_38' title="bbox 212 2440 1807 2514">
    <p class='ocr_par' dir='ltr' id='par_1_38' title="bbox 212 2440 1807 2514">
     <span class='ocr_line' id='line_1_38' title="bbox 212 2440 1807 2514; baseline 0.003 -20"><span class='ocrx_word' id='word_1_278' title='bbox 212 2440 486 2496; x_wconf 85' lang='lat' dir='ltr'><strong>damnavit</strong></span> <span class='ocrx_word' id='word_1_279' title='bbox 518 2456 674 2511; x_wconf 91' lang='lat' dir='ltr'><strong>quam</strong></span> <span class='ocrx_word' id='word_1_280' title='bbox 718 2453 771 2497; x_wconf 92' lang='lat' dir='ltr'><strong>ct</strong></span> <span class='ocrx_word' id='word_1_281' title='bbox 798 2444 1022 2498; x_wconf 89' lang='lat' dir='ltr'><strong>referret</strong></span> <span class='ocrx_word' id='word_1_282' title='bbox 1049 2452 1102 2498; x_wconf 90' lang='lat' dir='ltr'><strong>et</strong></span> <span class='ocrx_word' id='word_1_283' title='bbox 1131 2454 1377 2514; x_wconf 90' lang='lat' dir='ltr'><strong>posceret</strong></span> <span class='ocrx_word' id='word_1_284' title='bbox 1421 2443 1488 2498; x_wconf 89' lang='lat' dir='ltr'><strong>ab</strong></span> <span class='ocrx_word' id='word_1_285' title='bbox 1517 2445 1807 2514; x_wconf 88' lang='lat' dir='ltr'><strong>apostolica</strong></span> 
     </span>
    </p>
   </div>
   <div class='ocr_carea' id='block_1_39' title="bbox 215 2535 1807 2606">
    <p class='ocr_par' dir='ltr' id='par_1_39' title="bbox 215 2535 1807 2606">
     <span class='ocr_line' id='line_1_39' title="bbox 215 2535 1807 2606; baseline 0.002 -19"><span class='ocrx_word' id='word_1_286' title='bbox 215 2544 480 2599; x_wconf 66' lang='lat' dir='ltr'><strong>tot-state</strong></span> <span class='ocrx_word' id='word_1_287' title='bbox 512 2535 875 2590; x_wconf 89' lang='lat' dir='ltr'><strong>damnandum</strong></span> <span class='ocrx_word' id='word_1_288' title='bbox 907 2553 918 2589; x_wconf 91' lang='lat'>:</span> <span class='ocrx_word' id='word_1_289' title='bbox 950 2537 1026 2590; x_wconf 88' lang='lat' dir='ltr'><strong>sic</strong></span> <span class='ocrx_word' id='word_1_290' title='bbox 1050 2548 1105 2592; x_wconf 93' lang='lat' dir='ltr'><strong>ct</strong></span> <span class='ocrx_word' id='word_1_291' title='bbox 1146 2537 1195 2589; x_wconf 91' lang='lat' dir='ltr'><strong>in</strong></span> <span class='ocrx_word' id='word_1_292' title='bbox 1227 2536 1535 2606; x_wconf 87' lang='lat' dir='ltr'><strong>recipiendo</strong></span> <span class='ocrx_word' id='word_1_293' title='bbox 1590 2537 1807 2591; x_wconf 89' lang='lat' dir='ltr'><strong>modum</strong></span> 
     </span>
    </p>
   </div>
   <div class='ocr_carea' id='block_1_40' title="bbox 213 2629 1836 2706">
    <p class='ocr_par' dir='ltr' id='par_1_40' title="bbox 213 2629 1836 2706">
     <span class='ocr_line' id='line_1_40' title="bbox 213 2629 1836 2706; baseline 0.002 -26"><span class='ocrx_word' id='word_1_294' title='bbox 213 2643 443 2682; x_wconf 74' lang='lat' dir='ltr'><strong>scrvare</strong></span> <span class='ocrx_word' id='word_1_295' title='bbox 475 2629 766 2696; x_wconf 88' lang='lat' dir='ltr'><strong>debuisset,</strong></span> <span class='ocrx_word' id='word_1_296' title='bbox 803 2642 858 2684; x_wconf 91' lang='lat' dir='ltr'><strong>ut</strong></span> <span class='ocrx_word' id='word_1_297' title='bbox 889 2632 1196 2706; x_wconf 85' lang='lat' dir='ltr'><strong>priusquam</strong></span> <span class='ocrx_word' id='word_1_298' title='bbox 1242 2647 1300 2685; x_wconf 90' lang='lat' dir='ltr'><strong>sc</strong></span> <span class='ocrx_word' id='word_1_299' title='bbox 1332 2633 1378 2684; x_wconf 87' lang='lat' dir='ltr'><strong>ei</strong></span> <span class='ocrx_word' id='word_1_300' title='bbox 1433 2631 1836 2693; x_wconf 59' lang='lat' dir='ltr'><strong>communione,</strong></span> 
     </span>
    </p>
   </div>
   <div class='ocr_carea' id='block_1_41' title="bbox 209 2722 1799 2794">
    <p class='ocr_par' dir='ltr' id='par_1_41' title="bbox 209 2722 1799 2794">
     <span class='ocr_line' id='line_1_41' title="bbox 209 2722 1799 2794; baseline 0.004 -20"><span class='ocrx_word' id='word_1_301' title='bbox 209 2722 487 2792; x_wconf 81' lang='lat' dir='ltr'><strong>misceret,</strong></span> <span class='ocrx_word' id='word_1_302' title='bbox 525 2738 616 2792; x_wconf 86' lang='lat' dir='ltr'><strong>per</strong></span> <span class='ocrx_word' id='word_1_303' title='bbox 637 2724 820 2790; x_wconf 80' lang='lat' dir='ltr'><strong>sedem</strong></span> <span class='ocrx_word' id='word_1_304' title='bbox 849 2725 1197 2794; x_wconf 82' lang='lat' dir='ltr'><strong>apostolicam</strong></span> <span class='ocrx_word' id='word_1_305' title='bbox 1227 2735 1472 2793; x_wconf 87' lang='lat' dir='ltr'><strong>posceret</strong></span> <span class='ocrx_word' id='word_1_306' title='bbox 1503 2724 1799 2780; x_wconf 80' lang='lat' dir='ltr'><strong>examinari</strong></span> 
     </span>
    </p>
   </div>
   <div class='ocr_carea' id='block_1_42' title="bbox 209 2815 1810 2885">
    <p class='ocr_par' dir='ltr' id='par_1_42' title="bbox 209 2815 1810 2885">
     <span class='ocr_line' id='line_1_42' title="bbox 209 2815 1810 2885; baseline 0.003 -20"><span class='ocrx_word' id='word_1_307' title='bbox 209 2827 360 2872; x_wconf 86' lang='lat' dir='ltr'><strong>cum,</strong></span> <span class='ocrx_word' id='word_1_308' title='bbox 394 2822 447 2868; x_wconf 86' lang='lat' dir='ltr'><strong>et</strong></span> <span class='ocrx_word' id='word_1_309' title='bbox 479 2815 714 2882; x_wconf 77' lang='lat' dir='ltr'><strong>legitima</strong></span> <span class='ocrx_word' id='word_1_310' title='bbox 748 2816 956 2872; x_wconf 88' lang='lat' dir='ltr'><strong>ratione</strong></span> <span class='ocrx_word' id='word_1_311' title='bbox 1010 2815 1221 2885; x_wconf 80' lang='lat' dir='ltr'><strong>purgari</strong></span> <span class='ocrx_word' id='word_1_312' title='bbox 1252 2833 1265 2868; x_wconf 89' lang='lat'>:</span> <span class='ocrx_word' id='word_1_313' title='bbox 1301 2832 1422 2872; x_wconf 91' lang='lat' dir='ltr'><strong>cum</strong></span> <span class='ocrx_word' id='word_1_314' title='bbox 1470 2831 1570 2872; x_wconf 90' lang='lat' dir='ltr'><strong>nec</strong></span> <span class='ocrx_word' id='word_1_315' title='bbox 1601 2816 1810 2870; x_wconf 82' lang='lat' dir='ltr'><strong>exami-</strong></span> 
     </span>
    </p>
   </div>
   <div class='ocr_carea' id='block_1_43' title="bbox 212 2906 1804 2984">
    <p class='ocr_par' dir='ltr' id='par_1_43' title="bbox 212 2906 1804 2984">
     <span class='ocr_line' id='line_1_43' title="bbox 212 2906 1804 2984; baseline 0.003 -26"><span class='ocrx_word' id='word_1_316' title='bbox 212 2906 386 2962; x_wconf 85' lang='lat' dir='ltr'><strong>nandi</strong></span> <span class='ocrx_word' id='word_1_317' title='bbox 409 2917 498 2960; x_wconf 91' lang='lat' dir='ltr'><strong>aut</strong></span> <span class='ocrx_word' id='word_1_318' title='bbox 529 2907 820 2976; x_wconf 86' lang='lat' dir='ltr'><strong>recipiendi</strong></span> <span class='ocrx_word' id='word_1_319' title='bbox 852 2925 972 2962; x_wconf 90' lang='lat' dir='ltr'><strong>eum</strong></span> <span class='ocrx_word' id='word_1_320' title='bbox 1028 2907 1254 2964; x_wconf 88' lang='lat' dir='ltr'><strong>haberet</strong></span> <span class='ocrx_word' id='word_1_321' title='bbox 1308 2910 1420 2984; x_wconf 84' lang='lat' dir='ltr'><strong>ipse</strong></span> <span class='ocrx_word' id='word_1_322' title='bbox 1451 2909 1804 2980; x_wconf 88' lang='lat' dir='ltr'><strong>pontificium,</strong></span> 
     </span>
    </p>
   </div>
   <div class='ocr_carea' id='block_1_44' title="bbox 211 2999 1807 3067">
    <p class='ocr_par' dir='ltr' id='par_1_44' title="bbox 211 2999 1807 3067">
     <span class='ocr_line' id='line_1_44' title="bbox 211 2999 1807 3067; baseline 0.003 -18"><span class='ocrx_word' id='word_1_323' title='bbox 211 3007 268 3050; x_wconf 88' lang='lat' dir='ltr'><strong>ct</strong></span> <span class='ocrx_word' id='word_1_324' title='bbox 303 3013 407 3049; x_wconf 85' lang='lat' dir='ltr'><strong>non</strong></span> <span class='ocrx_word' id='word_1_325' title='bbox 449 2999 545 3050; x_wconf 85' lang='lat' dir='ltr'><strong>nisi</strong></span> <span class='ocrx_word' id='word_1_326' title='bbox 575 3015 666 3067; x_wconf 89' lang='lat' dir='ltr'><strong>per</strong></span> <span class='ocrx_word' id='word_1_327' title='bbox 698 2999 838 3053; x_wconf 90' lang='lat' dir='ltr'><strong>illius</strong></span> <span class='ocrx_word' id='word_1_328' title='bbox 866 2999 1010 3054; x_wconf 89' lang='lat' dir='ltr'><strong>sedis</strong></span> <span class='ocrx_word' id='word_1_329' title='bbox 1040 3002 1411 3056; x_wconf 87' lang='lat' dir='ltr'><strong>auctoritatem</strong></span> <span class='ocrx_word' id='word_1_330' title='bbox 1454 3016 1807 3058; x_wconf 87' lang='lat' dir='ltr'><strong>consensum-</strong></span> 
     </span>
    </p>
   </div>
   <div class='ocr_carea' id='block_1_45' title="bbox 205 3090 1804 3165">
    <p class='ocr_par' dir='ltr' id='par_1_45' title="bbox 205 3090 1804 3165">
     <span class='ocr_line' id='line_1_45' title="bbox 205 3090 1804 3165; baseline 0.009 -25"><span class='ocrx_word' id='word_1_331' title='bbox 205 3103 320 3157; x_wconf 86' lang='lat' dir='ltr'><strong>que</strong></span> <span class='ocrx_word' id='word_1_332' title='bbox 352 3090 452 3141; x_wconf 93' lang='lat' dir='ltr'><strong>boc</strong></span> <span class='ocrx_word' id='word_1_333' title='bbox 477 3099 658 3156; x_wconf 87' lang='lat' dir='ltr'><strong>posset</strong></span> <span class='ocrx_word' id='word_1_334' title='bbox 699 3091 940 3160; x_wconf 89' lang='lat' dir='ltr'><strong>implere,</strong></span> <span class='ocrx_word' id='word_1_335' title='bbox 991 3094 1107 3147; x_wconf 89' lang='lat' dir='ltr'><strong>sine</strong></span> <span class='ocrx_word' id='word_1_336' title='bbox 1130 3093 1280 3165; x_wconf 88' lang='lat' dir='ltr'><strong>cujus</strong></span> <span class='ocrx_word' id='word_1_337' title='bbox 1333 3094 1650 3149; x_wconf 88' lang='lat' dir='ltr'><strong>auctoritate</strong></span> <span class='ocrx_word' id='word_1_338' title='bbox 1681 3111 1804 3154; x_wconf 86' lang='lat' dir='ltr'><strong>eum.</strong></span> 
     </span>
    </p>
   </div>
   <div class='ocr_carea' id='block_1_46' title="bbox 1916 1888 3490 1966">
    <p class='ocr_par' dir='ltr' id='par_1_46' title="bbox 1916 1888 3490 1966">
     <span class='ocr_line' id='line_1_46' title="bbox 1916 1888 3490 1966; baseline 0.002 -23"><span class='ocrx_word' id='word_1_339' title='bbox 1916 1889 2034 1943; x_wconf 84' lang='lat' dir='ltr'><strong>tur?</strong></span> <span class='ocrx_word' id='word_1_340' title='bbox 2064 1888 2202 1943; x_wconf 87' lang='lat' dir='ltr'><strong>Ecce</strong></span> <span class='ocrx_word' id='word_1_341' title='bbox 2221 1889 2434 1944; x_wconf 89' lang='lat' dir='ltr'><strong>interim</strong></span> <span class='ocrx_word' id='word_1_342' title='bbox 2455 1889 2506 1943; x_wconf 90' lang='lat' dir='ltr'><strong>in</strong></span> <span class='ocrx_word' id='word_1_343' title='bbox 2523 1889 2606 1943; x_wconf 89' lang='lat' dir='ltr'><strong>his</strong></span> <span class='ocrx_word' id='word_1_344' title='bbox 2618 1905 2777 1948; x_wconf 86' lang='lat' dir='ltr'><strong>causa</strong></span> <span class='ocrx_word' id='word_1_345' title='bbox 2797 1900 2969 1960; x_wconf 88' lang='lat' dir='ltr'><strong>vestra</strong></span> <span class='ocrx_word' id='word_1_346' title='bbox 2992 1899 3142 1966; x_wconf 81' lang='lat' dir='ltr'><strong>nutat</strong></span> <span class='ocrx_word' id='word_1_347' title='bbox 3161 1901 3212 1946; x_wconf 91' lang='lat' dir='ltr'><strong>et</strong></span> <span class='ocrx_word' id='word_1_348' title='bbox 3231 1891 3425 1964; x_wconf 76' lang='lat' dir='ltr'><strong>labitur</strong></span> <span class='ocrx_word' id='word_1_349' title='bbox 3440 1893 3490 1952; x_wconf 87' lang='grc'><strong>⁷;</strong></span> 
     </span>
    </p>
   </div>
   <div class='ocr_carea' id='block_1_47' title="bbox 1915 1982 3498 2058">
    <p class='ocr_par' dir='ltr' id='par_1_47' title="bbox 1915 1982 3498 2058">
     <span class='ocr_line' id='line_1_47' title="bbox 1915 1982 3498 2058; baseline 0.003 -23"><span class='ocrx_word' id='word_1_350' title='bbox 1915 1983 2033 2036; x_wconf 88' lang='lat' dir='ltr'><strong>etsi</strong></span> <span class='ocrx_word' id='word_1_351' title='bbox 2063 1983 2176 2036; x_wconf 65' lang='lat' dir='ltr'><strong>lucc</strong></span> <span class='ocrx_word' id='word_1_352' title='bbox 2207 1982 2318 2037; x_wconf 89' lang='lat' dir='ltr'><strong>sola</strong></span> <span class='ocrx_word' id='word_1_353' title='bbox 2352 1983 2468 2051; x_wconf 89' lang='lat' dir='ltr'><strong>fuit,</strong></span> <span class='ocrx_word' id='word_1_354' title='bbox 2504 1997 2722 2058; x_wconf 82' lang='lat' dir='ltr'><strong>prorsus</strong></span> <span class='ocrx_word' id='word_1_355' title='bbox 2775 1991 2883 2052; x_wconf 77' lang='lat' dir='ltr'><strong>tota</strong></span> <span class='ocrx_word' id='word_1_356' title='bbox 2908 1983 3204 2058; x_wconf 82' lang='lat' dir='ltr'><strong>subruitur.</strong></span> <span class='ocrx_word' id='word_1_357' title='bbox 3235 1983 3335 2048; x_wconf 81' lang='lat' dir='ltr'><strong>Sed</strong></span> <span class='ocrx_word' id='word_1_358' title='bbox 3368 1986 3388 2016; x_wconf 85' lang='lat'>&#39;</span> <span class='ocrx_word' id='word_1_359' title='bbox 3416 1992 3498 2048; x_wconf 88' lang='lat' dir='ltr'><strong>est</strong></span> 
     </span>
    </p>
   </div>
   <div class='ocr_carea' id='block_1_48' title="bbox 1915 2058 3498 2152">
    <p class='ocr_par' dir='ltr' id='par_1_48' title="bbox 1915 2058 3498 2152">
     <span class='ocr_line' id='line_1_48' title="bbox 1915 2058 3498 2152; baseline 0.002 -23"><span class='ocrx_word' id='word_1_360' title='bbox 1915 2076 2091 2130; x_wconf 91' lang='lat' dir='ltr'><strong>adhuc</strong></span> <span class='ocrx_word' id='word_1_361' title='bbox 2112 2076 2280 2142; x_wconf 84' lang='lat' dir='ltr'><strong>aliud,</strong></span> <span class='ocrx_word' id='word_1_362' title='bbox 2306 2075 2447 2146; x_wconf 88' lang='lat' dir='ltr'><strong>quod</strong></span> <span class='ocrx_word' id='word_1_363' title='bbox 2503 2075 2570 2130; x_wconf 87' lang='lat' dir='ltr'><strong>ad</strong></span> <span class='ocrx_word' id='word_1_364' title='bbox 2597 2058 2870 2148; x_wconf 77' lang='lat' dir='ltr'><strong>cumulum</strong></span> <span class='ocrx_word' id='word_1_365' title='bbox 2911 2086 3104 2152; x_wconf 70' lang='lat' dir='ltr'><strong>vestra:</strong></span> <span class='ocrx_word' id='word_1_366' title='bbox 3145 2076 3498 2148; x_wconf 74' lang='lat' dir='ltr'><strong>convictionis</strong></span> 
     </span>
    </p>
   </div>
   <div class='ocr_carea' id='block_1_49' title="bbox 1915 2167 3497 2246">
    <p class='ocr_par' dir='ltr' id='par_1_49' title="bbox 1915 2167 3497 2246">
     <span class='ocr_line' id='line_1_49' title="bbox 1915 2167 3497 2246; baseline -0.002 -24"><span class='ocrx_word' id='word_1_367' title='bbox 1915 2169 2157 2222; x_wconf 89' lang='lat' dir='ltr'><strong>accedat.</strong></span> <span class='ocrx_word' id='word_1_368' title='bbox 2187 2168 2325 2236; x_wconf 80' lang='lat' dir='ltr'><strong>Quid</strong></span> <span class='ocrx_word' id='word_1_369' title='bbox 2373 2168 2514 2224; x_wconf 91' lang='lat' dir='ltr'><strong>enim</strong></span> <span class='ocrx_word' id='word_1_370' title='bbox 2549 2169 2591 2222; x_wconf 93' lang='lat' dir='ltr'><strong>si</strong></span> <span class='ocrx_word' id='word_1_371' title='bbox 2622 2168 2878 2244; x_wconf 84' lang='lat' dir='ltr'><strong>doceatur</strong></span> <span class='ocrx_word' id='word_1_372' title='bbox 2906 2184 2931 2236; x_wconf 77' lang='grc'><strong>;,</strong></span> <span class='ocrx_word' id='word_1_373' title='bbox 2971 2184 3073 2242; x_wconf 78' lang='lat' dir='ltr'><strong>non</strong></span> <span class='ocrx_word' id='word_1_374' title='bbox 3123 2168 3294 2238; x_wconf 76' lang='lat' dir='ltr'><strong>solum</strong></span> <span class='ocrx_word' id='word_1_375' title='bbox 3325 2167 3497 2246; x_wconf 74' lang='lat' dir='ltr'><strong>prius-</strong></span> 
     </span>
    </p>
   </div>
   <div class='ocr_carea' id='block_1_50' title="bbox 1911 2259 3498 2336">
    <p class='ocr_par' dir='ltr' id='par_1_50' title="bbox 1911 2259 3498 2336">
     <span class='ocr_line' id='line_1_50' title="bbox 1911 2259 3498 2336; baseline 0.001 -23"><span class='ocrx_word' id='word_1_376' title='bbox 1911 2276 2066 2330; x_wconf 92' lang='lat' dir='ltr'><strong>quam</strong></span> <span class='ocrx_word' id='word_1_377' title='bbox 2097 2262 2144 2314; x_wconf 91' lang='lat' dir='ltr'><strong>in</strong></span> <span class='ocrx_word' id='word_1_378' title='bbox 2170 2261 2284 2329; x_wconf 90' lang='lat' dir='ltr'><strong>ejus</strong></span> <span class='ocrx_word' id='word_1_379' title='bbox 2301 2261 2736 2315; x_wconf 88' lang='lat' dir='ltr'><strong>communionem</strong></span> <span class='ocrx_word' id='word_1_380' title='bbox 2755 2259 3042 2326; x_wconf 87' lang='lat' dir='ltr'><strong>veniretis,</strong></span> <span class='ocrx_word' id='word_1_381' title='bbox 3075 2275 3247 2336; x_wconf 77' lang='lat' dir='ltr'><strong>neque</strong></span> <span class='ocrx_word' id='word_1_382' title='bbox 3270 2268 3498 2328; x_wconf 76' lang='lat' dir='ltr'><strong>tanturn-</strong></span> 
     </span>
    </p>
   </div>
   <div class='ocr_carea' id='block_1_51' title="bbox 1911 2352 3499 2428">
    <p class='ocr_par' dir='ltr' id='par_1_51' title="bbox 1911 2352 3499 2428">
     <span class='ocr_line' id='line_1_51' title="bbox 1911 2352 3499 2428; baseline 0.004 -22"><span class='ocrx_word' id='word_1_383' title='bbox 1911 2352 2071 2406; x_wconf 85' lang='lat' dir='ltr'><strong>modo</strong></span> <span class='ocrx_word' id='word_1_384' title='bbox 2103 2368 2224 2407; x_wconf 93' lang='lat' dir='ltr'><strong>cum</strong></span> <span class='ocrx_word' id='word_1_385' title='bbox 2255 2352 2320 2406; x_wconf 92' lang='lat' dir='ltr'><strong>ad</strong></span> <span class='ocrx_word' id='word_1_386' title='bbox 2350 2354 2466 2419; x_wconf 86' lang='lat' dir='ltr'><strong>ejus</strong></span> <span class='ocrx_word' id='word_1_387' title='bbox 2487 2353 2922 2407; x_wconf 89' lang='lat' dir='ltr'><strong>communionem</strong></span> <span class='ocrx_word' id='word_1_388' title='bbox 2954 2352 3200 2428; x_wconf 65' lang='lat' dir='ltr'><strong>venistis,</strong></span> <span class='ocrx_word' id='word_1_389' title='bbox 3218 2352 3320 2412; x_wconf 81' lang='lat' dir='ltr'><strong>sed</strong></span> <span class='ocrx_word' id='word_1_390' title='bbox 3339 2353 3499 2412; x_wconf 84' lang='lat' dir='ltr'><strong>etiam</strong></span> 
     </span>
    </p>
   </div>
   <div class='ocr_carea' id='block_1_52' title="bbox 1913 2443 3502 2518">
    <p class='ocr_par' dir='ltr' id='par_1_52' title="bbox 1913 2443 3502 2518">
     <span class='ocr_line' id='line_1_52' title="bbox 1913 2443 3502 2518; baseline 0.003 -22"><span class='ocrx_word' id='word_1_391' title='bbox 1913 2456 2092 2513; x_wconf 86' lang='lat' dir='ltr'><strong>postea</strong></span> <span class='ocrx_word' id='word_1_392' title='bbox 2127 2443 2178 2499; x_wconf 89' lang='lat' dir='ltr'><strong>in</strong></span> <span class='ocrx_word' id='word_1_393' title='bbox 2210 2444 2579 2499; x_wconf 67' lang='lat' dir='ltr'><strong>barreticorum</strong></span> <span class='ocrx_word' id='word_1_394' title='bbox 2613 2445 2958 2502; x_wconf 90' lang='lat' dir='ltr'><strong>nihilominus</strong></span> <span class='ocrx_word' id='word_1_395' title='bbox 2975 2461 3094 2518; x_wconf 86' lang='lat' dir='ltr'><strong>eum</strong></span> <span class='ocrx_word' id='word_1_396' title='bbox 3125 2445 3502 2516; x_wconf 81' lang='lat' dir='ltr'><strong>communione</strong></span> 
     </span>
    </p>
   </div>
   <div class='ocr_carea' id='block_1_53' title="bbox 1915 2536 3499 2612">
    <p class='ocr_par' dir='ltr' id='par_1_53' title="bbox 1915 2536 3499 2612">
     <span class='ocr_line' id='line_1_53' title="bbox 1915 2536 3499 2612; baseline -0.001 -22"><span class='ocrx_word' id='word_1_397' title='bbox 1915 2538 2177 2591; x_wconf 81' lang='lat' dir='ltr'><strong>durasse:</strong></span> <span class='ocrx_word' id='word_1_398' title='bbox 2213 2551 2390 2590; x_wconf 90' lang='lat' dir='ltr'><strong>nonne</strong></span> <span class='ocrx_word' id='word_1_399' title='bbox 2434 2544 2521 2588; x_wconf 90' lang='lat' dir='ltr'><strong>aut</strong></span> <span class='ocrx_word' id='word_1_400' title='bbox 2553 2552 2646 2605; x_wconf 89' lang='lat' dir='ltr'><strong>per</strong></span> <span class='ocrx_word' id='word_1_401' title='bbox 2677 2537 2825 2590; x_wconf 87' lang='lat' dir='ltr'><strong>illum</strong></span> <span class='ocrx_word' id='word_1_402' title='bbox 2859 2537 2995 2610; x_wconf 84' lang='lat' dir='ltr'><strong>apud</strong></span> <span class='ocrx_word' id='word_1_403' title='bbox 3048 2551 3141 2602; x_wconf 85' lang='lat' dir='ltr'><strong>vos</strong></span> <span class='ocrx_word' id='word_1_404' title='bbox 3197 2536 3499 2612; x_wconf 82' lang='lat' dir='ltr'><strong>communio</strong></span> 
     </span>
    </p>
   </div>
   <div class='ocr_carea' id='block_1_54' title="bbox 1913 2627 3501 2699">
    <p class='ocr_par' dir='ltr' id='par_1_54' title="bbox 1913 2627 3501 2699">
     <span class='ocr_line' id='line_1_54' title="bbox 1913 2627 3501 2699; baseline 0 -17"><span class='ocrx_word' id='word_1_405' title='bbox 1913 2627 2264 2697; x_wconf 90' lang='lat' dir='ltr'><strong>perveniebat</strong></span> <span class='ocrx_word' id='word_1_406' title='bbox 2291 2628 2562 2696; x_wconf 75' lang='lat' dir='ltr'><strong>hmrctica,</strong></span> <span class='ocrx_word' id='word_1_407' title='bbox 2599 2639 2690 2683; x_wconf 91' lang='lat' dir='ltr'><strong>aut</strong></span> <span class='ocrx_word' id='word_1_408' title='bbox 2724 2629 2774 2682; x_wconf 91' lang='lat' dir='ltr'><strong>in</strong></span> <span class='ocrx_word' id='word_1_409' title='bbox 2805 2629 3114 2690; x_wconf 73' lang='lat' dir='ltr'><strong>ltmreticatn</strong></span> <span class='ocrx_word' id='word_1_410' title='bbox 3169 2629 3501 2699; x_wconf 82' lang='lat' dir='ltr'><strong>communio-</strong></span> 
     </span>
    </p>
   </div>
   <div class='ocr_carea' id='block_1_55' title="bbox 1915 2717 3499 2789">
    <p class='ocr_par' dir='ltr' id='par_1_55' title="bbox 1915 2717 3499 2789">
     <span class='ocr_line' id='line_1_55' title="bbox 1915 2717 3499 2789; baseline -0.001 -16"><span class='ocrx_word' id='word_1_411' title='bbox 1915 2735 2038 2774; x_wconf 87' lang='lat' dir='ltr'><strong>nem</strong></span> <span class='ocrx_word' id='word_1_412' title='bbox 2074 2735 2166 2774; x_wconf 92' lang='lat' dir='ltr'><strong>vos</strong></span> <span class='ocrx_word' id='word_1_413' title='bbox 2200 2717 2319 2788; x_wconf 88' lang='lat' dir='ltr'><strong>ejus</strong></span> <span class='ocrx_word' id='word_1_414' title='bbox 2347 2721 2672 2776; x_wconf 90' lang='lat' dir='ltr'><strong>commercio</strong></span> <span class='ocrx_word' id='word_1_415' title='bbox 2714 2719 3068 2774; x_wconf 86' lang='lat' dir='ltr'><strong>transibatis?</strong></span> <span class='ocrx_word' id='word_1_416' title='bbox 3103 2719 3296 2774; x_wconf 89' lang='lat' dir='ltr'><strong>Docete</strong></span> <span class='ocrx_word' id='word_1_417' title='bbox 3337 2720 3499 2789; x_wconf 81' lang='lat' dir='ltr'><strong>igitur</strong></span> 
     </span>
    </p>
   </div>
   <div class='ocr_carea' id='block_1_56' title="bbox 1915 2813 3498 2884">
    <p class='ocr_par' dir='ltr' id='par_1_56' title="bbox 1915 2813 3498 2884">
     <span class='ocr_line' id='line_1_56' title="bbox 1915 2813 3498 2884; baseline -0.003 -14"><span class='ocrx_word' id='word_1_418' title='bbox 1915 2816 2134 2870; x_wconf 82' lang='lat' dir='ltr'><strong>l’etrum</strong></span> <span class='ocrx_word' id='word_1_419' title='bbox 2164 2815 2587 2870; x_wconf 82' lang='lat' dir='ltr'><strong>Alexandrinum</strong></span> <span class='ocrx_word' id='word_1_420' title='bbox 2627 2815 2694 2870; x_wconf 89' lang='lat' dir='ltr'><strong>ab</strong></span> <span class='ocrx_word' id='word_1_421' title='bbox 2725 2813 3044 2869; x_wconf 89' lang='lat' dir='ltr'><strong>Antiocheni</strong></span> <span class='ocrx_word' id='word_1_422' title='bbox 3096 2813 3237 2880; x_wconf 84' lang='lat' dir='ltr'><strong>Petri</strong></span> <span class='ocrx_word' id='word_1_423' title='bbox 3267 2827 3498 2884; x_wconf 86' lang='lat' dir='ltr'><strong>unquam</strong></span> 
     </span>
    </p>
   </div>
   <div class='ocr_carea' id='block_1_57' title="bbox 1915 2895 3504 2980">
    <p class='ocr_par' dir='ltr' id='par_1_57' title="bbox 1915 2895 3504 2980">
     <span class='ocr_line' id='line_1_57' title="bbox 1915 2895 3504 2980; baseline -0.003 -18"><span class='ocrx_word' id='word_1_424' title='bbox 1915 2909 2294 2962; x_wconf 87' lang='lat' dir='ltr'><strong>communione</strong></span> <span class='ocrx_word' id='word_1_425' title='bbox 2348 2907 2593 2970; x_wconf 89' lang='lat' dir='ltr'><strong>desiisse,</strong></span> <span class='ocrx_word' id='word_1_426' title='bbox 2644 2916 2696 2960; x_wconf 91' lang='lat' dir='ltr'><strong>et</strong></span> <span class='ocrx_word' id='word_1_427' title='bbox 2749 2922 2851 2960; x_wconf 90' lang='lat' dir='ltr'><strong>non</strong></span> <span class='ocrx_word' id='word_1_428' title='bbox 2908 2895 3170 2980; x_wconf 77' lang='lat' dir='ltr'><strong>usquead</strong></span> <span class='ocrx_word' id='word_1_429' title='bbox 3211 2903 3351 2972; x_wconf 83' lang='lat' dir='ltr'><strong>diem</strong></span> <span class='ocrx_word' id='word_1_430' title='bbox 3383 2918 3504 2958; x_wconf 89' lang='lat' dir='ltr'><strong>cum</strong></span> 
     </span>
    </p>
   </div>
   <div class='ocr_carea' id='block_1_58' title="bbox 1917 2996 3505 3066">
    <p class='ocr_par' dir='ltr' id='par_1_58' title="bbox 1917 2996 3505 3066">
     <span class='ocr_line' id='line_1_58' title="bbox 1917 2996 3505 3066; baseline -0.005 -10"><span class='ocrx_word' id='word_1_431' title='bbox 1917 3001 2284 3056; x_wconf 80' lang='lat' dir='ltr'><strong>Antiocltentts</strong></span> <span class='ocrx_word' id='word_1_432' title='bbox 2317 3000 2507 3055; x_wconf 83' lang='lat' dir='ltr'><strong>Petrus</strong></span> <span class='ocrx_word' id='word_1_433' title='bbox 2531 3001 2581 3054; x_wconf 89' lang='lat' dir='ltr'><strong>in</strong></span> <span class='ocrx_word' id='word_1_434' title='bbox 2631 3001 2727 3053; x_wconf 89' lang='lat' dir='ltr'><strong>hac</strong></span> <span class='ocrx_word' id='word_1_435' title='bbox 2759 2999 2878 3054; x_wconf 90' lang='lat' dir='ltr'><strong>luce</strong></span> <span class='ocrx_word' id='word_1_436' title='bbox 2905 3008 3146 3053; x_wconf 86' lang='lat' dir='ltr'><strong>versatus</strong></span> <span class='ocrx_word' id='word_1_437' title='bbox 3177 3007 3277 3066; x_wconf 75' lang='grc' dir='ltr'><strong>εει,</strong></span> <span class='ocrx_word' id='word_1_438' title='bbox 3319 2996 3505 3056; x_wconf 80' lang='lat' dir='ltr'><strong>indivi-</strong></span> 
     </span>
    </p>
   </div>
   <div class='ocr_carea' id='block_1_59' title="bbox 1916 3091 3508 3170">
    <p class='ocr_par' dir='ltr' id='par_1_59' title="bbox 1916 3091 3508 3170">
     <span class='ocr_line' id='line_1_59' title="bbox 1916 3091 3508 3170; baseline -0.003 -19"><span class='ocrx_word' id='word_1_439' title='bbox 1916 3097 2076 3151; x_wconf 88' lang='lat' dir='ltr'><strong>duum</strong></span> <span class='ocrx_word' id='word_1_440' title='bbox 2111 3097 2351 3167; x_wconf 90' lang='lat' dir='ltr'><strong>utrisque</strong></span> <span class='ocrx_word' id='word_1_441' title='bbox 2383 3095 2546 3150; x_wconf 77' lang='lat' dir='ltr'><strong>fuisse</strong></span> <span class='ocrx_word' id='word_1_442' title='bbox 2576 3095 2928 3170; x_wconf 83' lang='lat' dir='ltr'><strong>consortium.</strong></span> <span class='ocrx_word' id='word_1_443' title='bbox 2971 3094 3049 3148; x_wconf 89' lang='lat' dir='ltr'><strong>An</strong></span> <span class='ocrx_word' id='word_1_444' title='bbox 3077 3091 3268 3162; x_wconf 87' lang='lat' dir='ltr'><strong>dicturi</strong></span> <span class='ocrx_word' id='word_1_445' title='bbox 3297 3093 3426 3162; x_wconf 78' lang='lat' dir='ltr'><strong>estis</strong></span> <span class='ocrx_word' id='word_1_446' title='bbox 3455 3099 3508 3154; x_wconf 78' lang='lat' dir='ltr'><strong>et</strong></span> 
     </span>
    </p>
   </div>
   <div class='ocr_carea' id='block_1_60' title="bbox 207 3162 3512 3257">
    <p class='ocr_par' dir='ltr' id='par_1_60' title="bbox 207 3162 3512 3257">
     <span class='ocr_line' id='line_1_60' title="bbox 207 3162 3512 3257; baseline 0.002 -23"><span class='ocrx_word' id='word_1_447' title='bbox 207 3195 325 3234; x_wconf 83' lang='lat' dir='ltr'><strong>non</strong></span> <span class='ocrx_word' id='word_1_448' title='bbox 358 3189 602 3247; x_wconf 86' lang='lat' dir='ltr'><strong>potuerat</strong></span> <span class='ocrx_word' id='word_1_449' title='bbox 625 3182 737 3250; x_wconf 83' lang='lat' dir='ltr'><strong>ipse</strong></span> <span class='ocrx_word' id='word_1_450' title='bbox 787 3184 1043 3239; x_wconf 89' lang='lat' dir='ltr'><strong>damnare</strong></span> <span class='ocrx_word' id='word_1_451' title='bbox 1091 3195 1144 3240; x_wconf 91' lang='lat' dir='ltr'><strong>ct</strong></span> <span class='ocrx_word' id='word_1_452' title='bbox 1177 3162 1327 3255; x_wconf 82' lang='lat' dir='ltr'><strong>cujus</strong></span> <span class='ocrx_word' id='word_1_453' title='bbox 1375 3186 1652 3257; x_wconf 86' lang='lat' dir='ltr'><strong>principali</strong></span> <span class='ocrx_word' id='word_1_454' title='bbox 1685 3187 1806 3242; x_wconf 87' lang='lat' dir='ltr'><strong>dili-</strong></span> <span class='ocrx_word' id='word_1_455' title='bbox 1834 3162 1880 3225; x_wconf 60' lang='grc' dir='ltr'><strong>(ἶ</strong></span> <span class='ocrx_word' id='word_1_456' title='bbox 1921 3162 2312 3246; x_wconf 80' lang='lat' dir='ltr'><strong>Antiochenum</strong></span> <span class='ocrx_word' id='word_1_457' title='bbox 2346 3191 2560 3246; x_wconf 82' lang='lat' dir='ltr'><strong>Petrum</strong></span> <span class='ocrx_word' id='word_1_458' title='bbox 2604 3188 2765 3244; x_wconf 86' lang='lat' dir='ltr'><strong>fuisse</strong></span> <span class='ocrx_word' id='word_1_459' title='bbox 2795 3162 3117 3256; x_wconf 82' lang='lat' dir='ltr'><strong>correctum,</strong></span> <span class='ocrx_word' id='word_1_460' title='bbox 3171 3189 3188 3217; x_wconf 66' lang='grc'><strong>³</strong></span> <span class='ocrx_word' id='word_1_461' title='bbox 3217 3184 3302 3242; x_wconf 90' lang='lat' dir='ltr'><strong>cui</strong></span> <span class='ocrx_word' id='word_1_462' title='bbox 3335 3197 3512 3254; x_wconf 67' lang='lat' dir='ltr'><strong>usque</strong></span> 
     </span>
    </p>
   </div>
   <div class='ocr_carea' id='block_1_61' title="bbox 201 3269 1812 3348">
    <p class='ocr_par' dir='ltr' id='par_1_61' title="bbox 201 3269 1812 3348">
     <span class='ocr_line' id='line_1_61' title="bbox 201 3269 1812 3348; baseline 0.002 -21"><span class='ocrx_word' id='word_1_463' title='bbox 201 3274 419 3343; x_wconf 78' lang='lat' dir='ltr'><strong>gentia,</strong></span> <span class='ocrx_word' id='word_1_464' title='bbox 455 3282 508 3326; x_wconf 89' lang='lat' dir='ltr'><strong>et</strong></span> <span class='ocrx_word' id='word_1_465' title='bbox 535 3273 727 3328; x_wconf 87' lang='lat' dir='ltr'><strong>discuti</strong></span> <span class='ocrx_word' id='word_1_466' title='bbox 763 3269 950 3342; x_wconf 80' lang='lat' dir='ltr'><strong>putuit</strong></span> <span class='ocrx_word' id='word_1_467' title='bbox 976 3289 1028 3330; x_wconf 88' lang='lat' dir='ltr'><strong>et</strong></span> <span class='ocrx_word' id='word_1_468' title='bbox 1082 3279 1314 3348; x_wconf 77' lang='lat' dir='ltr'><strong>purgari,</strong></span> <span class='ocrx_word' id='word_1_469' title='bbox 1367 3289 1421 3331; x_wconf 89' lang='lat' dir='ltr'><strong>et</strong></span> <span class='ocrx_word' id='word_1_470' title='bbox 1452 3278 1517 3331; x_wconf 85' lang='lat' dir='ltr'><strong>ad</strong></span> <span class='ocrx_word' id='word_1_471' title='bbox 1573 3293 1812 3332; x_wconf 87' lang='lat' dir='ltr'><strong>commu-</strong></span> 
     </span>
    </p>
   </div>
   <div class='ocr_carea' id='block_1_62' title="bbox 202 3366 1817 3440">
    <p class='ocr_par' dir='ltr' id='par_1_62' title="bbox 202 3366 1817 3440">
     <span class='ocr_line' id='line_1_62' title="bbox 202 3366 1817 3440; baseline 0.003 -20"><span class='ocrx_word' id='word_1_472' title='bbox 202 3366 431 3420; x_wconf 87' lang='lat' dir='ltr'><strong>nionem</strong></span> <span class='ocrx_word' id='word_1_473' title='bbox 477 3368 870 3422; x_wconf 85' lang='lat' dir='ltr'><strong>convenienter</strong></span> <span class='ocrx_word' id='word_1_474' title='bbox 923 3368 1151 3440; x_wconf 87' lang='lat' dir='ltr'><strong>admitti.</strong></span> <span class='ocrx_word' id='word_1_475' title='bbox 1232 3370 1362 3423; x_wconf 85' lang='lat' dir='ltr'><strong>Cum</strong></span> <span class='ocrx_word' id='word_1_476' title='bbox 1414 3372 1554 3422; x_wconf 90' lang='lat' dir='ltr'><strong>enim</strong></span> <span class='ocrx_word' id='word_1_477' title='bbox 1607 3381 1817 3425; x_wconf 90' lang='lat' dir='ltr'><strong>constet</strong></span> 
     </span>
    </p>
   </div>
   <div class='ocr_carea' id='block_1_63' title="bbox 205 3458 1812 3534">
    <p class='ocr_par' dir='ltr' id='par_1_63' title="bbox 205 3458 1812 3534">
     <span class='ocr_line' id='line_1_63' title="bbox 205 3458 1812 3534; baseline 0.006 -26"><span class='ocrx_word' id='word_1_478' title='bbox 205 3471 433 3525; x_wconf 87' lang='lat' dir='ltr'><strong>semper</strong></span> <span class='ocrx_word' id='word_1_479' title='bbox 465 3466 556 3509; x_wconf 89' lang='lat' dir='ltr'><strong>aut</strong></span> <span class='ocrx_word' id='word_1_480' title='bbox 587 3458 733 3511; x_wconf 82' lang='lat' dir='ltr'><strong>sedis</strong></span> <span class='ocrx_word' id='word_1_481' title='bbox 773 3460 1085 3534; x_wconf 79' lang='lat' dir='ltr'><strong>aposmlicae</strong></span> <span class='ocrx_word' id='word_1_482' title='bbox 1140 3463 1463 3515; x_wconf 89' lang='lat' dir='ltr'><strong>auctoritate</strong></span> <span class='ocrx_word' id='word_1_483' title='bbox 1508 3461 1812 3531; x_wconf 88' lang='lat' dir='ltr'><strong>bujnsmodi</strong></span> 
     </span>
    </p>
   </div>
   <div class='ocr_carea' id='block_1_64' title="bbox 205 3549 1814 3622">
    <p class='ocr_par' dir='ltr' id='par_1_64' title="bbox 205 3549 1814 3622">
     <span class='ocr_line' id='line_1_64' title="bbox 205 3549 1814 3622; baseline 0.005 -22"><span class='ocrx_word' id='word_1_484' title='bbox 205 3562 501 3618; x_wconf 82' lang='lat' dir='ltr'><strong>personas,</strong></span> <span class='ocrx_word' id='word_1_485' title='bbox 537 3549 918 3604; x_wconf 89' lang='lat' dir='ltr'><strong>autdiscussas</strong></span> <span class='ocrx_word' id='word_1_486' title='bbox 944 3551 1026 3604; x_wconf 90' lang='lat' dir='ltr'><strong>vel</strong></span> <span class='ocrx_word' id='word_1_487' title='bbox 1053 3567 1172 3606; x_wconf 89' lang='lat' dir='ltr'><strong>esse</strong></span> <span class='ocrx_word' id='word_1_488' title='bbox 1215 3563 1486 3622; x_wconf 79' lang='lat' dir='ltr'><strong>purgatas,</strong></span> <span class='ocrx_word' id='word_1_489' title='bbox 1521 3563 1612 3608; x_wconf 91' lang='lat' dir='ltr'><strong>aut</strong></span> <span class='ocrx_word' id='word_1_490' title='bbox 1639 3555 1719 3609; x_wconf 87' lang='lat' dir='ltr'><strong>sic</strong></span> <span class='ocrx_word' id='word_1_491' title='bbox 1746 3556 1814 3608; x_wconf 92' lang='lat' dir='ltr'><strong>ab</strong></span> 
     </span>
    </p>
   </div>
   <div class='ocr_carea' id='block_1_65' title="bbox 205 3643 1809 3716">
    <p class='ocr_par' dir='ltr' id='par_1_65' title="bbox 205 3643 1809 3716">
     <span class='ocr_line' id='line_1_65' title="bbox 205 3643 1809 3716; baseline 0.004 -21"><span class='ocrx_word' id='word_1_492' title='bbox 205 3643 338 3697; x_wconf 75' lang='lat' dir='ltr'><strong>aliis</strong></span> <span class='ocrx_word' id='word_1_493' title='bbox 364 3643 555 3711; x_wconf 82' lang='lat' dir='ltr'><strong>quibus</strong></span> <span class='ocrx_word' id='word_1_494' title='bbox 579 3644 916 3713; x_wconf 82' lang='lat' dir='ltr'><strong>Competcbat</strong></span> <span class='ocrx_word' id='word_1_495' title='bbox 945 3644 1207 3715; x_wconf 86' lang='lat' dir='ltr'><strong>episcopis</strong></span> <span class='ocrx_word' id='word_1_496' title='bbox 1234 3646 1525 3716; x_wconf 87' lang='lat' dir='ltr'><strong>absolutas,</strong></span> <span class='ocrx_word' id='word_1_497' title='bbox 1547 3658 1601 3701; x_wconf 91' lang='lat' dir='ltr'><strong>ut</strong></span> <span class='ocrx_word' id='word_1_498' title='bbox 1632 3658 1809 3702; x_wconf 90' lang='lat' dir='ltr'><strong>tamen</strong></span> 
     </span>
    </p>
   </div>
   <div class='ocr_carea' id='block_1_66' title="bbox 205 3736 1811 3810">
    <p class='ocr_par' dir='ltr' id='par_1_66' title="bbox 205 3736 1811 3810">
     <span class='ocr_line' id='line_1_66' title="bbox 205 3736 1811 3810; baseline 0.006 -21"><span class='ocrx_word' id='word_1_499' title='bbox 205 3736 485 3790; x_wconf 75' lang='lat' dir='ltr'><strong>absolutio</strong></span> <span class='ocrx_word' id='word_1_500' title='bbox 539 3752 721 3792; x_wconf 90' lang='lat' dir='ltr'><strong>earum</strong></span> <span class='ocrx_word' id='word_1_501' title='bbox 781 3755 844 3791; x_wconf 80' lang='lat' dir='ltr'><strong>ex</strong></span> <span class='ocrx_word' id='word_1_502' title='bbox 908 3737 1051 3792; x_wconf 87' lang='lat' dir='ltr'><strong>sedis</strong></span> <span class='ocrx_word' id='word_1_503' title='bbox 1096 3741 1405 3810; x_wconf 75' lang='lat' dir='ltr'><strong>apostolica:</strong></span> <span class='ocrx_word' id='word_1_504' title='bbox 1453 3742 1811 3798; x_wconf 86' lang='lat' dir='ltr'><strong>consensione</strong></span> 
     </span>
    </p>
   </div>
   <div class='ocr_carea' id='block_1_67' title="bbox 207 3826 1807 3898">
    <p class='ocr_par' dir='ltr' id='par_1_67' title="bbox 207 3826 1807 3898">
     <span class='ocr_line' id='line_1_67' title="bbox 207 3826 1807 3898; baseline 0.006 -19"><span class='ocrx_word' id='word_1_505' title='bbox 207 3826 522 3896; x_wconf 82' lang='lat' dir='ltr'><strong>penderet:</strong></span> <span class='ocrx_word' id='word_1_506' title='bbox 557 3828 645 3882; x_wconf 92' lang='lat' dir='ltr'><strong>ubi</strong></span> <span class='ocrx_word' id='word_1_507' title='bbox 691 3838 975 3898; x_wconf 91' lang='lat' dir='ltr'><strong>utrumque</strong></span> <span class='ocrx_word' id='word_1_508' title='bbox 1023 3829 1209 3896; x_wconf 78' lang='lat' dir='ltr'><strong>defuit,</strong></span> <span class='ocrx_word' id='word_1_509' title='bbox 1271 3849 1368 3888; x_wconf 85' lang='lat' dir='ltr'><strong>nec</strong></span> <span class='ocrx_word' id='word_1_510' title='bbox 1417 3833 1807 3890; x_wconf 83' lang='lat' dir='ltr'><strong>discussionem</strong></span> 
     </span>
    </p>
   </div>
   <div class='ocr_carea' id='block_1_68' title="bbox 208 3919 1811 3994">
    <p class='ocr_par' dir='ltr' id='par_1_68' title="bbox 208 3919 1811 3994">
     <span class='ocr_line' id='line_1_68' title="bbox 208 3919 1811 3994; baseline 0.006 -20"><span class='ocrx_word' id='word_1_511' title='bbox 208 3920 540 3990; x_wconf 68' lang='lat' dir='ltr'><strong>legitimam,</strong></span> <span class='ocrx_word' id='word_1_512' title='bbox 577 3937 673 3976; x_wconf 86' lang='lat' dir='ltr'><strong>nec</strong></span> <span class='ocrx_word' id='word_1_513' title='bbox 704 3923 1080 3992; x_wconf 80' lang='lat' dir='ltr'><strong>purgationem</strong></span> <span class='ocrx_word' id='word_1_514' title='bbox 1110 3927 1340 3989; x_wconf 88' lang='lat' dir='ltr'><strong>firmam,</strong></span> <span class='ocrx_word' id='word_1_515' title='bbox 1379 3941 1440 3981; x_wconf 88' lang='lat' dir='ltr'><strong>ac</strong></span> <span class='ocrx_word' id='word_1_516' title='bbox 1473 3943 1566 3994; x_wconf 87' lang='lat' dir='ltr'><strong>per</strong></span> <span class='ocrx_word' id='word_1_517' title='bbox 1605 3919 1811 3982; x_wconf 78' lang='lat' dir='ltr'><strong>bocre-</strong></span> 
     </span>
    </p>
   </div>
   <div class='ocr_carea' id='block_1_69' title="bbox 208 4013 1808 4087">
    <p class='ocr_par' dir='ltr' id='par_1_69' title="bbox 208 4013 1808 4087">
     <span class='ocr_line' id='line_1_69' title="bbox 208 4013 1808 4087; baseline 0.002 -19"><span class='ocrx_word' id='word_1_518' title='bbox 208 4015 519 4084; x_wconf 60' lang='lat' dir='ltr'><strong>captionem</strong></span> <span class='ocrx_word' id='word_1_519' title='bbox 547 4013 710 4068; x_wconf 88' lang='lat' dir='ltr'><strong>fuisse</strong></span> <span class='ocrx_word' id='word_1_520' title='bbox 731 4025 941 4069; x_wconf 88' lang='lat' dir='ltr'><strong>constat</strong></span> <span class='ocrx_word' id='word_1_521' title='bbox 969 4015 1283 4070; x_wconf 89' lang='lat' dir='ltr'><strong>indebitam.</strong></span> <span class='ocrx_word' id='word_1_522' title='bbox 1309 4017 1364 4072; x_wconf 89' lang='lat' dir='ltr'><strong>Si</strong></span> <span class='ocrx_word' id='word_1_523' title='bbox 1389 4027 1440 4071; x_wconf 92' lang='lat' dir='ltr'><strong>tu</strong></span> <span class='ocrx_word' id='word_1_524' title='bbox 1465 4017 1666 4087; x_wconf 89' lang='lat' dir='ltr'><strong>absque</strong></span> <span class='ocrx_word' id='word_1_525' title='bbox 1692 4035 1808 4072; x_wconf 85' lang='lat' dir='ltr'><strong>mea</strong></span> 
     </span>
    </p>
   </div>
   <div class='ocr_carea' id='block_1_70' title="bbox 210 4106 1812 4178">
    <p class='ocr_par' dir='ltr' id='par_1_70' title="bbox 210 4106 1812 4178">
     <span class='ocr_line' id='line_1_70' title="bbox 210 4106 1812 4178; baseline 0.002 -18"><span class='ocrx_word' id='word_1_526' title='bbox 210 4106 602 4160; x_wconf 85' lang='lat' dir='ltr'><strong>communione</strong></span> <span class='ocrx_word' id='word_1_527' title='bbox 632 4106 848 4160; x_wconf 86' lang='lat' dir='ltr'><strong>Petrum</strong></span> <span class='ocrx_word' id='word_1_528' title='bbox 875 4106 1122 4175; x_wconf 89' lang='lat' dir='ltr'><strong>judicasti</strong></span> <span class='ocrx_word' id='word_1_529' title='bbox 1157 4123 1278 4162; x_wconf 90' lang='lat' dir='ltr'><strong>esse</strong></span> <span class='ocrx_word' id='word_1_530' title='bbox 1313 4110 1659 4178; x_wconf 89' lang='lat' dir='ltr'><strong>catholicum,</strong></span> <span class='ocrx_word' id='word_1_531' title='bbox 1707 4127 1812 4164; x_wconf 89' lang='lat' dir='ltr'><strong>mc-</strong></span> 
     </span>
    </p>
   </div>
   <div class='ocr_carea' id='block_1_71' title="bbox 212 4199 1811 4272">
    <p class='ocr_par' dir='ltr' id='par_1_71' title="bbox 212 4199 1811 4272">
     <span class='ocr_line' id='line_1_71' title="bbox 212 4199 1811 4272; baseline 0.001 -19"><span class='ocrx_word' id='word_1_532' title='bbox 212 4214 322 4270; x_wconf 88' lang='lat' dir='ltr'><strong>que</strong></span> <span class='ocrx_word' id='word_1_533' title='bbox 345 4199 603 4270; x_wconf 81' lang='lat' dir='ltr'><strong>despecto</strong></span> <span class='ocrx_word' id='word_1_534' title='bbox 632 4209 721 4254; x_wconf 91' lang='lat' dir='ltr'><strong>tuo</strong></span> <span class='ocrx_word' id='word_1_535' title='bbox 744 4217 862 4256; x_wconf 89' lang='lat' dir='ltr'><strong>cum</strong></span> <span class='ocrx_word' id='word_1_536' title='bbox 911 4201 1034 4269; x_wconf 91' lang='lat' dir='ltr'><strong>jure</strong></span> <span class='ocrx_word' id='word_1_537' title='bbox 1066 4202 1348 4272; x_wconf 89' lang='lat' dir='ltr'><strong>recepisti,</strong></span> <span class='ocrx_word' id='word_1_538' title='bbox 1379 4203 1506 4272; x_wconf 90' lang='lat' dir='ltr'><strong>quid</strong></span> <span class='ocrx_word' id='word_1_539' title='bbox 1550 4205 1811 4263; x_wconf 84' lang='lat' dir='ltr'><strong>causeris,</strong></span> 
     </span>
    </p>
   </div>
   <div class='ocr_carea' id='block_1_72' title="bbox 213 4293 1813 4366">
    <p class='ocr_par' dir='ltr' id='par_1_72' title="bbox 213 4293 1813 4366">
     <span class='ocr_line' id='line_1_72' title="bbox 213 4293 1813 4366; baseline 0.002 -19"><span class='ocrx_word' id='word_1_540' title='bbox 213 4296 264 4347; x_wconf 83' lang='lat' dir='ltr'><strong>si</strong></span> <span class='ocrx_word' id='word_1_541' title='bbox 295 4293 446 4349; x_wconf 86' lang='lat' dir='ltr'><strong>illum</strong></span> <span class='ocrx_word' id='word_1_542' title='bbox 479 4309 578 4366; x_wconf 83' lang='lat' dir='ltr'><strong>ego</strong></span> <span class='ocrx_word' id='word_1_543' title='bbox 607 4295 1034 4351; x_wconf 89' lang='lat' dir='ltr'><strong>acommunlone</strong></span> <span class='ocrx_word' id='word_1_544' title='bbox 1083 4311 1221 4360; x_wconf 89' lang='lat' dir='ltr'><strong>mea,</strong></span> <span class='ocrx_word' id='word_1_545' title='bbox 1279 4313 1437 4366; x_wconf 89' lang='lat' dir='ltr'><strong>quam</strong></span> <span class='ocrx_word' id='word_1_546' title='bbox 1490 4306 1546 4351; x_wconf 94' lang='lat' dir='ltr'><strong>tu</strong></span> <span class='ocrx_word' id='word_1_547' title='bbox 1599 4297 1813 4352; x_wconf 89' lang='lat' dir='ltr'><strong>voluisti</strong></span> 
     </span>
    </p>
   </div>
   <div class='ocr_carea' id='block_1_73' title="bbox 215 4388 1813 4458">
    <p class='ocr_par' dir='ltr' id='par_1_73' title="bbox 215 4388 1813 4458">
     <span class='ocr_line' id='line_1_73' title="bbox 215 4388 1813 4458; baseline 0.002 -17"><span class='ocrx_word' id='word_1_548' title='bbox 215 4398 611 4456; x_wconf 88' lang='lat' dir='ltr'><strong>contemptam,</strong></span> <span class='ocrx_word' id='word_1_549' title='bbox 663 4396 911 4458; x_wconf 89' lang='lat' dir='ltr'><strong>tanquam</strong></span> <span class='ocrx_word' id='word_1_550' title='bbox 956 4388 1158 4458; x_wconf 87' lang='lat' dir='ltr'><strong>absque</strong></span> <span class='ocrx_word' id='word_1_551' title='bbox 1198 4399 1284 4444; x_wconf 89' lang='lat' dir='ltr'><strong>tua</strong></span> <span class='ocrx_word' id='word_1_552' title='bbox 1333 4390 1521 4444; x_wconf 89' lang='lat' dir='ltr'><strong>notitia</strong></span> <span class='ocrx_word' id='word_1_553' title='bbox 1569 4390 1653 4445; x_wconf 88' lang='lat' dir='ltr'><strong>vel</strong></span> <span class='ocrx_word' id='word_1_554' title='bbox 1686 4407 1813 4444; x_wconf 86' lang='lat' dir='ltr'><strong>con-</strong></span> 
     </span>
    </p>
   </div>
   <div class='ocr_carea' id='block_1_74' title="bbox 213 4480 1806 4558">
    <p class='ocr_par' dir='ltr' id='par_1_74' title="bbox 213 4480 1806 4558">
     <span class='ocr_line' id='line_1_74' title="bbox 213 4480 1806 4558; baseline 0.004 -23"><span class='ocrx_word' id='word_1_555' title='bbox 213 4480 510 4537; x_wconf 84' lang='lat' dir='ltr'><strong>sultatione</strong></span> <span class='ocrx_word' id='word_1_556' title='bbox 563 4484 905 4551; x_wconf 81' lang='lat' dir='ltr'><strong>repulerim?</strong></span> <span class='ocrx_word' id='word_1_557' title='bbox 954 4484 1045 4538; x_wconf 82' lang='lat' dir='ltr'><strong>Vis</strong></span> <span class='ocrx_word' id='word_1_558' title='bbox 1093 4486 1483 4558; x_wconf 87' lang='lat' dir='ltr'><strong>acquiescere?</strong></span> <span class='ocrx_word' id='word_1_559' title='bbox 1527 4501 1678 4543; x_wconf 86' lang='lat' dir='ltr'><strong>meus</strong></span> <span class='ocrx_word' id='word_1_560' title='bbox 1727 4503 1806 4542; x_wconf 91' lang='lat' dir='ltr'><strong>es.</strong></span> 
     </span>
    </p>
   </div>
   <div class='ocr_carea' id='block_1_75' title="bbox 213 4563 1810 4645">
    <p class='ocr_par' dir='ltr' id='par_1_75' title="bbox 213 4563 1810 4645">
     <span class='ocr_line' id='line_1_75' title="bbox 213 4563 1810 4645; baseline 0.004 -19"><span class='ocrx_word' id='word_1_561' title='bbox 213 4571 336 4627; x_wconf 77' lang='lat' dir='ltr'><strong>Non</strong></span> <span class='ocrx_word' id='word_1_562' title='bbox 370 4575 448 4627; x_wconf 86' lang='lat' dir='ltr'><strong>vis</strong></span> <span class='ocrx_word' id='word_1_563' title='bbox 473 4574 821 4644; x_wconf 84' lang='lat' dir='ltr'><strong>acquiescere</strong></span> <span class='ocrx_word' id='word_1_564' title='bbox 854 4576 1004 4631; x_wconf 73' lang='grc' dir='ltr'><strong>τηου</strong></span> <span class='ocrx_word' id='word_1_565' title='bbox 1030 4563 1186 4632; x_wconf 63' lang='grc' dir='ltr'>ηιριις</span> <span class='ocrx_word' id='word_1_566' title='bbox 1209 4595 1288 4639; x_wconf 84' lang='lat' dir='ltr'><strong>es.</strong></span> <span class='ocrx_word' id='word_1_567' title='bbox 1326 4579 1426 4645; x_wconf 83' lang='lat' dir='ltr'><strong>Qui</strong></span> <span class='ocrx_word' id='word_1_568' title='bbox 1455 4581 1586 4634; x_wconf 84' lang='lat' dir='ltr'><strong>enim</strong></span> <span class='ocrx_word' id='word_1_569' title='bbox 1617 4596 1810 4633; x_wconf 76' lang='lat' dir='ltr'><strong>merum</strong></span> 
     </span>
    </p>
   </div>
   <div class='ocr_carea' id='block_1_76' title="bbox 213 4670 1810 4742">
    <p class='ocr_par' dir='ltr' id='par_1_76' title="bbox 213 4670 1810 4742">
     <span class='ocr_line' id='line_1_76' title="bbox 213 4670 1810 4742; baseline 0.005 -24"><span class='ocrx_word' id='word_1_570' title='bbox 213 4681 322 4718; x_wconf 79' lang='lat' dir='ltr'><strong>non</strong></span> <span class='ocrx_word' id='word_1_571' title='bbox 347 4675 441 4733; x_wconf 77' lang='lat' dir='ltr'><strong>est,</strong></span> <span class='ocrx_word' id='word_1_572' title='bbox 467 4677 644 4720; x_wconf 85' lang='lat' dir='ltr'><strong>contra</strong></span> <span class='ocrx_word' id='word_1_573' title='bbox 673 4683 751 4720; x_wconf 81' lang='lat' dir='ltr'><strong>me</strong></span> <span class='ocrx_word' id='word_1_574' title='bbox 773 4677 884 4733; x_wconf 79' lang='lat' dir='ltr'><strong>est;</strong></span> <span class='ocrx_word' id='word_1_575' title='bbox 914 4679 960 4722; x_wconf 70' lang='lat' dir='ltr'><strong>rt</strong></span> <span class='ocrx_word' id='word_1_576' title='bbox 985 4670 1071 4737; x_wconf 83' lang='lat' dir='ltr'><strong>qui</strong></span> <span class='ocrx_word' id='word_1_577' title='bbox 1091 4686 1284 4722; x_wconf 84' lang='lat' dir='ltr'><strong>mecum</strong></span> <span class='ocrx_word' id='word_1_578' title='bbox 1301 4686 1401 4723; x_wconf 86' lang='lat' dir='ltr'><strong>non</strong></span> <span class='ocrx_word' id='word_1_579' title='bbox 1425 4671 1636 4742; x_wconf 81' lang='lat' dir='ltr'><strong>colligit,</strong></span> <span class='ocrx_word' id='word_1_580' title='bbox 1662 4690 1810 4742; x_wconf 85' lang='lat' dir='ltr'><strong>spar-</strong></span> 
     </span>
    </p>
   </div>
   <div class='ocr_carea' id='block_1_77' title="bbox 214 4756 1812 4828">
    <p class='ocr_par' dir='ltr' id='par_1_77' title="bbox 214 4756 1812 4828">
     <span class='ocr_line' id='line_1_77' title="bbox 214 4756 1812 4828; baseline 0.005 -20"><span class='ocrx_word' id='word_1_581' title='bbox 214 4757 298 4826; x_wconf 66' lang='lat' dir='ltr'><strong>git</strong></span> <span class='ocrx_word' id='word_1_582' title='bbox 327 4756 539 4828; x_wconf 71' lang='lat' dir='ltr'><strong>(Matth.</strong></span> <span class='ocrx_word' id='word_1_583' title='bbox 590 4760 704 4828; x_wconf 85' lang='lat' dir='ltr'><strong>xu).</strong></span> <span class='ocrx_word' id='word_1_584' title='bbox 730 4757 926 4825; x_wconf 65' lang='lat' dir='ltr'><strong>Qumro</strong></span> <span class='ocrx_word' id='word_1_585' title='bbox 973 4759 1068 4813; x_wconf 91' lang='lat' dir='ltr'><strong>abs</strong></span> <span class='ocrx_word' id='word_1_586' title='bbox 1125 4771 1197 4825; x_wconf 92' lang='lat' dir='ltr'><strong>te,</strong></span> <span class='ocrx_word' id='word_1_587' title='bbox 1251 4760 1464 4815; x_wconf 80' lang='lat' dir='ltr'><strong>Petrum</strong></span> <span class='ocrx_word' id='word_1_588' title='bbox 1505 4763 1812 4817; x_wconf 58' lang='lat' dir='ltr'><strong>haerent-um</strong></span> 
     </span>
    </p>
   </div>
   <div class='ocr_carea' id='block_1_78' title="bbox 214 4847 1815 4924">
    <p class='ocr_par' dir='ltr' id='par_1_78' title="bbox 214 4847 1815 4924">
     <span class='ocr_line' id='line_1_78' title="bbox 214 4847 1815 4924; baseline 0.007 -24"><span class='ocrx_word' id='word_1_589' title='bbox 214 4847 388 4902; x_wconf 81' lang='lat' dir='ltr'><strong>fuisse</strong></span> <span class='ocrx_word' id='word_1_590' title='bbox 415 4858 592 4916; x_wconf 80' lang='lat' dir='ltr'><strong>putas,</strong></span> <span class='ocrx_word' id='word_1_591' title='bbox 621 4865 686 4904; x_wconf 88' lang='lat' dir='ltr'><strong>an</strong></span> <span class='ocrx_word' id='word_1_592' title='bbox 707 4851 1050 4918; x_wconf 86' lang='lat' dir='ltr'><strong>catholicum,</strong></span> <span class='ocrx_word' id='word_1_593' title='bbox 1080 4868 1145 4906; x_wconf 87' lang='lat' dir='ltr'><strong>an</strong></span> <span class='ocrx_word' id='word_1_594' title='bbox 1167 4851 1235 4907; x_wconf 88' lang='lat' dir='ltr'><strong>ab</strong></span> <span class='ocrx_word' id='word_1_595' title='bbox 1262 4851 1451 4908; x_wconf 84' lang='lat' dir='ltr'><strong>haeresi</strong></span> <span class='ocrx_word' id='word_1_596' title='bbox 1482 4864 1666 4924; x_wconf 90' lang='lat' dir='ltr'><strong>postea</strong></span> <span class='ocrx_word' id='word_1_597' title='bbox 1694 4872 1815 4911; x_wconf 79' lang='lat' dir='ltr'><strong>esse</strong></span> 
     </span>
    </p>
   </div>
   <div class='ocr_carea' id='block_1_79' title="bbox 215 4940 1819 5012">
    <p class='ocr_par' dir='ltr' id='par_1_79' title="bbox 215 4940 1819 5012">
     <span class='ocr_line' id='line_1_79' title="bbox 215 4940 1819 5012; baseline 0.006 -19"><span class='ocrx_word' id='word_1_598' title='bbox 215 4950 525 4995; x_wconf 88' lang='lat' dir='ltr'><strong>correctum</strong></span> <span class='ocrx_word' id='word_1_599' title='bbox 547 4941 570 4994; x_wconf 85' lang='lat'><strong>?</strong></span> <span class='ocrx_word' id='word_1_600' title='bbox 591 4940 648 4996; x_wconf 88' lang='lat' dir='ltr'><strong>Si</strong></span> <span class='ocrx_word' id='word_1_601' title='bbox 669 4941 1002 5012; x_wconf 72' lang='lat' dir='ltr'><strong>haereticum,</strong></span> <span class='ocrx_word' id='word_1_602' title='bbox 1032 4944 1336 5000; x_wconf 86' lang='lat' dir='ltr'><strong>nullatenus</strong></span> <span class='ocrx_word' id='word_1_603' title='bbox 1369 4946 1543 5001; x_wconf 89' lang='lat' dir='ltr'><strong>eidem</strong></span> <span class='ocrx_word' id='word_1_604' title='bbox 1576 4963 1819 5002; x_wconf 86' lang='lat' dir='ltr'><strong>commu-</strong></span> 
     </span>
    </p>
   </div>
   <div class='ocr_carea' id='block_1_80' title="bbox 215 5032 1817 5108">
    <p class='ocr_par' dir='ltr' id='par_1_80' title="bbox 215 5032 1817 5108">
     <span class='ocr_line' id='line_1_80' title="bbox 215 5032 1817 5108; baseline 0.007 -23"><span class='ocrx_word' id='word_1_605' title='bbox 215 5033 409 5087; x_wconf 86' lang='lat' dir='ltr'><strong>nicare</strong></span> <span class='ocrx_word' id='word_1_606' title='bbox 437 5032 690 5098; x_wconf 86' lang='lat' dir='ltr'><strong>debuisti,</strong></span> <span class='ocrx_word' id='word_1_607' title='bbox 714 5045 768 5090; x_wconf 92' lang='lat' dir='ltr'><strong>et</strong></span> <span class='ocrx_word' id='word_1_608' title='bbox 796 5037 968 5090; x_wconf 87' lang='lat' dir='ltr'><strong>cidem</strong></span> <span class='ocrx_word' id='word_1_609' title='bbox 997 5039 1465 5108; x_wconf 88' lang='lat' dir='ltr'><strong>communicando,</strong></span> <span class='ocrx_word' id='word_1_610' title='bbox 1500 5040 1738 5096; x_wconf 80' lang='lat' dir='ltr'><strong>haeretici</strong></span> <span class='ocrx_word' id='word_1_611' title='bbox 1767 5052 1817 5096; x_wconf 91' lang='lat' dir='ltr'><strong>te</strong></span> 
     </span>
    </p>
   </div>
   <div class='ocr_carea' id='block_1_81' title="bbox 215 5126 1818 5203">
    <p class='ocr_par' dir='ltr' id='par_1_81' title="bbox 215 5126 1818 5203">
     <span class='ocr_line' id='line_1_81' title="bbox 215 5126 1818 5203; baseline 0.007 -25"><span class='ocrx_word' id='word_1_612' title='bbox 215 5126 574 5181; x_wconf 85' lang='lat' dir='ltr'><strong>manifestum</strong></span> <span class='ocrx_word' id='word_1_613' title='bbox 596 5138 678 5182; x_wconf 82' lang='lat' dir='ltr'><strong>est</strong></span> <span class='ocrx_word' id='word_1_614' title='bbox 705 5128 901 5184; x_wconf 85' lang='lat' dir='ltr'><strong>factum</strong></span> <span class='ocrx_word' id='word_1_615' title='bbox 932 5127 1100 5186; x_wconf 84' lang='lat' dir='ltr'><strong>fuisse</strong></span> <span class='ocrx_word' id='word_1_616' title='bbox 1127 5133 1462 5203; x_wconf 90' lang='lat' dir='ltr'><strong>participem,</strong></span> <span class='ocrx_word' id='word_1_617' title='bbox 1488 5144 1542 5188; x_wconf 91' lang='lat' dir='ltr'><strong>et</strong></span> <span class='ocrx_word' id='word_1_618' title='bbox 1559 5134 1672 5203; x_wconf 75' lang='lat' dir='ltr'><strong>ejus</strong></span> <span class='ocrx_word' id='word_1_619' title='bbox 1697 5150 1818 5189; x_wconf 90' lang='lat' dir='ltr'><strong>con-</strong></span> 
     </span>
    </p>
   </div>
   <div class='ocr_carea' id='block_1_82' title="bbox 215 5225 1820 5302">
    <p class='ocr_par' dir='ltr' id='par_1_82' title="bbox 215 5225 1820 5302">
     <span class='ocr_line' id='line_1_82' title="bbox 215 5225 1820 5302; baseline 0.007 -26"><span class='ocrx_word' id='word_1_620' title='bbox 215 5233 521 5292; x_wconf 83' lang='lat' dir='ltr'><strong>sequenter</strong></span> <span class='ocrx_word' id='word_1_621' title='bbox 577 5240 642 5280; x_wconf 80' lang='lat' dir='ltr'><strong>ex</strong></span> <span class='ocrx_word' id='word_1_622' title='bbox 694 5225 888 5297; x_wconf 89' lang='lat' dir='ltr'><strong>synodi</strong></span> <span class='ocrx_word' id='word_1_623' title='bbox 935 5236 1120 5285; x_wconf 89' lang='lat' dir='ltr'><strong>tenore</strong></span> <span class='ocrx_word' id='word_1_624' title='bbox 1164 5231 1410 5286; x_wconf 89' lang='lat' dir='ltr'><strong>veniente</strong></span> <span class='ocrx_word' id='word_1_625' title='bbox 1479 5230 1820 5302; x_wconf 79' lang='lat' dir='ltr'><strong>damnatione</strong></span> 
     </span>
    </p>
   </div>
   <div class='ocr_carea' id='block_1_83' title="bbox 309 5430 1361 5498">
    <p class='ocr_par' dir='ltr' id='par_1_83' title="bbox 309 5430 1361 5498">
     <span class='ocr_line' id='line_1_83' title="bbox 309 5430 1361 5498; baseline -0.002 -12"><span class='ocrx_word' id='word_1_626' title='bbox 309 5431 322 5460; x_wconf 87' lang='grc'>¹</span> <span class='ocrx_word' id='word_1_627' title='bbox 362 5431 435 5486; x_wconf 77' lang='grc' dir='ltr'>ιιι,</span> <span class='ocrx_word' id='word_1_628' title='bbox 477 5430 623 5495; x_wconf 63' lang='grc' dir='ltr'><strong>ωδ..</strong></span> <span class='ocrx_word' id='word_1_629' title='bbox 653 5446 754 5498; x_wconf 70' lang='lat' dir='ltr'><strong>que</strong></span> <span class='ocrx_word' id='word_1_630' title='bbox 782 5439 829 5488; x_wconf 76' lang='lat' dir='ltr'><strong>et,</strong></span> <span class='ocrx_word' id='word_1_631' title='bbox 850 5430 922 5488; x_wconf 75' lang='lat' dir='ltr'><strong>ita</strong></span> <span class='ocrx_word' id='word_1_632' title='bbox 951 5431 1361 5492; x_wconf 70' lang='lat' dir='ltr'><strong>catmum-iram.</strong></span> 
     </span>
    </p>
   </div>
   <div class='ocr_carea' id='block_1_84' title="bbox 309 5501 1104 5570">
    <p class='ocr_par' dir='ltr' id='par_1_84' title="bbox 309 5501 1104 5570">
     <span class='ocr_line' id='line_1_84' title="bbox 309 5501 1104 5570; baseline 0.004 -17"><span class='ocrx_word' id='word_1_633' title='bbox 309 5503 326 5570; x_wconf 54' lang='grc' dir='ltr'><strong><em>ἲ</em></strong></span> <span class='ocrx_word' id='word_1_634' title='bbox 367 5501 441 5556; x_wconf 84' lang='grc' dir='ltr'><strong>ΙιΙ.</strong></span> <span class='ocrx_word' id='word_1_635' title='bbox 485 5502 634 5570; x_wconf 53' lang='lat' dir='ltr'><strong>cod&quot;</strong></span> <span class='ocrx_word' id='word_1_636' title='bbox 665 5502 754 5557; x_wconf 80' lang='lat' dir='ltr'><strong>sed</strong></span> <span class='ocrx_word' id='word_1_637' title='bbox 775 5511 824 5554; x_wconf 85' lang='lat' dir='ltr'><strong>ut</strong></span> <span class='ocrx_word' id='word_1_638' title='bbox 851 5503 1104 5566; x_wconf 63' lang='lat' dir='ltr'><strong>uideretur</strong></span> 
     </span>
    </p>
   </div>
   <div class='ocr_carea' id='block_1_85' title="bbox 310 5569 887 5640">
    <p class='ocr_par' dir='ltr' id='par_1_85' title="bbox 310 5569 887 5640">
     <span class='ocr_line' id='line_1_85' title="bbox 310 5569 887 5640; baseline 0 -16"><span class='ocrx_word' id='word_1_639' title='bbox 310 5569 330 5600; x_wconf 86' lang='grc'>³</span> <span class='ocrx_word' id='word_1_640' title='bbox 365 5569 439 5626; x_wconf 78' lang='lat' dir='ltr'><strong>Id.</strong></span> <span class='ocrx_word' id='word_1_641' title='bbox 484 5569 632 5635; x_wconf 85' lang='lat' dir='ltr'><strong>Cud.,</strong></span> <span class='ocrx_word' id='word_1_642' title='bbox 660 5575 887 5640; x_wconf 82' lang='lat' dir='ltr'><strong>purgari.</strong></span> 
     </span>
    </p>
   </div>
   <div class='ocr_carea' id='block_1_86' title="bbox 311 5641 948 5711">
    <p class='ocr_par' dir='ltr' id='par_1_86' title="bbox 311 5641 948 5711">
     <span class='ocr_line' id='line_1_86' title="bbox 311 5641 948 5711; baseline 0 -15"><span class='ocrx_word' id='word_1_643' title='bbox 311 5641 329 5670; x_wconf 69' lang='grc'>⁸</span> <span class='ocrx_word' id='word_1_644' title='bbox 367 5642 442 5696; x_wconf 91' lang='lat' dir='ltr'><strong>Id.</strong></span> <span class='ocrx_word' id='word_1_645' title='bbox 484 5643 631 5706; x_wconf 87' lang='lat' dir='ltr'><strong>cod.,</strong></span> <span class='ocrx_word' id='word_1_646' title='bbox 663 5653 948 5711; x_wconf 77' lang='lat' dir='ltr'><strong>purgatum.</strong></span> 
     </span>
    </p>
   </div>
   <div class='ocr_carea' id='block_1_87' title="bbox 313 5713 947 5779">
    <p class='ocr_par' dir='ltr' id='par_1_87' title="bbox 313 5713 947 5779">
     <span class='ocr_line' id='line_1_87' title="bbox 313 5713 947 5779; baseline -0.003 -13"><span class='ocrx_word' id='word_1_647' title='bbox 313 5713 331 5742; x_wconf 85' lang='grc'>³</span> <span class='ocrx_word' id='word_1_648' title='bbox 367 5714 440 5766; x_wconf 90' lang='lat' dir='ltr'><strong>Id.</strong></span> <span class='ocrx_word' id='word_1_649' title='bbox 483 5713 632 5779; x_wconf 86' lang='lat' dir='ltr'><strong>cod.,</strong></span> <span class='ocrx_word' id='word_1_650' title='bbox 677 5722 947 5779; x_wconf 81' lang='lat' dir='ltr'><strong>receptam.</strong></span> 
     </span>
    </p>
   </div>
   <div class='ocr_carea' id='block_1_88' title="bbox 315 5778 1821 5854">
    <p class='ocr_par' dir='ltr' id='par_1_88' title="bbox 315 5778 1821 5854">
     <span class='ocr_line' id='line_1_88' title="bbox 315 5778 1821 5854; baseline 0.001 -16"><span class='ocrx_word' id='word_1_651' title='bbox 315 5784 331 5814; x_wconf 75' lang='grc' dir='ltr'>θ</span> <span class='ocrx_word' id='word_1_652' title='bbox 370 5784 477 5854; x_wconf 80' lang='lat' dir='ltr'><strong>AL,</strong></span> <span class='ocrx_word' id='word_1_653' title='bbox 504 5778 613 5839; x_wconf 79' lang='lat' dir='ltr'><strong>ineo</strong></span> <span class='ocrx_word' id='word_1_654' title='bbox 641 5778 922 5853; x_wconf 72' lang='lat' dir='ltr'><strong>pontificio,</strong></span> <span class='ocrx_word' id='word_1_655' title='bbox 947 5793 997 5837; x_wconf 90' lang='lat' dir='ltr'><strong>ut</strong></span> <span class='ocrx_word' id='word_1_656' title='bbox 1021 5786 1502 5848; x_wconf 67' lang='lat' dir='ltr'><strong>mcqtmettleutiam</strong></span> <span class='ocrx_word' id='word_1_657' title='bbox 1523 5786 1821 5854; x_wconf 72' lang='lat' dir='ltr'><strong>resoluens,</strong></span> 
     </span>
    </p>
   </div>
   <div class='ocr_carea' id='block_1_89' title="bbox 1924 3276 3506 3350">
    <p class='ocr_par' dir='ltr' id='par_1_89' title="bbox 1924 3276 3506 3350">
     <span class='ocr_line' id='line_1_89' title="bbox 1924 3276 3506 3350; baseline -0.004 -13"><span class='ocrx_word' id='word_1_658' title='bbox 1924 3285 1976 3337; x_wconf 90' lang='lat' dir='ltr'><strong>in</strong></span> <span class='ocrx_word' id='word_1_659' title='bbox 2009 3285 2164 3336; x_wconf 86' lang='lat' dir='ltr'><strong>finem</strong></span> <span class='ocrx_word' id='word_1_660' title='bbox 2195 3299 2251 3335; x_wconf 73' lang='lat' dir='ltr'><strong>se</strong></span> <span class='ocrx_word' id='word_1_661' title='bbox 2275 3299 2380 3336; x_wconf 91' lang='lat' dir='ltr'><strong>non</strong></span> <span class='ocrx_word' id='word_1_662' title='bbox 2408 3282 2830 3336; x_wconf 89' lang='lat' dir='ltr'><strong>communicasse</strong></span> <span class='ocrx_word' id='word_1_663' title='bbox 2871 3279 3201 3350; x_wconf 77' lang='lat' dir='ltr'><strong>gloriabatur</strong></span> <span class='ocrx_word' id='word_1_664' title='bbox 3246 3276 3506 3348; x_wconf 76' lang='lat' dir='ltr'><strong>Aeacius?</strong></span> 
     </span>
    </p>
   </div>
   <div class='ocr_carea' id='block_1_90' title="bbox 1923 3372 3510 3444">
    <p class='ocr_par' dir='ltr' id='par_1_90' title="bbox 1923 3372 3510 3444">
     <span class='ocr_line' id='line_1_90' title="bbox 1923 3372 3510 3444; baseline -0.002 -17"><span class='ocrx_word' id='word_1_665' title='bbox 1923 3377 2025 3429; x_wconf 79' lang='lat' dir='ltr'><strong>Sed</strong></span> <span class='ocrx_word' id='word_1_666' title='bbox 2058 3376 2096 3404; x_wconf 68' lang='grc' dir='ltr'><strong>ὀ</strong></span> <span class='ocrx_word' id='word_1_667' title='bbox 2123 3375 2261 3442; x_wconf 89' lang='lat' dir='ltr'><strong>quod</strong></span> <span class='ocrx_word' id='word_1_668' title='bbox 2296 3374 2512 3443; x_wconf 79' lang='lat' dir='ltr'><strong>profuit,</strong></span> <span class='ocrx_word' id='word_1_669' title='bbox 2541 3373 2681 3444; x_wconf 88' lang='lat' dir='ltr'><strong>quod</strong></span> <span class='ocrx_word' id='word_1_670' title='bbox 2732 3373 2806 3427; x_wconf 88' lang='lat' dir='ltr'><strong>illi</strong></span> <span class='ocrx_word' id='word_1_671' title='bbox 2855 3389 2950 3442; x_wconf 86' lang='lat' dir='ltr'><strong>per</strong></span> <span class='ocrx_word' id='word_1_672' title='bbox 2988 3372 3223 3443; x_wconf 89' lang='lat' dir='ltr'><strong>seipsum</strong></span> <span class='ocrx_word' id='word_1_673' title='bbox 3270 3385 3510 3426; x_wconf 81' lang='lat' dir='ltr'><strong>commu-</strong></span> 
     </span>
    </p>
   </div>
   <div class='ocr_carea' id='block_1_91' title="bbox 1925 3461 3509 3532">
    <p class='ocr_par' dir='ltr' id='par_1_91' title="bbox 1925 3461 3509 3532">
     <span class='ocr_line' id='line_1_91' title="bbox 1925 3461 3509 3532; baseline -0.004 -12"><span class='ocrx_word' id='word_1_674' title='bbox 1925 3469 2108 3520; x_wconf 87' lang='lat' dir='ltr'><strong>nicare</strong></span> <span class='ocrx_word' id='word_1_675' title='bbox 2136 3482 2239 3518; x_wconf 92' lang='lat' dir='ltr'><strong>non</strong></span> <span class='ocrx_word' id='word_1_676' title='bbox 2269 3466 2452 3531; x_wconf 89' lang='lat' dir='ltr'><strong>voluit,</strong></span> <span class='ocrx_word' id='word_1_677' title='bbox 2473 3481 2592 3519; x_wconf 91' lang='lat' dir='ltr'><strong>cum</strong></span> <span class='ocrx_word' id='word_1_678' title='bbox 2624 3465 2797 3518; x_wconf 88' lang='lat' dir='ltr'><strong>eidem</strong></span> <span class='ocrx_word' id='word_1_679' title='bbox 2834 3479 2925 3532; x_wconf 91' lang='lat' dir='ltr'><strong>per</strong></span> <span class='ocrx_word' id='word_1_680' title='bbox 2965 3461 3385 3518; x_wconf 81' lang='lat' dir='ltr'><strong>Alexandrinum</strong></span> <span class='ocrx_word' id='word_1_681' title='bbox 3413 3461 3509 3528; x_wconf 79' lang='lat' dir='ltr'><strong>Pe-</strong></span> 
     </span>
    </p>
   </div>
   <div class='ocr_carea' id='block_1_92' title="bbox 1927 3553 3509 3622">
    <p class='ocr_par' dir='ltr' id='par_1_92' title="bbox 1927 3553 3509 3622">
     <span class='ocr_line' id='line_1_92' title="bbox 1927 3553 3509 3622; baseline -0.003 -11"><span class='ocrx_word' id='word_1_682' title='bbox 1927 3569 2065 3611; x_wconf 88' lang='lat' dir='ltr'><strong>trum</strong></span> <span class='ocrx_word' id='word_1_683' title='bbox 2121 3558 2236 3611; x_wconf 87' lang='lat' dir='ltr'><strong>sine</strong></span> <span class='ocrx_word' id='word_1_684' title='bbox 2291 3558 2395 3611; x_wconf 64' lang='lat' dir='ltr'><strong>ulla</strong></span> <span class='ocrx_word' id='word_1_685' title='bbox 2443 3573 2500 3611; x_wconf 84' lang='lat' dir='ltr'><strong>se</strong></span> <span class='ocrx_word' id='word_1_686' title='bbox 2545 3556 2943 3612; x_wconf 87' lang='lat' dir='ltr'><strong>communicare</strong></span> <span class='ocrx_word' id='word_1_687' title='bbox 2995 3563 3207 3622; x_wconf 78' lang='lat' dir='ltr'><strong>putaret</strong></span> <span class='ocrx_word' id='word_1_688' title='bbox 3255 3553 3509 3608; x_wconf 80' lang='lat' dir='ltr'><strong>invidia?</strong></span> 
     </span>
    </p>
   </div>
   <div class='ocr_carea' id='block_1_93' title="bbox 1922 3646 3514 3720">
    <p class='ocr_par' dir='ltr' id='par_1_93' title="bbox 1922 3646 3514 3720">
     <span class='ocr_line' id='line_1_93' title="bbox 1922 3646 3514 3720; baseline -0.001 -19"><span class='ocrx_word' id='word_1_689' title='bbox 1922 3650 2058 3718; x_wconf 82' lang='lat' dir='ltr'><strong>Quid</strong></span> <span class='ocrx_word' id='word_1_690' title='bbox 2093 3651 2315 3706; x_wconf 87' lang='lat' dir='ltr'><strong>facimus</strong></span> <span class='ocrx_word' id='word_1_691' title='bbox 2346 3651 2413 3704; x_wconf 86' lang='lat' dir='ltr'><strong>de</strong></span> <span class='ocrx_word' id='word_1_692' title='bbox 2443 3659 2517 3703; x_wconf 90' lang='lat' dir='ltr'><strong>tot</strong></span> <span class='ocrx_word' id='word_1_693' title='bbox 2551 3650 2818 3720; x_wconf 87' lang='lat' dir='ltr'><strong>tantisque</strong></span> <span class='ocrx_word' id='word_1_694' title='bbox 2857 3647 3187 3720; x_wconf 85' lang='lat' dir='ltr'><strong>civitatibus,</strong></span> <span class='ocrx_word' id='word_1_695' title='bbox 3235 3661 3296 3714; x_wconf 81' lang='lat' dir='ltr'><strong>ex</strong></span> <span class='ocrx_word' id='word_1_696' title='bbox 3321 3646 3514 3718; x_wconf 67' lang='lat' dir='ltr'><strong>quibus</strong></span> 
     </span>
    </p>
   </div>
   <div class='ocr_carea' id='block_1_94' title="bbox 1919 3737 3512 3811">
    <p class='ocr_par' dir='ltr' id='par_1_94' title="bbox 1919 3737 3512 3811">
     <span class='ocr_line' id='line_1_94' title="bbox 1919 3737 3512 3811; baseline -0.001 -13"><span class='ocrx_word' id='word_1_697' title='bbox 1919 3743 2171 3804; x_wconf 86' lang='lat' dir='ltr'><strong>catholici</strong></span> <span class='ocrx_word' id='word_1_698' title='bbox 2206 3743 2484 3810; x_wconf 85' lang='lat' dir='ltr'><strong>pontifices</strong></span> <span class='ocrx_word' id='word_1_699' title='bbox 2517 3741 2906 3811; x_wconf 83' lang='lat' dir='ltr'><strong>suntrepulsi?</strong></span> <span class='ocrx_word' id='word_1_700' title='bbox 2944 3739 2999 3795; x_wconf 90' lang='lat' dir='ltr'><strong>Si</strong></span> <span class='ocrx_word' id='word_1_701' title='bbox 3041 3739 3289 3796; x_wconf 88' lang='lat' dir='ltr'><strong>catholici</strong></span> <span class='ocrx_word' id='word_1_702' title='bbox 3322 3737 3512 3796; x_wconf 86' lang='lat' dir='ltr'><strong>subro-</strong></span> 
     </span>
    </p>
   </div>
   <div class='ocr_carea' id='block_1_95' title="bbox 1917 3829 3512 3910">
    <p class='ocr_par' dir='ltr' id='par_1_95' title="bbox 1917 3829 3512 3910">
     <span class='ocr_line' id='line_1_95' title="bbox 1917 3829 3512 3910; baseline -0.005 -19"><span class='ocrx_word' id='word_1_703' title='bbox 1917 3838 2025 3908; x_wconf 78' lang='lat' dir='ltr'><strong>gati</strong></span> <span class='ocrx_word' id='word_1_704' title='bbox 2057 3846 2206 3902; x_wconf 87' lang='lat' dir='ltr'><strong>sunt,</strong></span> <span class='ocrx_word' id='word_1_705' title='bbox 2238 3851 2332 3889; x_wconf 91' lang='lat' dir='ltr'><strong>cur</strong></span> <span class='ocrx_word' id='word_1_706' title='bbox 2355 3835 2602 3896; x_wconf 86' lang='lat' dir='ltr'><strong>catholici</strong></span> <span class='ocrx_word' id='word_1_707' title='bbox 2629 3842 2754 3910; x_wconf 87' lang='lat' dir='ltr'><strong>sunt</strong></span> <span class='ocrx_word' id='word_1_708' title='bbox 2808 3830 3032 3903; x_wconf 80' lang='lat' dir='ltr'><strong>rejeCti?</strong></span> <span class='ocrx_word' id='word_1_709' title='bbox 3083 3829 3188 3886; x_wconf 89' lang='lat' dir='ltr'><strong>Sed</strong></span> <span class='ocrx_word' id='word_1_710' title='bbox 3237 3829 3512 3902; x_wconf 86' lang='lat' dir='ltr'><strong>evidenter</strong></span> 
     </span>
    </p>
   </div>
   <div class='ocr_carea' id='block_1_96' title="bbox 1917 3923 3509 4006">
    <p class='ocr_par' dir='ltr' id='par_1_96' title="bbox 1917 3923 3509 4006">
     <span class='ocr_line' id='line_1_96' title="bbox 1917 3923 3509 4006; baseline -0.006 -18"><span class='ocrx_word' id='word_1_711' title='bbox 1917 3942 2162 4006; x_wconf 86' lang='lat' dir='ltr'><strong>apparet,</strong></span> <span class='ocrx_word' id='word_1_712' title='bbox 2182 3933 2304 4004; x_wconf 86' lang='lat' dir='ltr'><strong>quia</strong></span> <span class='ocrx_word' id='word_1_713' title='bbox 2333 3947 2451 3985; x_wconf 90' lang='lat' dir='ltr'><strong>cum</strong></span> <span class='ocrx_word' id='word_1_714' title='bbox 2470 3930 2715 3984; x_wconf 89' lang='lat' dir='ltr'><strong>catholici</strong></span> <span class='ocrx_word' id='word_1_715' title='bbox 2743 3937 2868 3980; x_wconf 90' lang='lat' dir='ltr'><strong>sunt</strong></span> <span class='ocrx_word' id='word_1_716' title='bbox 2894 3926 3103 3994; x_wconf 83' lang='lat' dir='ltr'><strong>rejecti,</strong></span> <span class='ocrx_word' id='word_1_717' title='bbox 3136 3941 3240 3979; x_wconf 91' lang='lat' dir='ltr'><strong>non</strong></span> <span class='ocrx_word' id='word_1_718' title='bbox 3256 3923 3509 3990; x_wconf 71' lang='lat' dir='ltr'><strong>catholici</strong></span> 
     </span>
    </p>
   </div>
   <div class='ocr_carea' id='block_1_97' title="bbox 1919 4019 3512 4095">
    <p class='ocr_par' dir='ltr' id='par_1_97' title="bbox 1919 4019 3512 4095">
     <span class='ocr_line' id='line_1_97' title="bbox 1919 4019 3512 4095; baseline -0.006 -15"><span class='ocrx_word' id='word_1_719' title='bbox 1919 4038 2044 4081; x_wconf 87' lang='lat' dir='ltr'><strong>sunt</strong></span> <span class='ocrx_word' id='word_1_720' title='bbox 2073 4027 2368 4095; x_wconf 81' lang='lat' dir='ltr'><strong>subrogati.</strong></span> <span class='ocrx_word' id='word_1_721' title='bbox 2405 4026 2593 4079; x_wconf 77' lang='lat' dir='ltr'><strong>Restat</strong></span> <span class='ocrx_word' id='word_1_722' title='bbox 2615 4033 2668 4076; x_wconf 92' lang='lat' dir='ltr'><strong>ut</strong></span> <span class='ocrx_word' id='word_1_723' title='bbox 2702 4021 2980 4090; x_wconf 88' lang='lat' dir='ltr'><strong>catholicis</strong></span> <span class='ocrx_word' id='word_1_724' title='bbox 3027 4019 3267 4084; x_wconf 69' lang='lat' dir='ltr'><strong>hrcretici</strong></span> <span class='ocrx_word' id='word_1_725' title='bbox 3293 4019 3512 4090; x_wconf 87' lang='lat' dir='ltr'><strong>quicun-</strong></span> 
     </span>
    </p>
   </div>
   <div class='ocr_carea' id='block_1_98' title="bbox 1919 4109 3512 4188">
    <p class='ocr_par' dir='ltr' id='par_1_98' title="bbox 1919 4109 3512 4188">
     <span class='ocr_line' id='line_1_98' title="bbox 1919 4109 3512 4188; baseline -0.007 -18"><span class='ocrx_word' id='word_1_726' title='bbox 1919 4136 2022 4188; x_wconf 87' lang='lat' dir='ltr'><strong>que</strong></span> <span class='ocrx_word' id='word_1_727' title='bbox 2049 4117 2433 4174; x_wconf 83' lang='lat' dir='ltr'><strong>successerint.</strong></span> <span class='ocrx_word' id='word_1_728' title='bbox 2462 4117 2571 4169; x_wconf 84' lang='lat' dir='ltr'><strong>Cur</strong></span> <span class='ocrx_word' id='word_1_729' title='bbox 2593 4119 2670 4170; x_wconf 88' lang='lat' dir='ltr'><strong>cis</strong></span> <span class='ocrx_word' id='word_1_730' title='bbox 2699 4123 2900 4170; x_wconf 86' lang='lat' dir='ltr'><strong>temere</strong></span> <span class='ocrx_word' id='word_1_731' title='bbox 2925 4109 3390 4178; x_wconf 74' lang='lat' dir='ltr'><strong>communicastis?</strong></span> <span class='ocrx_word' id='word_1_732' title='bbox 3419 4123 3512 4162; x_wconf 90' lang='lat' dir='ltr'><strong>cur</strong></span> 
     </span>
    </p>
   </div>
   <div class='ocr_carea' id='block_1_99' title="bbox 1923 4197 3514 4274">
    <p class='ocr_par' dir='ltr' id='par_1_99' title="bbox 1923 4197 3514 4274">
     <span class='ocr_line' id='line_1_99' title="bbox 1923 4197 3514 4274; baseline -0.006 -12"><span class='ocrx_word' id='word_1_733' title='bbox 1923 4227 2051 4274; x_wconf 87' lang='lat' dir='ltr'><strong>non,</strong></span> <span class='ocrx_word' id='word_1_734' title='bbox 2085 4223 2134 4264; x_wconf 84' lang='grc' dir='ltr'><strong>ιιι</strong></span> <span class='ocrx_word' id='word_1_735' title='bbox 2172 4211 2269 4262; x_wconf 87' lang='lat' dir='ltr'><strong>ista</strong></span> <span class='ocrx_word' id='word_1_736' title='bbox 2304 4223 2438 4261; x_wconf 87' lang='lat' dir='ltr'><strong>nova</strong></span> <span class='ocrx_word' id='word_1_737' title='bbox 2472 4206 2638 4259; x_wconf 86' lang='lat' dir='ltr'><strong>facies</strong></span> <span class='ocrx_word' id='word_1_738' title='bbox 2661 4221 2860 4268; x_wconf 91' lang='lat' dir='ltr'><strong>rerum,</strong></span> <span class='ocrx_word' id='word_1_739' title='bbox 2909 4214 2963 4258; x_wconf 91' lang='lat' dir='ltr'><strong>et</strong></span> <span class='ocrx_word' id='word_1_740' title='bbox 2998 4211 3139 4268; x_wconf 82' lang='lat' dir='ltr'><strong>tanta</strong></span> <span class='ocrx_word' id='word_1_741' title='bbox 3167 4197 3514 4272; x_wconf 63' lang='lat' dir='ltr'><strong>tragmdiade</strong></span> 
     </span>
    </p>
   </div>
   <div class='ocr_carea' id='block_1_100' title="bbox 1921 4290 3514 4372">
    <p class='ocr_par' dir='ltr' id='par_1_100' title="bbox 1921 4290 3514 4372">
     <span class='ocr_line' id='line_1_100' title="bbox 1921 4290 3514 4372; baseline -0.007 -17"><span class='ocrx_word' id='word_1_742' title='bbox 1921 4301 2233 4372; x_wconf 89' lang='lat' dir='ltr'><strong>pontificum</strong></span> <span class='ocrx_word' id='word_1_743' title='bbox 2256 4300 2604 4353; x_wconf 90' lang='lat' dir='ltr'><strong>successione</strong></span> <span class='ocrx_word' id='word_1_744' title='bbox 2639 4295 2927 4350; x_wconf 78' lang='lat' dir='ltr'><strong>viventium</strong></span> <span class='ocrx_word' id='word_1_745' title='bbox 2971 4309 3004 4368; x_wconf 54' lang='grc' dir='ltr'><strong><em>λ</em></strong></span> <span class='ocrx_word' id='word_1_746' title='bbox 3029 4292 3234 4364; x_wconf 80' lang='lat' dir='ltr'><strong>synodo</strong></span> <span class='ocrx_word' id='word_1_747' title='bbox 3282 4290 3514 4346; x_wconf 77' lang='lat' dir='ltr'><strong>discute~</strong></span> 
     </span>
    </p>
   </div>
   <div class='ocr_carea' id='block_1_101' title="bbox 1921 4380 3512 4464">
    <p class='ocr_par' dir='ltr' id='par_1_101' title="bbox 1921 4380 3512 4464">
     <span class='ocr_line' id='line_1_101' title="bbox 1921 4380 3512 4464; baseline -0.009 -14"><span class='ocrx_word' id='word_1_748' title='bbox 1921 4411 2069 4454; x_wconf 75' lang='lat' dir='ltr'><strong>rcmr</strong></span> <span class='ocrx_word' id='word_1_749' title='bbox 2100 4394 2330 4464; x_wconf 81' lang='lat' dir='ltr'><strong>egistis?</strong></span> <span class='ocrx_word' id='word_1_750' title='bbox 2358 4392 2438 4446; x_wconf 85' lang='lat' dir='ltr'><strong>An</strong></span> <span class='ocrx_word' id='word_1_751' title='bbox 2463 4391 2530 4444; x_wconf 89' lang='lat' dir='ltr'><strong>de</strong></span> <span class='ocrx_word' id='word_1_752' title='bbox 2559 4405 2664 4443; x_wconf 91' lang='lat' dir='ltr'><strong>uno</strong></span> <span class='ocrx_word' id='word_1_753' title='bbox 2693 4389 2835 4442; x_wconf 88' lang='lat' dir='ltr'><strong>dolet</strong></span> <span class='ocrx_word' id='word_1_754' title='bbox 2861 4385 3076 4458; x_wconf 69' lang='lat' dir='ltr'><strong>Acacio,</strong></span> <span class='ocrx_word' id='word_1_755' title='bbox 3123 4383 3262 4457; x_wconf 77' lang='lat' dir='ltr'><strong>quod</strong></span> <span class='ocrx_word' id='word_1_756' title='bbox 3295 4380 3512 4454; x_wconf 74' lang='lat' dir='ltr'><strong>speciali</strong></span> 
     </span>
    </p>
   </div>
   <div class='ocr_carea' id='block_1_102' title="bbox 1919 4475 3513 4559">
    <p class='ocr_par' dir='ltr' id='par_1_102' title="bbox 1919 4475 3513 4559">
     <span class='ocr_line' id='line_1_102' title="bbox 1919 4475 3513 4559; baseline -0.009 -17"><span class='ocrx_word' id='word_1_757' title='bbox 1919 4487 2126 4559; x_wconf 88' lang='lat' dir='ltr'><strong>synodo</strong></span> <span class='ocrx_word' id='word_1_758' title='bbox 2158 4500 2263 4540; x_wconf 92' lang='lat' dir='ltr'><strong>non</strong></span> <span class='ocrx_word' id='word_1_759' title='bbox 2297 4484 2455 4538; x_wconf 87' lang='lat' dir='ltr'><strong>fuerit</strong></span> <span class='ocrx_word' id='word_1_760' title='bbox 2476 4481 2802 4548; x_wconf 85' lang='lat' dir='ltr'><strong>confutatus,</strong></span> <span class='ocrx_word' id='word_1_761' title='bbox 2836 4495 2956 4544; x_wconf 86' lang='lat' dir='ltr'><strong>cum</strong></span> <span class='ocrx_word' id='word_1_762' title='bbox 3005 4476 3280 4548; x_wconf 86' lang='lat' dir='ltr'><strong>proprium</strong></span> <span class='ocrx_word' id='word_1_763' title='bbox 3308 4475 3513 4538; x_wconf 82' lang='lat' dir='ltr'><strong>crimen</strong></span> 
     </span>
    </p>
   </div>
   <div class='ocr_carea' id='block_1_103' title="bbox 1921 4565 3513 4648">
    <p class='ocr_par' dir='ltr' id='par_1_103' title="bbox 1921 4565 3513 4648">
     <span class='ocr_line' id='line_1_103' title="bbox 1921 4565 3513 4648; baseline -0.01 -13"><span class='ocrx_word' id='word_1_764' title='bbox 1921 4579 2246 4635; x_wconf 78' lang='lat' dir='ltr'><strong>suislitteris</strong></span> <span class='ocrx_word' id='word_1_765' title='bbox 2276 4579 2390 4648; x_wconf 86' lang='lat' dir='ltr'><strong>ipse</strong></span> <span class='ocrx_word' id='word_1_766' title='bbox 2424 4576 2688 4631; x_wconf 77' lang='lat' dir='ltr'><strong>detexerit</strong></span> <span class='ocrx_word' id='word_1_767' title='bbox 2714 4617 2727 4642; x_wconf 93' lang='lat'><strong>,</strong></span> <span class='ocrx_word' id='word_1_768' title='bbox 2766 4588 2863 4628; x_wconf 87' lang='lat' dir='ltr'><strong>nec</strong></span> <span class='ocrx_word' id='word_1_769' title='bbox 2910 4571 3079 4632; x_wconf 86' lang='lat' dir='ltr'><strong>audiri</strong></span> <span class='ocrx_word' id='word_1_770' title='bbox 3132 4568 3377 4632; x_wconf 84' lang='lat' dir='ltr'><strong>debuerit</strong></span> <span class='ocrx_word' id='word_1_771' title='bbox 3401 4565 3513 4636; x_wconf 92' lang='lat' dir='ltr'><strong>jam</strong></span> 
     </span>
    </p>
   </div>
   <div class='ocr_carea' id='block_1_104' title="bbox 1922 4658 3518 4742">
    <p class='ocr_par' dir='ltr' id='par_1_104' title="bbox 1922 4658 3518 4742">
     <span class='ocr_line' id='line_1_104' title="bbox 1922 4658 3518 4742; baseline -0.008 -15"><span class='ocrx_word' id='word_1_772' title='bbox 1922 4682 2114 4742; x_wconf 88' lang='lat' dir='ltr'><strong>sponte</strong></span> <span class='ocrx_word' id='word_1_773' title='bbox 2146 4670 2426 4725; x_wconf 72' lang='lat' dir='ltr'><strong>confossus</strong></span> <span class='ocrx_word' id='word_1_774' title='bbox 2453 4685 2466 4732; x_wconf 90' lang='lat'><strong>;</strong></span> <span class='ocrx_word' id='word_1_775' title='bbox 2497 4681 2542 4721; x_wconf 87' lang='lat' dir='ltr'><strong>el</strong></span> <span class='ocrx_word' id='word_1_776' title='bbox 2575 4667 2640 4721; x_wconf 89' lang='lat' dir='ltr'><strong>de</strong></span> <span class='ocrx_word' id='word_1_777' title='bbox 2672 4667 2832 4720; x_wconf 91' lang='lat' dir='ltr'><strong>tantis</strong></span> <span class='ocrx_word' id='word_1_778' title='bbox 2866 4661 3216 4735; x_wconf 84' lang='lat' dir='ltr'><strong>pontificibus</strong></span> <span class='ocrx_word' id='word_1_779' title='bbox 3237 4658 3518 4728; x_wconf 71' lang='lat' dir='ltr'><strong>catholicis</strong></span> 
     </span>
    </p>
   </div>
   <div class='ocr_carea' id='block_1_105' title="bbox 1927 4751 3511 4826">
    <p class='ocr_par' dir='ltr' id='par_1_105' title="bbox 1927 4751 3511 4826">
     <span class='ocr_line' id='line_1_105' title="bbox 1927 4751 3511 4826; baseline -0.008 -8"><span class='ocrx_word' id='word_1_780' title='bbox 1927 4781 2032 4820; x_wconf 90' lang='lat' dir='ltr'><strong>non</strong></span> <span class='ocrx_word' id='word_1_781' title='bbox 2063 4764 2206 4817; x_wconf 91' lang='lat' dir='ltr'><strong>dolet</strong></span> <span class='ocrx_word' id='word_1_782' title='bbox 2236 4763 2352 4826; x_wconf 84' lang='lat' dir='ltr'><strong>sine</strong></span> <span class='ocrx_word' id='word_1_783' title='bbox 2386 4761 2488 4814; x_wconf 90' lang='lat' dir='ltr'><strong>ulla</strong></span> <span class='ocrx_word' id='word_1_784' title='bbox 2513 4760 2848 4814; x_wconf 89' lang='lat' dir='ltr'><strong>discussione</strong></span> <span class='ocrx_word' id='word_1_785' title='bbox 2873 4757 3098 4824; x_wconf 82' lang='lat' dir='ltr'><strong>seclusis</strong></span> <span class='ocrx_word' id='word_1_786' title='bbox 3125 4755 3146 4807; x_wconf 70' lang='grc' dir='ltr'><strong>’ἓ</strong></span> <span class='ocrx_word' id='word_1_787' title='bbox 3171 4753 3270 4820; x_wconf 81' lang='lat' dir='ltr'><strong>Qui</strong></span> <span class='ocrx_word' id='word_1_788' title='bbox 3293 4751 3475 4819; x_wconf 87' lang='lat' dir='ltr'><strong>utique</strong></span> <span class='ocrx_word' id='word_1_789' title='bbox 3496 4793 3511 4819; x_wconf 92' lang='lat'><strong>,</strong></span> 
     </span>
    </p>
   </div>
   <div class='ocr_carea' id='block_1_106' title="bbox 1928 4844 3512 4921">
    <p class='ocr_par' dir='ltr' id='par_1_106' title="bbox 1928 4844 3512 4921">
     <span class='ocr_line' id='line_1_106' title="bbox 1928 4844 3512 4921; baseline -0.009 -10"><span class='ocrx_word' id='word_1_790' title='bbox 1928 4858 1972 4912; x_wconf 88' lang='lat' dir='ltr'><strong>si</strong></span> <span class='ocrx_word' id='word_1_791' title='bbox 2005 4856 2299 4910; x_wconf 90' lang='lat' dir='ltr'><strong>catholicos</strong></span> <span class='ocrx_word' id='word_1_792' title='bbox 2331 4861 2550 4906; x_wconf 89' lang='lat' dir='ltr'><strong>nossent</strong></span> <span class='ocrx_word' id='word_1_793' title='bbox 2587 4867 2679 4908; x_wconf 89' lang='lat' dir='ltr'><strong>eos</strong></span> <span class='ocrx_word' id='word_1_794' title='bbox 2701 4866 2926 4921; x_wconf 88' lang='lat' dir='ltr'><strong>quorum</strong></span> <span class='ocrx_word' id='word_1_795' title='bbox 2973 4846 3408 4920; x_wconf 89' lang='lat' dir='ltr'><strong>communionem</strong></span> <span class='ocrx_word' id='word_1_796' title='bbox 3438 4844 3512 4897; x_wconf 87' lang='lat' dir='ltr'><strong>vi-</strong></span> 
     </span>
    </p>
   </div>
   <div class='ocr_carea' id='block_1_107' title="bbox 1929 4943 3514 5017">
    <p class='ocr_par' dir='ltr' id='par_1_107' title="bbox 1929 4943 3514 5017">
     <span class='ocr_line' id='line_1_107' title="bbox 1929 4943 3514 5017; baseline -0.009 -12"><span class='ocrx_word' id='word_1_797' title='bbox 1929 4957 2190 5011; x_wconf 88' lang='lat' dir='ltr'><strong>taverant,</strong></span> <span class='ocrx_word' id='word_1_798' title='bbox 2226 4948 2308 5000; x_wconf 93' lang='lat' dir='ltr'><strong>bis</strong></span> <span class='ocrx_word' id='word_1_799' title='bbox 2334 4948 2511 5017; x_wconf 88' lang='lat' dir='ltr'><strong>potius</strong></span> <span class='ocrx_word' id='word_1_800' title='bbox 2558 4945 2956 5014; x_wconf 84' lang='lat' dir='ltr'><strong>comnmnicare</strong></span> <span class='ocrx_word' id='word_1_801' title='bbox 2990 4943 3320 5005; x_wconf 86' lang='lat' dir='ltr'><strong>maluissent,</strong></span> <span class='ocrx_word' id='word_1_802' title='bbox 3357 4954 3514 5008; x_wconf 89' lang='lat' dir='ltr'><strong>quam</strong></span> 
     </span>
    </p>
   </div>
   <div class='ocr_carea' id='block_1_108' title="bbox 1928 5029 3512 5108">
    <p class='ocr_par' dir='ltr' id='par_1_108' title="bbox 1928 5029 3512 5108">
     <span class='ocr_line' id='line_1_108' title="bbox 1928 5029 3512 5108; baseline -0.01 -10"><span class='ocrx_word' id='word_1_803' title='bbox 1928 5060 2035 5099; x_wconf 91' lang='lat' dir='ltr'><strong>non</strong></span> <span class='ocrx_word' id='word_1_804' title='bbox 2066 5041 2526 5098; x_wconf 88' lang='lat' dir='ltr'><strong>communicantes</strong></span> <span class='ocrx_word' id='word_1_805' title='bbox 2571 5039 2653 5108; x_wconf 84' lang='lat' dir='ltr'><strong>cis</strong></span> <span class='ocrx_word' id='word_1_806' title='bbox 2704 5038 2836 5091; x_wconf 89' lang='lat' dir='ltr'><strong>dura</strong></span> <span class='ocrx_word' id='word_1_807' title='bbox 2883 5036 3253 5105; x_wconf 75' lang='lat' dir='ltr'><strong>persecutione</strong></span> <span class='ocrx_word' id='word_1_808' title='bbox 3296 5029 3512 5101; x_wconf 89' lang='lat' dir='ltr'><strong>depelli.</strong></span> 
     </span>
    </p>
   </div>
   <div class='ocr_carea' id='block_1_109' title="bbox 1930 5126 3512 5195">
    <p class='ocr_par' dir='ltr' id='par_1_109' title="bbox 1930 5126 3512 5195">
     <span class='ocr_line' id='line_1_109' title="bbox 1930 5126 3512 5195; baseline -0.014 -1"><span class='ocrx_word' id='word_1_809' title='bbox 1930 5141 2068 5194; x_wconf 88' lang='lat' dir='ltr'><strong>Ecce</strong></span> <span class='ocrx_word' id='word_1_810' title='bbox 2102 5136 2235 5193; x_wconf 88' lang='lat' dir='ltr'><strong>tanti</strong></span> <span class='ocrx_word' id='word_1_811' title='bbox 2276 5132 2527 5189; x_wconf 89' lang='lat' dir='ltr'><strong>catholici</strong></span> <span class='ocrx_word' id='word_1_812' title='bbox 2557 5131 2869 5186; x_wconf 88' lang='lat' dir='ltr'><strong>sacerdotes</strong></span> <span class='ocrx_word' id='word_1_813' title='bbox 2895 5129 2995 5182; x_wconf 89' lang='lat' dir='ltr'><strong>hoc</strong></span> <span class='ocrx_word' id='word_1_814' title='bbox 3017 5127 3132 5195; x_wconf 86' lang='lat' dir='ltr'><strong>ipso</strong></span> <span class='ocrx_word' id='word_1_815' title='bbox 3170 5140 3229 5180; x_wconf 92' lang='lat' dir='ltr'><strong>se</strong></span> <span class='ocrx_word' id='word_1_816' title='bbox 3261 5126 3512 5183; x_wconf 88' lang='lat' dir='ltr'><strong>indicant,</strong></span> 
     </span>
    </p>
   </div>
   <div class='ocr_carea' id='block_1_110' title="bbox 1932 5220 3514 5302">
    <p class='ocr_par' dir='ltr' id='par_1_110' title="bbox 1932 5220 3514 5302">
     <span class='ocr_line' id='line_1_110' title="bbox 1932 5220 3514 5302; baseline -0.013 -15"><span class='ocrx_word' id='word_1_817' title='bbox 1932 5231 2059 5302; x_wconf 89' lang='lat' dir='ltr'><strong>quid</strong></span> <span class='ocrx_word' id='word_1_818' title='bbox 2084 5228 2384 5300; x_wconf 89' lang='lat' dir='ltr'><strong>apostolica</strong></span> <span class='ocrx_word' id='word_1_819' title='bbox 2409 5225 2566 5281; x_wconf 88' lang='lat' dir='ltr'><strong>sedes</strong></span> <span class='ocrx_word' id='word_1_820' title='bbox 2597 5222 2867 5294; x_wconf 82' lang='lat' dir='ltr'><strong>censuerit</strong></span> <span class='ocrx_word' id='word_1_821' title='bbox 2895 5220 3239 5294; x_wconf 77' lang='lat' dir='ltr'><strong>cognovisse,</strong></span> <span class='ocrx_word' id='word_1_822' title='bbox 3270 5224 3514 5270; x_wconf 85' lang='lat' dir='ltr'><strong>constan.</strong></span> 
     </span>
    </p>
   </div>
   <div class='ocr_carea' id='block_1_111' title="bbox 1928 5424 3047 5503">
    <p class='ocr_par' dir='ltr' id='par_1_111' title="bbox 1928 5424 3047 5503">
     <span class='ocr_line' id='line_1_111' title="bbox 1928 5424 3047 5503; baseline -0.013 -19"><span class='ocrx_word' id='word_1_823' title='bbox 1928 5434 2143 5503; x_wconf 63' lang='lat' dir='ltr'><strong>justth</strong></span> <span class='ocrx_word' id='word_1_824' title='bbox 2177 5427 2406 5503; x_wconf 53' lang='lat' dir='ltr'><strong>Italicum,</strong></span> <span class='ocrx_word' id='word_1_825' title='bbox 2446 5424 2716 5503; x_wconf 42' lang='lat' dir='ltr'><strong>Lanaeus.</strong></span> <span class='ocrx_word' id='word_1_826' title='bbox 2909 5490 2920 5503; x_wconf 42' lang='grc'><strong><em>⁸</em></strong></span> <span class='ocrx_word' id='word_1_827' title='bbox 3038 5487 3047 5498; x_wconf 40' lang='grc'>.</span> 
     </span>
    </p>
   </div>
   <div class='ocr_carea' id='block_1_112' title="bbox 2007 5490 3517 5563">
    <p class='ocr_par' dir='ltr' id='par_1_112' title="bbox 2007 5490 3517 5563">
     <span class='ocr_line' id='line_1_112' title="bbox 2007 5490 3517 5563; baseline -0.011 -10"><span class='ocrx_word' id='word_1_828' title='bbox 2007 5502 2025 5532; x_wconf 83' lang='grc'><strong>⁷</strong></span> <span class='ocrx_word' id='word_1_829' title='bbox 2070 5500 2180 5563; x_wconf 82' lang='lat' dir='ltr'><strong>AL,</strong></span> <span class='ocrx_word' id='word_1_830' title='bbox 2208 5495 2483 5552; x_wconf 70' lang='lat' dir='ltr'><strong>auctoritas</strong></span> <span class='ocrx_word' id='word_1_831' title='bbox 2513 5511 2529 5548; x_wconf 91' lang='lat'><strong><em>:</em></strong></span> <span class='ocrx_word' id='word_1_832' title='bbox 2555 5502 2601 5548; x_wconf 80' lang='lat' dir='ltr'><strong>et</strong></span> <span class='ocrx_word' id='word_1_833' title='bbox 2627 5493 2670 5546; x_wconf 77' lang='lat' dir='ltr'><strong>si</strong></span> <span class='ocrx_word' id='word_1_834' title='bbox 2697 5491 2806 5545; x_wconf 70' lang='lat' dir='ltr'><strong>hate</strong></span> <span class='ocrx_word' id='word_1_835' title='bbox 2844 5490 2953 5544; x_wconf 80' lang='lat' dir='ltr'><strong>sola</strong></span> <span class='ocrx_word' id='word_1_836' title='bbox 3005 5490 3127 5546; x_wconf 80' lang='lat' dir='ltr'><strong>sint,</strong></span> <span class='ocrx_word' id='word_1_837' title='bbox 3178 5497 3394 5548; x_wconf 70' lang='lat' dir='ltr'><strong>prorsus-</strong></span> <span class='ocrx_word' id='word_1_838' title='bbox 3417 5492 3517 5536; x_wconf 82' lang='lat' dir='ltr'><strong>tota</strong></span> 
     </span>
    </p>
   </div>
   <div class='ocr_carea' id='block_1_113' title="bbox 1935 5571 2214 5626">
    <p class='ocr_par' dir='ltr' id='par_1_113' title="bbox 1935 5571 2214 5626">
     <span class='ocr_line' id='line_1_113' title="bbox 1935 5571 2214 5626; baseline -0.014 -1"><span class='ocrx_word' id='word_1_839' title='bbox 1935 5571 2214 5626; x_wconf 79' lang='lat' dir='ltr'><strong>subruitur.</strong></span> 
     </span>
    </p>
   </div>
   <div class='ocr_carea' id='block_1_114' title="bbox 2010 5632 2888 5703">
    <p class='ocr_par' dir='ltr' id='par_1_114' title="bbox 2010 5632 2888 5703">
     <span class='ocr_line' id='line_1_114' title="bbox 2010 5632 2888 5703; baseline -0.016 -8"><span class='ocrx_word' id='word_1_840' title='bbox 2010 5644 2031 5675; x_wconf 76' lang='grc'><strong>⁸</strong></span> <span class='ocrx_word' id='word_1_841' title='bbox 2069 5641 2201 5694; x_wconf 84' lang='lat' dir='ltr'><strong>Cod.</strong></span> <span class='ocrx_word' id='word_1_842' title='bbox 2226 5639 2452 5703; x_wconf 76' lang='lat' dir='ltr'><strong>Veron.,</strong></span> <span class='ocrx_word' id='word_1_843' title='bbox 2485 5637 2573 5690; x_wconf 75' lang='lat' dir='ltr'><strong>sed</strong></span> <span class='ocrx_word' id='word_1_844' title='bbox 2591 5632 2888 5688; x_wconf 83' lang='lat' dir='ltr'><strong>adducitur.</strong></span> 
     </span>
    </p>
   </div>
   <div class='ocr_carea' id='block_1_115' title="bbox 2009 5711 2641 5776">
    <p class='ocr_par' dir='ltr' id='par_1_115' title="bbox 2009 5711 2641 5776">
     <span class='ocr_line' id='line_1_115' title="bbox 2009 5711 2641 5776; baseline -0.011 -12"><span class='ocrx_word' id='word_1_845' title='bbox 2009 5715 2027 5745; x_wconf 81' lang='grc'>⁰</span> <span class='ocrx_word' id='word_1_846' title='bbox 2070 5713 2144 5765; x_wconf 92' lang='lat' dir='ltr'><strong>Id.</strong></span> <span class='ocrx_word' id='word_1_847' title='bbox 2186 5711 2446 5776; x_wconf 85' lang='lat' dir='ltr'><strong>cod.,cur</strong></span> <span class='ocrx_word' id='word_1_848' title='bbox 2468 5722 2641 5774; x_wconf 83' lang='lat' dir='ltr'><strong>usque.</strong></span> 
     </span>
    </p>
   </div>
   <div class='ocr_carea' id='block_1_116' title="bbox 2012 5775 2773 5850">
    <p class='ocr_par' dir='ltr' id='par_1_116' title="bbox 2012 5775 2773 5850">
     <span class='ocr_line' id='line_1_116' title="bbox 2012 5775 2773 5850; baseline -0.021 -10"><span class='ocrx_word' id='word_1_849' title='bbox 2012 5783 2052 5814; x_wconf 84' lang='grc'><strong>¹⁰</strong></span> <span class='ocrx_word' id='word_1_850' title='bbox 2093 5783 2167 5838; x_wconf 89' lang='lat' dir='ltr'><strong>Id.</strong></span> <span class='ocrx_word' id='word_1_851' title='bbox 2211 5775 2356 5848; x_wconf 85' lang='lat' dir='ltr'><strong>cud.,</strong></span> <span class='ocrx_word' id='word_1_852' title='bbox 2385 5779 2506 5850; x_wconf 84' lang='lat' dir='ltr'><strong>quid</strong></span> <span class='ocrx_word' id='word_1_853' title='bbox 2559 5775 2773 5846; x_wconf 75' lang='lat' dir='ltr'><strong>profuit.</strong></span> 
     </span>
    </p>
   </div>
  </div>
