4104 6356
606 308 675 370 ,5
1923 298 2165 357 GELASI

2281 298 2433 356 ΑΡΔΞ
2472 296 2490 352 1
3811 294 3891 352 96

605 437 790 497 terque
832 425 1087 497 probasse
1139 422 1500 489 retinendum,
1549 419 1692 491 quod
1740 415 2185 474 communionem
2214 418 2262 476 Α
2294 426 2391 482 pro
2423 411 2704 466 mundana
2735 410 2989 479 potentiae
3009 407 3304 474 voluntate,
3339 407 3506 463 sacris
3531 407 3882 478 dignitatibus

604 520 918 577 catholicam
950 528 1305 587 reservantes,
1349 528 1405 574 et
1448 532 1542 573 eos
1571 516 1662 587 qui
1700 514 2016 585 apostolica:
2062 510 2181 566 sedi

601 611 1079 680 communicarent,
1092 612 1300 681 elegere
1312 616 1610 675 consortes;
1624 608 1809 664 etillos
1820 605 2013 679 quibus
2025 607 2181 661 sedes

603 702 895 773 apostolica
920 703 937 735 ¹
967 704 1280 759 decreverat
1308 702 1529 758 minime
1554 703 1952 758 communicare
1972 743 1985 768 ,
2014 716 2182 771 usque

606 794 673 849 ad
705 795 1096 865 persecutionis
1116 795 1362 850 incursus
1392 796 1412 825 ²
1453 810 1677 851 renuere
1698 802 1997 849 consortes.
2023 793 2181 847 Certe

602 901 718 957 quae
748 886 903 942 sedes
934 887 1226 955 apostolica
1269 886 1612 954 decreverat,
1658 886 2021 943 Orientalibus
2061 886 2180 956 epi-

599 981 775 1048 scopis
797 994 903 1033 non
938 980 1237 1034 inuotuisse
1274 980 1522 1048 iactatur,
1549 979 1702 1035 Unde
1729 995 1856 1048 ergo
1898 987 1977 1033 tot
2020 978 2181 1033 tanti-

601 1086 706 1142 que
756 1072 1038 1140 pnntifices
1084 1086 1244 1125 unum
1298 1071 1544 1143 idemque
1568 1086 1687 1127 cum
1719 1071 1848 1127 sede
1890 1071 2182 1141 apostolica

601 1163 896 1217 sentientes
917 1207 931 1231 ,
984 1178 1211 1233 eamque
1237 1164 1526 1233 probantes
1555 1173 1675 1233 apta
1722 1162 1964 1233 religioni
1996 1179 2180 1219 sacro-

602 1265 801 1310 sanctrc
846 1271 1077 1324 veraque
1115 1258 1391 1320 sanxisse,
1424 1273 1542 1328 quze
1572 1273 1678 1311 non
1704 1258 1878 1313 solum
1904 1258 2176 1328 sequenda

601 1346 702 1401 sibi
732 1347 766 1416 ,³
798 1347 1207 1417 judicaverunt,
1238 1348 1330 1403 sed
1359 1348 1519 1404 etiam
1548 1364 1715 1420 usque
1746 1352 1812 1406 ad
1846 1354 2178 1419 persecutio-

602 1454 725 1493 nem
781 1439 1007 1495 viriliter
1055 1442 1322 1497 exerenda
1354 1441 1460 1515 [αι.
1491 1441 1889 1515 exsecranda]?
1918 1444 2059 1500 Ecce
2091 1446 2183 1500 ha-

601 1534 793 1590 buistis
822 1536 912 1605 qui
942 1537 1252 1606 apostolicae
1284 1539 1682 1594 constitutionis
1702 1584 1715 1608 ,
1752 1549 1805 1594 et
1830 1540 2069 1595 notitiam
2094 1557 2183 1597 vo-

602 1624 685 1680 bis
715 1627 1039 1696 ingererent,
1061 1638 1115 1684 et
1137 1630 1401 1687 retinendi
1420 1634 1772 1688 constantiam
1792 1634 2179 1701 ministrarent,

601 1717 647 1771 si
684 1719 974 1787 apostolica
1017 1721 1176 1778 sedes
1218 1723 1480 1792 misisset,
1516 1725 1602 1779 vix
1632 1726 1766 1779 duos
1793 1735 1885 1780 aut
1915 1738 2021 1781 tres
2048 1729 2181 1782 diri-

2292 503 2655 573 privarentur.
2686 504 2765 558 Ex
2794 502 2937 558 nulla
2967 500 3135 558 veteri
3167 515 3349 568 causa,
3374 516 3439 557 ex
3472 501 3619 556 nullo
3649 501 3880 572 collegio

2290 606 2503 664 reatus,
2557 611 2657 651 nec
2705 595 2989 666 participio
3034 593 3321 664 cujuslibet
3362 594 3561 649 erroris
3597 594 3706 663 jam
3751 604 3880 650 ante

2290 686 2568 753 damnati,
2603 688 2776 743 teneri
2822 703 2915 744 eos
2953 683 3267 757 convicique
3299 696 3613 752 consortes,
3658 695 3717 741 ut
3760 696 3879 742 tan~

2289 795 2446 846 quam
2479 797 2541 836 ev
2578 783 2842 850 praeterita
2870 780 3181 836 definitione
3207 780 3579 850 judicarcntur
3607 778 3872 837 obstricti.

2290 874 2360 931 Et
2395 876 2544 942 ideo,
2579 877 2701 947 quia
2741 876 2904 931 nullis
2935 887 3058 931 ante
3089 874 3516 947 praecedentibus
3545 874 3722 929 causis
3746 876 3767 905 "
3792 891 3875 931 re-

2289 972 2416 1026 tenti
2450 980 2655 1037 essent,
2687 987 2783 1027 cur
2804 973 3147 1041 ejicerentur,
3169 970 3413 1025 incursus
3440 970 3531 1040 qui
3561 969 3637 1024 illi
3667 981 3869 1037 essent,

2289 1064 2489 1122 debere
2518 1067 2804 1121 monstrari
2824 1109 2839 1133 ,
2867 1074 2920 1119 et
2961 1066 3339 1121 ecclesiasticis
3370 1066 3606 1135 legibus,
3636 1074 3695 1120 ut
3736 1081 3872 1120 sem-

2289 1175 2415 1229 per,
2462 1171 2714 1230 0portere
2759 1170 3031 1216 constare.
3066 1161 3267 1215 Saltem
3296 1159 3379 1215 vel
3405 1174 3502 1230 pro
3528 1170 3711 1214 vestro
3758 1161 3872 1215 loco

2288 1254 2499 1309 illorum
2530 1255 2799 1312 ducerctis
2832 1254 3063 1310 miseriis
3087 1254 3494 1323 consulendum,
3524 1253 3873 1311 formidantes

2287 1348 2340 1402 in
2370 1348 2521 1402 vobis
2551 1348 2688 1419 quod
2719 1349 2770 1402 in
2800 1349 2920 1404 aliis
2947 1349 3241 1403 cerneretis
3260 1356 3456 1415 przeter
3474 1347 3642 1401 ullum
3667 1362 3871 1403 morem

2288 1442 2551 1497 violenter
2578 1443 2806 1497 admitti.
2840 1442 2895 1497 Si
2934 1442 3157 1496 crimine
3188 1442 3423 1511 respersi
3467 1451 3621 1496 erant
3671 1443 3870 1513 aliquo,

2288 1539 2650 1593 ecclesiastica
2677 1539 2861 1593 debuit
2887 1537 3278 1593 examinatione
3298 1536 3567 1607 cognosci.
3596 1539 3618 1570 ’
3644 1536 3871 1593 Taceam

2289 1639 2343 1685 et
2366 1630 2428 1683 ad
2457 1631 2639 1685 sedem
2673 1631 3020 1698 apostolicam
3050 1646 3113 1685 ex
3148 1644 3297 1684 more
3327 1628 3557 1693 deferri,
3592 1645 3663 1684 ne
3695 1640 3870 1686 nostra

2292 1724 2568 1795 privilegia
2617 1740 2807 1780 curare
2840 1726 3139 1779 videamur.
3167 1724 3308 1777 Satis
3335 1723 3405 1776 sit
3429 1721 3719 1778 ostendere
3751 1723 3870 1794 quid

601 1828 727 1882 gere
758 1825 1019 1883 potuerat.
1053 1816 1193 1873 Ecce
1220 1826 1297 1873 tot
1331 1820 1642 1888 pontifices,
1685 1821 1992 1890 apostolicae
2038 1822 2181 1877 sedis
2213 1810 2260 1871 B
2286 1815 2581 1871 secundum
2614 1817 2827 1886 regulas
2867 1825 2921 1871 et
2946 1816 3161 1870 Patrum
3194 1830 3427 1870 canones
3477 1816 3656 1870 facere
3704 1816 3867 1871 debe-

600 1905 729 1959 scita
752 1916 1049 1974 sectantes,
1090 1908 1339 1979 ingerunt
1371 1911 1526 1966 vobis
1553 1913 1827 1978 notitiam,
1861 1926 1911 1968 et
1939 1914 2179 1984 przehent

604 1997 879 2052 servandae
908 2000 1148 2055 veritatis
1178 2003 1444 2074 exempla.
1478 2003 1577 2070 Qui
1617 2018 1801 2061 contra
1831 2015 2005 2062 tantos
2034 2008 2182 2063 clau-

602 2087 749 2143 sistis
773 2090 957 2146 oculos
999 2091 1194 2148 ibidem
1237 2097 1591 2161 constitutos,
1635 2100 1904 2168 quomodo
1932 2101 2066 2155 duos
2096 2104 2178 2155 vel

601 2187 710 2234 tres
733 2179 921 2238 audire
947 2184 1209 2252 possetis?
1238 2186 1350 2241 lloc
1381 2187 1495 2257 ipso
1517 2188 1637 2244 sine
1665 2191 1826 2245 dubio
1856 2192 2181 2262 cognovistis

602 2269 722 2325 illos
768 2275 1079 2342 apostolicae
1122 2278 1237 2333 sedi
1267 2280 1511 2349 placere,
1563 2284 1705 2352 quod
1755 2301 1850 2340 vos
1894 2286 2181 2355 displicere

600 2362 880 2419 videbatis.
911 2367 1018 2421 Aut
1047 2366 1165 2424 illos
1188 2385 1315 2440 ergo
1343 2373 1657 2441 sectamini,
1693 2390 1785 2445 per
1814 2393 1949 2445 quos
1980 2378 2180 2433 intelli-

607 2454 814 2525 gebatis
865 2459 1011 2515 sedis
1056 2464 1363 2531 apostolica:
1406 2466 1731 2524 voluntatem
1767 2490 1779 2524 :
1814 2482 1906 2527 aut
1938 2473 2066 2528 nihil
2100 2483 2182 2530 est

605 2549 749 2619 quod
780 2550 847 2607 de
878 2552 1177 2623 ignorantia
1223 2558 1403 2614 velitis
1432 2561 1752 2627 obtendere,
1795 2581 1915 2620 cum
1967 2567 2180 2623 indiciis

606 2642 767 2697 tantis
795 2653 849 2699 et
885 2645 1081 2701 talibus
1110 2648 1393 2707 abutentes
1412 2694 1427 2720 ,
1458 2655 1603 2709 sedis
1642 2658 1949 2725 apostolica:
1977 2663 2177 2716 consti-

603 2741 742 2802 tuta,
776 2738 939 2792 tantis
970 2740 1289 2797 testimoniis
1327 2746 1738 2813 prmdicantibus
1758 2794 1771 2817 ,
1805 2766 2058 2820 respuere
2088 2768 2179 2822 po-

601 2826 708 2881 tius
748 2842 905 2898 quam
954 2832 1195 2902 recipere
1243 2837 1529 2893 maluistis.
1580 2840 1826 2912 Nunquid
1857 2858 2045 2899 omnes
2090 2847 2177 2901 isti

598 2933 730 2988 quos
800 2926 1216 2980 memoravimus
1278 2932 1517 3002 episcopi
1583 2934 1895 3005 imperatori
1967 2941 2179 2994 mentiti

597 3019 723 3066 sunt
745 3010 799 3067 ‘?
829 3017 1065 3086 nunquid
1093 3034 1281 3076 omnes
1314 3024 1651 3094 imperatoris
1679 3044 1873 3086 nomen
1906 3047 1969 3085 ex
2000 3031 2177 3104 dipty-

595 3104 713 3159 ehis
757 3107 1096 3165 abstulerunt
1126 3113 1180 3166 5?
1209 3112 1339 3168 Cum
1388 3116 1548 3186 igitur
1587 3121 1933 3190 pellerentur,
1962 3135 2015 3179 et
2046 3126 2177 3182 vivis

2285 1909 2436 1963 retis.
2468 1909 2740 1978 Przecipne
2787 1925 2907 1964 cum
2938 1909 3096 1964 etiam
3130 1910 3260 1979 ipsae
3289 1909 3435 1979 leges
3461 1907 3688 1978 publica:
3721 1910 3765 1941 ¹⁰
3790 1926 3871 1965 ec-

2285 2000 2599 2055 clesiasticis
2644 2002 2843 2072 regulis
2870 2002 3251 2071 obsequentes,
3283 2003 3416 2057 tales
3462 2017 3715 2072 personas
3763 2019 3871 2059 non

2288 2091 2391 2145 nisi
2421 2091 2487 2146 ab
2515 2094 2781 2163 episcopis
2813 2094 3090 2149 sanxerint
3134 2094 3381 2165 judicari.
3413 2094 3468 2150 Si
3505 2111 3622 2150 vero
3645 2095 3710 2150 de
3730 2112 3868 2165 qua-

2286 2181 2416 2236 libet
2446 2182 2635 2239 haeresi
2670 2184 2878 2239 fuerant
2916 2185 3163 2255 impetiti,
3201 2196 3349 2240 tanto
3375 2187 3543 2257 magis
3571 2201 3659 2241 eos
3686 2185 3869 2241 decuit

2287 2271 2389 2327 ista
2424 2290 2775 2345 cognoscere,
2809 2278 2897 2346 qui
2928 2289 2980 2332 et
3004 2278 3299 2333 secundum
3333 2278 3603 2347 religionis
3629 2287 3871 2334 tenorem

2287 2376 2507 2434 possent
2551 2367 2647 2421 ista
2688 2369 2996 2440 discutere,
3040 2379 3095 2425 et
3142 2369 3401 2425 haberent
3442 2370 3762 2440 pristinum,
3808 2386 3873 2426 ex

2285 2473 2389 2526 quo
2442 2471 2525 2512 est
2570 2457 2875 2515 Christiana
2929 2461 3151 2531 religio,
3198 2462 3529 2533 pontificium
3572 2462 3869 2532 iudicandi.

2283 2554 2389 2605 Aut
2417 2552 2662 2607 catholici
2695 2555 2837 2609 enim
2882 2564 3067 2623 erant,
3113 2566 3203 2608 aut
3248 2554 3516 2620 haeretici,
3559 2554 3627 2610 de
3676 2556 3871 2624 quibus

2286 2647 2485 2714 passim
2536 2647 2624 2701 illa
2670 2648 2897 2704 ludibria
2931 2651 3275 2721 gerebantur,
3325 2658 3381 2705 et
3419 2650 3695 2705 latrocinia
3728 2651 3873 2705 dete-

2284 2734 2472 2788 standa
2506 2738 2818 2792 szeviehant.
2852 2738 2906 2793 Si
2938 2740 3211 2803 haeretici,
3245 2740 3425 2809 prodi,
3460 2740 3687 2808 discuti,
3719 2751 3776 2796 et
3804 2742 3871 2797 le-

2283 2828 2467 2895 gitime
2499 2831 2745 2885 convinci
2778 2833 2950 2887 modis
2981 2834 3229 2887 omnibus
3267 2833 3594 2899 debuerant,
3637 2835 3720 2888 vel
3766 2835 3869 2889 suis

2285 2921 2721 2978 confessionibus
2766 2926 2846 2979 vel
2879 2926 3103 2980 aliorum
3132 2926 3353 2981 vocibus
3379 2926 3667 2982 confutari.
3701 2927 3868 2983 Taceo

2284 3014 2406 3082 quia
2433 3015 2498 3069 ad
2526 3032 2624 3071 nos
2648 3028 2868 3087 paterna
2901 3020 3073 3075 fuerat
3101 3020 3488 3076 consuetudine
3508 3020 3864 3089 referendum,

2286 3114 2598 3177 tantumque
2649 3125 2968 3167 commoneo
3015 3115 3142 3183 quid
3191 3115 3305 3170 fieri
3356 3114 3726 3170 ecclesiastico
3751 3116 3869 3185 jure

594 3197 938 3263 pontificibus
968 3202 1246 3259 catholicis
1274 3221 1614 3266 successores
1662 3213 1897 3271 haeretici
1927 3232 2175 3274 crearen-
2202 3200 2250 3264 C
2281 3214 2628 3271 ςοηνεηετειο
2671 3204 2727 3259 Si
2756 3220 2884 3260 νεΐο
2924 3207 3172 3262 θθίΙιοΠοί
3204 3207 3590 3277 Ρτοδδὺδηῑυτν
3622 3223 3752 3274 νοεν
3785 3212 3869 3279 qui

596 3297 700 3357 tur,
747 3300 800 3345 et
843 3308 951 3348 non
995 3294 1062 3351 de
1102 3296 1445 3356 inferioribus
1488 3305 1782 3375 quibusque
1826 3309 2170 3380 civitatibus,

594 3380 688 3434 sed
722 3382 881 3437 etiam
924 3389 1320 3458 metropolitani
1353 3394 1630 3463 pontifices
1663 3397 1713 3451 in
1745 3399 2006 3456 catholica
2029 3402 2173 3474 jugi-

595 3479 676 3525 ter
702 3478 1080 3535 communione
1119 3481 1375 3540 durantes
1395 3532 1408 3555 ,
1443 3486 1464 3516 ‘
1492 3503 1588 3542 cur
1614 3494 1879 3560 compassi
1908 3509 2013 3549 non
2043 3498 2172 3552 estis

593 3565 755 3620 tantis
806 3569 1061 3626 fratribus
1092 3577 1320 3631 vestris?
1361 3594 1455 3635 cur
1492 3598 1595 3635 non
1638 3584 1827 3639 adistis
1880 3587 2173 3657 imperato-

593 3658 749 3712 rem?
799 3675 896 3715 cur
928 3678 1033 3719 non
1068 3666 1320 3723 Ecclesize
1351 3686 1565 3726 causam
1608 3685 1661 3729 et
1694 3678 1977 3732 sacerdotii
2010 3679 2173 3735 mise-

590 3747 811 3803 rabilem
862 3751 1315 3814 decolorationem
1348 3763 1670 3819 continuatis
1700 3768 1916 3823 vocibus
1948 3770 2170 3827 deﬂevi-

589 3839 719 3895 stis?
747 3843 1042 3914 allegantes
1075 3866 1343 3921 nunquam
1372 3856 1439 3910 de
1468 3861 1808 3927 pontificibus
1839 3864 1941 3918 nisi
1986 3868 2172 3922 Eccle-

587 3932 719 3987 siam
752 3934 1023 4005 judicasse
1069 3958 1085 3996 :
1133 3958 1239 3998 non
1296 3962 1415 4003 esse
1470 3950 1819 4009 humanarum
1872 3956 2047 4029 legum
2101 3960 2169 4016 de

589 4024 781 4081 talibus
831 4026 976 4085 ferre
1024 4036 1342 4093 sententiam
1376 4040 1578 4112 absque
1610 4044 1863 4103 Ecclesiae
1893 4024 2165 4122 principa-

585 4114 709 4217 liter
728 4122 1031 4182 constitutis
1055 4129 1425 4199 pontificibus;
1455 4136 1678 4209 obsequi
1700 4142 1874 4198 solere
1897 4146 2165 4217 principes

585 4204 916 4270 Christianos
945 4218 1177 4276 decretis
1208 4221 1500 4293 Ecclesiae,
1532 4244 1638 4285 non
1671 4247 1820 4288 suam
1854 4204 2164 4308 praeponere

584 4312 899 4370 potestatem
920 4351 936 4374 ,
966 4313 1231 4382 episcOpis
1257 4329 1418 4384 caput
1446 4322 1677 4377 subdere
1708 4328 1998 4397 principem
2029 4332 2159 4384 soli-

584 4401 691 4485 tum
711 4438 725 4461 ,
758 4415 863 4452 non
894 4401 963 4457 de
992 4418 1177 4459 eorum
1205 4410 1467 4477 capitibus
1513 4413 1775 4481 judicare.
1816 4419 2020 4485 Quibus
2063 4422 2161 4477 Ec-

583 4483 760 4541 clesiae
781 4490 1053 4559 conciliis,
1088 4510 1190 4563 qua
1221 4500 1428 4568 synodo
1467 4503 1820 4574 pellerentur;
1851 4511 1976 4580 quid
2007 4514 2159 4569 deni-

2279 3311 2385 3350 non
2434 3297 2607 3359 solum
2654 3298 2706 3353 in
2761 3314 2943 3354 eorum
2996 3300 3312 3371 depulsione
3365 3303 3405 3333 “
3456 3302 3724 3364 cessistis,
3778 3302 3873 3358 sed

2278 3388 2437 3443 etiam
2465 3391 2767 3461 subrogatis
2798 3397 3198 3449 communicare
3227 3394 3503 3466 delegistis
3522 3437 3535 3459 ,
3568 3394 3873 3449 indubitan-

2278 3492 2358 3537 ter
2392 3484 2432 3515 ¹¹
2466 3484 2723 3540 heretici.
2763 3486 2863 3553 Qui
2912 3489 3148 3558 depulsis
3191 3489 3469 3545 catholicis
3498 3491 3542 3522 ¹³
3573 3490 3870 3545 secedenti-

2275 3577 2410 3646 bus,
2462 3595 2566 3635 nou
2619 3581 2904 3648 ignorastis
2947 3600 3164 3640 causam
3217 3586 3339 3639 fidei
3371 3589 3867 3658 communionisqus

2277 3668 2559 3723 catholicae
2590 3686 2688 3741 per
2714 3680 2891 3728 tantos
2920 3677 3187 3731 antistites
3211 3687 3323 3732 toto
3349 3678 3479 3732 orbe
3509 3678 3866 3748 patefactam;

2275 3761 2369 3816 sed
2398 3762 2556 3831 plane
2584 3765 2817 3822 scientes
2846 3769 3218 3841 volentesque,
3251 3770 3369 3826 sine
3400 3771 3507 3825 ulla
3536 3772 3867 3827 discussione

2273 3874 2486 3923 rerttm,
2539 3861 2655 3916 sine
2702 3863 2807 3917 ulla
2858 3863 3104 3935 synodali
3153 3866 3584 3930 examinatione,
3619 3866 3739 3921 sine
3769 3866 3866 3921 ulla

2273 3955 2418 4010 sedis
2458 3958 2768 4025 apostolicae
2821 3963 3156 4028 reverentia,
3209 3963 3519 4019 assensistis
3561 3964 3866 4028 haereticis;

2271 4045 2503 4103 libenter
2540 4050 2833 4117 habentes,
2863 4054 3235 4127 patienterque
3265 4058 3505 4112 sinentes
3526 4098 3543 4124 ,
3573 4058 3867 4114 catholicos

2272 4138 2541 4194 antistites
2575 4141 2810 4197 inaudita
2846 4146 2992 4213 prius
3021 4156 3074 4201 et
3115 4148 3407 4203 miserabili
3450 4160 3596 4204 sorte
3626 4149 3863 4206 detrudi.

2270 4228 2416 4295 Quos
2448 4232 2491 4285 si
2524 4246 2553 4285 a
2584 4232 2686 4288 fide
2717 4235 2921 4305 integra
2955 4240 3441 4313 communioneque
3469 4244 3742 4300 catholica
3777 4263 3869 4317 pu-

2270 4325 2454 4377 taretis
2477 4342 2679 4392 errare,
2705 4330 2771 4384 ad
2791 4334 3143 4400 apostolicam
3170 4337 3376 4402 sedem,
3399 4340 3699 4397 secundum
3732 4345 3865 4399 scita

2270 4413 2533 4482 majorum
2555 4460 2569 4483 ,
2603 4429 2656 4474 et
2686 4420 2824 4476 sicut
2850 4439 3065 4495 semper
3082 4438 3164 4483 est
3192 4429 3412 4496 factum,
3447 4434 3651 4492 referre
3671 4437 3867 4493 debui-

2268 4510 2366 4562 stis
2400 4528 2414 4564 :
2446 4512 2583 4567 sicut
2612 4514 2681 4571 de
2714 4516 2872 4573 Petro
2927 4521 3189 4595 (Mongo)
3244 4526 3648 4595 Alexandrino,
3680 4532 3769 4586 vel
3800 4533 3867 4588 de

582 4582 1101 4690 queneommisissent
1130 4630 1145 4654 ,
1198 4601 1255 4644 ut
1294 4592 1411 4648 sine
1446 4596 1549 4649 ulla
1578 4596 1911 4657 discussione
1940 4620 2119 4662 rerum
2140 4653 2155 4679 ,
2190 4588 2243 4649 D
2269 4598 2606 4660 Anlif'Che'W
2633 4607 2795 4664 PCU‘O
2819 4609 3107 4682 (Gnaphco
3129 4582 3264 4685 lt'de
3290 4618 3633 4690 (Λρῖηηθηο)
3657 4622 3869 4680 Ῐοθηηο

582 4677 656 4724 tot
682 4671 1041 4733 Ecclesiarum
1084 4685 1341 4751 praesules
1396 4703 1493 4758 pro
1534 4690 1766 4751 humano
1801 4696 1954 4753 libitu
1986 4711 2038 4756 et
2067 4671 2160 4759 sae-

581 4764 781 4821 cularis
830 4774 1109 4838 potestatis
1159 4779 1379 4835 arbitrio
1441 4784 1789 4851 pellerentur.
1851 4792 2155 4867 lnauditos,

583 4855 932 4930 indiscussos,
967 4867 984 4896 ⁷
1012 4870 1287 4927 convictos
1311 4890 1415 4928 non
1439 4875 1635 4933 debere
1658 4884 1897 4950 percelli.
1926 4855 2155 4945 Maxime

581 4962 698 5002 eum
744 4967 894 5010 nova:
923 4971 1098 5014 causre
1145 4972 1197 5017 et
1235 4980 1369 5022 nova
1414 4985 1592 5025 rerum
1623 4972 1784 5031 facies
1833 4993 2151 5049 appareret,

579 5048 632 5095 ut
683 5058 921 5105 rectores
972 5052 1055 5106 isti
1104 5056 1334 5123 plebium
1381 5065 1677 5131 repentinis
1718 5067 2150 5145 incursionibus,

641 5234 658 5265 ⁸
694 5232 772 5287 ld.
804 5234 949 5302 cod.,
981 5238 1189 5293 minime
1216 5244 1635 5299 communicaret.

643 5307 661 5337 ³
691 5305 767 5359 ld.
801 5306 945 5371 cod.,
976 5317 1202 5366 tenuere.

801 5380 946 5445 cod.,
969 5383 1335 5453 judicavrrinf.

577 5446 671 5572 ‘8‘!
694 5447 802 5569 ll|oc
845 5446 1105 5519 praetextu
1147 5455 1380 5512 Joannes
1432 5460 1752 5518 Alexandria
1804 5467 2149 5535 ejecturan.

684 5556 698 5571 ο
758 5538 986 5572 .ABBEUS.

684 5556 698 5571 .
736 5538 986 5577 LABBEUS.

647 5588 675 5680 ξ
706 5588 1107 5680 Ιξος--ιινίιςιυκιυ
1147 5598 1402 5659 Calandio
1458 5605 1736 5662 Antiochia
1794 5611 1996 5680 ejectus
2060 5629 2147 5669 an.

575 5658 697 5714 485.
730 5658 990 5718 Lanattt's.

646 5728 822 5814 ςρρα.
861 5734 1076 5814 V_ct‘o_n.,
1108 5741 1209 5795 Cur
1230 5746 1384 5814 igitur

648 5800 667 5831 ’
691 5800 769 5858 Id.
806 5806 952 5871 cod.,
977 5800 1299 5871 incont'ictods.

2268 4700 2322 4746 et
2368 4693 2531 4751 Paulo
2562 4698 2753 4757 fecisse
2801 4714 3135 4761 monstratur
3164 4709 3411 4767 Aeacius.
3458 4713 3563 4769 Sed
3607 4719 3865 4786 quoniam

2268 4790 2540 4845 noveratis
2587 4808 2681 4848 eos
2731 4810 2852 4850 cum
2885 4800 3179 4867 apostolica
3209 4803 3337 4858 sede
3384 4806 3618 4873 sentire,
3653 4820 3707 4864 et
3738 4812 3867 4879 quid

2267 4879 2425 4935 sedes
2478 4886 2776 4951 apostolica
2820 4904 2913 4943 sua
2962 4891 3272 4950 definitione
3301 4909 3581 4964 censeret,
3613 4917 3711 4971 per
3740 4903 3868 4958 illos

2268 4980 2442 5026 tantos
2472 4989 2534 5029 ac
2564 4977 2695 5031 tales
2720 4981 3002 5051 episcopos
3032 4996 3242 5040 constat
3268 4986 3568 5046 Orientales
3592 4994 3869 5050 antistites

2266 5064 2578 5123 nullatenus
2609 5068 2908 5139 ignorasse,
2947 5074 2991 5105 “
3016 5085 3073 5131 et
3100 5093 3198 5134 vos
3227 5081 3507 5137 catholica:
3536 5092 3696 5156 atque
3725 5101 3867 5157 apo-

2342 5267 2361 5297 '
2390 5265 2464 5321 Id.
2499 5268 2649 5335 cod.,
2677 5283 2918 5331 recentes.

2338 5339 2356 5369 ³
2384 5338 2458 5391 Id.
2489 5342 2634 5405 cod.,
2666 5340 2848 5399 Taceo.

2339 5408 2379 5438 ¹⁰
2405 5408 2775 5495 ςράε-Τίιερςῇ.
2807 5419 2875 5472 de
2908 5417 3189 5495 Episcopls
3218 5437 3338 5493 cap.
3365 5427 3427 5478 st
3464 5431 3517 5478 et
3548 5425 3864 5495 appendicis

2263 5492 2381 5566 cap:
2405 5483 2512 5566 5.¹
2537 5484 2662 5566 lteri:
2696 5486 2785 5541 lib.
2823 5506 2934 5554 xw,
2955 5483 3049 5566 'tit.
3080 5483 3137 5562 Ξ,
3168 5483 3409 5566 capi”.
3442 5483 3707 5554 Lass's'tts.

2336 5552 2375 5623 'l
2403 5551 2538 5623 God.
2569 5554 2794 5623 Veron.,
2824 5551 3080 5616 cessastis.

2337 5622 2378 5651 ²²
2412 5621 2488 5675 ld.
2520 5624 2668 5691 cod.,
2704 5621 2974 5687 meum.

2336 5692 2377 5723 ¹³
2409 5693 2486 5746 ld.
2520 5696 2667 5761 cod.,
2698 5704 3100 5761 succedentibus.

2333 5762 2376 5793 “
2404 5764 2478 5819 ld.
2508 5767 2655 5835 cod.,
2685 5779 2733 5824 et
2754 5789 2845 5843 per
2865 5774 3004 5831 illos.
