4104 6356
234 364 306 421 97
1404 356 1764 415 EPISTOLA‘]
1806 354 1892 411 ΕΤ
1932 355 2275 413 DECRETA.
3432 360 3504 418 93

229 479 435 538 stolicte
467 476 829 536 communioni
856 475 1154 548 prodidisse
1184 472 1513 540 contrarios,
1546 482 1597 528 et
1622 474 1688 527 ab
1721 487 1811 526 ea-
1838 472 1891 532 Α
1919 471 2285 542 Eutycbianos
2308 474 2643 538 manifestos,
2666 482 2757 529 aut
2776 487 2960 529 eorum
2982 473 3334 531 sectatoribus
3356 490 3502 534 com-

168 642 169 645 η
228 573 353 629 dem
378 571 677 638 defecisse,
703 586 825 627 eum
857 586 963 625 non
1009 569 1111 624 illis
1135 570 1266 624 estis
1312 569 1561 637 passione
1589 566 1815 634 conjun-

229 668 332 733 cti,
363 667 459 723 sed
503 666 686 735 potius
724 663 1158 735 persecutoribus
1184 678 1369 718 eorum
1400 662 1656 716 societate
1688 675 1815 714 eon-

229 759 373 815 nexi.
410 758 507 814 Hic
532 757 684 813 vobis
710 756 945 828 synodus
974 772 1243 826 nunquam
1272 756 1420 810 venit
1454 756 1507 807 in
1538 760 1808 815 mentem;

227 861 282 909 et
310 859 461 908 certe
488 851 557 906 de
586 850 850 921 personis,
882 857 940 905 ut
967 849 1167 904 dictum
1199 859 1300 915 est,
1335 848 1474 902 nulla
1505 846 1672 901 veteri
1698 846 1813 915 lege

226 944 549 1002 constrictis.
584 943 680 999 Hic
707 944 855 999 nullo
875 944 1134 1009 consilio,
1181 959 1287 998 non
1331 942 1490 997 unius
1534 941 1679 995 urbis
1725 939 1811 995 vel

224 1038 386 1093 unius
418 1036 689 1107 episcopi,
721 1036 818 1093 sed
846 1037 1005 1091 totius
1033 1034 1270 1091 Orientis
1308 1033 1610 1100 Ecclesias,
1650 1030 1814 1086 subiit

227 1128 469 1183 animum
502 1137 736 1183 vestrum
781 1127 922 1181 facto
970 1126 1291 1182 sacerdotali
1342 1124 1572 1181 concilio
1613 1123 1810 1177 debere

230 1220 432 1275 curari.
466 1220 574 1276 Sed
607 1220 875 1287 homines,
907 1219 994 1290 qui
1025 1219 1075 1273 in
1108 1217 1430 1273 contrariam
1463 1227 1667 1286 partem
1700 1222 1811 1269 toto

232 1312 510 1382 proposito
529 1352 543 1377 ,
572 1322 625 1367 et
659 1322 768 1367 toto
797 1311 1140 1367 recesseratis
1168 1310 1273 1385 [αι.
1312 1306 1655 1380 recideratis]
1684 1307 1810 1362 affe-

224 1414 313 1459 ctu
332 1443 351 1469 ,
402 1404 623 1460 concilia
656 1404 832 1475 potius
862 1405 1165 1460 necessaria
1190 1403 1350 1459 etiam
1374 1403 1551 1457 studio
1575 1401 1811 1457 declina-

225 1494 346 1559 stis,
377 1509 444 1548 ne
464 1509 555 1563 per
582 1495 769 1571 eadem
798 1495 902 1549 tale
930 1495 1127 1565 aliquid
1144 1502 1471 1559 censeretur,
1503 1509 1607 1564 quo
1636 1493 1807 1558 vobis,

223 1587 387 1642 rebus
420 1586 700 1642 evidenter
727 1588 958 1642 05tensis
999 1596 1054 1642 et
1104 1587 1342 1657 legitime
1385 1586 1701 1650 ednfutatis,
1754 1586 1808 1640 in

224 1682 602 1737 haereticorum
658 1698 762 1736 non
808 1682 993 1737 liceret
1041 1683 1226 1736 venire
1269 1679 1618 1735 consortium.
1670 1678 1808 1745 Quid

224 1775 385 1844 igitur
436 1775 504 1828 de
564 1773 863 1841 ignorantia
913 1771 1272 1841 praetenditis,
1322 1786 1444 1824 cum
1495 1785 1589 1838 per
1641 1778 1809 1823 totum

1918 568 2294 623 municantcs?
2327 570 2449 624 Hmc
2483 572 2646 637 pestis
2667 573 2803 643 apud
2826 589 2919 628 eos
2942 573 3203 644 hodieque
3226 575 3496 645 perdurat.

1916 657 2189 728 Siquidem
2221 669 2275 715 et
2302 675 2422 714 cum
2454 660 2614 714 Petro
2644 664 3036 731 Alexandrino,
3068 675 3267 721 etcum
3309 668 3498 723 Antio.

1914 754 2087 807 cheno
2128 755 2312 821 Petro,
2363 752 2731 809 indifferenter
2763 756 2795 809 ii
2827 758 2914 826 qui
2947 758 3197 815 catholici
3228 776 3500 818 successe-

1916 854 2035 899 rant
2079 847 2457 902 communiene
2504 848 2751 916 permixti
2799 859 2952 911 sunt.
3001 860 3055 905 et
3095 855 3495 911 successoribus

1914 940 2192 1007 utriusque
2221 940 2365 994 Petri
2396 940 2657 1011 hodieque
2690 942 2999 996 miscentur.
3041 944 3133 998 His
3160 946 3297 1002 adde
3334 949 3495 1004 etiam

1914 1029 2036 1083 illos
2072 1032 2181 1099 qui,
2218 1032 2340 1086 licet
2368 1032 2648 1087 catholicis
2683 1048 2787 1087 non
2819 1035 3197 1102 successerint,
3232 1040 3327 1093 sed
3369 1040 3497 1098 dum

1912 1123 2157 1177 catholici
2192 1126 2468 1193 pontifices
2514 1124 2858 1193 haberentur,
2916 1117 3098 1180 talium
3151 1142 3211 1182 se
3257 1144 3498 1187 commu-

1914 1216 2073 1271 nione
2097 1217 2408 1285 junxerunt.
2445 1218 2567 1273 Haec
2598 1219 2685 1272 illa
2718 1218 2969 1286 mixtura,
3006 1220 3119 1275 haec
3148 1231 3229 1277 est
3258 1223 3343 1277 illa
3367 1238 3497 1279 con-

1913 1309 2082 1373 fusio,
2139 1326 2240 1379 qua
2297 1326 2391 1380 per
2442 1311 2714 1366 Orientem
2772 1322 2936 1367 totum
2989 1312 3130 1367 inter
3176 1314 3496 1372 catholicam

1913 1399 2327 1471 haereticamque
2381 1404 2815 1458 communionem
2875 1403 3018 1458 nulla
3070 1405 3324 1461 discretio
3364 1416 3493 1466 est:

1912 1490 2021 1545 imo
2053 1492 2137 1559 qui
2169 1491 2403 1547 discerni
2445 1496 2759 1566 tentaverit,
2805 1497 2983 1565 potius
3024 1496 3253 1554 habetur
3282 1500 3497 1556 haereti-

1912 1600 2007 1639 cus
2031 1629 2044 1653 ,
2098 1588 2469 1656 persecutione
2500 1590 2828 1657 percellitur,
2858 1592 3061 1647 exsiliis
3109 1602 3164 1648 et
3207 1592 3498 1651 afflictione

1912 1678 2184 1734 multatur.
2236 1679 2420 1733 llestat
2460 1696 2587 1750 ergo
2620 1691 2675 1735 ut
2708 1682 2759 1735 in
2805 1682 2903 1737 hac
2939 1683 3241 1739 colluvione
3279 1695 3497 1740 cuncto-

1917 1787 2055 1835 rum,
2088 1773 2223 1826 sicut
2253 1774 2493 1841 quisquis
2524 1774 2593 1827 ab
2616 1776 2804 1829 eadem
2835 1785 3115 1845 separatus
3135 1786 3241 1845 est,
3268 1779 3494 1835 sincerte

223 1869 501 1922 Orientem
530 1867 854 1920 catholicam
886 1864 1043 1919 fidem
1078 1862 1613 1931 communionemque
1641 1862 1814 1917 sincc-
1845 1848 1890 1908 Β
1915 1863 2308 1916 communionis
2352 1872 2405 1917 et
2446 1863 2565 1919 ideo
2611 1865 2909 1920 eatholicus
2964 1869 3343 1938 comprobatur
3374 1887 3388 1925 :
3422 1871 3493 1925 ita

226 1978 340 2015 ratu
376 1960 490 2015 sedi
518 1960 828 2029 apostolicae
853 1969 1260 2029 congruentem,
1289 1973 1395 2011 non
1419 1957 1589 2011 solum
1612 1971 1811 2025 cogno-

225 2056 364 2110 visse
416 2064 493 2110 tot
536 2054 817 2124 pontifices
848 2052 1137 2117 videbatis,
1187 2050 1284 2106 sed
1334 2050 1493 2105 etiam
1536 2063 1704 2117 usque
1745 2048 1811 2102 ad

230 2155 533 2197 extremum
590 2141 1025 2195 constantissime
1067 2140 1407 2194 defendisse?
1456 2138 1509 2195 Si
1558 2153 1655 2193 nos
1704 2151 1808 2192 non

218 2234 517 2289 audieratis
549 2233 675 2302 quid
702 2232 769 2287 de
802 2232 905 2288 fide
949 2241 1003 2287 et
1030 2231 1406 2286 communione
1436 2230 1697 2285 catholica
1729 2240 1808 2284 at-

217 2342 324 2397 que
352 2324 649 2395 apostolica
678 2339 1049 2390 censeremus,
1097 2323 1217 2379 illos
1242 2323 1481 2392 aspicere
1510 2323 1771 2378 debuistis
1789 2362 1803 2387 ,

217 2430 272 2476 ct
303 2429 394 2475 aut
425 2419 599 2489 sequi,
634 2420 677 2473 si
705 2417 1005 2473 credebatis
1035 2433 1153 2473 esse
1181 2416 1476 2472 catholicos
1496 2462 1509 2485 ,
1544 2426 1637 2471 aut
1665 2415 1805 2486 apud

216 2512 570 2581 apostolicam
621 2512 801 2566 sedem
849 2511 1026 2581 potius
1072 2525 1361 2579 accusare,
1413 2511 1456 2564 si
1508 2510 1807 2565 credebatis

218 2620 455 2661 errasse.
480 2604 619 2672 Quid
646 2604 940 2674 illosjuvat
980 2603 1062 2659 vel
1106 2617 1203 2658 suo
1244 2604 1519 2673 proposito
1551 2603 1694 2657 illam
1728 2613 1805 2658 te-

213 2698 405 2753 nuisse
455 2697 808 2763 sententiam,
870 2701 883 2728 ι
932 2706 1022 2751 aut
1067 2698 1436 2767 cognoscendo
1485 2696 1608 2767 quid
1650 2698 1805 2753 sedes

210 2791 510 2861 apostolica
558 2791 843 2846 definiret?
873 2794 978 2845 Aut
1008 2791 1168 2861 igitur
1194 2790 1426 2860 collegas
1445 2799 1500 2845 et
1521 2789 1710 2845 fratres
1737 2792 1805 2847 de

209 2884 464 2954 proximo
511 2884 561 2938 in
608 2896 898 2953 conspectu
931 2896 1147 2951 vestro,
1181 2883 1269 2939 vel
1312 2884 1605 2940 catholicos
1653 2883 1805 2955 sequi

209 2975 495 3041 debuistis,
527 2975 609 3029 vel
634 2976 893 3045 impetere
915 2975 962 3030 si
984 2975 1289 3032 credebatis
1317 2992 1530 3043 ezrare;
1566 2992 1665 3033 nec
1698 2977 1805 3032 illis

205 3084 241 3122 a
281 3068 476 3136 quibus
516 3069 662 3122 nullo
692 3068 1000 3125 discrimine
1028 3070 1378 3137 vexabantur,
1413 3073 1654 3140 praebere
1678 3086 1806 3127 eon-

206 3174 475 3220 sensum,
517 3161 689 3214 donec
719 3163 914 3215 veritas
935 3178 1002 3216 ex
1028 3164 1274 3217 omnibus
1312 3164 1573 3233 patefacta
1598 3176 1808 3220 consta-

1918 1953 2158 2023 quisquis
2204 1954 2347 2009 illius
2378 1955 2678 2011 detestandi
2716 1961 3022 2015 commercii
3056 1961 3319 2033 particeps
3350 1964 3498 2020 inve-

1916 2045 2119 2113 nietur,
2168 2055 2422 2114 quantum
2454 2062 2483 2100 a
2514 2049 2721 2104 sincera
2775 2054 3185 2121 communione,
3220 2064 3421 2111 tantum
3462 2072 3493 2112 a

1913 2138 2175 2191 catholica
2226 2149 2384 2208 atque
2415 2142 2711 2209 apostolica
2742 2143 2813 2198 sit
2842 2156 3098 2201 remotus.
3129 2145 3238 2203 Nec
3265 2159 3496 2217 praeten-

1911 2230 2003 2283 dat
2028 2232 2348 2302 quisquam,
2398 2234 2540 2304 quod
2572 2235 2729 2290 alicui
2763 2236 2983 2292 forsitan
3024 2240 3337 2295 evidentiori
3388 2257 3493 2297 non

1910 2324 2365 2378 communieasset
2399 2326 2479 2379 vel
2520 2327 2917 2383 communicare
2944 2330 3188 2385 videatur
3219 2331 3491 2388 baeretico.

1910 2413 2047 2480 Quid
2082 2416 2224 2469 enim
2250 2416 2435 2485 juvat,
2471 2418 2514 2472 si
2547 2419 2622 2473 illi
2650 2435 2755 2474 non
2800 2424 3189 2490 communicet,
3216 2433 3271 2480 et
3301 2426 3383 2480 his
3412 2436 3489 2481 ta-

1912 2522 2032 2561 men
2063 2510 2435 2565 connuuniune
2466 2510 2769 2582 ‘jungitur,
2798 2517 2886 2584 qui
2920 2515 2989 2569 ab
3030 2516 3173 2571 illius
3217 2534 3321 2572 non
3368 2529 3492 2575 sunt

1909 2603 2285 2656 communione
2334 2602 2568 2657 diversi?
2598 2605 2748 2672 Quod
2780 2606 2822 2660 si
2853 2622 3038 2661 eorum
3076 2610 3203 2663 nulli
3253 2624 3495 2667 (ommu-

1910 2693 2135 2758 nicavit,
2186 2695 2269 2749 vel
2311 2711 2413 2750 non
2470 2702 2689 2751 omnino
2737 2700 3134 2765 communicat,
3164 2700 3249 2757 hic
3276 2702 3377 2757 erit
3405 2703 3495 2759 ille

1909 2786 2161 2849 sincerae,
2208 2787 2485 2842 catholicae
2506 2830 2521 2854 ,
2568 2790 2983 2861 apostolieteque
3009 2795 3405 2849 communionis
3430 2808 3487 2851 et

1910 2879 2069 2949 fidei,
2115 2881 2311 2951 alioqui
2359 2882 2508 2937 nullo
2557 2882 2716 2937 modo
2762 2886 2956 2953 poterit
3000 2886 3305 2943 indiscreta:
3351 2888 3494 2943 illius

1912 2974 2186 3029 mixtionis
2236 2976 2561 3030 iusinccrum
2594 2976 2765 3032 vitare
2807 2980 3133 3049 contagium.
3179 2980 3290 3034 Hoc
3334 2980 3495 3036 modo

1910 3069 2070 3122 etiam
2102 3067 2191 3122 ille
2222 3067 2302 3121 vir
2326 3068 2497 3121 bonus
2524 3067 2753 3122 Aeacius
2798 3068 3137 3125 Antiocheno
3182 3070 3375 3135 Petro,
3409 3071 3494 3127 cui

1911 3175 1970 3213 se
2000 3160 2176 3229 palam
2210 3176 2259 3212 ut
2281 3177 2312 3214 n
2341 3159 2739 3215 communicare
2775 3160 3040 3230 jactabat,
3092 3178 3187 3231 per
3214 3163 3350 3219 alios
3379 3163 3495 3220 sine

207 3258 341 3312 ret,
373 3260 426 3304 et
455 3251 771 3320 regulariter
800 3254 868 3306 de
912 3254 990 3307 eis
1033 3254 1373 3309 ecclesiastici
1410 3258 1594 3325 judicii
1643 3258 1811 3313 forma
1841 3234 1889 3297 ο
1918 3253 2166 3323 ambiguo
2194 3254 2619 3309 ctammuiiicasse
2669 3253 2954 3322 detegitur.
3007 3253 3189 3325 Neque
3238 3255 3380 3310 enim
3426 3255 3495 3309 ab

201 3340 565 3413 procederet.
598 3342 691 3397 Sin
726 3358 854 3398 vero
893 3344 1035 3400 sedis
1073 3347 1383 3413 apostolicae
1414 3349 1655 3418 regulam
1684 3352 1812 3404 sub-

201 3437 500 3506 sequendo
532 3436 938 3507 perspiciebatis
988 3439 1109 3493 illos
1152 3438 1290 3494 hanc
1339 3449 1524 3496 tenere
1567 3454 1817 3497 constan-

205 3530 375 3595 tiam,
398 3537 793 3599 consequenter
822 3546 917 3599 per
948 3531 1089 3596 illos,
1122 3543 1175 3587 et
1206 3531 1330 3602 quid
1359 3542 1543 3588 nostra
1571 3534 1816 3590 definitio

206 3625 541 3691 contineret,
575 3640 680 3679 non
713 3625 969 3681 habuistis
1022 3626 1322 3693 incertum;
1355 3637 1411 3683 et
1434 3628 1656 3683 illorum
1689 3646 1811 3699 per-

205 3715 562 3770 secutoribus
592 3716 910 3785 annuendo,
941 3732 970 3770 a
1002 3717 1142 3771 sedis
1166 3720 1498 3789 apostolica),
1525 3736 1630 3776 non
1662 3722 1812 3791 igno-

205 3821 411 3865 rantes
435 3809 549 3879 ejus
580 3810 939 3877 sententiam,
989 3813 1259 3867 consortio
1288 3816 1673 3870 retrocessistis
1705 3815 1808 3887 [ιιι.

206 3919 321 3959 vos
360 3901 716 3974 retraxistis].
752 3902 817 3957 Et
845 3903 1021 3959 adhuc
1047 3903 1224 3958 dicitis
1256 3905 1531 3974 ignorasse
1558 3922 1657 3960 vos
1683 3908 1809 3977 quid

204 3996 390 4052 sedes
409 3995 698 4063 apostolica
728 3995 1043 4064 censuisset,
1073 4010 1194 4050 eum
1225 3996 1291 4049 ab
1321 3997 1423 4051 illis
1444 3998 1812 4054 sacerdotibus

207 4088 491 4144 catholica
522 4087 627 4143 fide
654 4098 710 4143 et
738 4088 1112 4142 communione
1135 4088 1479 4157 pollentibus,
1506 4105 1611 4144 non
1636 4091 1814 4145 verbis

209 4195 312 4237 aut
364 4183 592 4249 litteris,
645 4182 739 4238 sed
789 4184 1032 4252 personis
1085 4185 1475 4251 praesentibus,
1524 4184 1813 4240 didieeritis

208 4277 478 4330 universa
502 4316 517 4340 ,
546 4286 601 4329 et
629 4275 697 4330 ab
723 4260 909 4329 eadem
943 4289 1037 4329 vos
1072 4277 1288 4344 proprio
1309 4275 1510 4344 judicio
1536 4262 1815 4346 separasse

207 4370 539 4426 videamini.
565 4370 586 4401 ²
620 4368 809 4425 Dicitis
844 4370 1004 4425 etiam
1034 4370 1054 4401 ³
1077 4372 1339 4442 synodum
1378 4373 1429 4425 in
1458 4371 1617 4426 unius
1644 4372 1816 4427 homi-

206 4464 300 4519 nis
332 4478 569 4535 persona
620 4464 867 4518 debuisse
896 4465 1146 4529 tractari,
1196 4480 1353 4535 quam
1398 4464 1451 4519 in
1499 4466 1813 4520 damnandis

207 4556 396 4609 tantis
444 4554 782 4623 pontificibus
827 4554 1105 4609 catholicis
1144 4570 1247 4609 non
1280 4556 1563 4624 quaesistis.
1612 4556 1813 4623 Quibus

204 4656 409 4701 autem
442 4646 633 4709 vultis,
668 4655 724 4699 ut
752 4644 819 4699 de
851 4647 1033 4700 talium
1076 4662 1355 4700 causarum
1405 4648 1664 4703 relatione
1693 4665 1810 4705 cre-

202 4736 460 4792 damus?
509 4736 788 4791 catholicis
815 4751 880 4790 an
913 4737 1213 4793 haereticis?
1247 4739 1313 4792 ab
1340 4741 1481 4793 omni
1533 4740 1811 4796 hmretieo-

200 4840 339 4887 rum
394 4831 714 4900 contagione
755 4829 1030 4896 discretis,
1063 4846 1130 4883 an
1163 4831 1530 4887 haereticorum
1573 4848 1811 4887 commu-

202 4923 393 4977 nione
421 4921 638 4991 pollutis
662 4921 685 4974 ?
715 4921 845 4988 Quis
874 4930 1051 4975 autem
1083 4936 1188 4976 non
1214 4922 1391 4978 videat
1421 4924 1540 4978 illos
1573 4940 1693 4980 esse
1718 4941 1809 4981 ca-

199 5015 460 5072 tholicos
502 5027 554 5069 et
595 5015 663 5068 ab
689 5015 835 5069 omni
866 5015 1116 5070 haeretica
1151 5025 1297 5085 peste
1321 5032 1541 5086 prorsus
1576 5019 1801 5086 alienos,

195 5109 295 5178 qui
333 5107 577 5179 propriis
632 5106 851 5161 urbibus
895 5106 1121 5173 detrusi,
1149 5116 1203 5161 et
1230 5108 1281 5161 in
1310 5110 1555 5164 exsilium
1585 5124 1707 5166 sunt
1729 5129 1813 5169 re-

194 5198 361 5255 dacti
395 5207 415 5251 ξ
440 5206 496 5252 et
522 5212 616 5253 eos
644 5198 732 5268 qui
760 5196 1140 5267 superstitibus
1165 5198 1443 5254 catholicis
1471 5216 1810 5259 successores

193 5292 325 5348 ﬁeri
358 5291 483 5345 ausi
511 5300 635 5346 sunt
656 5335 670 5360 ,
718 5289 1014 5346 catholicos
1035 5290 1254 5345 omnino
1283 5305 1388 5345 non
1416 5306 1538 5349 esse
1557 5334 1572 5362 ,
1604 5297 1695 5351 sed
1720 5307 1812 5352 aut

275 5503 291 5531 ⁸
328 5496 423 5553 Id.
455 5497 596 5563 cod.,
627 5512 695 5549 an
712 5496 1076 5563 cognoscendo.

269 5574 292 5603 ²
327 5567 523 5638 Hicin
556 5568 676 5638 cod.
707 5566 998 5638 Veronensi
1038 5566 1344 5638 inseruntur
1372 5581 1434 5621 ea
1465 5582 1583 5638 quae
1618 5582 1801 5636 prmu-

188 5644 256 5699 lit
311 5641 401 5694 cl.
455 5637 691 5691 Malfeius
721 5637 774 5690 in
804 5652 898 5691 sua
930 5636 1241 5706 przefatione
1271 5636 1334 5690 ad
1366 5636 1796 5707 supplementum

186 5711 584 5771 Acacianum,
616 5716 746 5761 tom.
778 5707 894 5773 VII,
922 5723 1041 5776 pag.
1088 5706 1241 5761 1069.
1296 5708 1399 5763 Sed
1437 5706 1564 5764 cum
1613 5716 1798 5768 eadem

188 5783 452 5840 omnino
504 5780 745 5849 legantur
802 5779 853 5831 in
907 5778 1132 5846 epistola
1178 5777 1373 5834 Gelasii
1416 5782 1480 5835 ad
1528 5782 1801 5841 Dardaniae

186 5859 511 5926 episcopos
566 5864 673 5905 non
747 5850 917 5905 solum
986 5850 1038 5904 iu
1084 5851 1318 5905 editione
1372 5852 1652 5909 Labbeana
1707 5856 1801 5912 sed

1915 3345 2186 3411 onmium,
2230 3348 2316 3413 qui
2378 3346 2715 3400 Autiocheuo
2774 3346 2932 3401 Petro
2989 3347 3493 3415 communicabant,

1918 3447 2089 3491 semet
2121 3437 2347 3490 Aeacius
2374 3438 2751 3491 communione
2795 3440 3095 3509 suspendit.
3143 3442 3219 3495 Ac
3259 3455 3354 3510 per
3395 3440 3495 3496 hoc

1917 3528 2041 3599 quid
2086 3528 2311 3598 profuit,
2360 3529 2500 3599 quod
2542 3529 2707 3584 videri
2760 3530 2971 3584 volebat
3022 3531 3094 3583 illi
3155 3531 3331 3600 palam
3390 3548 3494 3587 non

1916 3623 2333 3687 communicare,
2368 3622 2454 3676 cui
2486 3638 2581 3692 per
2607 3637 2733 3677 suos
2762 3622 3057 3692 complices
3086 3622 3366 3677 subsiciva:
3392 3622 3474 3695 [αι

1913 3713 2014 3767 sub
2050 3712 2237 3783 signo]
2291 3713 2685 3767 communionis
2737 3712 3090 3768 neclebatur?
3136 3713 3498 3771 Alexandrino

1914 3805 2073 3861 Petro
2101 3805 2517 3860 communicavit
2539 3805 2784 3860 Aeacius.
2819 3805 2925 3861 Sed
2956 3807 3127 3864 donec
3152 3807 3363 3862 advixit
3391 3814 3500 3863 Au-

1914 3899 2193 3953 tiochenus
2222 3898 2442 3965 Petrus,
2486 3900 2573 3970 qui
2608 3901 2788 3971 utique
2836 3910 2957 3971 post
3001 3904 3327 3958 Acacianum
3376 3918 3497 3958 cum

1914 3993 2075 4048 Petro
2105 3993 2469 4047 Alexandrino
2512 3992 2685 4047 foadus
2733 3993 2922 4048 initum
2952 3994 3235 4050 defunctus
3264 3996 3499 4050 ostendi-

1915 4092 2022 4150 tur,
2048 4100 2317 4153 nunquam
2350 4083 2686 4138 Antiocheno
2712 4084 2871 4138 Petro
2893 4085 3289 4139 Alexandrinus
3307 4084 3497 4139 Petrus

1917 4177 2313 4231 communicare
2344 4175 2522 4229 desiit.
2546 4174 2698 4240 Quod
2725 4175 3112 4228 catholicorum
3148 4174 3386 4230 continet
3415 4191 3499 4229 re-

1918 4269 2046 4323 latio
2074 4266 2433 4331 sacerdotum,
2460 4276 2885 4336 caeterorumque
2904 4268 2923 4297 ⁵
2949 4266 3001 4321 in
3019 4266 3278 4322 catholica
3302 4268 3499 4325 duran-

1919 4364 2072 4429 tium,
2106 4376 2204 4415 nec
2229 4359 2612 4415 conscientiam
2653 4360 2821 4414 latere
2856 4368 3031 4427 potest
3056 4360 3218 4415 totius
3239 4358 3495 4418 Orientis.

1919 4457 1981 4510 Et
2010 4464 2068 4509 ut
2097 4464 2335 4518 taceam,
2367 4452 2508 4522 quod
2541 4466 2633 4519 per
2675 4451 2849 4519 ipsum
2896 4451 3164 4507 Zenonem
3211 4453 3498 4523 imperato-

1917 4564 2053 4615 rem,
2083 4545 2172 4617 qui
2203 4547 2385 4614 utique
2418 4541 2752 4598 Antiocbeno
2780 4543 2973 4611 Petro,
3004 4558 3161 4613 quem
3187 4543 3496 4601 introduxe-

1920 4651 2032 4707 rat,
2058 4650 2109 4695 et
2139 4639 2290 4707 cujus
2326 4636 2681 4691 sacerdotium
2708 4636 3170 4705 comprobaverut,
3200 4637 3314 4692 sine
3338 4637 3497 4695 dubio

1919 4732 2296 4789 communione
2354 4729 2682 4799 permixtus,
2751 4728 3181 4783 communicabat
3242 4730 3493 4799 Aeacius,

1919 4820 2177 4897 plurimos
2242 4822 2571 4877 diversarum
2637 4818 2846 4873 urbium
2900 4819 3157 4889 praesules
3215 4835 3497 4891 possumus

1919 4920 2307 4981 demonstrare,
2337 4914 2530 4985 quibus
2554 4928 2675 4967 cum
2707 4913 3042 4967 Antioclteno
3069 4912 3227 4967 Petro
3253 4928 3495 4969 commu-

1919 5012 2220 5069 nicantibus
2270 5006 2618 5064 nihilominus
2670 5005 3098 5060 communicabat
3145 5008 3396 5071 Aeacius,
3443 5016 3499 5063 et

1922 5124 2017 5179 per
2046 5107 2165 5160 illos
2207 5100 2544 5158 Antiocheno
2575 5098 3000 5154 communicabat
3026 5110 3415 5170 consequenter
3443 5107 3498 5153 et

1918 5203 2097 5257 Petro.
2127 5195 2233 5251 Sed
2272 5195 2384 5248 haec
2410 5190 2547 5260 apud
2581 5189 2796 5245 Graecos
2846 5189 3019 5244 facilis
3062 5199 3117 5245 et
3162 5189 3496 5260 ineulpabilis

1920 5304 2135 5365 putatur
2165 5302 2284 5346 esse
2314 5284 2614 5357 permixtio,
2645 5283 2784 5353 apud
2815 5297 2947 5352 quos
2975 5282 3117 5338 nulla
3144 5294 3227 5338 est
3254 5281 3365 5336 veri
3395 5278 3496 5334 fal-

1912 5500 2070 5555 etiam
2120 5498 2172 5552 in
2214 5494 2611 5564 Quesnelliana,
2645 5507 2707 5547 ac
2762 5493 2812 5545 in
2869 5487 3493 5564 eodemmetVeronensi

1908 5571 2124 5633 codice,
2155 5568 2205 5621 in
2225 5558 2337 5637 quo
2365 5566 2483 5637 solo
2509 5564 2594 5618 bic
2623 5570 2899 5633 repetitur,
2929 5562 3017 5614 illa
3043 5558 3217 5630 potius
3247 5561 3486 5629 epistolae

1911 5643 1977 5698 ad
2013 5635 2285 5695 Dardanas
2307 5635 2690 5706 adjudicarem.

1985 5713 2003 5742 ³
2039 5712 2112 5764 ld.
2144 5713 2288 5773 cod.,
2320 5703 2387 5761 Ιζὶ
2404 5706 2575 5762 adhuc
2602 5706 2771 5757 dicitis
2792 5703 3063 5771 synodum.

1984 5782 2005 5813 ⁸
2035 5782 2107 5835 Id.
2140 5783 2283 5843 cod.,
2313 5783 2578 5849 jungatur.

1986 5854 2005 5885 '
2034 5854 2107 5909 ld.
2140 5852 2286 5917 cod.,
2314 5846 2363 5903 in
2386 5846 2637 5903 catholica
2670 5846 2789 5913 ﬁde.
