4104 6356
578 300 650 401 99
1925 330 2188 388 censu
2232 310 2429 384 eam
2472 327 2491 381 ι

3762 312 3871 369 100

578 458 728 529 sique
752 454 1033 519 discretio;
1057 459 1256 507 etcum
1282 447 1531 504 omnibus
1561 445 1806 518 reprobis
1831 446 2018 502 volunt
2039 459 2160 501 esse
2184 438 2240 509 Α
2267 459 2417 500 meus
2439 438 2807 497 Theodericus
2837 452 2933 494 rex
2976 435 3042 491 ad
3092 441 3337 490 nostrum
3378 438 3726 487 contumaces
3752 416 3870 486 cie-

578 550 907 616 commuues,
941 548 991 601 in
1022 545 1159 600 nulla
1191 551 1560 599 monstrantur
1589 543 1857 614 probitate
1893 551 2161 598 constare.

579 644 675 701 Hic
696 652 868 697 autem
898 641 987 695 ille
1012 650 1092 693 est
1116 639 1303 694 Petrus
1326 638 1717 704 Antiochenus,
1750 652 1908 707 quem
1942 650 2042 692 nec
2072 650 2166 705 per

580 738 940 809 paenitentiam
997 732 1061 787 ad
1117 731 1548 787 communionem
1621 729 1943 784 catholicam
2001 728 2165 798 recipi

581 830 733 883 etiam
761 842 789 879 a
817 824 943 879 sede
969 823 1260 894 apostolica
1286 823 1527 893 poposcit
1554 821 1804 876 Aeacius.
1837 821 1916 874 Ac
1950 834 2043 889 per
2067 817 2168 873 hoc

581 923 595 952 ι
630 916 926 991 queruntur
951 932 978 969 a
1004 910 1158 970 nobis
1199 908 1453 969 Acacium
1485 912 1645 969 fuisse
1667 912 2010 976 damnatum;
2046 926 2166 965 cum

578 1010 680 1064 hac
712 1006 1041 1080 professione
1071 1006 1377 1085 praemissa,
1421 1015 1475 1060 et
1515 1008 1534 1036 ²
1580 1021 1673 1075 per
1714 1004 1943 1059 infectos
1971 1004 2166 1058 Antio-

582 1100 739 1154 clieni
770 1086 912 1154 Petri
946 1098 1159 1167 recepta
1197 1097 1605 1162 communione,
1656 1112 1715 1151 se
1760 1096 2015 1151 doceatur
2055 1096 2169 1165 ipse

585 1194 889 1248 damnasse.
938 1191 1040 1245 Ubi
1097 1199 1273 1245 tamen
1309 1207 1413 1245 non
1444 1191 1615 1245 solum
1646 1205 1772 1244 reus
1799 1199 2006 1244 tenetur
2035 1178 2171 1243 lica-

582 1282 721 1353 cius,
758 1282 852 1338 sed
885 1280 1071 1336 Omnes
1097 1281 1377 1351 pontiiices
1407 1280 1728 1346 Orientales,
1758 1280 1846 1350 qui
1873 1280 1982 1349 pari
2013 1279 2171 1331 modo

584 1377 640 1430 in
692 1377 807 1429 hate
856 1370 1098 1429 cecidere
1128 1370 1372 1443 contagia
1393 1414 1407 1439 ,
1443 1373 1741 1440 meritoque
1770 1368 1927 1423 simili
1956 1370 2172 1423 damna-

584 1464 733 1522 tione
764 1464 786 1495 ³
820 1460 1067 1519 tenentur
1094 1463 1355 1529 obstricti,
1390 1477 1488 1517 nec
1522 1461 1643 1515 inde
1673 1460 1877 1530 possint
1906 1458 2171 1515 ullatenus

588 1556 869 1627 expediri,
918 1556 1019 1610 nisi
1067 1556 1192 1609 dum
1241 1560 1583 1622 supersunta
1615 1553 1808 1606 talibus
1837 1551 2169 1605 abstinendo.

588 1644 701 1704 Nec
748 1665 846 1703 nos
891 1656 1103 1717 Oportet
1136 1651 1185 1701 in
1233 1646 1427 1700 talibus
1455 1646 1630 1699 causis
1660 1644 1759 1698 nisi
1792 1637 1892 1698 illis
1917 1643 2135 1697 credere
2158 1684 2172 1708 ,

591 1740 678 1810 qui
718 1742 812 1794 aut
862 1738 1079 1793 omnino
1109 1754 1166 1792 se
1196 1738 1370 1792 sciunt
1399 1737 1465 1790 ab
1492 1737 1648 1807 hujus
1676 1736 1911 1805 perﬁdim
1941 1736 2172 1789 nexibus

2272 537 2411 592 ricos
2442 534 2647 591 remisit
2675 546 2920 587 examen.

2687 622 2919 677 Gelasius
2949 619 3145 674 Victori
3182 618 3436 686 episcOpo.

2792 714 2931 787 (Lib.
2967 731 3044 779 ιιι,
3086 729 3205 783 cap.
3233 708 3347 783 95;)

2352 834 2558 888 Dudum
2589 832 2656 887 de
2686 831 2893 887 Sancta:
2935 828 3153 898 Agatba:
3199 824 3438 892 basilica,
3487 837 3606 892 qua:
3651 822 3704 876 in
3754 822 3865 877 Ca-

2268 928 2432 981 ‘clano
2465 925 2625 979 fundo
2655 924 2782 978 olim
2824 922 3061 976 noscitur
3094 919 3404 985 constituta,
3453 916 3862 985 processionem

2244 1020 2373 1102 ‘sub
2402 1026 2581 1071 nostra
2612 1015 3006 1071 consultatione
3044 1011 3424 1080 suspenderas,
3458 1022 3710 1063 asserens
3739 1022 3863 1077 pos-

2268 1109 2532 1165 sessionis
2557 1108 2832 1161 dominum
2864 1106 3041 1160 omnia
3073 1120 3189 1173 qua!
3228 1104 3302 1158 illi
3335 1100 3750 1155 conferebantur
3772 1114 3862 1153 ac-

2274 1206 2473 1275 cipere,
2510 1213 2562 1259 et
2589 1205 2707 1257 suis
2732 1199 3249 1271 usibusjapplicare;
3293 1212 3389 1250 nec
3420 1195 3528 1249 illic
3559 1208 3718 1263 posse
3760 1192 3859 1246 mi-

2274 1298 2565 1353 nistrorum
2595 1295 2684 1349 llei
2716 1295 2923 1363 aliquos
2948 1292 3013 1345 ad
3054 1290 3459 1359 processiouem
3497 1287 3707 1352 venire,
3737 1300 3855 1338 cum

2276 1388 2417 1443 nulla
2447 1388 2553 1440 illic
2590 1387 2837 1440 alimenta
2888 1384 3243 1452 susciperent.
3295 1379 3398 1435 Sed
3429 1394 3599 1448 nuper
3626 1378 3709 1433 vir
3739 1393 3855 1447 spe-

2275 1480 2482 1533 ctabilis
2514 1480 2701 1531 Petrus
2735 1486 2916 1530 noster
2958 1473 3111 1529 nobis
3146 1469 3534 1526 rationabiliter
3574 1470 3849 1530 intimavit,

2279 1574 2378 1627 hoc
2411 1572 2545 1639 quod
2573 1573 2625 1625 in
2655 1570 2866 1639 culpam
2899 1576 3118 1623 venerat
3146 1583 3206 1621 se
3248 1567 3423 1619 taliter
3461 1565 3763 1629 ordinasse,
3802 1574 3852 1617 ut

2278 1666 2525 1719 Universa
2554 1680 2671 1732 qua:
2702 1664 2755 1716 in
2790 1662 3025 1715 Ecclesia
3054 1662 3360 1728 supradicta
3385 1659 3731 1713 diversiiruin
3755 1660 3847 1711 fue-

2278 1760 2386 1814 rint
2439 1758 2708 1813 oblatione
2746 1755 2959 1817 eollata,
3009 1752 3074 1807 ad
3119 1752 3430 1822 episcopum
3480 1760 3573 1803 aut
3619 1754 3687 1803 ad
3744 1765 3841 1803 ean

590 1831 768 1885 divino
800 1831 1058 1885 beneficio
1090 1846 1307 1885 servare
1332 1829 1615 1895 discretos,
1650 1837 1741 1882 aut
1771 1829 1849 1883 liis
1878 1829 1965 1898 qui
1995 1844 2022 1880 a
2052 1843 2171 1896 per-
2205 1843 2253 1903 Β
2279 1853 2361 1907 cui
2396 1851 2671 1905 basilicam
2704 1847 3036 1917 ἀψυιενεηι
3062 1887 3076 1909 ν
3129 1846 3380 1898 universa
3412 1843 3711 1911 pel-lineam
3747 1858 3759 1893 ε
3791 1843 3851 1895 ει,

586 1922 815 1976 ﬁdOru‘m
858 1921 1129 1976 consortio
1183 1931 1541 1977 recesserunt.
1573 1920 1704 1974 Nam
1750 1922 1804 1974 itt
1852 1920 2174 1990 perﬁdorum

591 2014 836 2085 entitagio
866 2015 1201 2080 constitutis,
1245 2031 1401 2084 quam
1452 2015 1607 2069 fidem
1642 2030 1736 2084 pro
1767 2014 1991 2068 sincera:
2024 2030 2176 2068 com-

593 2110 857 2165 tuunionis
889 2108 1259 2164 teStiﬁeatiiinc
1292 2123 1571 2177 possumus
1616 2108 1873 2162 adbibere
1897 2149 1910 2175 ,
1946 2109 2034 2177 qui
2066 2107 2086 2137 ’δ
2121 2109 2177 2160 in

594 2202 803 2257 sincera
828 2203 1205 2255 cetnmuniOne
1242 2208 1366 2253 sunt
1392 2196 1418 2229 ’⁸
1446 2200 1663 2266 polluti?
1690 2199 1799 2253 Nec
1819 2214 2002 2254 eorum
2032 2199 2180 2254 testi-

594 2292 790 2349 moniis
835 2294 930 2346 niti
982 2304 1077 2362 pro
1123 2290 1347 2345 veritate
1378 2288 1701 2360 poterimus,
1736 2291 1821 2361 qui
1870 2291 2180 2362 impugnare

596 2403 701 2441 non
750 2388 1002 2441 verentur
1034 2382 1142 2458 (at.
1178 2382 1458 2454 nituntur]
1510 2383 1831 2438 falsitatibus
1880 2385 2175 2439 veritatem.

595 2476 778 2535 Restat
828 2489 883 2534 ut
932 2480 1036 2534 non
1079 2479 1179 2533 nisi
1234 2478 1335 2534 illis
1388 2464 1610 2534 credere
1639 2478 1928 2534 debeamus
1996 2480 2082 2550 qui
2113 2481 2180 2533 ab

597 2574 740 2627 omni
766 2570 1083 2644 contagione
1114 2582 1236 2627 sunt
1264 2570 1440 2627 liberi.

1147 2654 1634 2721 EPISTOLARUM

912 2746 1116 2791 GELASII
1140 2746 1287 2791 ΪἎΡᾸΞ
1314 2746 1487 2791 ῺΕΟῈΠ
1523 2752 1860 2793 FRAGMENTA.

782 2830 886 2899 (Ex
915 2830 1138 2885 Collect.
1165 2846 1430 2884 canomnn
1460 2831 1607 2885 card.
1645 2830 1985 2901 Deusdedit.)

988 2901 1222 2956 Gelasium
1246 2901 1514 2956 Caelestino
1543 2905 1803 2972 episcopo.

1135 2974 1276 3041 (Lib.
1309 2989 1347 3039 ι,
1381 2990 1501 3042 cap.
1535 2975 1685 3041 Hi.)

669 3043 727 3098 ln
759 3044 985 3099 ecclesia
1016 3043 1155 3098 beati
1190 3046 1440 3113 martyris
1475 3046 1795 3112 Eleutlterii,
1824 3061 1941 3116 quae
1990 3046 2041 3100 in
2092 3045 2182 3099 lii-

601 3136 951 3195 stoniensium
995 3138 1225 3193 civitatis
1279 3142 1530 3208 parorbia
1583 3140 1838 3208 probatur
1886 3154 2005 3195 esse
2052 3155 2182 3194 con-

601 3238 821 3300 structa,
852 3226 1118 3284 Julianum
1151 3232 1455 3297 diaconum,
1500 3231 1545 3285 si
1594 3232 1667 3285 nil
1723 3231 1774 3285 in
1805 3246 1870 3286 eo
1917 3242 1998 3287 est
2041 3232 2182 3302 quod
2211 3222 2259 3288 C

600 3333 788 3377 contra
820 3338 1085 3377 canonum
1127 3323 1303 3378 veniat
1346 3325 1606 3390 instituta,
1648 3324 1941 3395 presbyteri
1979 3324 2182 3380 honore

601 3416 875 3473 decorabis
912 3435 922 3469 :
963 3419 1193 3472 sciturus
1238 3433 1359 3472 enm
1405 3418 1701 3474 visitatoris
1727 3428 1776 3473 te
1804 3420 2040 3485 nomine,
2075 3435 2181 3475 non

600 3509 885 3565 cardinalis
913 3525 1128 3566 creasse
1150 3510 1453 3580 pontiﬁcis.

1061 3601 1208 3657 Idem
1244 3604 1438 3659 Sabino
1461 3605 1717 3673 episcopo.

1306 3695 1492 3765 (una)

672 3786 924 3854 Quartum
957 3784 1294 3842 defensorem
1317 3788 1596 3843 diaconum
1635 3788 1849 3843 sibimet
1880 3790 2183 3844 consecrari

604 3878 829 3948 populus
851 3877 1212 3933 Grumentinat
1235 3879 1465 3934 civitatis
1487 3881 1744 3949 exposcit.
1781 3880 1930 3936 Ilunc
1959 3896 2107 3951 ergo,
2138 3883 2185 3936 si

604 3972 679 4027 nil
716 3980 799 4026 est
845 3973 986 4042 quod
1031 3973 1149 4041 ejus
1199 3988 1440 4041 persona:
1481 3974 1649 4043 possit
1691 3975 1906 4045 opponi,
1958 3976 2184 4031 diaconii

602 4064 943 4135 provectione
984 4063 1263 4120 decorabis
1320 4085 1333 4120 :
1385 4076 1442 4120 ut
1486 4067 1695 4122 noverit
1746 4078 1919 4125 tamen
1967 4068 2185 4124 dilectio

601 4168 686 4212 tua
725 4157 825 4214 hoc
861 4174 918 4214 se
949 4159 1320 4231 delegantibus
1357 4161 1511 4217 nobis
1538 4162 1761 4233 exsequi
1794 4163 2081 4218 visitatoris
2104 4163 2185 4218 of-

601 4248 743 4315 ﬁcio,
774 4265 877 4305 non
911 4262 1173 4321 potestate
1202 4254 1401 4322 proprii
1434 4255 1750 4309 sacerdotis.

637 4340 868 4396 Celasius
903 4344 1204 4415 Quinigesio
1235 4356 1279 4396 et
1320 4344 1653 4398 Constantino
1697 4346 1947 4414 episcopis
1968 4387 1983 4412 ,
2016 4346 2149 4400 inter

1284 4426 1483 4467 Cirtera.

1116 4506 1255 4573 (Lib.
1286 4523 1354 4570 tv,
1398 4508 1517 4575 cap.
1553 4507 1669 4578 56.)

2280 1954 2338 1999 ut
2367 1960 2431 1999 ex
2457 1944 2555 1997 hoc
2576 1940 2895 2012 compendio
2922 1946 3062 1993 sarta
3102 1947 3240 1992 tecta
3282 1937 3527 1991 ecclesia:
3568 1950 3855 2002 procureno

2282 2046 2387 2090 tur.
2441 2035 2508 2088 Et
2540 2034 2659 2087 ideo
2707 2033 2866 2087 frater
2913 2030 3282 2086 saluberrima)
3329 2028 3678 2097 dispositionis
3722 2040 3855 2093 pro-

2284 2129 2516 2184 fessione
2541 2135 2807 2195 suscepta,
2839 2126 3236 2195 processionem
3266 2123 3583 2193 supradicta:
3614 2119 3857 2175 ceeiesiae

2285 2231 2335 2277 te
2373 2221 2625 2276 convenit
2648 2219 2918 2274 ordinare.

2498 2311 2730 2367 Gelasius
2761 2311 3001 2379 Respecto
3045 2319 3089 2363 et
3124 2308 3351 2361 Leonino
3382 2306 3653 2375 episcopis.

2780 2426 2922 2495 (Lib.
2955 2441 3033 2489 ιιι,
3067 2424 3186 2493 ‘cap.
3213 2423 3330 2493 99.)

2353 2544 2587 2599 Joannes
2632 2540 3043 2595 archidiaconus
3082 2536 3479 2592 Falerinnensis
3528 2534 3678 2590 umis
3720 2549 3861 2589 ever-

2282 2638 2487 2691 sionem
2523 2636 2764 2690 ccclcsiae
2790 2632 2858 2687 ab
2879 2647 2945 2687 eo
2971 2634 3060 2702 qui
3096 2630 3343 2700 prmsulis
3372 2628 3592 2682 nomine
3621 2635 3861 2681 censetur

2285 2731 2524 2787 effectam
2552 2729 2739 2798 grandi
2767 2727 2919 2781 nobis
2964 2724 3359 2794 supplicatione
3401 2731 3729 2790 conquestus
3752 2729 3861 2781 est;

2282 2824 2355 2877 ita
2390 2833 2446 2877 ut
2468 2836 2525 2877 se
2548 2821 2797 2875 videlicet
2826 2820 2890 2874 de
2921 2818 3019 2873 loci
3044 2816 3126 2871 Sui
3153 2815 3620 2871 administratione
3643 2814 3861 2882 deiecto,

2286 2917 2390 2969 iter
2417 2915 2516 2969 sibi
2542 2914 2767 2969 liberum
2796 2912 2862 2966 ad
2893 2908 3294 2981 depopulandas
3326 2908 3611 2981 facultates
3642 2906 3864 2975 aperiret

2280 3008 2544 3063 ecclesiae.
2581 3005 2709 3059 Nam
2738 3005 3051 3059 ministeriis
3081 3010 3135 3056 et
3180 3009 3367 3056 ornatu
3409 3014 3505 3069 pro
3548 3013 3645 3053 sua
3691 3000 3865 3054 volun-

2284 3108 2395 3153 tate
2428 3100 2716 3160 distracto,
2764 3096 3025 3165 praedium
3069 3096 3229 3150 etiam
3282 3094 3582 3163 paternum,
3629 3092 3769 3161 quod
3818 3093 3863 3146 in

2288 3190 2597 3245 alimoniam
2629 3190 2947 3245 clericorum
2978 3184 3237 3243 decessor
3266 3187 3381 3253 ejus
3425 3186 3741 3254 reliquerat,
3784 3199 3865 3238 ve-

2287 3286 2365 3340 lut
2394 3285 2668 3354 proprium
2693 3283 2803 3338 suis
2831 3282 3154 3336 utilitatibus
3181 3279 3465 3334 vindicavit
3500 3297 3512 3330 :
3539 3279 3867 3333 obviantem-

2285 3394 2388 3449 que
2418 3377 2780 3447 supradictum
2832 3375 3300 3439 archidiaconum,
3355 3380 3689 3441 czeterosque
3726 3386 3871 3426 com-

2276 3473 2490 3540 ‘plures,
2523 3469 2612 3537 qui
2640 3468 2843 3538 pariter
2890 3466 3291 3531 reclamabant,
3334 3464 3401 3519 ab
3446 3463 3723 3519 ordinibus
3764 3466 3870 3519 suis

2288 3562 2517 3617 credidit
2565 3560 2955 3615 excludendos.
3022 3560 3087 3613 Et
3124 3558 3296 3624 ideo,
3348 3558 3539 3612 fratres
3588 3559 3866 3626 carissimi,

2289 3652 2593 3709 Divinitatis
2614 3652 2806 3707 intuitu
2828 3651 3086 3706 Ecclesiae
3111 3665 3327 3705 causam
3351 3663 3558 3704 summa
3578 3649 3870 3705 attentione

2292 3746 2632 3809 trutinantes,
2662 3746 2807 3799 omni
2839 3745 3065 3799 veritate
3083 3742 3431 3810 discussa,‘de
3458 3744 3748 3812 compertis
3767 3743 3871 3797 cita

2290 3838 2489 3891 nostris
2538 3836 2758 3892 auribus
2800 3837 3063 3892 relatione
3094 3837 3330 3907 signate;
3371 3846 3427 3890 ut
3472 3845 3751 3906 perspecta
3787 3837 3869 3890 in-

2286 3932 2581 3987 structione
2607 3932 2896 4003 diligentiae
2948 3942 3141 3987 vestrae
3184 3932 3308 4001 quid
3357 3932 3470 3985 ﬁeri
3516 3931 3714 3987 debeat
3753 3946 3871 3987 ceu-

2286 4038 2519 4079 seamus.

2525 4115 2772 4191 ,Gelrm'us
2798 4117 2951 4170 Justo
2978 4127 3026 4170 et
3054 4116 3319 4187 Stephano
3353 4116 3629 4186 episcopis.

2815 4226 2954 4297 (Lib.
2992 4243 3064 4294 ιιι,
3098 4242 3217 4297 cap.
3247 4226 3361 4295 97.)

2360 4339 2548 4394 Frater
2577 4350 2631 4393 et
2678 4341 3028 4410 coepiscopus
3079 4350 3262 4394 noster
3312 4338 3591 4394 Proﬁcuus
3643 4339 3875 4409 Salpinm

2290 4431 2544 4486 sacerdos
2576 4431 2829 4486 Ecclesiae
2858 4432 3091 4501 prtitorii
3136 4431 3289 4485 nobis
3338 4430 3703 4485 insinuatione
3751 4447 3877 4499 sug-

2288 4524 2474 4595 gessit,
2514 4525 2845 4578 lirumarium
2902 4521 3245 4593 spectabilem
3293 4524 3494 4587 virum,
3551 4536 3671 4575 eum
3724 4522 3879 4575 nullis

668 4594 818 4652 Felix
850 4608 904 4652 et
934 4598 1119 4653 Petrus
1148 4600 1401 4655 Ecclesia:
1432 4601 1647 4654 Nolana:
1684 4601 1862 4657 clerici
1900 4611 2177 4658 contuma-

2288 4616 2622 4671 exstantibus
2649 4617 2825 4670 causis
2858 4631 3074 4670 servum
3107 4614 3352 4670 ecclesia:
3386 4615 3704 4684 gravissima
3735 4615 3880 4693 caede

601 4689 733 4744 citer
776 4698 828 4745 et
857 4699 1040 4745 contra
1091 4693 1441 4747 constitutum
1486 4693 1709 4748 rebelles
1758 4695 1821 4747 atl
1871 4695 2178 4750 eotnitatum

602 4780 695 4835 ﬁlii
726 4784 827 4837 mci
856 4781 995 4853 regis
1029 4795 1341 4851 putaverunt
1373 4802 1490 4839 esse
1538 4787 1953 4855 properandum,
1998 4788 2180 4842 dicen-

603 4874 681 4930 tes
719 4876 816 4930 sibi
868 4878 972 4931 vim
1006 4877 1165 4932 fuisse
1196 4888 1523 4947 generatam,
1574 4880 1732 4933 tacito
1773 4880 2053 4935 clericatus
2101 4881 2180 4935 of-

603 4970 722 5022 ficio
752 4985 764 5020 :
798 4968 852 5021 et
880 4970 1197 5023 auctoritate
1227 4974 1513 5039 promerita
1548 4981 1730 5025 contra
1756 4971 2063 5027 civilitatem
2096 4988 2180 5028 re-

598 5060 827 5130 ilemptis
849 5061 947 5115 sibi
971 5061 1211 5115 barbaris
1238 5065 1654 5131 suprascriptum
1689 5064 1998 5132 episcopum
2024 5078 2177 5119 suum

597 5152 847 5222 gravibus
896 5152 1101 5221 injuriis
1141 5162 1193 5207 et
1234 5153 1531 5222 dispendiis
1580 5154 1891 5209 affecerunt.
1942 5155 2172 5211 Proinde

598 5244 963 5299 necessarium
1018 5243 1119 5298 fuit
1168 5256 1224 5298 ιιι
1271 5247 1336 5299 ad
1391 5246 1635 5301 eumdem
1693 5247 1969 5302 dominum
2010 5248 2179 5303 'filium

601 5353 774 5391 meum
816 5336 1156 5406 supradictus
1194 5337 1357 5392 frater
1398 5348 1577 5394 noster
1616 5342 1851 5399 Serenus
1897 5342 2180 5410 episcopus

606 5431 928 5494 eonvolaret,
957 5439 1278 5497 ostensaqne
1324 5430 1508 5485 fraude
1549 5433 1843 5492 secundum
1890 5433 2178 5487 beatitudi-

620 5534 719 5573 .cnt
760 5531 1056 5589 temporum
1089 5532 1304 5576 suorum
1348 5524 1428 5575 vir
1465 5523 1991 5593 praecellentissimus
2036 5524 2174 5580 ﬁlius

675 5658 688 5686 ¹
718 5658 790 5729 ω.
815 5660 957 5721 cod.,
985 5661 1102 5723 quit!
1120 5669 1413 5729 queruntur.

671 5729 691 5799 ξ
720 5728 794 5782 Id.
820 5730 961 5795 cod.,
989 5747 1073 5794 per
1100 5728 1371 5799 anfractus.

670 5798 690 5827 ⁸
718 5800 789 5852 id.
816 5801 955 5863 cod.,
983 5798 1258 5857 terreantur.

2287 4717 2595 4777 mactasset,
2630 4718 2754 4764 tunc
2795 4710 2958 4763 etiam
2986 4708 3051 4761 ad
3102 4707 3396 4776 augendam
3442 4707 3717 4761 violentim
3770 4722 3881 4761 sum

2287 4801 2641 4869 pervicaciam
2672 4800 3033 4867 supradictum
3066 4798 3358 4853 antistitem
3386 4799 3725 4867 gravissimis
3754 4814 3881 4853 con-

2288 4891 2520 4945 tumcliis
2548 4890 2813 4944 affecisse.
2850 4888 2914 4944 Et
2942 4890 3083 4955 ideo,
3120 4880 3311 4945 fratres
3338 4889 3624 4957 carissimi,
3656 4893 3699 4944 si
3731 4906 3757 4942 a
3792 4906 3883 4943 vo-

2286 4983 2367 5037 bis
2392 4981 2696 5035 admonitus
2728 4984 2791 5035 ad
2834 4981 3087 5052 judicium
3111 4992 3345 5036 vestrum
3372 4982 3887 5051 inquisitionemque

2287 5076 2619 5138 convenerit,
2654 5074 2879 5127 veritate
2916 5072 3153 5127 discussa
3190 5074 3329 5126 unde
3379 5082 3558 5127 tantus
3613 5074 3885 5143 superbia:

2289 5166 2507 5235 spiritus
2531 5176 2620 5218 aut
2651 5165 2915 5218 violentia:
2941 5166 3219 5233 conceptio
3252 5164 3488 5231 ﬂuxerit,
3539 5166 3743 5235 quidve
3774 5165 3889 5220 fne-

2292 5259 2356 5312 rit
2389 5259 2530 5327 quod
2558 5254 2791 5327 pontifex
2827 5266 2972 5311 tanta
2996 5258 3325 5312 laceraretur
3346 5258 3655 5324 insolentia,
3684 5258 3888 5313 nostris

2293 5351 2510 5404 auribus
2541 5350 2801 5405 relatione
2839 5350 3066 5419 signate.
3128 5351 3233 5405 Aut
3278 5350 3322 5404 si
3370 5351 3503 5404 forte
3541 5352 3703 5405 simili
3748 5368 3887 5422 pra:-

2290 5442 2593 5510 sumptione
2624 5442 3027 5511 contempserit,
3059 5450 3378 5512 potestatem
3404 5443 3505 5498 sibi
3528 5444 3885 5514 supradictus

2291 5532 2534 5601 pontifex
2567 5535 2779 5588 noverit
2808 5548 2928 5588 esse
2957 5548 3288 5602 concessam,
3318 5543 3581 5605 quatenus
3618 5534 3763 5605 apud
3805 5538 3889 5604 ju-

2365 5665 2383 5694 ’⁸
2417 5666 2490 5720 Id.
2524 5667 2670 5735 cod.,
2706 5669 2757 5720 in
2784 5668 3055 5723 insincera.

2362 5738 2380 5767 ⁵
2411 5737 2483 5791 ltl.
2512 5740 2656 5804 cod.,
2692 5738 2860 5810 positi.
