4104 6356
286 374 381 437 101

1503 376 1857 439 EPISTOLA'Z
1898 378 1985 435 ET
2028 378 2373 442 DECRETA.

3476 398 3574 454 102

280 499 456 555 dicem
482 494 767 567 provinciae
788 495 1048 550 atrocium
1087 494 1284 564 injuria
1297 506 1411 548 rum
1443 502 1651 562 quierat
1683 506 1881 564 pro‘po-
1910 496 1960 555 Α
1982 495 2251 553 obeuntes
2274 500 2558 573 episcopos
2588 502 2642 557 in
2665 501 2851 559 eadem
2880 501 3100 573 region'c
3132 508 3573 578 metropolitanus

280 594 475 649 sitione
503 591 796 645 undictam.

378 685 615 741 Gelasius
650 683 924 755 Majorico,
969 684 1160 738 Sereno
1204 693 1249 738 et
1279 682 1475 737 Joanni
1505 682 1776 751 eoiscom‘s.

794 776 933 846 (Lib.
964 786 1043 842 nt,
1079 790 1199 846 cap.
1235 776 1350 845 98.)

349 873 451 940 Qui
478 880 533 926 et
557 870 803 924 humanis
835 870 1043 938 legibus
1078 868 1279 923 iucivili
1310 870 1612 924 temeritate
1633 868 1873 934 calcatis,

276 977 330 1021 et
358 964 656 1020 reverentia
680 963 954 1030 religionis
986 962 1217 1032 abjecta,
1255 963 1337 1017 vel
1372 963 1735 1018 ecclesiastica
1767 966 1876 1034 pri-

277 1060 479 1129 vilegia
506 1058 715 1113 calcare
742 1055 1100 1121 contendunt,
1131 1056 1213 1109 vel
1248 1054 1471 1110 ubilibet
1504 1056 1554 1110 in
1578 1062 1873 1124 paupertini

276 1150 526 1221 prosilire
557 1148 919 1217 dispendium,
950 1161 1047 1201 nec
1073 1146 1377 1215 huiusmodi
1401 1149 1590 1200 saltem
1630 1161 1874 1202 commo-

273 1244 373 1298 niti
404 1240 744 1310 convictique
772 1238 1069 1309 nequitiam
1100 1241 1281 1306 sopire
1321 1238 1683 1303 consentiunt,
1713 1248 1874 1309 atque

273 1336 423 1390 illata
455 1333 622 1390 Sacris
650 1333 810 1388 rebus
836 1330 1159 1386 detrimenta
1203 1332 1667 1395 sancire,merlto
1709 1332 1873 1387 divini

274 1430 515 1485 muneris
543 1436 667 1482 sunt
695 1427 1105 1497 participatione
1142 1426 1388 1495 privandi
1424 1444 1437 1483 :
1469 1436 1525 1480 ut
1558 1426 1714 1496 hujus
1747 1432 1872 1495 per-

275 1524 523 1591 ceptione
554 1532 620 1575 ne
642 1526 877 1583 careant,
908 1517 1048 1587 quod
1079 1517 1353 1588 sacrilegis
1385 1517 1601 1573 ausmus
1638 1516 1871 1572 habuere

275 1614 575 1683 deSpectui.
635 1612 970 1680 Quapropter
1019 1609 1300 1681 Dionysii,
1352 1611 1441 1681 qui
1498 1611 1635 1665 sicut
1677 1620 1870 1664 vestra:

273 1718 455 1763 textus
505 1705 782 1761 relationis
831 1702 1109 1768 ostendit,
1175 1716 1281 1757 non
1327 1704 1499 1757 Solum
1545 1703 1871 1759 Vibonensis

277 1800 538 1854 Ecclesia:
581 1799 700 1866 jura
733 1797 982 1860 turbare,
1030 1793 1123 1848 sed
1166 1794 1324 1848 etiam
1376 1804 1683 1865 repensare,
1730 1797 1868 1864 quod

1983 603 2112 644 suus
2144 589 2339 647 debeat
2360 594 2639 659 ordinare;
2673 578 3225 669 eumdemq‘ué‘ipsum
3256 604 3573 673 metropoli-

1981 687 2189 747 tanum,
2222 683 2266 737 si
2299 683 2530 738 humana
2562 699 2735 743 morte
2780 690 3070 758 transierit,
3118 706 3223 747 non
3272 694 3375 749 nisi
3425 710 3572 752 com-

1980 777 2337 844 provinciales
2365 778 2604 848 episcopi
2628 779 2780 847 juxta
2806 780 3031 837 (minam
3054 792 3292 840 veterem
3322 788 3572 846 studeant

1980 868 2264 935 ordinare;
2297 880 2560 940 quatenus
2590 886 2708 942 qua:
2742 876 3043 931 veneranda
3074 879 3315 935 decrevit
3342 883 3573 953 antiqui-

1968 968 2061 1014 tas
2091 962 2267 1016 nullus
2290 962 2503 1018 sibimet
2532 975 2716 1019 contra
2744 965 2821 1020 fas
2850 980 3111 1037 usurpare
3142 975 3454 1029 contendat.

2180 1055 2418 1112 Gelasio:
2446 1061 2601 1122 clero,
2637 1060 2806 1114 or'din.
2839 1069 2885 1115 et
2924 1061 3061 1130 plebi
3096 1060 3383 1121 Brendesii.

2306 1149 2405 1219 (Ex
2441 1150 2681 1205 Ansclm.
2708 1148 2804 1205 lib.
2843 1154 2920 1219 Vt,
2962 1164 3080 1220 cap.
3112 1152 3231 1224 46.)

2049 1234 2321 1293 Coucesso
2354 1240 2505 1294 vobis
2538 1256 2694 1309 quem
2731 1243 3219 1319 pbtiSti's‘antistite
3252 1245 3415 1303 fratre
3458 1250 3570 1319 jam

1976 1338 2029 1382 et
2059 1332 2379 1401 coepiscopo
2412 1346 2531 1387 meo
2558 1332 2789 1397 Juliano,
2834 1316 3202 1389 necessarium
3246 1337 3343 1392 fuit
3379 1316 3567 1397 eodem

1975 1420 2041 1475 ad
2073 1424 2354 1478 ecclesiam
2378 1436 2531 1480 suam
2566 1434 2687 1481 mox
2732 1426 2963 1482 remisso
2994 1427 3061 1481 ad
3090 1442 3189 1484 vos
3219 1440 3401 1486 nostra
3433 1436 3569 1489 scri-

1977 1522 2062 1581 pta
2115 1515 2313 1582 pariter
2375 1517 2689 1583 destinare;
2742 1521 2935 1587 quibus
2984 1526 3346 1591 agnosceretis
3393 1525 3566 1581 eidem

1974 1606 2140 1661 fuisse
2173 1622 2521 1679 prnlct'pllltn,
2572 1618 2642 1665 ne
2691 1620 2926 1682 unquam
2959 1615 3326 1672 ordinationes
3356 1614 3566 1687 prrsu-

1974 1709 2083 1751 mat
2108 1700 2336 1754 illicitas.
2387 1703 2465 1757 Ne
2498 1704 2768 1773 bigamum
2803 1717 2853 1760 et
2886 1708 2975 1777 qui
3022 1708 3281 1778 virginem
3332 1726 3435 1766 non
3485 1716 3568 1769 est

1972 1792 2200 1845 sortitus
2247 1808 2491 1861 uxorein,
2546 1805 2704 1865 atque
2752 1798 3078 1855 illitteratum
3132 1803 3214 1856 vel
3254 1805 3565 1874 obnoxium,

278 1890 531 1959 nequiter
552 1888 900 1951 admiserant,
926 1896 1266 1954 respuerent,
1287 1900 1457 1940 sacra:
1479 1886 1869 1940 communionis

1976 1882 2029 1936 in
2052 1883 2225 1952 aliqua
2254 1897 2408 1954 parte
2454 1890 2697 1955 corporis
2728 1890 2981 1957 debilem,
3018 1904 3359 1963 notatumque
3394 1899 3567 1956 modis

280 1992 569 2038 arceantur
598 1994 837 2043 accessu,
870 1980 1040 2032 donec
1078 1992 1196 2047 qua:
1228 1978 1418 2031 honori
1442 1978 1623 2031 divino
1651 1992 1869 2047 compe-

282 2086 398 2131 tunt
426 2076 631 2130 discant
649 2073 835 2128 devota
867 2072 1045 2126 mente
1075 2071 1303 2125 deferre.
1331 2071 1526 2125 Contra
1552 2086 1684 2139 quos
1710 2071 1868 2125 etiam

278 2165 533 2238 quidquid
566 2162 791 2234 publicis
820 2160 1027 2231 legibus
1059 2158 1144 2230 agi
1178 2163 1389 2229 poterit,
1436 2162 1654 2215 minime
1702 2163 1868 2232 negli—

278 2267 449 2331 gatur.
486 2259 551 2313 Ut
572 2259 660 2327 qui
684 2264 971 2325 utrumque
995 2262 1329 2324 tempserunt
1359 2252 1597 2325 utrisque
1620 2255 1863 2322 cohibiti,

281 2364 391 2408 tant
437 2348 538 2407 sibi
587 2354 747 2420 quam
788 2350 1000 2403 czeteris
1046 2348 1318 2417 prtchea'nt
1373 2348 1514 2417 quod
1566 2349 1867 2405 necessaria

278 2452 560 2522 disciplina
594 2452 765 2521 poscit
787 2450 1117 2521 exemplum.
1142 2448 1463 2503 C(elestinus
1497 2462 1623 2501 vero
1648 2446 1867 2517 presby-

276 2542 362 2602 ter
399 2545 576 2599 fratris
622 2554 676 2600 et
724 2545 1025 2613 coepiscopi
1076 2540 1249 2596 nostri
1300 2536 1489 2595 S‘ereni
1548 2540 1636 2608 qui
1680 2547 1865 2593 contra

277 2632 581 2709 pontiﬁcale
604 2637 885 2707 judicium,
909 2642 1199 2706 contraque
1227 2633 1535 2704 apostolicae
1560 2631 1702 2688 sedis
1725 2648 1869 2686 man-

275 2730 397 2786 data
438 2742 793 2799 prorumpens
839 2729 1158 2799 supradictis
1190 2727 1621 2783 communionem
1660 2740 1865 2779 sacram

277 2820 581 2877 ministrare
628 2822 1005 2891 przesumpsi‘t;
1056 2832 1172 2875 cum
1206 2826 1310 2873 n’ou
1348 2820 1583 2889 potuerit
1622 2820 1869 2888 ignorare

270 2920 595 2972 sententiam
655 2918 854 2987 proprii
901 2918 1232 2984 sacerdotis,
1283 2914 1350 2969 ab
1397 2913 1575 2969 ofﬁcio
1623 2916 1869 2984 protinus

261 3014 650 3068 "occlcsiastico
685 3013 935 3081 pellatur.
968 3012 1039 3067 Ut
1079 3011 1256 3065 nullus
1285 3008 1545 3064 Ecclesia:
1597 3008 1869 3064 ministro-

278 3116 401 3159 r‘um
426 3115 609 3159 contra
641 3106 964 3172 pontiﬁcalia
994 3105 1233 3159 instituta
1264 3104 1445 3157 venire
1474 3102 1783 3157 contendat.

604 3197 839 3249 Gelasi‘us
862 3196 1053 3249 ἆσαηηὶ
1083 3197 1318 3266 episcopo
1349 3192 1562 3250 Pisano.

804 3288 945 3359 (Lib.
980 3303 1056 3355 In,
1091 3302 1207 3355 cap.
1238 3284 1353 3353 99.)

352 3378 733 3439 Eccle~iastica
774 3382 1093 3447 ministeria,
1140 3398 1259 3452 quae
1302 3380 1593 3452 unicuique
1638 3381 1875 3436 basilica:

275 3481 515 3536 lidelium
544 3479 760 3533 devotio
792 3477 1087 3547 deputavit,
1126 3476 1189 3529 ad
1224 3476 1382 3529 aliam
1414 3476 1695 3531 ecclesiam
1726 3474 1876 3530 nullo

276 3571 477 3627 debent
506 3571 829 3637 surripiente
854 3567 1152 3623 transferri.
1186 3567 1251 3621 Et
1285 3567 1429 3634 ideo,
1462 3567 1506 3621 Si
1540 3567 1697 3635 hujus
1735 3566 1873 3637 juris

275 3662 557 3732 portitoris
612 3663 795 3730 petitio
845 3662 1071 3716 veritate
1112 3659 1386 3725 subsistit,
1443 3646 1663 3714 calicem
1710 3676 1870 3730 quem

277 3756 536 3811 decessor
585 3758 706 3810 tuus
747 3755 987 3816 abstulit,
1032 3752 1271 3809 ecclesia:
1316 3754 1467 3823 Cujus
1504 3752 1603 3808 fuit
1650 3754 1871 3810 restitue

276 3850 396 3906 sine
427 3850 848 3905 intermissione.

711 3941 943 3996 Gelasius
971 3940 1152 3994 Natali
1178 3941 1431 4011 episcopo.

550 4060 553 4061 ν
621 4028 721 4106 (Ex
755 4033 993 4088 Anseim.
1026 4033 1120 4086 lib.
1150 4049 1224 4103 vi,
1267 4047 1384 4103 cap.
1418 4032 1534 4103 39.)

351 4127 482 4195 Quia
514 4143 609 4198 per
640 4126 959 4181 ambitiones
999 4125 1212 4178 illicitas
1262 4140 1365 4179 non
1420 4126 1579 4194 pudet
1608 4126 1865 4194 quosdam

275 4222 627 4278 ecclesiarum
654 4220 772 4290 jura
800 4218 1039 4281 turbare,
1066 4234 1128 4272 ac
1156 4217 1425 4288 privilegia
1459 4235 1577 4287 qua:
1602 4229 1870 4287 metropo-

264 4310 460 4368 litanis
482 4313 561 4367 vel
597 4310 1010 4381 provincialibus
1056 4310 1319 4379 episcopis
1361 4310 1599 4363 decrevit
1644 4309 1870 4379 antiqui-

279 4417 363 4461 tas
397 4451 411 4473 ,
473 4404 755 4462 temeraria
803 4403 1218 4474 prmsumptione
1272 4402 1597 4472 pervadere;
1651 4412 1869 4472 propter

278 4490 607 4569 quodetiam
640 4496 1032 4553 communionis
1073 4496 1385 4565 apostolicae
1431 4494 1740 4549 desiderant
1793 4507 1872 4551 te-

279 4608 411 4647 nere
439 4592 874 4661 dissidium,quo
900 4590 1105 4645 scilicet
1151 4589 1218 4644 ab
1267 4590 1381 4659 ejus
1422 4591 1741 4645 auctoritate
1788 4592 1905 4661 (ii—7,.

1972 1977 2227 2031 omnibus
2256 1980 2321 2032 ad
2357 1994 2537 2034 sacros
2569 1982 2784 2037 ordines
2812 1983 3081 2051 permittat
3114 1987 3389 2041 accedere.
3414 1992 3565 2056 Quod

1973 2067 2132 2121 etiam
2167 2070 2231 2123 de
2262 2073 2559 2142 peregrinis
2586 2083 2743 2143 atque
2776 2074 3058 2145 incognitis
3083 2078 3163 2132 vel
3193 2080 3565 2148 expetentibus
3630 2136 3635 2139 _

1971 2172 2166 2214 cavere
2211 2162 2469 2231 debebit;
2541 2166 2660 2233 quia
2722 2167 3027 2235 hujusmo‘di
3084 2178 3114 2221 ‘a
3167 2172 3565 2231 venerabilibus

1967 2250 2325 2319 prohibentur
2352 2254 2577 2321 ol’tlciis,
2629 2272 2691 2310 ac
2742 2257 2876 2311 nihil
2926 2274 2991 2313 ex
3044 2260 3356 2317 ministeriis
3403 2275 3564 2335 atque

1970 2352 2159 2397 ornatu
2194 2355 2464 2415 postremo
2490 2349 2558 2404 de
2589 2364 2905 2421 quacunque
2935 2367 2993 2407 re
3040 2369 3199 2423 quam
3247 2366 3455 2412 constat
3496 2360 3564 2415 ad

1969 2436 2251 2491 ecclesiam
2286 2441 2573 2504 pertinere.
2602 2441 2796 2496 amicat
2838 2446 2887 2497 in
2923 2443 3147 2499 alterum
3199 2447 3431 2515 qualibet
3476 2462 3564 2507 ra-

1970 2530 2123 2585 tione
2151 2532 2462 2588 transferre.
2508 2533 2727 2589 Reditus
2781 2544 2835 2589 et
2879 2536 3182 2593 oblationes
3230 2539 3464 2595 fidelium
3509 2543 3564 2600 in

1971 2633 2201 2694 quatuor
2229 2635 2405 2693 partes
2434 2628 2653 2691 dividat,
2682 2640 2903 2697 quarum
2931 2631 3035 2684 sibi
3075 2646 3234 2686 unam
3272 2634 3387 2702 ipse
3434 2637 3563 2690 reti-

1970 2726 2117 2784 neat,
2148 2717 2373 2772 alteram
2402 2719 2612 2774 clericis
2647 2736 2742 2788 pro
2762 2720 3069 2777 ciliciorum
3119 2734 3335 2779 suorum
3364 2725 3565 2781 seduli-

1971 2808 2079 2866 tate
2110 2808 2413 2880 iliStribuat,
2466 2812 2679 2869 fabricis
2733 2816 2967 2881 tertiam,
3024 2832 3250 2887 quarum
3304 2822 3563 2879 rationem

1968 2904 2151 2959 divino
2180 2916 2261 2959 cst
2290 2908 2598 2962 redditurus
2634 2909 2889 2965 examini.
2942 2910 3124 2968 Sacris
3174 2930 3388 2986 quoque
3418 2918 3563 2973 ordi-

1970 2997 2128 3051 nibus
2152 2997 2497 3067 applicandos
2538 3001 2639 3055 hac
2687 3004 3070 3059 observatione
3118 3014 3451 3075 promoveat,
3509 3020 3564 3067 ut

1967 3092 2173 3162 jejunio
2224 3096 2420 3163 quarti,
2470 3096 2686 3165 septimi
2740 3106 2795 3151 et
2844 3097 3038 3153 decimi
3090 3103 3294 3156 mensis
3341 3118 3565 3173 vespere

1970 3183 2179 3238 sabbati
2214 3186 2554 3256 presbyteros
2595 3196 2753 3258 atque
2796 3188 3050 3244 diaconos
3094 3192 3419 3248 ordinandos
3446 3210 3565 3251 esse

1901 3262 1947 3326 C
1979 3290 2289 3349 cognoscat.
2326 3280 2656 3335 Venerabilis
2688 3280 2848 3337 etiam
2890 3285 3135 3353 baptismi
3166 3297 3565 3347 sacramentum

1982 3370 2082 3424 nisi
2136 3372 2187 3424 in
2231 3369 2519 3427 festivitate
2574 3368 2812 3443 paschali
2860 3384 2913 3430 et
2958 3376 3305 3433 Pcutecostes
3352 3378 3566 3437 tradere

1983 3478 2087 3516 non
2121 3476 2429 3532 praesumat,
2460 3469 2705 3536 exceptis
2752 3470 3068 3538 a'gritudinc
3106 3472 3489 3529 laborantibus.

2504 3606 2518 3635 ¹
2547 3604 2815 3661 GELASII
2844 3606 3074 3663 'I‘OMUS

2412 3714 2478 3752 DE
2505 3713 2881 3755 ΛΝΑΤΙΙΕΙΔΤΙΒ
2905 3715 3153 3757 νικουιο.

1975 3790 2099 3843 Acta
2129 3792 2563 3867 Chalcedonensis
2586 3795 2792 3867 concilii
2818 3812 2875 3849 ca
2902 3805 3103 3850 lavitum
3134 3806 3250 3851 rata
3278 3814 3391 3867 qua:
3414 3804 3559 3857 sedes

2047 3866 2327 3938 apostolica
2357 3864 2691 3935 approbarit;
2715 3869 2862 3938 justa
2908 3884 3024 3938 (μίαν
3072 3870 3124 3922 in
3169 3864 3409 3925 Acacium
3453 3884 3559 3927 sta-

2047 3944 2191 4010 tuta;
2222 3946 2277 4010 et
2304 3935 2506 3989 Petrum
2539 3935 2941 4010 Alexandrinum
2969 3957 2999 3993 α
3021 3942 3138 3993 sede
3168 3943 3449 4010 apostolica
3475 3962 3561 3998 so-

2047 4006 2308 4059 lummodo
2333 4010 2557 4074 potuisse
2582 4009 2794 4061 absolvi.

2049 4121 2064 4139 '
2095 4119 2168 4172 Ne
2202 4121 2334 4174 torte
2362 4122 2501 4188 quod
2549 4121 2741 4187 solent,
2795 4122 2996 4187 dicant,
3046 4120 3185 4193 quod
3237 4126 3278 4178 si
3328 4129 3564 4196 synodus

1976 4208 2426 4262 Chalcedonensis
2453 4211 2769 4273 admittitur,
2816 4213 2991 4265 omnia
3042 4224 3291 4269 constare
3337 4217 3565 4275 debeant

1976 4319 2093 4372 quae
2123 4302 2230 4355 illic
2259 4301 2509 4355 videntur
2538 4317 2658 4357 esse
2686 4302 3024 4373 deprompta.
3057 4306 3161 4361 Aut
3189 4306 3331 4361 enim
3360 4324 3422 4363 ex
3453 4320 3564 4367 toto

1976 4396 2184 4452 admitti
2230 4396 2500 4466 oportere,
2549 4407 2639 4452 aut
2671 4398 2713 4452 si
2759 4413 2822 4453 ex
2871 4394 3019 4468 parte
3064 4398 3410 4471 repudiabilis
3458 4415 3562 4473 est,

1978 4488 2186 4545 ﬁrmam
2215 4506 2278 4545 ex
2315 4499 2424 4545 toto
2450 4500 2695 4546 constare
2727 4508 2832 4545 non
2874 4484 3051 4561 posse.
3105 4491 3441 4565 Cogtioscatit
3467 4499 3565 4568 igi-

1972 4580 2064 4638 tur
2093 4583 2222 4637 illud
2255 4578 2545 4637 secundum
2580 4580 2883 4654 Scripturas
2934 4593 3145 4640 sanctas
3198 4587 3564 4644 traditionem-

280 4686 381 4739 visi
411 4686 559 4740 velut
589 4685 803 4755 impune
831 4683 1073 4754 proprias
1114 4685 1485 4752 usurpationes
1530 4694 1815 4740 exerceant
1850 4705 1861 4737 :
1894 4642 1953 4711 Ῑ)
1977 4692 2079 4747 que
2110 4676 2394 4745 majorum,
2426 4674 2717 4730 secundum
2762 4690 2997 4730 canones
3030 4676 3345 4749 regulasquc
3377 4670 3564 4737 Eccle-

280 4794 387 4832 non
417 4776 773 4847 respicientes
813 4776 950 4846 quod
995 4787 1196 4830 ιυιῡνηο
1237 4773 1402 4845 judici
1454 4776 1714 4830 rationem
1760 4786 1865 4831 tam

274 4869 347 4926 de
375 4869 658 4926 catholica:
684 4866 1005 4923 sinceritatis
1053 4867 1267 4937 injuria,
1313 4884 1470 4937 quam
1514 4867 1582 4922 de
1628 4862 1870 4923 traditio-

272 4960 405 5019 ‘num
439 4962 747 5033 priejudicio
776 4970 1116 5033 paternarum
1145 4976 1249 5016 non
1293 4963 1409 5017 sine
1446 4954 1717 5032 perpetua:
1761 4964 1871 5018 sint

280 5056 643 5111 damnationis
685 5056 905 5111 interitu
948 5054 1226 5109 reddituri.
1276 5055 1329 5110 Si
1383 5057 1433 5110 in
1480 5053 1580 5110 hac
1629 5056 1867 5112 obstina-

281 5140 428 5203 tione
484 5148 908 5217 permanserint,
963 5147 1239 5201 caritatem
1294 5157 1437 5201 tnam
1493 5148 1739 5202 duximus
1790 5150 1868 5203 in-

274 5238 627 5313 ‘struendam,
673 5253 773 5292 nos
812 5230 1012 5307 pariter
1062 5238 1128 5290 ad
1185 5236 1623 5309 metropolitanos
1680 5252 1871 5296 vestra:

284 5331 596 5401 provinciae,
625 5331 739 5387 sive
780 5331 1089 5401 cujusquam
1133 5330 1395 5401 contigua:
1421 5372 1435 5397 ,
1481 5348 1597 5403 qum
1647 5333 1871 5390 catholi-

284 5440 397 5482 cam
460 5434 680 5483 servant
730 5427 1020 5493 unitatem,
1073 5440 1392 5496 magnOpcre
1438 5427 1714 5497 delegasse
1748 5474 1763 5497 ,
1818 5438 1875 5485 ut

357 5592 372 5621 ¹
401 5591 457 5645 in
484 5586 845 5642 vetustissimo
888 5582 1073 5640 codice
1104 5576 1432 5653 Frisingensi
1474 5586 1573 5640 iste
1614 5595 1873 5641 tractatus

288 5660 498 5730 legitur,
555 5668 607 5712 et
651 5660 701 5711 in
747 5656 1047 5730 eoipariter
1083 5656 1269 5724 incipit
1293 5657 1372 5730 ab
1419 5656 1502 5709 his
1530 5658 1706 5730 verbis
1742 5658 1875 5730 :_1_Ve

290 5727 417 5801 forte
444 5730 577 5799 quod
609 5730 790 5801 solent.
816 5729 1047 5801 Titulum
1076 5736 1251 5781 autem
1279 5727 1443 5801 hunc,
1480 5728 1694 5801 perfert
1720 5768 1731 5780 .
1773 5727 1874 5780 To-

292 5798 400 5856 ntus
422 5798 482 5854 de
505 5800 838 5852 nitathcmatis
869 5798 1066 5852 vinculo
1094 5816 1239 5867 pupa:
1271 5798 1462 5853 Pelusii
1494 5798 1637 5869 (sic).

364 5878 381 5903 ’
414 5874 511 5927 Ms.
534 5871 704 5925 codex
737 5871 1053 5924 Veronensis
1084 5872 1329 5939 capituli,
1368 5887 1485 5925 cum
1518 5884 1623 5942 quo
1646 5869 1871 5925 collatus

1978 4772 2094 4833 size,
2152 4784 2248 4840 pro
2301 4767 2403 4822 ﬁde
2437 4770 2457 4798 ³
2486 4769 2780 4835 communi,
2828 4779 2879 4822 et
2930 4767 3153 4823 veritate
3197 4770 3455 4828 catholica
3512 4782 3566 4830 et

1972 4862 2290 4931 apestolica,
2324 4875 2419 4929 pro
2450 4875 2549 4929 qua
2597 4858 2733 4913 hanc
2773 4858 2887 4914 ﬁeri
2918 4860 3073 4916 sedes
3098 4862 3389 4931 apostolica
3418 4863 3566 4919 dele-

1980 4958 2142 5028 gavit,
2176 4957 2476 5024 l‘actamque
2502 4948 2755 5021 ﬁrmavit,
2787 4970 2814 5008 a
2848 4962 2954 5009 tota
2990 4954 3229 5010 Ecclesia
3253 4957 3557 5013 indubitanv

1983 5061 2063 5106 ter
2117 5050 2366 5112 admitti;
2418 5047 2518 5101 alia
2574 5057 2751 5102 autem
2799 5064 2916 5118 qua:
2970 5063 3064 5118 per
3116 5046 3563 5119 incompetentem

1982 5140 2451 5211 praesumptionem
2479 5130 2580 5193 illic
2609 5138 2814 5209 prolata
2842 5152 2993 5207 sunt,
3038 5140 3123 5195 vel
3165 5143 3342 5211 potius
3384 5142 3560 5195 venti-

1977 5233 2104 5299 lata,
2139 5248 2256 5303 qua:
2287 5231 2443 5286 sedes
2474 5232 2762 5301 apostolica
2804 5232 3038 5301 gerenda
3073 5231 3379 5287 nullatenus
3407 5232 3558 5286 dele-

1977 5330 2139 5403 gavit,
2176 5328 2195 5358 ³
2240 5342 2362 5382 mox
2392 5340 2420 5380 a
2449 5325 2661 5380 vicariis
2699 5324 2841 5380 sedis
2868 5325 3175 5396 apostolica:
3198 5321 3553 5392 contradicta,

1979 5426 2317 5482 manifestum
2344 5429 2459 5485 est;
2488 5435 2606 5490 qua:
2632 5417 2790 5475 sedes
2822 5418 3135 5488 apostolica,
3167 5415 3325 5471 etiam
3350 5422 3565 5484 petente

1979 5590 2061 5641 eSt
2091 5601 2116 5639 a
2146 5578 2438 5637 Francisco
2467 5577 2761 5634 Blanchino
2811 5577 2898 5630 hic
2945 5579 3201 5628 tractatus
3229 5618 3241 5642 ,
3300 5572 3384 5630 hic
3416 5575 3559 5649 legit,

1980 5675 2071 5726 pro
2102 5657 2203 5725 ﬁde
2223 5652 2594 5727 communione,
2620 5661 2725 5704 etc.
2762 5718 2774 5727 .
2876 5716 2886 5727 .

2052 5728 2071 5758 ³
2102 5718 2177 5781 id.
2203 5726 2348 5789 cod.,
2384 5736 2496 5792 qum
2524 5737 2641 5773 mox
2661 5738 2700 5792 Aa
2727 5718 2954 5792 vicariis.

2050 5800 2079 5831 "
2108 5786 2405 5864 Abruptutn
2443 5790 2764 5864 principium
2804 5787 2930 5839 tomi
2998 5786 3106 5840 imo
3158 5788 3335 5857 potius
3372 5788 3563 5845 deesse

1979 5860 2297 5939 principium
2328 5860 2579 5917 credibile
2606 5868 2707 5912 est.
