4104 6356
608 385 708 439 103

1943 368 2213 429 GELASII
2252 367 2455 424 PAP/E
2495 368 2515 422 Ι

3769 367 3871 423 IN

605 493 873 550 Marciano
907 491 1160 565 principe,
1191 490 1491 546 nullatenus
1515 486 1870 558 approbavit;
1901 500 2020 555 qure
2044 497 2180 553 prte-
2206 483 2263 542 Α
2286 495 2441 537 error
2471 480 2786 535 absolvitur.
2824 479 2989 537 Error
3016 481 3158 537 enim
3193 482 3311 551 ipse
3348 495 3621 552 nunquam
3658 482 3873 539 veniam

604 586 687 641 sul
740 585 994 640 Ecclesiae
1032 576 1653 650 Mstantinopolitana:
1700 587 1830 632 tunc
1884 575 2184 637 Anatolius,

606 691 706 733 nec
735 692 791 732 se
825 674 1224 744 prmsumpsisse
1252 672 1525 743 professus
1561 679 1665 735 est,
1708 682 1761 725 et
1792 671 1843 723 in
1878 668 2187 737 apostolicae

606 770 750 825 sedis
788 769 1043 823 antistitis
1093 781 1200 822 non
1228 765 1459 836 negavit
1510 766 1675 833 posita
1728 771 2034 833 potestate:
2066 774 2185 829 qua:

607 862 746 925 ideo,
770 861 907 914 sicut
940 859 1145 913 dictqu
1174 867 1278 922 est,
1303 857 1459 912 sedes
1486 855 1785 926 apostolica
1817 870 1922 907 non
1956 852 2180 922 recepit,

598 950 725 1022 quia
760 968 879 1022 qua:
925 950 1217 1021 privilegiis
1257 949 1574 1004 universalis
1628 947 1879 1001 Ecclesia:
1919 943 2184 1000 contraria

603 1043 917 1115 probantur,
952 1042 1098 1097 nulla
1127 1042 1330 1096 ratione
1363 1042 1378 1071 ¹
1402 1041 1648 1095 sustinet.
1675 1037 1812 1106 Quid
1836 1038 2017 1092 enim?
2045 1034 2176 1103 Quia

603 1135 658 1191 in
683 1136 830 1191 libris
855 1136 1072 1199 sanctis,
1105 1149 1238 1205 quos
1260 1134 1441 1204 utique
1470 1147 1791 1188 veneramur
1811 1141 1863 1185 et
1887 1131 2180 1199 sequimur,

605 1229 855 1299 quoniam
879 1227 1231 1298 quorumdam
1262 1227 1372 1281 illic
1399 1234 1455 1281 et
1483 1226 1826 1294 profanitates
1855 1238 1977 1278 esse
2006 1222 2184 1277 ferun-

606 1328 712 1390 tur,
742 1330 796 1375 et
823 1320 1024 1375 scelera
1075 1323 1223 1389 geSta
1272 1328 1575 1385 narrantur,
1623 1317 1744 1371 ideo
1789 1316 1943 1370 nobis
1989 1314 2184 1384 pariter

604 1423 698 1467 aut
727 1412 1031 1469 veneranda
1059 1423 1202 1477 sunt,
1235 1420 1327 1465 aut
1347 1410 1639 1481 sequenda,
1676 1410 1799 1479 quia
1837 1410 1888 1462 in
1927 1408 2032 1462 illis
2060 1422 2184 1461 san-

604 1508 706 1564 ctis
736 1506 883 1562 libris
908 1518 962 1563 et
1003 1505 1396 1562 venerabilibus
1416 1505 1776 1559 continentur.
1824 1504 2052 1557 Sanctus
2082 1502 2181 1556 Pe-

606 1609 720 1654 trus
744 1600 947 1671 primus
973 1598 1359 1669 apostolorum,
1391 1596 1467 1651 sic
1492 1597 1803 1651 existimans
1836 1594 1965 1649 Novr
1998 1594 2181 1649 TcSta-

605 1690 768 1747 menti
792 1691 1014 1760 gratiam
1047 1689 1460 1759 praedicandam,
1508 1696 1565 1742 ut
1609 1702 1639 1741 a
1680 1686 1812 1755 legis
1844 1685 2041 1740 veteris
2073 1699 2179 1739 non

603 1781 882 1836 recederet
904 1780 1181 1847 institutis,
1209 1779 1450 1850 quaedam
1497 1794 1595 1848 per
1623 1777 2015 1832 simulationem
2049 1777 2179 1847 legi-

2291 581 2664 640 promeretur;
2691 571 2785 627 sed
2817 572 2905 642 qui
2928 586 2994 627 eo
3019 574 3281 629 veraciter
3301 574 3553 639 caruerit,
3601 586 3765 645 atque
3803 575 3878 631 ab

2289 662 2406 730 ejus
2436 663 2843 733 participatione
2867 664 3116 720 discedit.
3150 664 3393 733 Quandiu
3414 680 3544 735 ergo
3570 667 3624 721 in
3653 666 3734 722 eis
3762 678 3872 736 est,

2289 770 2439 810 error
2468 755 2867 811 damnationem
2896 771 3052 813 suam
3082 767 3249 823 tenet,
3279 773 3657 827 nunquamque
3698 760 3875 815 resol-

2288 848 2448 913 vitur,
2480 850 2603 918 quia
2633 864 2784 905 error
2812 864 3024 919 semper
3056 866 3269 920 poenam
3298 861 3556 906 meretur.
3579 851 3873 921 Participes

2287 954 2414 993 vero
2446 938 2583 1008 ejus,
2614 950 2704 994 aut
2733 956 2947 1011 semper
2974 951 3102 996 sunt
3125 952 3179 995 et
3205 942 3322 1010 ejus
3352 957 3524 1011 poena:
3556 943 3870 1011 participes,

2286 1031 2331 1086 si
2364 1032 2415 1085 in
2441 1033 2629 1087 eodem
2660 1043 2901 1103 perstare
2933 1049 3036 1087 non
3068 1034 3348 1088 desinant:
3382 1044 3474 1088 aut
3503 1034 3547 1087 si
3580 1034 3648 1087 ab
3676 1035 3867 1090 eodem

2287 1122 2629 1188 recesserint,
2694 1139 2853 1193 quam
2890 1123 3047 1179 alieni
3079 1124 3201 1177 facti
3229 1135 3354 1178 sunt
3382 1125 3450 1179 ab
3478 1139 3685 1192 errore,
3716 1135 3769 1180 et
3795 1126 3866 1181 ab

2286 1214 2403 1283 ejus
2426 1214 2832 1283 participatione
2859 1216 3101 1280 discreti,
3132 1227 3237 1270 tam
3269 1225 3325 1271 et
3354 1231 3525 1285 paena:
3561 1216 3679 1285 ejus
3710 1228 3870 1275 erunt

2286 1316 2677 1375 consequenter
2704 1307 2887 1362 alieni.
2916 1307 2938 1338 ‘
2967 1307 3066 1363 Cui
3105 1309 3307 1363 erranti
3355 1324 3511 1378 paena
3550 1312 3862 1381 praeﬁgitur,

2286 1398 2521 1465 quandiu
2543 1407 2724 1454 manet
2768 1412 2975 1465 errans,
3029 1399 3215 1455 eadem
3243 1414 3397 1469 paena
3440 1402 3860 1473 constringitur;

2285 1490 2407 1557 quia
2434 1504 2621 1545 errans
2641 1506 2761 1546 esse
2784 1507 2891 1546 non
2926 1502 3099 1561 potest
3142 1492 3262 1547 sine
3312 1508 3469 1563 pinna
3499 1496 3688 1549 errati.
3741 1496 3863 1552 llaec

2285 1579 2473 1635 eadem
2526 1595 2683 1650 paena
2716 1592 2966 1653 perpetua
3022 1593 3126 1648 est,
3178 1600 3554 1655 nunquamque
3606 1587 3860 1642 solvenda

2285 1675 2521 1743 quandiu
2548 1690 2735 1731 errans
2768 1691 2891 1732 esse
2922 1678 3236 1746 perstiterit.
3262 1679 3375 1746 ,Qui
3433 1680 3477 1732 si
3521 1694 3716 1736 errans
3751 1697 3864 1738 esse

2287 1766 2577 1837 destiterit,
2604 1783 2784 1837 poena,
2808 1783 2927 1839 qua:
2953 1770 3150 1824 erranti
3183 1778 3265 1824 est
3306 1772 3523 1839 praefixa
3566 1782 3821 1841 perpetua
3844 1814 3860 1841 ,

609 1882 696 1927 tur
725 1882 861 1928 inter
887 1872 1098 1927 Judaeos
1127 1873 1459 1942 gentilesque
1487 1870 1739 1941 gessisse.
1792 1870 2039 1939 Nunquid
2064 1869 2182 1925 ideo
2212 1861 2262 1923 B
2290 1872 2393 1911 ηοη
2422 1859 2640 1926 erranti.
2691 1858 2743 1913 id
2772 1868 2855 1914 εει
2880 1860 3033 1915 alteri
3082 1859 3274 1915 eﬂ'eclo
3323 1876 3481 1931 quam
3511 1862 3597 1917 cui
3640 1865 3859 1933 praeﬁxa

604 1974 696 2020 aut
722 1965 809 2020 illa
838 1964 955 2035 ejus
974 1965 1243 2028 sequenda
1270 1972 1414 2030 sunt,
1446 1979 1563 2033 qua:
1603 1963 1795 2017 merito
1823 1971 1877 2016 et
1896 1971 2182 2030 coaposto-

2284 1962 2385 2019 est,
2412 1968 2516 2007 non
2534 1951 2708 2007 solum
2739 1967 2846 2007 non
2869 1961 3043 2023 potest
3062 1966 3182 2008 esse
3208 1964 3487 2022 perpetua,
3505 1954 3602 2009 sed
3624 1970 3723 2012 nec
3744 1972 3861 2013 esse

600 2056 682 2111 lus
703 2055 819 2125 ejus
849 2054 986 2111 facta
1016 2057 1305 2125 redarguit,
1346 2064 1529 2125 postea
1557 2064 1946 2124 consequenter
1969 2056 2080 2125 ipsa
2103 2056 2180 2109 vi-

2285 2044 2389 2113 jam
2421 2059 2600 2115 poena.
2631 2044 2746 2099 Non
2769 2054 2851 2101 est
2875 2047 3016 2100 enim
3060 2045 3175 2115 ipse
3223 2046 3307 2100 cui
3351 2047 3575 2116 praeﬁxa
3620 2059 3718 2103 est.
3754 2049 3855 2105 Er-

603 2152 756 2216 tavit,
790 2151 1092 2219 pariterque
1136 2147 1459 2203 assumenda
1489 2156 1615 2201 sunt
1648 2161 1769 2201 cuin
1814 2147 1895 2201 his
1933 2162 2054 2217 quae
2103 2147 2186 2214 (ut

604 2250 729 2313 pote
772 2241 975 2311 primus
1015 2239 1313 2311 apostolus)
1366 2238 1597 2293 salubria
1641 2238 1983 2307 praedicavit?
2037 2237 2184 2293 Nun-

600 2336 852 2407 quidnam
884 2345 976 2390 aut
1005 2335 1120 2405 ejus
1144 2344 1287 2390 recta
1317 2334 1558 2389 doctrina
1583 2349 1704 2389 cuin
1737 2334 1820 2388 his
1840 2350 1961 2404 quae
1991 2333 2185 2389 huma-

600 2429 739 2484 nitus
791 2428 1097 2483 acciderant
1144 2426 1470 2496 repudianda
1500 2435 1605 2493 est,
1634 2434 1725 2481 aut
1761 2426 1853 2480 illa
1877 2426 2053 2481 adhuc
2084 2426 2183 2481 im-

601 2519 810 2575 becillis
842 2518 1080 2583 inscitia,
1134 2532 1255 2573 cum
1287 2518 1520 2587 perfecta
1565 2517 1681 2587 ejus
1724 2516 2060 2587 suscipienda
2101 2526 2185 2573 est

604 2610 885 2667 doctrina?
914 2611 1290 2682 Nunquidnam
1339 2610 1392 2664 in
1426 2610 1659 2680 ipsorum
1706 2609 2077 2663 haereticorum
2114 2608 2183 2664 Ii-

601 2706 713 2762 bris
739 2721 845 2761 non
874 2706 1034 2761 multa
1064 2722 1181 2776 qua:
1224 2704 1290 2759 ad
1341 2705 1621 2759 veritatem
1670 2702 1973 2773 pertineant
2011 2703 2181 2771 posita

601 2798 944 2867 releguntur?
969 2796 1342 2865 Nunquidnam
1376 2794 1494 2850 ideo
1524 2794 1722 2849 veritas
1756 2792 2032 2847 refutanda
2074 2802 2181 2861 est,

601 2890 725 2960 quia
745 2889 951 2944 illorum
970 2890 1111 2953 libri,
1134 2890 1223 2943 ubi
1247 2890 1267 2919 ’
1289 2890 1522 2957 pravitas
1541 2888 1702 2953 inest,
1727 2886 2061 2942 refutantur?
2078 2890 2184 2943 Aut

603 2982 724 3036 ideo
749 2980 896 3051 pravi
918 2981 1037 3036 libri
1060 2980 1383 3051 suscipiendi
1425 2990 1549 3034 sunt
1575 2993 1786 3043 eorum,
1814 2979 1934 3047 quia
1964 2979 2182 3046 veritas,

603 3091 721 3145 qua:
742 3076 847 3130 illic
863 3074 1061 3130 inserta
1074 3081 1177 3140 est,
1195 3088 1300 3128 non
1321 3072 1678 3142 negaturtAit
1697 3072 1981 3141 Apostolus
2014 3090 2026 3124 :
2061 3070 2181 3126 0m-

604 3170 690 3223 nia
714 3168 923 3239 probate
948 3184 968 3234 ;
998 3183 1112 3236 qua:
1138 3167 1270 3221 bona
1300 3178 1417 3220 sunt
1450 3175 1609 3219 tenete
1649 3162 1701 3233 (I
1732 3162 1908 3219 Thess.
1951 3166 2025 3235 v).
2070 3165 2186 3221 Sci-

2285 2135 2423 2190 ranti
2452 2136 2593 2191 enim
2634 2137 2848 2205 praeﬁxa
2878 2148 2980 2203 est,
3031 2151 3137 2191 non
3175 2150 3281 2191 non
3311 2138 3529 2193 erranti.
3558 2139 3681 2206 Qua:
3708 2141 3847 2195 enim

2285 2230 2483 2285 erranti
2513 2232 2728 2298 praeﬁxa
2758 2240 3013 2300 perpetua
3043 2240 3149 2295 est,
3179 2240 3232 2286 et
3262 2243 3521 2302 perpetuo
3549 2234 3857 2306 constringit

2284 2331 2577 2387 errantem,
2610 2339 2715 2378 non
2740 2333 3012 2379 errantem
3035 2339 3138 2379 non
3170 2334 3345 2394 potest
3372 2325 3485 2394 jam
3534 2335 3738 2383 tenere.
3775 2326 3857 2382 Sit

2285 2413 2482 2468 erranti
2504 2413 2643 2469 dicta
2676 2414 2788 2470 fore
2814 2424 3090 2485 perpetua,
3117 2416 3187 2470 sit
3208 2419 3405 2473 erranti
3430 2417 3568 2472 dicta
3592 2433 3856 2490 nunquam

2285 2522 2405 2566 esse
2432 2509 2703 2565 solvenda.
2756 2510 2929 2566 Manet
2971 2513 3189 2567 omnino
3240 2523 3295 2567 et
3334 2528 3477 2580 vere,
3531 2524 3841 2586 certumque

2285 2614 2387 2668 est,
2419 2603 2559 2673 quod
2590 2605 2609 2635 ⁵
2640 2604 2693 2659 in
2724 2618 2787 2660 ea
2826 2604 3099 2674 prieﬁxum
3130 2616 3245 2672 est;
3288 2622 3388 2661 nec
3426 2617 3601 2676 potest
3641 2623 3856 2677 prorsus

2286 2696 2510 2763 absolvi,
2526 2697 2757 2767 quandiu
2777 2700 3009 2754 manenti
3030 2700 3243 2768 praeﬁxa
3267 2700 3491 2755 debetur
3509 2702 3731 2756 erranti.
3747 2701 3855 2759 Non

2286 2789 2483 2845 erranti
2507 2799 2686 2845 autem
2709 2805 2809 2845 nec
2837 2806 2994 2861 poena
3027 2802 3202 2862 potest
3223 2808 3367 2858 esse,
3395 2808 3513 2862 quas
3532 2809 3641 2851 non
3664 2797 3856 2851 erranti

2287 2897 2394 2935 non
2421 2882 2647 2937 debetur
2675 2881 2885 2937 inferri.
2941 2883 3052 2939 Nec
3091 2894 3327 2940 mutatur
3382 2885 3467 2941 illa
3514 2888 3736 2943 omnino
3764 2903 3857 2945 nec

2286 2975 2511 3030 solvitur
2535 2992 2652 3046 quae.
2683 2976 2907 3031 debetur
2937 2978 3159 3033 erranti.
3195 2978 3251 3033 In
3290 2994 3388 3034 suo
3413 2996 3541 3050 ergo
3567 2990 3753 3038 tenore
3777 2983 3854 3037 illa

2288 3070 2502 3137 prailixa
2530 3078 2632 3134 est,
2660 3066 2711 3125 in
2738 3086 2836 3125 suo
2860 3070 2983 3140 jure
3010 3085 3113 3126 non
3144 3081 3322 3141 potest
3360 3074 3579 3127 omnino
3626 3076 3853 3143 resolvi;

2291 3164 2341 3217 in
2372 3179 2476 3217 non
2507 3179 2607 3219 suo
2640 3173 2845 3231 tenore,
2874 3180 2991 3233 qua:
3016 3180 3135 3221 esse
3164 3182 3269 3221 non
3302 3177 3495 3236 potest,
3542 3168 3655 3237 jam
3708 3170 3855 3226 doce-

603 3235 723 3315 mus
761 3259 1075 3330 Apostolum
1123 3258 1280 3331 (Act.
1333 3257 1480 3328 xvri)
1536 3256 1695 3311 etiam
1742 3256 1810 3311 de
1859 3272 2183 3326 paganorum
2213 3235 2258 3299 (ἶ
2291 3264 2376 3309 tur
2415 3269 2536 3311 esse
2579 3265 2833 3310 vacuata:
2876 3266 2929 3311 et
2974 3257 3060 3326 jus
3092 3258 3205 3313 illic
3244 3235 3456 3329 penitus
3509 3235 3613 3327 non
3642 3260 3858 3329 habere,

603 3351 752 3407 libris
779 3352 956 3421 aliqua
1000 3350 1263 3419 posuisse.
1317 3348 1564 3419 Nunquid
1611 3348 1730 3404 ideo
1777 3348 1937 3403 etiam
1991 3358 2183 3403 cuncta

606 3444 908 3514 recipienda
935 3452 1078 3509 sunt,
1107 3458 1225 3512 quae
1266 3457 1387 3497 cum
1418 3442 1499 3495 bis
1530 3442 1727 3511 pariter
1773 3451 1895 3495 sunt
1944 3438 2183 3509 prolata?

605 3537 723 3606 Ipse
744 3537 1031 3607 Apostolus
1074 3534 1161 3606 (11
1194 3536 1311 3590 Cor.
1342 3535 1430 3603 xv)
1477 3534 1552 3589 ait
1578 3535 1772 3588 multos
1802 3532 2182 3603 pradicatores

601 3630 759 3683 aliter
814 3637 975 3698 atque
1027 3628 1183 3683 aliter
1230 3626 1499 3681 Christum
1551 3626 1867 3695 praedicare,
1920 3625 2007 3677 ubi
2058 3623 2184 3677 licet

602 3737 916 3792 quocunque
940 3720 1123 3785 modo,
1148 3720 1420 3774 Christum
1453 3718 1794 3786 praedicatum
1843 3725 2053 3785 oportet
2081 3716 2179 3770 ad-

604 3816 766 3875 mitti,
796 3820 973 3867 tamen
1007 3826 1113 3865 non
1164 3810 1285 3865 ideo
1325 3810 1474 3863 illum
1502 3822 1728 3873 morem,
1759 3822 1865 3876 quo
1902 3822 2005 3861 non
2037 3816 2182 3863 recte

602 3904 949 3976 praedicatum
969 3913 1074 3970 est,
1110 3916 1215 3957 non
1256 3902 1507 3955 admonet
1548 3902 1769 3954 evitare.
1793 3898 1959 3952 Malos
1983 3912 2178 3967 opera-

608 4000 717 4053 rios
747 3999 859 4068 ipse
885 3996 1232 4066 conqueritur
1262 3992 1519 4065 (Philipp.
1552 3996 1612 4061 i),
1645 4007 1871 4063 quorum
1901 3992 2003 4045 alia
2034 3991 2180 4047 refu-

2289 3348 2376 3401 ubi
2398 3362 2610 3402 causam
2642 3363 2747 3401 non
2782 3348 2940 3403 habet
2960 3348 3245 3405 existendi.
3284 3350 3461 3406 Plenas
3499 3363 3625 3407 sunt
3663 3363 3861 3409 sancta:

2286 3440 2571 3509 Scriptura:
2602 3440 2691 3495 tali
2718 3439 2888 3494 forma
2929 3441 3171 3510 justitim.
3208 3442 3409 3497 Dicitur
3441 3461 3454 3497 :
3480 3436 3712 3513 {Pereunt
3742 3461 3857 3514 pec-

2285 3542 2482 3588 catores
2506 3550 2536 3587 a
2564 3543 2722 3599 terra,
2752 3536 2822 3587 ita
2846 3544 2897 3587 ut
2929 3552 3029 3588 non
3050 3536 3151 3589 sint
3175 3553 3193 3601 ;
3220 3546 3506 3605 peccatores
3534 3547 3589 3591 ut
3618 3539 3859 3593 desistant

2284 3643 2390 3679 esse
2415 3638 2719 3696 peccatores.
2752 3626 2816 3681 In
2848 3629 2942 3681 hoc
2974 3638 3201 3700 pereant,
3236 3640 3291 3683 ut
3322 3648 3427 3686 esse
3454 3632 3698 3699 deﬁciant
3736 3650 3853 3703 pec-

2285 3732 2479 3775 catores
2507 3720 2672 3791 (Psal.
2714 3721 2916 3792 cccni).
2961 3721 3227 3777 Caeterum
3264 3723 3310 3776 si
3352 3738 3566 3792 prorsus
3617 3735 3858 3793 peccato-

2285 3828 2393 3877 res,
2424 3814 2715 3867 secundum
2744 3812 3020 3883 propheta:
3064 3814 3386 3869 sententiam
3411 3856 3426 3881 ,
3481 3830 3858 3888 usquequaque

2284 3906 2607 3975 deperirent,
2645 3918 2699 3960 ut
2750 3907 3177 3962 snbstantialiter
3235 3922 3340 3961 non
3384 3907 3669 3963 subessent
3715 3929 3728 3962 :
3775 3908 3865 3985 qui

2283 3999 2474 4053 salvari
2507 3999 2806 4067 potuissent
2832 3998 3239 4068 a_Redemptore
3269 4009 3471 4067 nostro,
3490 4000 3578 4068 qui
3604 4002 3740 4054 venit
3766 4018 3857 4055 non

614 4089 793 4154 tanda,
815 4088 917 4143 alia
947 4086 1105 4142 docet
1147 4101 1267 4141 esse
1320 4085 1593 4140 sectanda.
1637 4084 1763 4139 Haec
1790 4095 1843 4139 et
1876 4083 2179 4153 Iiujusmodi
2272 4090 2443 4158 justas
2464 4104 2659 4154 vocare,
2688 4089 2775 4143 sed
2806 4099 3091 4158 peccatores
3130 4088 3283 4157 (Luc.
3314 4092 3406 4158 v)?
3448 4091 3529 4143 vel
3559 4090 3625 4145 de
3669 4092 3858 4162 quibus

604 4182 847 4252 exempla
899 4196 995 4235 nos
1039 4180 1299 4243 edocent,
1352 4188 1407 4233 et
1456 4177 1756 4233 testimonia
1784 4176 1959 4231 divina
1985 4176 2180 4231 confir-

601 4286 767 4339 mant,
801 4290 906 4329 non
934 4273 1112 4328 omnia
1147 4271 1343 4341 passim
1364 4286 1395 4325 a
1417 4286 1733 4341 quocunque
1757 4270 1917 4336 dicta,
1948 4269 2033 4325 vel
2062 4268 2177 4323 ubi-

601 4382 813 4436 cunque
843 4366 1063 4435 scripta.
1104 4364 1475 4419 indiITerenter
1502 4364 1747 4432 accipere
1769 4402 1783 4426 ,
1834 4362 1930 4417 sed
1956 4362 2178 4417 retentis

603 4459 777 4524 bonis,
818 4472 937 4527 qua:
965 4464 1194 4511 noceant
1217 4454 1471 4509 refutare.
1498 4455 1771 4509 Peccatori
1802 4452 2003 4507 homini
2032 4469 2178 4510 mors

604 4550 747 4604 illata
773 4556 874 4613 est,
905 4557 959 4602 et
987 4557 1165 4601 tamen
1196 4545 1400 4600 homini
1440 4544 1567 4601 Jesu
1587 4545 1806 4600 Christo
1846 4559 1990 4599 mors
2029 4544 2175 4599 illata

2281 4179 2410 4233 dicit
2432 4180 2754 4249 Apostolus:
2788 4177 3017 4233 Christus
3034 4181 3165 4233 venit
3186 4182 3239 4234 in
3259 4184 3393 4234 lium:
3422 4182 3663 4234 mundum
3690 4199 3857 4251 petra-

2280 4280 2411 4323 tores
2430 4270 2593 4324 salvos
2626 4274 2814 4340 facere,
2844 4286 3056 4337 quorum
3087 4272 3281 4340 primus
3312 4288 3402 4344 ego
3428 4287 3541 4326 sum
3568 4269 3625 4344 (Ι
3654 4272 3787 4327 Tim.
3813 4288 3857 4340 l;

2281 4364 2434 4418 Rom.
2470 4363 2579 4433 v)?
2607 4374 2702 4419 et:
2735 4363 2863 4417 Cum
2907 4374 3191 4431 peccatores
3241 4379 3484 4429 essemus,
3535 4365 3673 4416 misit
3724 4364 3855 4421 Deus

2280 4455 2475 4510 Filium
2496 4473 2645 4509 suum
2667 4454 2863 4524 (Galat.
2892 4461 2954 4523 I),
2975 4464 3029 4510 et
3056 4464 3251 4509 caetera
3285 4453 3626 4524 hujusmodi?
3651 4454 3755 4511 Hic
3782 4469 3858 4510 re-

2281 4562 2406 4602 vera
2440 4547 2829 4616 plurimietiam
2863 4546 3283 4601 substantialiter
3310 4548 3587 4616 perierunt
3616 4557 3859 4616 peccato-

603 4656 755 4698 reum
782 4641 906 4695 fecit
932 4654 1053 4695 esse
1080 4639 1348 4693 diabolum
1374 4656 1385 4691 :
1412 4639 1534 4708 quia
1558 4638 1647 4692 ubi
1671 4653 1829 4693 causa
1862 4640 2050 4694 mortis
2070 4654 2176 4696 non
2201 4610 2259 4674 Β
2284 4656 2393 4707 res,
2427 4642 2479 4695 in
2510 4642 2741 4710 peccatis
2766 4638 2878 4695 suis
2901 4640 3084 4711 utique
3115 4650 3509 4710 permanentes,
3534 4656 3780 4709 veraque
3808 4641 3857 4696 in

604 4743 719 4789 erat
750 4737 899 4803 (puta
924 4734 1225 4803 peccatum)
1254 4746 1357 4785 non
1387 4731 1681 4785 debebatur
1726 4743 1778 4786 et
1828 4747 2004 4800 pretia.
2042 4734 2175 4790 Sen-

604 4825 769 4880 tentia
798 4826 1208 4895 przetigitur,vel
1237 4824 1452 4895 praeﬁxa
1481 4834 1564 4879 est
1583 4838 1799 4894 semper
1828 4826 2019 4883 errori.
2044 4827 2174 4895 Qum

602 4916 864 4972 sententia
888 4916 1011 4972 huic
1039 4918 1208 4971 errori
1240 4916 1477 4987 prmﬁsa,
1522 4932 1788 4986 nunquam
1831 4920 2050 4973 omnino
2090 4934 2174 4975 re-

602 5009 866 5063 solvetur.
920 5008 1069 5063 Sicut
1111 5008 1274 5071 enim,
1328 5008 1377 5060 in
1426 5017 1682 5077 quantum
1712 5018 1795 5061 est
1831 5008 1947 5076 ipse
1977 5025 2171 5079 error,

602 5114 873 5169 nunquam
915 5114 1067 5154 error
1091 5114 1211 5154 esse
1231 5100 1458 5164 desistit,
1500 5099 1578 5154 sic
1607 5115 1637 5153 a
1670 5104 1930 5155 sententia
1959 5104 2173 5171 prteﬁxa

602 5205 871 5261 nunquam
900 5192 1231 5254 resolvetur,
1249 5190 1369 5259 quia
1402 5205 1555 5244 error
1583 5192 1673 5260 qui
1718 5194 2026 5261 agnoscitur
2056 5210 2179 5251 esse

601 5285 903 5345 damnatus,
935 5292 989 5338 et
1013 5283 1199 5337 eadem
1228 5283 1463 5352 quandiu
1492 5294 1673 5337 manet
1696 5300 1872 5349 error,
1921 5289 2180 5355 probatur

602 5380 871 5434 astrictus.
916 5377 1095 5444 Itaque
1138 5375 1225 5445 qui
1276 5375 1327 5428 in
1382 5390 1447 5430 eo
1493 5390 1677 5430 errore
1732 5388 1876 5443 sunt,
1908 5381 2177 5434 sententia

604 5470 801 5525 erroris
828 5469 1069 5524 obstricti
1102 5476 1255 5532 sunt;
1287 5477 1341 5521 et
1364 5466 1594 5535 quandiu
1614 5468 1663 5521 in
1694 5483 1760 5523 eo
1787 5480 2026 5537 manent,
2060 5473 2178 5526 nul-

606 5560 812 5616 latenus
839 5559 1065 5616 absoluti
1098 5568 1244 5623 sunt,
1292 5558 1429 5616 sicut
1470 5574 1567 5614 nec
1605 5560 1719 5629 ipse
1770 5561 1787 5591 ³
1839 5561 1889 5615 in
1918 5577 2022 5630 quo
2048 5575 2173 5620 sunt

681 5701 696 5730 ¹
729 5697 805 5751 id.
829 5699 972 5764 cod.,
995 5701 1291 5756 subsistunt.

678 5772 699 5801 ²
722 5767 798 5822 Id.
830 5770 972 5834 cod.,
996 5775 1256 5839 pravitatis
1284 5775 1506 5829 interest.

680 5841 700 5873 ³
728 5840 801 5899 1d.
833 5841 977 5911 cod.,
1012 5843 1063 5894 in
1092 5860 1187 5915 quo
1211 5856 1324 5899 sunt
1353 5859 1565 5912 errores,
1591 5842 1879 5899 absolvitur.
1932 5842 1945 5855 '

2285 4734 2365 4787 eis
2400 4735 2660 4787 sententia
2694 4733 2835 4786 dicta
2869 4734 3181 4802 permansit,
3222 4748 3594 4802 nunquamque
3622 4734 3860 4789 resoluta

2284 4836 2404 4891 est;
2434 4838 2487 4882 et
2515 4836 2691 4881 tamen
2718 4827 2905 4882 eadem
2952 4825 3005 4880 in
3058 4826 3271 4888 talibus,
3298 4825 3490 4895 quibus
3513 4826 3735 4895 prmﬁxa
3759 4836 3855 4892 est,

2282 4928 2629 4988 permanente
2657 4926 2934 4987 perpetua,
2985 4917 3216 4986 quodam
3268 4931 3465 4986 genere
3522 4916 3727 4971 factum
3759 4926 3855 4980 est,

2285 5020 2341 5065 ut
2371 5013 2421 5065 in
2452 5010 2643 5065 talibus
2673 5024 2777 5063 non
2808 5023 3184 5078 usquequaque
3212 5007 3569 5075 manentibus,
3608 5008 3658 5062 id
3684 5009 3857 5072 est,in

2285 5106 2519 5174 peccatis
2540 5104 2651 5157 suis
2683 5118 2787 5158 non
2818 5116 3197 5171 usquequaque
3223 5100 3557 5163 durantibus,
3590 5110 3720 5154 sent
3756 5101 3858 5154 ntis

2285 5209 2460 5252 tamen
2494 5196 2712 5266 praeﬁxa
2745 5194 2939 5249 talibus
2970 5202 3321 5263 permaneret.
3376 5192 3507 5246 Nam
3548 5201 3601 5247 et
3634 5194 3737 5260 ipsi
3769 5208 3857 5261 pe-

2284 5300 2474 5355 reunt;
2501 5290 2591 5344 sed
2623 5303 2744 5343 esse
2773 5296 3101 5356 peccatores,
3130 5295 3189 5339 ut
3218 5285 3414 5339 dictum
3460 5294 3563 5349 est,
3598 5301 3704 5336 non
3744 5299 3856 5352 pte-

2285 5383 2496 5447 naliter,
2529 5380 2621 5435 sed
2653 5379 3037 5440 remedialiter,
3066 5376 3295 5446 quodam
3330 5386 3384 5430 et
3412 5376 3509 5443 ipsi
3539 5390 3742 5443 genere
3773 5389 3859 5440 pe-

2284 5475 2518 5539 rierunt;
2546 5473 2773 5542 quodam
2825 5484 3022 5541 genere
3050 5477 3106 5523 et
3151 5469 3203 5522 in
3247 5467 3377 5537 ipsis
3403 5466 3598 5520 mansit
3639 5466 3858 5533 praeﬁxa

2285 5561 2570 5627 sententia,
2605 5562 2777 5617 donec
2827 5572 3145 5630 permanens
3185 5571 3278 5613 eos
3318 5554 3559 5611 efﬁceret
3604 5569 3712 5615 non
3744 5566 3861 5611 esse

2351 5708 2370 5737 ‘
2396 5708 2467 5760 Id.
2501 5705 2644 5768 cod.,
2692 5702 2841 5756 Cum.

2353 5781 2371 5809 ’⁵
2396 5778 2470 5835 id.
2501 5775 2645 5843 cod.,
2675 5774 2728 5828 in
2755 5789 2833 5828 eo.
