4104 6356
294 367 395 424 105

1498 364 1853 427 EPISTOLA‘I
1892 369 1981 425 ET
2021 369 2362 427 DECRETA.

3474 376 3566 432 I06

253 508 256 511 λ
290 490 625 552 peccatores,
653 495 735 539 vet
760 491 1069 555 peceatores
1091 499 1196 541 non
1222 499 1344 543 esse
1378 486 1680 556 perﬁceret.
1704 486 1877 542 Com-
1901 488 1954 545 A
1978 487 2153 555 iectus
2175 499 2258 544 est
2280 484 2514 560 ?‘Itaque
2550 490 2675 560 'ipse
2708 488 2757 544 in
2790 502 2847 545 se
2896 486 3227 544 insolubilem
3274 486 3397 544 fecit
3444 506 3567 548 esse

290 578 435 645 picta
465 587 546 634 est
572 588 626 634 et
648 578 699 635 in
725 581 806 636 eis
832 581 1115 648 sententia,
1137 582 1153 612 ¹
1179 596 1277 638 nec
1302 596 1407 651 quo
1432 590 1621 637 tenore
1657 590 1878 652 peracto

290 686 613 741 permanens
661 674 746 728 illa
799 678 1070 732 sententia
1100 676 1446 745 pereuntibus
1478 676 1876 746 peccatoribus,

290 765 362 819 ita
385 773 444 819 ut
465 781 568 820 non
597 776 780 823 essent
802 768 991 838 utique
1016 777 1349 838 peccatores.
1380 768 1451 822 At
1476 784 1537 824 ea
1559 769 1667 837 jam
1697 768 1751 823 in
1772 784 1880 823 non

290 859 664 929 peccatoribus
706 877 922 917 manere
964 877 1070 917 non
1108 862 1317 933 potuit,
1347 863 1468 931 quia
1500 863 1551 916 in
1580 863 1659 918 eis
1689 863 1882 932 quibus

290 951 493 1030 inflicta
523 968 628 1008 non
663 953 835 1009 fuerat
864 954 948 1026 ius
976 956 1225 1011 manendi
1254 958 1465 1026 penitus
1495 972 1601 1012 non
1630 957 1879 1012 habebat.

304 1046 382 1100 Ita
415 1061 513 1101 nec
553 1048 605 1103 in
630 1063 730 1103 suo
768 1048 893 1118 jure
933 1049 1018 1105 vel
1050 1050 1263 1105 tramite
1304 1050 1571 1106 ullatenus
1618 1051 1881 1106 sententia

291 1138 529 1194 resoluta
559 1148 662 1206 est,
693 1148 749 1196 et
776 1142 967 1196 eadem
999 1140 1053 1196 in
1068 1132 1151 1195 his
1176 1141 1369 1210 quibus
1401 1141 1599 1197 inflicta
1625 1148 1730 1207 est,
1759 1156 1886 1211 per-

291 1241 565 1298 manente,
600 1233 772 1287 abhis
799 1234 889 1303 qui
917 1234 985 1288 ab
1005 1232 1121 1302 ejus
1139 1234 1259 1303 jure
1281 1233 1499 1303 discreti
1528 1241 1673 1296 sunt,
1704 1233 1882 1288 aliena
1912 1229 1921 1236 ’

291 1337 516 1393 prorsus
545 1324 736 1379 effecta
768 1333 871 1381 est.
914 1325 1024 1381 Nec
1054 1326 1106 1383 in
1138 1326 1239 1393 his,
1273 1326 1419 1381 salva
1449 1325 1532 1382 sui
1552 1326 1883 1391 conditione,

291 1417 373 1471 fas
402 1416 626 1472 haberet
653 1416 946 1486 manendi,
976 1417 1169 1488 quibus
1201 1416 1400 1472 inflicta
1438 1433 1543 1472 non
1575 1426 1709 1473 erat.
1744 1417 1888 1472 Dixit

293 1510 587 1578 Dominus,
630 1509 775 1581 quod
820 1511 874 1565 in
920 1510 1178 1579 Spiritum
1222 1517 1465 1565 sanctum
1507 1510 1884 1579 peccantibus,

292 1618 395 1659 nec
437 1603 525 1659 hic
566 1613 713 1659 esset
756 1618 858 1659 nec
915 1603 970 1658 in
1033 1602 1212 1659 futuro
1259 1603 1459 1659 sarculo
1504 1603 1886 1659 remittendum

293 1694 513 1769 (Matth.
540 1695 661 1765 xu).

367 1788 613 1856 Quantos
655 1796 839 1843 autem
870 1787 1249 1858 cognoscimus
1274 1788 1328 1842 in
1362 1788 1619 1857 Spiritum
1646 1798 1888 1844 sanctum

1982 583 2327 647 sententiam,
2379 585 2467 652 qui
2502 585 2623 639 talis
2672 601 2987 655 permanere
3016 586 3239 656 delegit,
3270 588 3446 657 qualis
3474 605 3566 643 ve-

1984 675 2178 729 raciter
2203 692 2314 730 non
2345 689 2523 745 posset
2552 680 2788 745 absolvi;
2809 690 2863 737 et
2887 681 3058 737 noluit
3087 681 3207 737 talis
3234 682 3396 749 efﬁci,
3422 686 3565 737 circa
3603 690 3609 706 ‘

1984 769 2221 837 qualem,
2254 781 2605 839 permanente
2636 776 2901 829 sententia
2946 777 3088 831 circa
3132 776 3287 842 tales,
3318 778 3565 833 effectum

1986 875 2093 916 non
2128 862 2285 917 talem
2335 864 2634 920 inSolubilis
2674 867 2939 921 sententia
2996 883 3103 923 non
3153 880 3413 936 maneret,
3449 886 3569 941 quae

1986 953 2126 1009 circa
2179 955 2426 1011 effectura
2481 973 2585 1012 non
2646 958 2802 1012 talem
2856 976 2958 1013 non
3013 961 3235 1017 haberet
3295 964 3568 1018 licentiam

1988 1048 2359 1113 permanendi.
2393 1049 2509 1116 Quo
2537 1051 2709 1120 magis
2738 1050 2816 1119 (ut
2842 1050 3039 1107 dictum
3071 1054 3176 1122 est}
3199 1057 3446 1125 exemplo
3496 1065 3575 1107 at-

1987 1153 2093 1208 que
2133 1141 2375 1210 periculo
2405 1142 2690 1208 admoniti,
2719 1144 2807 1212 qui
2840 1143 3027 1198 eodem
3061 1154 3247 1199 tenore
3293 1158 3415 1200 sttnt
3448 1164 3575 1202 con-

1989 1233 2192 1301 stricti,
2226 1234 2482 1291 festinare
2521 1236 2721 1291 debent
2766 1246 2821 1291 ut
2871 1252 2973 1292 non
3024 1239 3157 1292 tales
3199 1252 3319 1293 esse
3363 1254 3573 1309 perma-

1991 1333 2153 1379 neant
2202 1326 2397 1395 quibus
2442 1327 2704 1383 sententia
2758 1327 2845 1382 illa
2895 1343 2997 1382 non
3049 1329 3303 1384 solvenda
3357 1330 3575 1399 praefixa

1990 1427 2092 1483 est,
2126 1428 2178 1473 et
2205 1433 2325 1474 esse
2365 1420 2496 1475 tales
2535 1420 2793 1489 incipiant
2840 1420 3087 1489 qualibus
3139 1436 3242 1475 non
3273 1422 3575 1475 insolubilis

1992 1509 2211 1579 praefixa
2250 1512 2514 1566 sententia
2550 1512 2718 1582 possit
2743 1526 2865 1567 esse
2892 1511 3156 1566 solubilis.
3188 1513 3452 1581 Quoniam
3485 1529 3579 1567 au-

1994 1612 2099 1658 tem
2129 1603 2322 1658 eﬂ'ecto
2338 1619 2445 1659 non
2471 1604 2564 1658 tali
2597 1604 2741 1674 quali
2773 1620 2877 1659 non
2910 1605 3163 1659 solvenda
3198 1604 3412 1674 praefixa
3448 1620 3577 1659 sen-

1993 1695 2162 1750 tentia
2195 1704 2299 1765 est,
2328 1696 2539 1764 effecto,
2574 1698 2812 1767 inquam,
2838 1712 2944 1751 non
2978 1697 3087 1763 tali,
3119 1706 3299 1767 potest
3338 1696 3577 1751 solubilis

1997 1804 2115 1842 esse
2164 1791 2457 1854 sententia;
2517 1792 2639 1860 quia
2668 1790 2777 1858 jam
2811 1790 3025 1855 Acacio,
3084 1805 3190 1844 non
3221 1790 3419 1845 volenti
3472 1805 3580 1843 non

298 1880 703 1950 delinquentes,
735 1881 876 1935 sicut
902 1881 1185 1936 haereticos
1213 1882 1477 1948 diversos,
1508 1883 1753 1948 Arianos,
1785 1882 1893 1937 Eu-
1922 1864 1971 1925 Β
2000 1882 2160 1937 talem
2191 1898 2334 1949 esse,
2364 1884 2498 1938 sicut
2518 1883 2606 1937 tali
2635 1884 2872 1953 usquein
2899 1884 3057 1938 linem
3080 1884 3436 1952 permanenti,
3463 1898 3584 1951 per-

301 1972 603 2040 nomianos,
655 1972 1097 2041 Macedonianos,
1125 1973 1192 2029 ad
1222 1973 1379 2029 fidem
1425 1974 1747 2030 catholicam
1798 1991 1889 2031 re-

301 2074 601 2132 vertentes,
634 2075 689 2121 et
730 2065 820 2121 hic
845 2066 1215 2123 remissionem
1267 2083 1379 2122 suae
1421 2070 1723 2139 percepisse
1751 2069 1894 2125 blas-

298 2158 555 2230 phemiae,
585 2158 720 2215 etin
742 2158 980 2215 futurum
1008 2174 1159 2231 spem
1202 2162 1501 2232 sumpsisse
1548 2163 1891 2233 indulgentize

298 2258 731 2331 consequendat?
757 2258 867 2315 Nec
897 2259 1016 2315 ideo
1045 2275 1151 2314 non
1173 2275 1299 2316 vera
1325 2268 1409 2315 est
1432 2257 1643 2315 Domini
1670 2270 1891 2315 senten-

300 2354 393 2422 tia,
427 2362 519 2408 aut
546 2352 823 2425 putabitur
847 2368 967 2409 esse
994 2353 1262 2409 ullatenus
1291 2354 1702 2421 resoluta,,cum
1748 2355 1890 2409 circa

304 2447 461 2501 tales.
486 2446 533 2501 si
564 2445 667 2501 hoc
691 2461 814 2502 esse
841 2454 1211 2516 permaneant,
1235 2462 1509 2517 nunquam
1535 2448 1755 2501 omnino
1779 2446 1893 2501 sol-

302 2540 474 2593 venda
507 2540 758 2609 persistat
781 2584 795 2605 ,
843 2537 1049 2594 ell’eetis
1088 2546 1265 2592 autem
1298 2553 1407 2593 non
1456 2538 1651 2593 talibus
1680 2552 1786 2592 non
1816 2538 1893 2591 ir-

302 2642 507 2703 rogata.
539 2633 689 2687 Sicut
730 2634 893 2688 etiam
943 2642 1027 2688 est
1056 2642 1454 2704 consequenter
1495 2642 1551 2688 et
1580 2633 1710 2687 illud
1748 2632 1894 2688 beati

301 2726 529 2782 Joannis
558 2726 824 2796 apostoli:
858 2726 949 2781 Est
962 2738 1223 2798 peccatum
1262 2728 1332 2781 ad
1363 2734 1573 2781 mortem
1598 2744 1617 2782 :
1644 2744 1748 2781 non
1777 2726 1895 2781 dico

303 2832 358 2875 ut
404 2832 575 2876 oretur
616 2839 711 2885 pro
760 2838 855 2887 eo;
906 2832 951 2876 et
981 2833 1055 2878 est
1083 2831 1348 2895 peccatum
1385 2840 1489 2879 non
1520 2825 1588 2878 ad
1636 2833 1850 2878 mortem
1874 2838 1894 2877 .'

304 2914 421 2968 dico
447 2924 501 2968 nt
554 2923 725 2969 oretur
761 2932 855 2983 pro
900 2932 957 2971 eo
989 2913 1044 2987 (Ι
1072 2914 1233 2971 Joan.
1258 2918 1349 2987 v):
1385 2925 1468 2971 est
1506 2925 1781 2986 peccatum
1828 2917 1895 2969 ad

306 2996 559 3074 mortem,
592 3008 644 3061 in
678 3007 865 3062 eodem
899 3017 1121 3077 peccato
1159 3008 1533 3074 manentibus;
1578 3020 1660 3064 est
1706 3024 1897 3077 pecca-

304 3103 422 3152 tum
444 3113 548 3152 non
587 3098 653 3153 ad
677 3108 926 3162 mortem,
950 3100 1016 3154 ab
1039 3099 1226 3155 eodem
1253 3110 1472 3169 peccato
1501 3101 1893 3156 recedentibus.

311 3189 529 3244 Nullum
559 3200 642 3245 est
666 3192 861 3259 quippe
892 3200 1165 3257 peccatum
1211 3208 1307 3261 pro
1354 3210 1460 3264 quo
1490 3206 1581 3248 aut
1627 3210 1730 3249 non
1782 3203 1899 3249 oret

310 3281 558 3337 Ecclesia
585 3284 605 3314 ’
632 3282 978 3349 remittendo,
1021 3292 1113 3337 aut
1129 3284 1300 3352 quod,
1344 3285 1465 3339 data
1498 3286 1601 3340 sibi
1644 3286 1898 3342 divinitus

306 3383 597 3447 potestate,
625 3376 1005 3433 desistentibus
1031 3377 1100 3431 ab
1132 3377 1323 3432 eodem
1366 3393 1471 3433 non
1512 3380 1684 3458 possit
1723 3381 1899 3434 absol-

306 3486 459 3536 vere,
494 3472 576 3527 vel
621 3471 1008 3542 paenitentibus
1054 3472 1323 3537 relaxare,
1354 3472 1441 3527 cui
1475 3471 1669 3527 dicitur
1701 3491 1713 3525 :
1748 3474 1902 3540 Quic-

308 3564 510 3636 cun’que
548 3566 837 3621 dimiseritis
886 3580 1040 3635 super
1074 3574 1294 3634 terram,
1331 3567 1543 3627 dimissa
1582 3577 1733 3621 erunt
1772 3576 1819 3621 et
1848 3568 1903 3621 in

308 3659 487 3723 ralis;
515 3668 563 3713 et
581 3674 892 3729 qua’cunque
916 3658 1164 3712 solveritis
1205 3674 1361 3725 super
1390 3668 1609 3725 terram,
1640 3671 1786 3713 erunt
1815 3677 1901 3714 so-

308 3748 422 3803 luta
449 3750 570 3803 etin
599 3750 737 3804 εωιὶε
783 3748 995 3819 (Matth.
1044 3765 1154 3815 xvn,
1207 3748 1323 3821 I8).
1378 3749 1435 3805 In
1490 3751 1899 3822 quibuscunque

309 3841 489 3896 omnia
512 3848 1086 3911 sunt,quantacunque
1107 3840 1237 3905 sint,
1257 3850 1313 3897 et
1341 3842 1735 3914 qualiacunque
1757 3844 1895 3898 sint:

308 3930 489 3987 veraci
516 3930 862 3987 nihilominus
884 3948 1068 3988 eorum
1119 3942 1371 3988 manente
1412 3936 1699 3999 sententia,
1724 3935 1745 3965 ³
1775 3952 1898 4006 quae

309 4039 585 4094 nunquam
628 4024 884 4081 solvenda
934 4039 1057 4080 esse
1086 4024 1431 4080 denuntiatur
1472 4044 1484 4078 :
1517 4027 1569 4081 in
1600 4041 1788 4081 eorum
1820 4037 1901 4083 te-

312 4130 451 4172 nore
476 4116 801 4180 consistens,
830 4132 937 4171 non
968 4118 1130 4171 etiam
1155 4115 1223 4170 ab
1248 4116 1353 4172 hoe
1381 4116 1570 4172 eodem
1600 4129 1723 4187 post
1752 4134 1903 4174 rece-

274 4207 467 4263 edens.
512 4207 664 4274 Quod
692 4208 851 4263 etiam
878 4208 932 4262 in
978 4208 1155 4262 Aeacii
1209 4209 1474 4262 sententia
1516 4210 1905 4264 rationabiliter

310 4300 628 4356 intuendum
657 4310 760 4368 est,
791 4301 844 4355 in
876 4316 980 4370 qua
1026 4302 1235 4356 etiamsi
1287 4301 1339 4356 ei
1387 4301 1584 4357 dictum
1635 4311 1734 4368 est,
1767 4317 1904 4357 nun-

310 4409 581 4465 quamque
596 4394 911 4458 solvendus,
936 4407 1043 4447 non
1070 4402 1151 4448 est
1176 4393 1441 4463 adjectum
1468 4404 1666 4457 tamen,
1692 4394 1905 4449 etiamsi

311 4488 628 4557 resipueris,
654 4488 863 4542 etiamsi
891 4486 1152 4544 aberrore
1167 4486 1502 4552 discesseris,
1526 4488 1737 4543 etiamsi
1768 4504 1905 4559 prae-

312 4580 585 4635 varicator
623 4592 743 4635 esse
791 4578 1080 4635 destiteris.
1124 4579 1463 4650 Quapropter
1503 4580 1554 4635 in
1587 4590 1775 4651 aperto
1820 4590 1904 4638 est

314 4673 392 4728 ita
430 4672 657 4738 dictum,
690 4687 961 4743 nunquam
1005 4672 1314 4740 solvendus,
1361 4673 1454 4728 sed
1491 4675 1640 4742 talis,
1671 4675 1899 4743 scilicet,

212 4830 221 4839 .
313 4764 487 4834 qualis
522 4772 607 4820 est
652 4774 707 4820 et
760 4765 986 4835 ligatus,
1017 4781 1121 4821 non
1152 4777 1331 4839 autem
1376 4766 1499 4820 talis
1548 4767 1771 4823 effectus
1798 4770 1904 4839 fqui

314 4856 457 4911 sicut
484 4856 727 4925 ligandus
757 4867 1036 4923 nouerat,
1067 4860 1145 4912 sic
1192 4857 1473 4913 absolutus
1524 4874 1645 4914 esse
1673 4861 1904 4916 doceba-

317 4956 420 5001 tur.
448 4947 599 5003 Sicut
617 4948 832 5004 carebat
854 4949 1200 5019 obligatione,
1224 4965 1346 5005 eum
1368 4950 1715 5021 obligationis
1740 4968 1904 5008 causa

313 5039 579 5103 caruisset
606 5057 621 5094 :
650 5041 729 5096 sic
756 5042 941 5111 utique
958 5040 1235 5097 absolutus
1258 5043 1535 5109 existeret,
1560 5053 1823 5113 quatenus
1849 5056 1906 5101 et

314 5130 432 5201 ipse
458 5146 566 5186 non
607 5132 927 5189 necessitate
972 5133 1130 5188 dictae
1178 5137 1462 5191 sententia:
1490 5138 1765 5195 videretur
1793 5155 1903 5196 non
1952 5162 1955 5167 ·

314 5237 476 5292 posse
501 5224 899 5293 quodammodo
924 5225 1033 5295 jam
1065 5225 1230 5293 solvi;
1259 5226 1281 5257 ⁴
1310 5243 1431 5282 nam
1454 5230 1573 5284 talis
1604 5232 1826 5289 effectus
1853 5244 1911 5291 et

282 5315 643 5403 'obligatione
692 5330 902 5384 carens,
957 5318 1111 5373 fieret
1163 5317 1457 5383 absolutus,
1485 5329 1540 5375 et
1586 5323 1726 5378 circa
1773 5327 1909 5382 tales

218 5458 225 5463 .
281 5408 535 5485 ipraefixa
570 5410 832 5465 sententia
883 5411 1029 5465 nullo
1066 5409 1226 5466 modo
1257 5412 1278 5442 ⁸
1304 5410 1608 5469 insolubilis
1646 5414 1919 5476 reddere?

317 5506 424 5555 tur.
447 5500 699 5572 Nunquid
729 5504 873 5560 enim
917 5504 1093 5573 misit,
1139 5504 1410 5577 quaesivit,
1435 5510 1689 5579 expetiit,
1724 5521 1778 5568 et
1802 5513 1905 5571 ab-

1928 4622 1984 4682 1)

392 5659 534 5741 filie
561 5659 783 5741 subesse
810 5661 1062 5718 mendum
1092 5662 1331 5732 videtur,
1368 5663 1456 5718 cui
1484 5664 1745 5724 medelam
1789 5685 1900 5728 non
1962 5735 1971 5741 _

315 5730 548 5786 aﬂeruut
572 5745 704 5787 mss.
734 5732 997 5789 HARDUIN.

392 5803 413 5832 ²
442 5801 520 5857 Id.
554 5803 698 5869 cod.,
732 5806 1106 5862 remittendum.

392 5872 414 5903 ³
436 5872 512 5928 Id.
531 5873 679 5939 cod.,
708 5890 810 5944 qua
836 5891 1116 5945 nunquam.

609 5969 878 6030 PA'I'IOL.
926 5970 1092 6031 LIX.

1972 5768 1973 5771 “
1980 5776 1987 5784 ο

1969 5788 1981 5798 ,ι

1870 5802 1877 5809 ’
1962 5800 1990 5859 ξ

1964 5872 1987 5887 ."t

1964 5900 1979 5923 Σ

1997 1976 2193 2030 mansit
2218 1978 2268 2031 in
2300 1976 2544 2030 absoluta
2570 1977 2835 2031 sententia
2868 1995 2879 2028 :
2915 1976 2985 2030 ita
3023 1976 3134 2044 jam
3164 1991 3267 2029 non
3316 1975 3407 2029 tali
3444 1974 3585 2028 efﬁci

1997 2086 2101 2124 non
2146 2070 2348 2125 volenti
2405 2069 2649 2124 solubilis
2718 2085 2824 2125 non
2881 2078 3059 2139 potest
3123 2084 3242 2123 esse
3292 2068 3580 2123 sententia.

1995 2164 2183 2220 Nonne
2223 2172 2401 2218 tantos
2442 2163 2670 2217 habebat
2723 2162 2951 2217 Aeacius
3005 2176 3237 2231 quorum
3280 2160 3581 2227 exemplum

1995 2259 2146 2327 sequi
2180 2257 2463 2327 potuisset,
2492 2257 2781 2325 antistites,
2816 2256 2927 2325 qui,
2956 2255 3009 2309 in
3038 2253 3313 2323 Ephesino
3346 2251 3584 2322 prolapsi

1996 2350 2302 2415 latrocinio,
2336 2350 2581 2418 quolibet
2628 2349 2787 2403 modo
2822 2350 2871 2402 in
2922 2346 3334 2402 consensionem
3380 2344 3584 2399 recide‘

1996 2452 2117 2497 rant
2146 2440 2468 2511 pravitatis?
2502 2439 2695 2510 Utique
2726 2449 2905 2494 tamen
2936 2439 3060 2510 (etsi
3092 2439 3293 2494 dictum
3312 2452 3418 2492 non
3445 2436 3585 2506 erat)

1998 2545 2051 2589 et
2107 2543 2419 2603 perpetuam
2468 2532 2863 2587 damnationem
2925 2530 3068 2586 ferre
3114 2531 3431 2600 potuissent,
3484 2528 3584 2582 nisi

1999 2626 2415 2695 resipiscentes,
2450 2634 2507 2678 et
2557 2639 2661 2678 non
2719 2624 2855 2677 tales
2891 2622 3063 2677 ell‘ecti
3104 2622 3290 2691 quales
3330 2621 3404 2674 illi
3463 2619 3585 2672 facti

1999 2723 2231 2788 fuerant,
2266 2719 2776 2787 damnationemqne
2832 2725 3147 2785 perpetuam
3207 2712 3586 2773 merebantur,

2000 2815 2193 2870 resolvi
2222 2812 2363 2867 circa
2412 2826 2472 2867 se
2502 2810 2922 2874 damnationem,
2973 2805 3287 2863 recedentes
3335 2818 3363 2856 a
3397 2816 3586 2871 perpe-

2000 2917 2106 2962 tuae
2156 2884 2515 2960 damnationis
2554 2902 2823 2968 causa,"
2870 2900 3192 2955 meruissent
3230 2917 3243 2951 :
3288 2910 3445 2963 quam
3494 2893 3584 2963 qui

2003 3002 2288 3071 perstitere
2335 3000 2477 3054 circa
2531 3012 2589 3052 se
2634 2994 2979 3049 insolubilem
3024 2990 3391 3045 reddiderunt.
3444 2985 3585 3039 Nihil

2004 3096 2228 3149 interest
2250 3094 2429 3162 igitur,
2462 3090 2593 3146 nihil
2625 3089 2822 3157 dili‘ert,
2854 3096 3035 3143 utrum
3065 3085 3273 3139 dicatur
3313 3092 3585 3148 nunquam

2005 3186 2317 3248 solvendus,
2351 3201 2418 3240 an
2446 3200 2553 3238 non
2576 3184 2785 3237 dicatur
2825 3198 2839 3240 :
2886 3181 3007 3250 quia
3060 3175 3427 3233 ecclesiastica
3464 3187 3586 3226 sen-

2010 3280 2170 3333 tentia
2200 3293 2324 3332 reos
2372 3288 2426 3331 et
2464 3276 2903 3346 praevaricatores
2940 3272 3169 3342 obligat;
3201 3270 3321 3340 quia
3354 3268 3489 3321 sicut
3537 3263 3587 3317 ei

2008 3388 2111 3427 non
2149 3382 2319 3441 potest
2360 3370 2631 3437 suffragari
2673 3367 2815 3435 quod
2845 3382 2949 3421 non
2980 3374 3062 3420 est
3091 3364 3263 3417 dictus
3311 3370 3585 3427 nunquam

2007 3466 2328 3529 solvendus,
2368 3464 2460 3518 sed
2498 3466 2541 3516 si
2587 3464 2639 3515 in
2671 3475 2855 3515 errore
2901 3457 3256 3529 permanserit
3286 3452 3589 3508 insolubilis

2007 3559 2182 3612 modis
2212 3556 2461 3611 omnibus
2489 3563 2832 3624 perseverat,
2861 3566 2960 3604 nec
2988 3557 3164 3615 potest
3191 3547 3313 3601 inde
3343 3545 3445 3599 nisi
3480 3557 3588 3596 non

2006 3652 2127 3706 talis
2157 3650 2380 3705 eﬂ'ectus
2417 3647 2623 3703 absolvi
2657 3664 2670 3711 ;
2708 3644 2783 3700 sic
2828 3645 3073 3713 cuiquam
3104 3639 3454 3709 praejudicare
3482 3651 3591 3690 nou

2006 3751 2203 3812 potest,
2242 3741 2450 3797 tametsi
2474 3738 2672 3794 dictum
2702 3746 2783 3792 est
2813 3750 3082 3804 nunquam
3106 3748 3228 3788 esse
3250 3730 3589 3795 solvendum,

2005 3837 2285 3892 manifesta
2343 3836 2549 3889 ratione
2615 3838 2948 3887 monstrante
3018 3827 3137 3897 quia
3197 3838 3467 3894 nunquam
3522 3823 3591 3875 sit

2005 3932 2225 3985 omnino
2251 3928 2561 3990 solvendus,
2586 3927 2631 3979 si
2656 3926 2774 3979 talis
2796 3923 2970 3994 qualis
2999 3922 3191 3991 ligatus
3221 3931 3303 3975 est
3332 3934 3452 3974 esse
3472 3933 3591 3986 per-

2006 4022 2178 4084 sistat’,
2210 4021 2293 4075 vel
2324 4020 2441 4072 talis
2471 4020 2656 4087 utique
2698 4029 2968 4084 nunquam
2997 4012 3285 4087 solvendus
3314 4009 3487 4079 qualis
3509 4016 3592 4063 est

2008 4113 2293 4181 obligatus.
2334 4110 2450 4163 Non
2489 4086 2696 4176 adjecto
2727 4118 2926 4169 autem,
2984 4086 3193 4158 etiarnsi
3244 4102 3593 4167 resipiscatet

2009 4208 2264 4275 corrigat,
2291 4212 2471 4270 patere
2504 4215 2723 4271 prorsus
2751 4209 2805 4253 et
2835 4199 3062 4251 liberum
3097 4207 3215 4247 esse
3248 4208 3350 4246 non
3373 4192 3592 4245 dubium

2008 4302 2101 4366 sit,
2129 4310 2187 4353 ut
2217 4310 2321 4352 non
2347 4296 2467 4349 talis
2504 4294 2728 4349 effectus
2768 4290 2939 4359 qualis
2988 4302 3254 4353 nunquam
3286 4286 3459 4339 dictus
3510 4294 3597 4337 est

2010 4412 2133 4454 esse
2171 4390 2483 4455 solvendus,
2516 4388 2612 4443 sed
2652 4386 2770 4441 talis
2800 4383 2971 4454 qualis
3000 4396 3107 4435 non
3148 4388 3231 4435 est
3255 4379 3427 4433 dictus
3457 4393 3595 4431 nun-

2010 4505 2168 4562 quam
2190 4502 2310 4543 esse
2329 4483 2639 4550 solvendus,
2669 4481 2721 4536 id
2744 4490 2844 4543 est,
2868 4486 3142 4533 correctus
3171 4483 3228 4528 et
3253 4472 3591 4539 emendatus,

2011 4590 2405 4653 consequenter
2452 4584 2728 4633 correctus
2780 4580 2834 4627 et
2880 4570 3051 4641 possit
3097 4568 3252 4622 solvi.
3290 4566 3592 4619 Notandum

2011 4675 2155 4747 quod
2180 4672 2419 4743 quolibet
2457 4682 2654 4740 genere
2705 4660 3199 4732 blasphemantibus
3240 4658 3292 4712 in
3337 4657 3597 4726 Spiritum

2013 4776 2279 4830 sanctum,
2306 4765 2348 4819 si
2378 4762 2697 4831 resipiscant
2719 4766 2772 4812 et
2798 4755 3089 4823 corrigant,
3132 4762 3185 4805 et
3214 4750 3300 4804 hic
3340 4752 3418 4804 eis
3446 4758 3501 4804 et
3543 4748 3596 4801 in

2014 4863 2195 4916 futuro
2252 4857 2451 4913 saeculo
2505 4853 2852 4913 remittatur;
2897 4863 2993 4901 nec
3024 4846 3146 4900 inde
3193 4845 3357 4914 possit
3386 4842 3597 4897 Domini

2016 4965 2208 5009 nutare
2235 4949 2526 5011 sententia,
2552 4961 2670 5016 qua:
2714 4944 2853 4998 circa
2900 4942 3031 4995 tales
3062 4940 3243 5009 utique
3280 4954 3599 5009 permanen-

2018 5058 2112 5120 tes;
2140 5058 2457 5116 permanere
2486 5042 2623 5096 dicta
2656 5047 2768 5106 est,
2816 5051 2919 5091 non
2969 5037 3108 5089 circa
3159 5048 3263 5087 non
3310 5035 3443 5087 tales
3473 5032 3599 5087 ell‘e-

2021 5149 2158 5197 ctos.
2190 5136 2434 5204 Quandiu
2463 5142 2640 5189 autem
2667 5132 2721 5185 in
2751 5130 2850 5183 hoc
2888 5136 3122 5194 manent,
3150 5125 3281 5180 tales
3316 5135 3440 5179 sunt
3469 5137 3599 5192 qua-

2020 5233 2159 5288 libus
2180 5244 2286 5285 non
2299 5226 2682 5284 remittendum
2706 5238 2824 5278 esse
2848 5222 3121 5291 prmfixum
3151 5228 3249 5274 est.
3268 5217 3399 5272 Cum
3422 5224 3599 5268 autem

2020 5328 2089 5384 ab
2109 5322 2575 5384 hocrecesserint,
2602 5326 2708 5373 n0n
2737 5318 2871 5371 tales
2893 5315 3197 5370 efficiuntur
3226 5308 3469 5379 qualibus
3494 5323 3601 5363 non

2022 5416 2401 5476 remittendum
2433 5427 2552 5469 esse
2583 5410 2895 5481 praedictum
2924 5416 3025 5462 est.
3065 5406 3127 5459 Et
3173 5404 3292 5456 ideo
3343 5416 3448 5454 non
3484 5402 3603 5455 tali-

2023 5512 2126 5568 bus
2152 5509 2356 5566 effectis
2386 5512 2564 5578 potest
2589 5511 2648 5559 et
2672 5502 2757 5555 hic
2782 5509 2836 5555 et
2877 5496 3054 5552 futuro
3099 5491 3295 5549 sacculo
3326 5494 3344 5524 "
3378 5509 3481 5548 non
3516 5511 3613 5569 rei

2094 5670 2117 5702 “
2149 5668 2227 5725 Id.
2259 5665 2406 5732 cod.,
2432 5679 2535 5717 non
2567 5669 2685 5715 tatis
2708 5658 2931 5726 e/fectus.

2100 5743 2122 5773 ⁵
2152 5741 2231 5795 Id.
2258 5737 2406 5801 cod.,
2434 5732 2702 5789 Solubilis.

2100 5815 2121 5843 ⁶
2150 5811 2229 5865 Id.
2266 5809 2411 5874 cod.,
2444 5809 2781 5874 meruerunt,

2100 5884 2119 5916 "
2149 5882 2226 5936 ld.
2259 5870 2405 5943 cod.,
2437 5878 2541 5938 ium
2567 5870 2773 5922 rentittt'.
