4104 6356
499 360 596 417 107

1851 334 2119 396 CELASII
2158 333 2359 390 ΡΑΡᾸΞ.
2400 332 2418 388 ι

3667 322 3776 384 £08

495 473 658 529 mitti.
681 463 930 535 Alioquin
953 459 1117 534 (quod
1137 454 1298 524 absit)
1325 454 1513 508 frustra
1540 451 1808 507 videretur
1840 449 2076 504 Ecclesia
2103 451 2157 512 Α
2183 450 2414 513 videant,
2445 456 2492 502 et
2527 446 2786 501 audientes
2829 461 2926 499 non
2965 444 3206 511 audiant,
3242 459 3306 498 ne
3337 443 3540 512 quando
3579 441 3774 496 intelli-

497 559 803 633 hujusmodi
833 572 925 612 sua
955 547 1391 609 reconciliatione
1422 544 1711 615 suscipere.
1736 543 1869 611 Quia
1903 551 2076 598 autem

404 631 416 655 Ρ
445 649 459 666 “
498 631 746 714 frustrari
776 665 878 706 non
912 631 1102 717 potest,
1132 642 1232 696 hoc
1277 639 1551 693 intellectu
1596 637 1770 691 modis
1809 635 2078 701 omnibus,

499 755 646 810 salva
673 745 880 804 Domini
907 738 1194 801 sententia,
1229 732 1638 806 praedicandum
1671 739 1774 801 est,
1823 737 2080 800 quantum

499 849 566 900 ad
593 858 688 900 nos
718 838 966 909 pertinet,
995 830 1215 888 omnino
1239 830 1254 859 ¹
1289 843 1461 898 posse.
1509 817 1655 882 Talis
1701 824 1862 896 igitur
1908 822 2082 877 dictus

500 947 582 994 est
607 933 853 999 Aeacius,
889 928 1062 1000 qualis
1085 927 1280 996 ligatus
1311 931 1394 978 est
1425 935 1695 990 nunquam
1724 933 1844 974 esse
1871 917 2082 972 solven-

497 1033 616 1088 dus.
648 1027 793 1083 Talis
819 1037 986 1094 usque
1016 1021 1067 1076 in
1093 1020 1249 1073 tinem
1283 1031 1405 1072 esse
1434 1013 1756 1085 permansit,
1815 1012 1936 1065 talis
1962 1024 2083 1066 esse

497 1139 605 1182 non
629 1119 854 1178 destitit.
892 1116 965 1170 lta
1015 1113 1134 1168 talis
1177 1118 1262 1166 est
1313 1107 1474 1162 hodie
1519 1106 1695 1176 qualis
1730 1113 1814 1159 est
1843 1105 1862 1134 '
1886 1103 2079 1158 dictus.

497 1219 616 1276 Non
644 1217 763 1271 talis
790 1225 910 1269 esse
937 1208 1059 1279 iam‘
1082 1219 1186 1260 non
1219 1211 1415 1274 potest,
1467 1213 1738 1270 nunquam
1767 1197 1926 1268 igitur
1961 1195 2083 1256 talis

497 1307 868 1386 permanendo
916 1299 1202 1359 solvendus
1237 1305 1360 1353 est:
1402 1295 1492 1365 qui
1535 1294 1579 1348 si
1637 1292 1755 1348 talis
1790 1305 1908 1347 esse
1937 1288 2082 1344 desi-

501 1413 692 1470 steret,
726 1414 825 1457 nec
854 1399 906 1453 in
937 1411 1043 1451 non
1077 1392 1166 1448 tali
1193 1388 1594 1478 permargisset,
1626 1395 1680 1441 et
1706 1398 1975 1454 nunquam
1999 1398 2087 1439 es-

501 1517 563 1558 se
590 1493 924 1560 solvendum,
957 1490 1078 1562 quia
1120 1502 1224 1542 non
1259 1484 1378 1539 talis
1417 1481 1588 1553 qualis
1618 1480 1791 1536 dictus
1823 1487 1906 1534 est
1945 1493 2084 1532 nun-

503 1605 665 1664 quam
709 1601 829 1643 esse
875 1579 1184 1648 solvendus,
1242 1582 1427 1647 posset
1481 1572 1708 1638 absolvi,
1757 1579 1812 1625 et
1850 1584 1958 1625 non
1995 1567 2087 1623 tali
2127 1586 2132 1591 ·

501 1697 775 1755 nunquam
808 1680 942 1736 solvi
971 1673 1280 1738 recederet;
1315 1680 1368 1726 et
1391 1667 1510 1723 ideo
1535 1675 1593 1721 ut
1619 1665 1753 1720 solvi
1790 1673 1968 1734 posset
1999 1677 2089 1716 ac-

504 1781 739 1837 cederet.
763 1773 918 1842 Quod
945 1769 1102 1826 sedes
1150 1763 1444 1836 apostolica
1473 1775 1578 1816 non
1629 1758 1935 1821 consensit,
1991 1770 2090 1812 nec

2183 549 2302 612 gant
2325 556 2345 606 ;
2394 548 2440 593 et
2471 539 2667 592 obdura
2692 555 2776 591 cor
2806 538 2981 608 papuli
3007 535 3185 608 hujus,
3217 552 3278 590 ne
3303 551 3525 605 unquam
3563 549 3773 588 conver-

2185 641 2378 702 tantur,
2412 642 2457 686 et
2485 649 2658 687 sanam
2685 629 2801 684 illos
2850 628 3004 700 (lsai.
3035 629 3130 698 VI).
3185 627 3283 683 Hic
3311 630 3469 684 etiam
3511 627 3775 683 correctio

2185 734 2239 781 et
2279 725 2582 781 emendatio
2630 723 2910 778 interdicta
2951 729 3300 790 monstratur,
3333 729 3388 778 et
3429 719 3777 790 resipiscendi

2185 832 2394 888 quoque
2422 831 2546 886 spes
2576 830 2794 885 prorsus
2834 813 3181 871 abscinditur.
3235 814 3310 870 De
3339 828 3445 884 quo
3476 822 3653 868 tamen
3682 826 3776 881 po-

2186 908 2311 978 pulo
2356 907 2629 978 apostolos
2659 905 2678 938 θ
2709 917 2762 962 ει
2808 905 3104 962 Ecclesiam
3152 896 3484 975 primitivam'
3529 904 3776 959 novimus

2187 995 2541 1074 processisse,
2572 1003 2590 1033 ⁷
2617 1013 2670 1057 et
2695 997 2861 1056 millia
2895 1001 3168 1056 hominum
3208 1007 3311 1054 una
3342 1000 3427 1053 die
3458 1000 3778 1067 baptismate

2185 1093 2348 1150 fuisse
2395 1095 2594 1149 salvata
2642 1091 2789 1165 (Act.
2833 1093 2933 1163 ll).
2981 1091 3118 1148 Ecce
3166 1100 3220 1147 et
3271 1090 3323 1144 in
3371 1076 3776 1159 persistentibus

2185 1187 2356 1257 qualis
2377 1195 2459 1242 est
2483 1183 2570 1240 illa
2594 1184 2854 1242 sententia
2888 1181 3220 1254 promulgata
3255 1181 3566 1252 permansit,
3592 1195 3688 1234 nec
3713 1173 3776 1232 ad

2188 1281 2576 1335 correctionem
2608 1293 2826 1349 prorsus
2853 1275 3036 1331 venire
3082 1273 3327 1330 sanitatis
3365 1273 3582 1329 admissi
3630 1279 3775 1336 sunt,

2188 1369 2282 1426 sed
2319 1367 2609 1440 adjudicati
2637 1379 2756 1424 sunt
2791 1369 2843 1423 in
2872 1383 2967 1424 sua
2996 1365 3232 1438 nequitia
3261 1365 3537 1436 deperire,
3561 1373 3638 1436 et,
3670 1377 3776 1418 ma-

2191 1470 2350 1519 nente
2388 1463 2566 1518 divina
2608 1462 2868 1518 sententia
2897 1504 2910 1530 ,
2957 1478 3064 1516 non
3108 1475 3203 1531 per
3245 1457 3479 1529 ipsorum
3509 1449 3777 1528 propriam

2191 1552 2618 1612 emendationem
2642 1597 2657 1624 ,
2699 1570 2902 1626 suoque
2937 1553 3208 1610 intellectu
3246 1553 3331 1610 vel
3363 1547 3541 1619 motu,
3578 1565 3778 1622 suaque

2190 1645 2388 1708 virtute
2415 1651 2499 1707 vel
2535 1651 2882 1720 possibilitate
2905 1647 3150 1706 conversi
3181 1657 3326 1716 sunt,
3355 1657 3415 1703 ut
3439 1659 3776 1714 sanarentur,

2192 1748 2286 1804 sed
2325 1762 2420 1819 per
2446 1747 2670 1818 gratiam
2722 1745 2815 1800 Dei
2855 1745 3027 1800 sanati
3057 1752 3200 1813 sunt,
3234 1753 3292 1798 ut
3317 1752 3778 1799 converterentur.

502 1836 808 1943 imperator
825 1861 1094 1935 imposuit,
1117 1874 1215 1915 nec
1243 1853 1523 1914 Anatolius
1547 1852 1842 1918 usurpavit.
1871 1850 2090 1905 Totum—
2117 1836 2166 1898 Β
2194 1838 2279 1895 Ne
2305 1847 2682 1906 convertantur,
2717 1838 2904 1907 inquit,
2935 1847 2983 1892 et
3007 1852 3181 1891 canem
3211 1852 3325 1901 eos,
3352 1850 3420 1890 ne
3449 1849 3544 1890 sua
3572 1845 3780 1905 sponte,

501 1979 608 2037 que
656 1961 739 2035 (ut
761 1959 961 2014 dictum
985 1952 1090 2024 est)
1130 1951 1186 2006 in
1208 1949 1352 2005 sedis
1381 1945 1691 2018 apostolica:
1731 1943 1964 2014 positum
2006 1952 2089 1998 est

499 2035 787 2129 potestate.
820 2049 897 2105 Ita
927 2045 1070 2118 quod
1102 2042 1335 2098 ﬁrmavit
1357 2041 1408 2095 in
1439 2037 1648 2110 synodo
1687 2035 1846 2092 sedes
1879 2043 2087 2105 aposto-

500 2128 630 2215 iica,
661 2145 765 2201 hoc
794 2142 962 2198 robur
981 2137 1244 2201 obtinuit;
1273 2131 1415 2204 quod
1447 2129 1719 2196 refutavit,
1753 2128 1950 2183 habere
1979 2141 2087 2182 non

501 2237 1003 2316 potuitlirmitatem
1031 2251 1045 2288 :
1073 2239 1128 2288 et
1161 2229 1274 2286 sola
1302 2223 1564 2282 rescindit
1593 2222 1735 2294 quod
1769 2230 1965 2293 praeter
2001 2235 2092 2274 or-

501 2313 683 2394 dinem
705 2327 1048 2401 congregatio
1077 2322 1336 2396 synodica
1367 2325 1652 2390 putaverat
1679 2313 2043 2385 usurpandum
2071 2328 2086 2368 :

498 2447 612 2488 non
645 2421 1032 2500 promulgatrix
1065 2419 1272 2475 iteratae
1323 2412 1629 2476 sententiae,
1681 2409 1775 2465 sed
1807 2424 1928 2462 cum
1960 2423 2089 2476 apo-

499 2499 690 2582 stolica
721 2519 849 2576 sede
875 2514 1075 2572 veteris
1104 2507 1433 2568 exsecutrix.
1468 2505 1580 2559 Hoc
1618 2513 1820 2566 tamen,
1852 2500 1990 2571 quod
2025 2499 2091 2554 de

500 2631 612 2673 uno
637 2613 937 2682 eodemque
966 2606 1185 2663 homine
1227 2603 1428 2657 dictum
1479 2605 1583 2663 est,
1633 2596 1747 2650 sive
1777 2595 1869 2649 tali
1921 2593 2092 2664 persi-

499 2720 681 2771 stente
723 2708 896 2780 qualis
928 2700 1250 2760 sententiam
1291 2701 1660 2765 competenter
1709 2690 1938 2759 accepit,
1977 2688 2092 2742 sive

497 2823 612 2864 non
636 2803 728 2860 tali
757 2799 972 2864 eﬁ‘ecto,
993 2795 1015 2826 ⁸
1037 2802 1092 2851 ει
1119 2793 1204 2848 illa
1233 2790 1524 2853 sententia,
1553 2799 1671 2854 qua:
1699 2799 1805 2837 non
1843 2781 1932 2836 tali
1983 2796 2090 2835 non

500 2901 641 2958 dicta
675 2905 758 2954 est
788 2891 1066 2953 absoluto,
1097 2895 1153 2942 et
1182 2885 1237 2939 in
1269 2894 1588 2952 unaquaque
1626 2877 1841 2932 civitate
1875 2875 2089 2945 legitur,

501 2990 752 3051 similiter
796 2998 918 3042 esse
960 2979 1256 3052 praeﬁxum,
1291 2985 1345 3030 et
1381 2970 1580 3044 populo
1620 2984 1683 3024 ac
1730 2975 1890 3038 gente
1934 2963 2092 3020 simul

502 3087 876 3157 depromptum
903 3076 1100 3148 potius,
1137 3085 1257 3140 quae
1281 3069 1334 3123 in
1369 3076 1482 3122 toto
1508 3064 1638 3120 orbe
1663 3063 1842 3133 portio
1875 3068 1978 3116 est.

573 3152 722 3232 idem
748 3171 892 3229 enim
916 3166 1146 3223 mundus
1164 3174 1266 3227 est,
1289 3160 1379 3231 qui
1403 3169 1455 3213 et
1483 3157 1756 3228 periturus
1784 3161 1866 3209 est
1891 3152 2086 3219 dictus,

2193 1950 2260 1991 ne
2282 1935 2396 1990 suis
2417 1931 2686 2004 operibus,
2721 1929 2914 2003 qnibus
2939 1932 3122 2000 utique
3150 1929 3512 1997 confidebant,
3535 1943 3602 1984 ne
3632 1942 3779 1982 suam

2188 2029 2448 2099 jusﬁtiam
2497 2035 2805 2090 sectantes,
2843 2023 3065 2092 justitiae
3112 2013 3202 2079 Dei
3251 2037 3356 2078 non
3406 2021 3635 2077 debeant
3666 2035 3782 2076 esse

2192 2121 2440 2192 subjecti,
2470 2122 2536 2177 de
2575 2120 2687 2174 suis
2727 2119 2928 2175 viribus
2967 2119 3319 2186 conﬁdentes,
3362 2131 3465 2172 non
3495 2115 3680 2170 divinae
3724 2129 3782 2170 se

2193 2213 2577 2272 misericordiae
2607 2206 3089 2284 illuminationique
3113 2211 3422 2267 subdentes.
3458 2209 3668 2266 Etvideo
3698 2209 3782 2263 in-

2193 2309 2405 2365 hibetur
2443 2309 2520 2364 eis
2548 2297 2793 2378 superba:
2823 2306 3254 2382 praesumptionis
3283 2301 3503 2360 eticctus
3525 2345 3540 2372 ,
3573 2318 3635 2356 ne
3668 2319 3784 2356 con—

2193 2415 2451 2460 vertantur
2479 2402 2589 2459 suis
2633 2401 3015 2457 intentionibus
3038 2441 3053 2467 ,
3095 2401 3206 2456 suis
3244 2399 3449 2455 nisibus
3475 2440 3490 2466 ,
3533 2408 3590 2452 ut
3629 2405 3784 2467 puta-

2194 2506 2344 2563 rant;
2376 2505 2422 2550 et
2445 2512 2618 2550 sanent
2641 2511 2749 2561 eos,
2775 2509 2841 2550 ne
2870 2508 3056 2549 eorum
3079 2489 3232 2562 quasi
3254 2491 3455 2546 meritis
3483 2505 3549 2544 ex
3573 2489 3785 2560 propria

2193 2591 2444 2647 facultate
2476 2589 2813 2645 venientibus
2843 2586 3102 2664 salvatrix
3135 2587 3304 2656 gratia
3334 2585 3589 2651 daretur,
3627 2592 3786 2653 atque

2194 2685 2264 2738 ita
2295 2682 2460 2754 gratia
2491 2683 2599 2752 jam
2634 2697 2741 2737 non
2772 2690 2915 2738 esset
2943 2681 3110 2752 gratia
3142 2720 3156 2746 ,
3203 2679 3250 2733 si
3299 2693 3402 2733 non
3453 2677 3619 2749 gratis
3667 2675 3788 2732 data

2193 2790 2337 2836 esset
2364 2781 2646 2835 immeritis
2669 2821 2684 2845 ,
2729 2769 2822 2834 sed
2854 2793 3061 2834 merces
3091 2788 3338 2847 tanquam
3371 2777 3575 2832 meritis
3626 2776 3784 2828 resti-

2195 2865 2326 2929 tuta.
2373 2862 2489 2928 Non
2532 2888 2660 2943 ergo
2691 2873 2790 2942 ipsi
2819 2880 3205 2939 convertantur,
3248 2878 3294 2922 ct
3324 2885 3500 2924 sanem
3537 2884 3621 2923 eos
3645 2884 3664 2922 :
3695 2865 3789 2923 sed

2192 2969 2361 3024 sanati
2397 2983 2491 3038 per
2519 2967 2780 3038 gratiam,
2823 2967 3051 3037 qualiter
3086 2965 3151 3020 ad
3200 2963 3547 3018 humilitatem
3591 2961 3790 3018 Christi

2193 3072 2572 3120 convertantur
2614 3071 2928 3132 agnoscant.
2962 3059 3036 3115 Ita
3070 3060 3122 3114 in
3153 3060 3415 3128 utrisque,
3451 3057 3552 3112 hoc
3599 3066 3702 3124 est,
3736 3066 3791 3111 et

2195 3157 2247 3211 in
2278 3171 2344 3213 eo
2379 3154 2812 3226 permanentibus
2840 3155 2891 3209 in
2921 3168 3025 3224 quo
3059 3152 3214 3207 talem
3246 3149 3560 3207 sententiam
3597 3163 3790 3219 perce-

507 3279 564 3328 et
594 3280 778 3325 sermo
809 3263 904 3320 Dei
937 3275 1045 3316 non
1075 3262 1254 3329 Ρθῑθεῐ
1278 3251 1552 3319 exemere.
1580 3257 1635 3305 ει
1660 3249 1711 3302 in
1743 3247 1858 3318 ίΡεο
1889 3243 2090 3300 “inﬁdo
2118 3220 2165 3286 θ
2203 3220 2421 3319 perunt,
2455 3257 2509 3304 et
2539 3249 2592 3302 in
2623 3247 2838 3303 salvatis
2868 3220 3068 3302 exinde
3097 3243 3360 3300 sententia
3391 3242 3654 3298 dominica
3688 3241 3796 3297 ﬁxa

502 3360 856 3420 nihilominus
901 3369 930 3410 a
979 3351 1160 3424 pravis
1202 3343 1590 3402 intentionibus
1637 3339 1923 3396 recedente
1981 3351 2088 3391 non

501 3457 788 3528 promitur.
813 3449 902 3505 Sic
925 3445 1101 3517 Tyrus
1121 3451 1176 3499 et
1196 3439 1218 3471 ι
1237 3439 1480 3509 Berytos,
1509 3444 1564 3492 et
1588 3434 1726 3490 Gaza
1743 3431 1877 3503 (Jer.
1898 3429 2086 3528 xnvn),

501 3523 558 3604 et
611 3546 876 3616 Egyptus
919 3535 1064 3608 (λεν.
1098 3530 1260 3604 κων)
1309 3529 1664 3602 pronuntiatre
1715 3534 1840 3581 sunt
1888 3523 2090 3594 peritu-

498 3655 595 3707 rae,
614 3614 747 3708 quas
770 3641 958 3704 postea
986 3643 1081 3700 per
1095 3623 1442 3694 Evangelium
1462 3615 1870 3687 novimus(Luc.
1893 3614 1947 3684 ι)
1970 3627 2117 3668 esse~

502 3731 756 3789 salvatas.
788 3725 1072 3780 Perierunt
1099 3722 1279 3786 itaque
1313 3713 1513 3782 duplici
1539 3709 1733 3764 modo:
1763 3717 1854 3762 aut
1883 3721 2089 3775 pcrmaa

503 3832 700 3884 nentes
729 3822 784 3877 in
807 3834 872 3876 eo
903 3832 1011 3889 quo
1033 3815 1195 3871 talem
1226 3809 1552 3868 sententiam
1579 3815 1966 3877 susceperunt;
2001 3812 2094 3858 aut

510 3919 825 3978 deﬁcientes
854 3913 921 3968 ab
959 3925 1026 3968 eo
1067 3924 1173 3980 quo
1204 3905 1338 3960 tales
1387 3903 1636 3968 fuerant,
1679 3911 1733 3956 et
1775 3899 2093 3968 incipientes

505 4025 627 4070 esse
663 4023 769 4079 quo
813 4019 921 4062 non
953 4003 1088 4058 tales
1114 4000 1364 4054 fuerant:
1397 3995 1593 4066 quibus
1631 4001 1713 4048 est
1754 3991 1843 4046 illa
1875 3990 2094 4059 praeﬁxa

507 4101 800 4168 sententia,
815 4108 874 4155 ut
899 4093 1299 4164 consequenter
1329 4089 1395 4146 ad
1423 4104 1529 4143 non
1559 4085 1693 4142 tales
1721 4101 1828 4140 non
1861 4083 2097 4154 pertine-

405 4224 408 4227 ·
504 4207 591 4256 ret
611 4197 697 4253 illa
731 4190 996 4251 sententia
1017 4202 1140 4258 qua).
1161 4199 1270 4240 non
1291 4183 1485 4238 talibus
1508 4182 1727 4252 praeﬁxa
1750 4192 1856 4234 non
1886 4175 2092 4232 fuerat:

503 4295 583 4350 sic
610 4291 772 4348 etiam
794 4287 862 4343 de
883 4293 1042 4355 gente
1071 4280 1378 4337 Judaeorum
1402 4291 1432 4330 a
1455 4275 1568 4330 Deo
1590 4275 1750 4329 etiam
1784 4287 1879 4342 per
1901 4270 2091 4326 Isaiam

507 4384 828 4457 prophetam
842 4374 1206 4448 peremptorie
1219 4370 1385 4426 veluti
1398 4367 1800 4437 pronuntiatum
1816 4372 1898 4418 est
1918 4381 1931 4417 :
1948 4363 2096 4417 Clau-

477 4540 482 4545 _
508 4455 753 4537 deocuius
774 4487 950 4529 eorum
983 4477 1029 4524 et
1056 4467 1076 4498 ⁸
1092 4466 1271 4522 obtura
1291 4477 1442 4515 aures
1463 4475 1640 4513 eorum
1687 4467 1732 4510 et
1753 4455 1978 4510 videntes
1992 4473 2093 4512 non

2198 3343 2512 3414 permansit,
2539 3351 2590 3397 et
2621 3350 2799 3395 tamen
2831 3339 2917 3394 illa
2941 3345 3253 3408 permanent
3279 3354 3294 3404 ;
3319 3337 3397 3392 sic
3425 3335 3502 3390 eis
3533 3335 3669 3389 miro
3700 3349 3790 3404 ge-

2199 3453 2328 3494 nere
2353 3438 2554 3492 sanitas
2577 3434 2875 3491 introducta
2897 3442 3000 3498 est,
3032 3441 3087 3487 ut
3115 3431 3204 3485 illa
3234 3431 3500 3486 sententia
3535 3443 3639 3482 non
3672 3444 3791 3482 mu-

2201 3542 2307 3588 tata
2335 3532 2604 3587 videretur
2635 3546 2649 3583 :
2683 3530 2778 3584 sed
2807 3528 2994 3583 eadem
3039 3517 3362 3596 perdurante
3388 3564 3404 3590 ,
3453 3523 3654 3578 sanitas
3685 3538 3790 3577 non

2201 3625 2409 3680 illorum
2455 3621 2806 3687 conﬁdentia,
2851 3621 2945 3674 sed
2988 3613 3168 3674 divino
3198 3631 3417 3672 munere
3459 3615 3789 3687 proveniret.

2197 3717 2350 3785 Quod
2375 3717 2419 3771 si
2448 3717 2561 3770 lure
2581 3707 2802 3770 tentare
2831 3700 3140 3778 formidant,
3169 3728 3268 3769 nec
3290 3711 3354 3766 ad
3383 3727 3492 3766 suae
3521 3707 3792 3781 pertinere

2198 3819 2523 3882 cognoscunt
2548 3807 2820 3865 modulum
2846 3809 3144 3878 pmestatis,
3168 3807 3249 3862 cui
3279 3817 3480 3861 tantum
3507 3805 3575 3861 de
3604 3806 3790 3860 huma-

2199 3907 2282 3962 nis
2312 3906 2474 3962 rebus
2497 3903 2740 3974 judicare
2768 3902 3086 3972 permissum
3110 3908 3210 3967 est,
3241 3914 3346 3956 non
3374 3899 3532 3954 etiam
3559 3913 3792 3966 prmesse

2198 3998 2414 4064 divinis,
2449 3996 2716 4068 quomodo
2747 3996 2815 4051 de
2845 3995 2929 4051 his
2958 4009 3052 4065 per
3091 4009 3224 4064 quos
3262 3993 3442 4048 divina
3476 3993 3790 4050 ministran-

2202 4101 2287 4148 tur
2310 4091 2550 4161 judicare
2581 4086 2951 4158 prtesumunt?
2985 4096 3008 4124 α
3039 4086 3258 4141 Fuerint
3297 4087 3411 4142 haec
3441 4094 3564 4141 ante
3592 4086 3791 4141 adven-

2199 4192 2314 4240 tum
2351 4181 2587 4249 Cbristi,
2620 4188 2676 4236 ut
2702 4179 2914 4250 quidam
2959 4179 3289 4249 ﬁguraliter,
3322 4178 3494 4234 adhuc
3524 4188 3700 4233 tamen
3737 4176 3792 4233 in
3830 4231 3848 4245 ,

2199 4275 2502 4337 carnalibus
2537 4273 2840 4329 actionibus
2869 4270 3140 4326 constituti
3184 4270 3382 4339 pariter
3412 4283 3565 4339 reges
3592 4267 3791 4330 existe-

2199 4378 2360 4436 rent,
2409 4377 2463 4424 ει
2495 4368 2692 4438 pariter
2733 4364 3058 4421 sacerdotes.
3112 4363 3263 4430 Quod
3302 4363 3360 4420 S.
3395 4361 3792 4419 Melchisedech

2202 4463 2363 4517 fuisse
2384 4474 2535 4516 sacra
2559 4458 2735 4529 prodit
2765 4457 2995 4513 Historia
3023 4455 3232 4525 (Gener.
3261 4455 3392 4513 xtvl.
3422 4453 3574 4520 Quod
3599 4454 3656 4510 in
3675 4439 3790 4509 suis

583 4629 611 4657 ι
646 4613 888 4672 insinuat
920 4607 1022 4661 hoc
1055 4604 1172 4657 loco
1199 4597 1440 4654 Gelasius
1470 4592 1740 4672 Christum
1774 4589 2098 4672 Redempto-
2123 4601 2180 4662 ι)
2203 4595 2359 4650 corda
2393 4594 2621 4672 submitti
2641 4601 2875 4672 ,_quanto
2905 4604 3068 4661 magis
3098 4587 3400 4672 scdiaith’us
3429 4587 3638 4672 praesnti
3666 4597 3790 4640 tona

508 4705 625 4748 rem
650 4663 921 4744 ﬁliarum,
950 4689 1132 4748 regem
1160 4663 1978 4748 atquepontiﬁcem‘secundum
2009 4680 2099 4748 or-

509 4739 1144 4818 din'em'hlclcbi'sedECh,
1186 4741 1456 4818 politicam
1503 4742 1816 4818 pOIestatein
1857 4748 2013 4818 quam
2045 4739 2096 4814 in

509 4803 980 4895 ié'r'rii'rébé'r'er’st,
995 4803 1300 4895 conservari
1317 4803 1582 4889 certisque
1602 4803 1857 4895 limitibus
1878 4804 2100 4895 cireum-

509 4877 951 4959 QEiiii'JJtitiése,
970 4877 1049 4944 ἠε
1074 4903 1134 4942 se
1161 4883 1320 4959 Iebus
1343 4879 1509 4935 sacris
1539 4877 1862 4959 immiscealj
1899 4888 2093 4959 §lalltm

507 4948 1088 5031 vero-ecclesiasticum
1106 4972 1144 5031 Aa
1172 4954 1395 5031 politi_ea_
1406 4956 1674 5031 potestate
1701 4949 1772 5031 ita
1797 4948 2095 5019 distinguit,

507 5017 1199 5102 ululante‘ti‘ecclesiasticre
1226 5017 1583 5102 jurisdietioni
1616 5020 1668 5101 in
1708 5017 1790 5102 his
1822 5035 1941 5102 quae
1967 5017 2096 5102 sun}

508 5091 576 5173 Si
604 5091 770 5169 Deum
801 5104 1066 5176 subjiciat.
1095 5091 1245 5154 Patet
1270 5111 1339 5151 ex
1368 5093 1593 5164 epiStola
1622 5091 1861 5176 ejusdem
1895 5091 2092 5176 cgjasii‘

507 5162 576 5244 ad
605 5162 966 5241 Xtiastasiu'm
1010 5162 1456 5244 imperatorem,“
1479 5177 1580 5244 qua
1622 5164 1714 5243 sic.
1740 5162 1838 5244 lait
1867 5179 1887 5244 ε.
1943 5162 2093 5217 Nam,

459 5291 464 5306 .-
507 5231 1220 5324 King-[ifi-clementissime,
1250 5236 1387 5324 quod
1420 5231 1534 5324 licet
1562 5231 2094 5324 prtesideagﬁumano

458 5302 463 5340 ί
507 5302 1008 5399 ᾗὲῖιὲτῖἱἭέῃηίιαιε,
1048 5302 1232 5399 rerum;
1249 5302 1412 5399 tamen
1456 5302 1761 5399 pr‘tesuAlibus
1804 5302 2094 5399 diuinarum

507 5373 872 5456 ﬂamma
895 5373 1173 5456 submittis.
1195 5382 1259 5435 Et
1282 5380 1434 5456 paulo
1457 5373 1684 5456 infra-de
1711 5376 1828 5442 ipso
1853 5375 2094 5456 Itomano

507 5445 899 5541 ῑιόῐιὶἰᾱξιέἰιέέο
931 5454 1204 5541 suum"
1280 5445 2097 5541 ibi!3?..eatzzfreafi'3:is:

506 5517 964 5596 cerdotibusiirecte
1008 5517 1180 5582 divina
1220 5520 1549 5577 tractantibus
1596 5517 1824 5575 ﬁdelium
1863 5519 2094 5572 οοηυεηξι

583 5653 598 5682 ³
627 5648 705 5704 Id.
735 5644 884 5710 cod.,
905 5659 1009 5696 non
1037 5655 1199 5712 posse.

525 5746 542 5752 —
576 5724 597 5754 ι
625 5719 700 5773 ld.
730 5716 878 5783 cod.,
911 5721 983 5766 est
1015 5710 1060 5785 et
1089 5710 1272 5785 dum...
1423 5775 1433 5785 ν

581 5793 602 5822 ’⁵
631 5790 709 5844 ld.
739 5781 886 5853 cod.',
906 5794 980 5853 est
1003 5783 1064 5834 ab
1099 5781 1190 5834 illa
1221 5781 1485 5833 sententia.

620 5859 697 5917 Id.
728 5856 846 5914 cod.
859 5852 878 5924 ,
898 5852 1140 5923 Beryton.

2199 4683 2378 4722 sensus
2422 4675 2493 4720 est
2533 4659 2874 4724 adhibendus,
2914 4659 3063 4732 quem
3100 4661 3294 4714 cunctis
3344 4659 3787 4732 sacerdotibust

2199 4739 2441 4793 divinitas
2476 4753 2680 4792 summa
2719 4736 2873 4789 voluit
2915 4728 3240 4802 prtrminere,
3283 4739 3330 4784 et
3355 4728 3655 4797 subsequens
3690 4728 3788 4783 Ec.

2198 4811 2366 4864 etesia:
2393 4809 2640 4880 generatis
2671 4807 2828 4880 pietas
2872 4775 3182 4880 celebravit?
3225 4775 3466 4880 Viderint
3504 4775 3637 4880 Ergo
3676 4816 3790 4880 _no_-'

2198 4869 2569 4938 vantesitosui
2595 4869 2850 4946 temporis
2872 4875 3130 4938 haeretici,
3155 4885 3257 4944 qua
3285 4873 3490 4946 ratione
3511 4869 3786 4946 Gelasium

2199 4953 2506 5024 pontiﬁcem
2550 4951 2617 5004 de
2645 4941 3026 5018 quadripartita
3066 4941 3327 5024 bonorum
3369 4943 3623 5024 Ecclesiae
3648 4941 3787 5024 ditia

2198 5014 2349 5094 sione
2375 5014 2693 5094 scribentem
2714 5061 2730 5086 ,
2765 5014 2885 5094 una
2907 5032 2970 5073 ac
3012 5015 3376 5094 possessiones
3398 5014 3642 5094 ejusdem
3678 5015 3784 5069 Ec-

2198 5087 2373 5151 CieSiLC
2423 5091 2797 5148 defendentem
2825 5131 2841 5156 ,
2873 5087 3058 5144 harum
3099 5095 3277 5143 rerum
3309 5087 3632 5140 turbatorem
3663 5099 3787 5156 esse

2200 5147 2479 5220 tueantur.
2502 5163 2634 5217 [stas
2679 5147 2952 5225 actiones,
2982 5160 3047 5215 de
3091 5160 3282 5230 quibus
3322 5156 3674 5230 Apostolus,"
3717 5147 3786 5210 at!

2199 5236 2391 5291 Timet.
2426 5249 2463 5289 rt
2491 5251 2507 5289 :
2542 5233 2706 5287 Nemo
2732 5233 2959 5286 militum
2986 5232 3091 5286 Deo
3109 5228 3340 5299 implicat
3364 5245 3418 5282 se
3442 5228 3653 5300 negotiis
3683 5239 3787 5279 rae“

2198 5306 2497 5374 caloribus,
2547 5304 2913 5360 sacerdotibus
2961 5302 3303 5374 interdixisse
3352 5315 3455 5355 non
3504 5311 3784 5368 negamus.

2200 5377 2330 5446 Quae
2362 5371 2490 5434 vero
2516 5379 2622 5431 sint
2651 5377 2752 5446 ista
2770 5417 2783 5440 ,
2813 5374 3039 5432 diversis
3072 5371 3367 5429 canonibus
3395 5384 3556 5440 super
3580 5375 3668 5426 est
3690 5382 3784 5426 ex-

2201 5443 2475 5512 pliCatum.
2502 5449 2630 5504 sm.
2659 5443 2857 5502 Brutus.

2274 5635 2294 5665 ⁵
2330 5634 2406 5688 Id.
2441 5632 2583 5698 θοῷ,
2618 5633 2848 5688 Obdura.
3393 5689 3398 5694 ,

2273 5704 2294 5735 ι
2333 5687 2407 5760 Id.
2441 5687 2586 5770 cui;
2613 5687 2874 5771 apestotos‘
2900 5687 3186 5756 Ecclesium
3212 5689 3540 5771 primitivum.

2273 5777 2291 5807 ⁷
2330 5776 2407 5831 ω.
2435 5777 2580 5844 cod.,
2606 5774 2673 5829 Et
2695 5783 2788 5827 tot.
