4104 6356
323 364 421 421 N9

316 493 527 551 quoque
547 480 784 539 diabolus
821 486 1052 544 imitatus
1074 500 1173 558 est,
1203 500 1259 546 ut
1282 504 1402 564 pote
1430 499 1515 566 qui
1540 513 1749 569 semper

314 570 497 628 divino
542 575 709 631 cultui
755 581 1101 638 convenirent
1146 585 1361 643 sibimet
1400 594 1681 660 tyrannico
1714 596 1902 664 Spiritu

314 664 586 724 vindicare
613 671 915 740 contendit,
948 684 1007 729 ut
1048 678 1234 748 pagani
1275 679 1623 751 imperatores
1654 684 1813 741 iidem
1851 697 1905 743 et

314 759 531 817 maximi
583 764 861 833 pontifices
904 767 1234 829 dicerentur.
1289 774 1394 830 Sed
1440 792 1560 833 cum
1605 779 1671 834 ad
1712 796 1902 836 verum

315 862 528 908 ventum
558 862 640 910 est
666 858 911 915 eumdem
950 876 1131 933 regem
1172 868 1333 936 atque
1366 870 1679 937 pontificem
1706 914 1723 941 ,
1763 876 1899 930 ultra

315 940 415 996 sibi
445 956 543 998 nec
574 943 867 1015 imperator
904 952 1170 1020 pontificis
1213 971 1408 1016 nomen
1456 940 1713 1031 imposuit
1736 1006 1751 1031 ,
1800 981 1898 1023 nec

316 1032 548 1101 pontifex
592 1037 772 1108 regale
809 1038 1074 1113 fastigium
1107 1047 1413 1105 vindicavit.
1469 1054 1725 1119 Quamvis
1756 1059 1898 1113 cnim

315 1124 551 1182 membra
589 1128 785 1199 ipsius,
832 1132 884 1187 id
914 1144 995 1189 est
1018 1176 1034 1203 ,
1072 1141 1183 1194 veri
1228 1141 1369 1211 regis
1407 1152 1567 1214 atque
1598 1148 1894 1220 pontificis,

313 1218 605 1273 secundum
646 1221 1102 1295 participationem
1132 1238 1336 1287 natura:
1377 1236 1657 1304 magnifice
1694 1218 1900 1296 utrum-

314 1324 415 1378 que
459 1310 512 1367 in
555 1326 707 1369 sacra
749 1319 1111 1387 generositate
1156 1326 1450 1396 sumpsisse
1498 1328 1743 1388 dicantur
1774 1372 1792 1400 ,
1840 1343 1899 1391 ut

314 1401 469 1460 simul
498 1408 674 1477 regale
700 1425 866 1479 genus
896 1421 946 1469 et
980 1416 1314 1474 sacerdotale
1343 1420 1638 1479 subsistant
1668 1444 1680 1478 :
1714 1426 1731 1457 ⁸
1761 1435 1897 1482 atta-

303 1512 437 1561 men
466 1496 710 1556 Christus
742 1518 945 1559 memor
974 1505 1270 1577 fragilitatis
1300 1511 1563 1582 humanae,
1597 1518 1737 1588 quod
1768 1533 1893 1575 suo-

314 1602 429 1644 rum
453 1591 611 1647 saluti
645 1604 963 1665 congrueret
987 1597 1383 1671 dispensatione
1422 1609 1698 1680 magnifica
1720 1613 1739 1642 ¹
1764 1621 1893 1668 tem-

316 1696 541 1751 perans,
581 1684 660 1741 sic
688 1688 983 1745 actionibus
1024 1695 1255 1763 propriis
1291 1696 1744 1773 dignitatibusque
1783 1706 1894 1762 dis-

316 1775 493 1831 tinctis
538 1774 716 1833 oftlcia
764 1783 1042 1849 potestatis
1093 1786 1369 1857 utriusque
1424 1790 1715 1863 discrevit,
1769 1812 1895 1852 suos

317 1868 503 1923 volens
545 1870 846 1926 medicinali
891 1875 1191 1933 humilitate
1232 1881 1467 1948 salvari,
1516 1898 1620 1939 non
1665 1885 1897 1944 humana
1928 1880 1977 1941 Β

319 1958 567 2029 superbia
598 1976 785 2018 rursus
809 1962 1089 2035 intercipi;
1136 1979 1191 2023 ut
1220 1978 1273 2024 et
1298 1970 1586 2030 Christiani
1614 1974 1903 2047 imperato-

318 2064 402 2108 res
432 2068 529 2123 pro
554 2064 752 2110 aeterna
783 2058 887 2112 vita
916 2060 1252 2127 pontiﬁcibus
1283 2062 1611 2133 indigerent,
1643 2077 1697 2123 et
1725 2072 1897 2139 ponti-

316 2144 443 2200 fices
494 2161 592 2217 pro
643 2150 1037 2223 temporalium,
1075 2168 1233 2207 cursu
1294 2170 1471 2211 rerum
1535 2158 1898 2229 imperialibus

317 2235 749 2304 dispositionibus
785 2252 1086 2310 uterentur,
1121 2257 1385 2316 quatenus
1413 2252 1670 2321 spiritalis
1698 2259 1839 2313 actio
1864 2275 1895 2315 a

316 2330 614 2387 carnalibus
644 2332 862 2391 distaret
903 2335 1203 2394 incursibus
1236 2358 1249 2395 :
1282 2349 1336 2396 et
1361 2342 1480 2399 ideo
1506 2347 1732 2403 militans
1765 2350 1893 2420 Deo,

316 2424 518 2478 minime
564 2442 618 2479 se
663 2429 872 2501 negotiis
924 2432 1248 2489 sa’cularibus
1298 2437 1579 2507 implicaret
1628 2442 1728 2517 (II
1762 2446 1893 2503 Tim.

316 2516 427 2585 II);
483 2531 546 2572 ac
593 2518 827 2575 vicissim
881 2537 985 2578 non
1028 2525 1117 2581 ille
1152 2527 1313 2584 rebus
1366 2531 1561 2591 divinis
1612 2516 1897 2606 praesidere

316 2605 606 2675 videretur,
644 2612 732 2680 qui
761 2622 905 2669 esset
931 2619 1157 2686 negotiis
1198 2620 1544 2680 sarcularibus
1573 2627 1894 2701 implicatus,

316 2713 372 2757 ut
399 2713 451 2759 et
479 2704 735 2761 modestia
766 2709 1040 2780 utriusque
1070 2712 1270 2771 Ordinis
1301 2729 1599 2789 curaretur,
1635 2739 1701 2779 ne
1726 2723 1897 2781 extol-

316 2794 517 2851 leretur
544 2807 768 2870 utmquc
820 2800 1062 2858 suffultus
1089 2846 1103 2870 ,
1134 2814 1189 2861 et
1215 2818 1526 2879 competens
1555 2813 1895 2882 qualitatibus

314 2889 580 2946 actionum
603 2893 905 2963 specialiter
930 2897 1192 2967 professio
1221 2910 1514 2972 aptaretur.
1548 2905 1750 2973 Quibus
1776 2925 1894 2966 om-

314 2984 471 3040 nibus
522 2986 623 3042 rite
678 2988 958 3058 collectis,
1005 2992 1137 3049 satis
1192 2997 1466 3056 evidenter
1520 3005 1817 3061 ostenditur
1865 3024 1895 3064 a

314 3077 555 3133 saeculari
585 3090 845 3149 potestate
889 3100 987 3140 nec
1022 3086 1171 3157 ligari
1202 3104 1425 3158 prorsus
1452 3109 1549 3149 nec
1578 3096 1709 3151 solii
1742 3114 1898 3169 posse

315 3172 773 3241 pontificem..Quo
795 3177 1120 3251 manifestius
1140 3184 1461 3253 approbatur
1483 3189 1897 3249 Alexandrinum

316 3263 535 3320 Petrum
564 3281 656 3335 per
682 3265 1004 3337 imperialem
1028 3278 1387 3332 tantummodo
1416 3285 1730 3340 sententiam
1756 3288 1899 3343 nullo
1924 3262 1970 3325 θ’

313 3355 477 3412 modo
505 3359 739 3426 potuisse
760 3376 977 3429 prorsus
1001 3363 1228 3433 absolvi;
1260 3368 1346 3423 ubi
1373 3369 1419 3424 si
1446 3373 1748 3440 pontificum
1773 3393 1903 3448 quo-

313 3464 419 3519 que
436 3449 668 3505 sociatur
680 3466 950 3519 assensus,
968 3456 1251 3525 quaerimus
1279 3471 1451 3519 utrum
1469 3452 1820 3536 praecesserit,
1835 3486 1902 3529 an

313 3542 475 3597 fuerit
496 3542 827 3599 subsecutus.
862 3544 917 3602 Si
941 3548 1254 3607 subsecutus
1280 3565 1382 3622 est,
1415 3556 1437 3588 ³
1464 3558 1809 3618 nihilominus
1832 3564 1897 3621 ad

314 3633 369 3689 id
400 3636 627 3704 reditur,
662 3647 718 3692 ut
745 3637 1009 3696 absolutio
1050 3645 1289 3701 saeculari
1330 3658 1593 3717 potestate
1636 3648 1899 3728 praesepta

313 3736 371 3785 et
400 3728 757 3799 principaliter
796 3732 1036 3789 inchoata
1081 3736 1260 3794 valere
1289 3756 1393 3796 non
1438 3744 1642 3813 possit,
1683 3753 1897 3819 pontifi-

314 3838 541 3894 cumque
580 3832 791 3881 secutus
832 3841 1084 3884 assensus
1128 3830 1449 3891 adulationis
1502 3841 1678 3908 potius
1713 3844 1892 3914 fuerit,

314 3930 473 3985 quam
502 3916 748 3987 legitimae
777 3921 1086 3976 sanctionis.
1136 3923 1192 3979 Si
1241 3931 1550 3998 praecessit,
1584 3933 1836 3994 doceatur
1863 3954 1893 3997 a

316 4006 509 4076 quibus
548 4017 600 4062 et
631 4008 717 4063 ubi
750 4009 838 4065 ille
874 4012 942 4066 sit
978 4024 1188 4083 gestus,
1224 4018 1269 4073 si
1307 4023 1598 4079 secundum
1640 4026 1893 4088 Ecclesia:

313 4097 548 4167 regulam
579 4100 908 4168 celebratus,
949 4105 992 4158 si
1035 4117 1251 4173 paterna
1291 4112 1574 4170 traditione
1606 4119 1890 4189 profectus,

314 4188 361 4245 si
392 4190 650 4260 majorum
684 4208 831 4247 more
859 4195 1091 4263 prolatus
1116 4239 1131 4264 ,
1180 4199 1223 4253 si
1270 4209 1592 4273 competenti
1624 4212 1894 4266 examina-

315 4280 460 4336 tione
480 4281 844 4354 depromptus.
879 4284 976 4341 Ubi
999 4289 1183 4357 procul
1213 4290 1373 4348 dubio
1407 4298 1779 4365 requirendum
1811 4313 1893 4361 est

312 4373 355 4427 si
380 4373 625 4451 synodali
657 4378 1065 4447 congregatione
1113 4381 1412 4441 celebratus
1438 4430 1449 4453 ,
1482 4390 1620 4458 quod
1652 4392 1703 4448 in
1737 4409 1887 4452 rece-

311 4447 496 4533 ptione
526 4463 803 4535 damnati,
827 4480 880 4525 et
917 4470 1225 4541 depulsione
1255 4478 1524 4548 catholici,
1554 4486 1675 4554 quia
1707 4484 1729 4517 ⁸
1754 4502 1888 4544 nova

310 4566 396 4610 Csl
422 4570 581 4613 causa
601 4600 615 4625 ,
646 4557 761 4614 fieri
788 4559 1036 4617 debuisse
1062 4566 1418 4625 certissimum
1448 4583 1567 4640 est;
1609 4577 1651 4629 si
1678 4576 1743 4631 ad
1774 4580 1886 4647 pri-

310 4659 453 4701 mam
482 4647 664 4733 sedem
689 4692 702 4717 ,
735 4651 887 4724 cujus
933 4652 1187 4712 intererat
1225 4662 1500 4719 sententia:
1527 4705 1541 4732 ,
1573 4681 1672 4735 qua
1703 4668 1890 4727 Petrus

312 4738 595 4794 tenebatur
621 4718 903 4799 obstrictus
924 4786 938 4810 ,
979 4748 1270 4803 secundum
1299 4750 1549 4809 Ecclesiae
1576 4760 1782 4827 regulas
1810 4770 1892 4817 cst

312 4828 536 4886 relatum
568 4845 584 4897 ;
614 4832 657 4886 si
683 4832 867 4890 eadem
894 4850 1011 4906 quae
1038 4836 1218 4909 ligavit
1247 4840 1473 4899 absolvit
1500 4862 1516 4911 ;
1545 4847 1589 4901 si
1621 4847 1708 4902 illa
1732 4849 1750 4881 ³⁵
1773 4866 1891 4921 quae

312 4920 568 4992 ligaverat
604 4938 710 4981 non
741 4928 1075 4995 resolvente,
1108 4932 1215 4988 imo
1252 4937 1411 4991 etiam
1456 4932 1771 5006 nesciente,
1793 4920 1889 5012 po-

312 5014 501 5071 tuisset
544 5015 785 5074 dissolvi.
832 5018 889 5075 Si
936 5021 1050 5077 haec
1090 5034 1232 5094 gesta
1261 5042 1367 5083 non
1402 5038 1543 5099 sunt,
1583 5048 1689 5103 quo
1720 5049 1889 5105 more,

311 5127 418 5182 quo
451 5114 554 5169 ritu
584 5112 975 5172 Alexandrinus
1005 5115 1192 5174 Petrus
1216 5124 1562 5191 praetenditur
1591 5127 1884 5203 absolutus,

309 5216 434 5259 cum
462 5219 564 5262 nec
591 5220 620 5261 a
649 5206 984 5277 pontificibus
1011 5208 1241 5279 legitime
1268 5222 1323 5268 et
1350 5216 1721 5277 ecclesiasticis
1752 5222 1882 5296 legi-

309 5294 413 5351 bus
436 5292 596 5355 fberit
622 5298 896 5370 expeditus
915 5342 929 5367 ,
961 5313 1060 5358 nec
1086 5317 1115 5357 a
1141 5304 1384 5361 saeculari
1411 5319 1672 5377 potestate
1700 5292 1887 5385 potue-

385 5496 401 5528 ¹
442 5497 518 5552 id.
548 5496 693 5565 cod.,
720 5500 960 5571 quoniam

376 5563 402 5599 ³
442 5568 519 5623 ld.
548 5569 693 5629 cod.,
726 5576 1012 5629 temperavit

378 5591 402 5599 '
442 5591 519 5623 lu.
548 5591 693 5636 (20".,
726 5591 1030 5644 temperavit.

378 5638 404 5669 ³
436 5636 511 5693 ω.
531 5642 779 5730 cod.,.“
803 5644 1092 5703 subsecutus
1122 5657 1221 5712 est,
1250 5658 1296 5704 et
1324 5649 1577 5721 imperiali
1608 5660 1876 5730 sententia,

307 5728 338 5769 ι
362 5726 465 5811 qua
489 5711 842 5796 nihilominus:

441 5776 514 5835 Id.
543 5783 692 5840 cod..
718 5796 910 5840 naviter

365 5846 403 5883 ·³
983 5858 1222 5930 ligaverat
1255 5864 1548 5945 raso/vente.

1551 382 1893 439 FPISTOIAE
1934 386 2016 441 ET
2061 386 2395 454 DECRETA.

3486 394 3585 484 fit)

1783 518 1898 572 quae
1932 506 1980 565 Α
2010 508 2078 563 rit
2106 522 2298 578 praeter
2325 515 2578 574 Ecclesiae
2622 524 2883 583 tramitem
2925 543 3137 599 prorsus
3177 535 3377 597 absolvi
3409 541 3431 597 t
3477 546 3580 601 Sed

2007 598 2215 655 dicatur
2246 603 2462 661 forsitan
2499 627 2509 661 :
2542 611 2653 668 Non
2686 598 2971 691 imperatur
2996 624 3238 694 absolvit,
3266 631 3358 687 sed
3388 647 3416 688 a
3449 651 3583 705 pon-

2007 688 2232 750 tificibus
2270 702 2513 767 poposcit
2546 688 2772 763 absolvi.
2814 688 2984 770 Tanto
3016 719 3181 788 magis
3214 688 3578 792 poscentirim-

2002 790 2235 855 peratori
2266 806 2296 844 a
2324 795 2660 861 pontificibus
2684 801 2848 859 fuerat
2869 790 3276 888 suggerendum,
3300 830 3356 875 ut
3384 823 3426 878 si
3456 838 3579 883 eum

1996 872 2237 949 iegitime
2279 886 2443 943 vellet
2478 889 2719 961 absolvi,
2752 872 2980 966 legitima
3009 872 3354 969 ecclesiastici
3384 918 3581 975 tenoris

2002 970 2265 1027 absolutio
2315 981 2657 1052 proveniret,
2699 996 2753 1041 et
2797 988 2909 1045 haec
2948 998 3127 1069 omnia
3170 1017 3288 1072 qua:
3334 1012 3580 1078 superius

2002 1064 2141 1121 dicta
2184 1079 2310 1125 sunt
2348 1076 2640 1133 secundum
2684 1079 2939 1144 Ecclesite
2985 1064 3249 1151 tramitem
3297 1064 3579 1162 servaren-

2002 1166 2089 1213 tur
2119 1176 2133 1213 :
2161 1166 2426 1235 praecipue
2466 1184 2586 1226 cum
2618 1171 2684 1229 de
2723 1176 2970 1237 secunda
2998 1184 3141 1240 sedis
3164 1177 3414 1257 ageretur
3443 1198 3577 1250 anti~

1999 1250 2145 1317 stite,
2172 1268 2271 1309 nec
2295 1257 2361 1312 ab
2388 1258 2641 1321 inferiore
2661 1270 2913 1340 qualibet,
2936 1274 3031 1330 sed
3057 1292 3088 1333 a
3115 1250 3285 1347 prima
3307 1284 3436 1342 sede
3461 1285 3578 1354 jure

1999 1344 2169 1411 possit
2213 1348 2439 1409 absolvi.
2486 1354 2709 1416 Inferior
2751 1363 2947 1435 quippe
2995 1344 3254 1438 potiorem
3298 1344 3576 1436 absolvero

1998 1449 2102 1491 non
2128 1450 2300 1508 potest
2332 1461 2345 1497 :
2376 1447 2488 1502 sola
2519 1464 2646 1521 ergo
2669 1456 2843 1523 potior
2869 1458 3173 1520 inferiorem
3199 1470 3576 1529 convenienter

1998 1527 2247 1585 absolvit.
2280 1534 2508 1595 Proinde
2535 1541 2802 1605 inferioris
2830 1549 2931 1607 ioci
2958 1557 3255 1626 pontifices,
3287 1562 3378 1631 qui
3406 1565 3549 1619 nulla

1999 1630 2153 1677 tenus
2198 1642 2258 1682 se
2306 1644 2566 1690 noverant
2614 1641 2875 1708 potiorem
2923 1648 3024 1704 sibi
3068 1653 3185 1709 sine
3238 1630 3405 1724 prima
3449 1660 3576 1718 sede

1997 1732 2155 1787 posse
2183 1726 2469 1797 resolvere,
2504 1736 2768 1805 praecipue
2798 1756 2952 1810 quem
2982 1746 3100 1813 ejus
3126 1752 3385 1819 sententia
3416 1770 3574 1813 nove-

2000 1826 2119 1870 rant
2139 1819 2450 1891 obligatum,
2475 1831 2895 1892 przevaricatoria
2918 1837 3252 1900 absolutione
3276 1848 3449 1914 potius
3469 1868 3573 1908 non

2004 1903 2150 1960 illum
2184 1913 2394 1978 penitus
2423 1930 2706 1988 exuerunt,
2729 1924 2823 1979 sed
2853 1940 2911 1981 se
2934 1903 3368 1997 praevaricatione
3400 1941 3574 2007 potius

2005 2012 2321 2058 nexuerant.
2374 2006 2447 2061 Ita
2477 2008 2619 2065 Petri
2650 2014 2912 2075 absolutio
2947 2037 3011 2077 ex
3060 2033 3284 2098 utroque
3321 2006 3425 2085 non
3451 2049 3548 2089 con

1999 2096 2144 2157 stat,
2191 2094 2311 2161 quia
2354 2112 2453 2154 nec
2498 2106 2927 2170 prmvaricatoria
2957 2094 3291 2177 absolutione
3319 2124 3395 2178 rei
3425 2141 3573 2184 reum

1998 2180 2277 2241 absolvere
2309 2198 2609 2259 potuerunt,
2638 2208 2691 2252 et
2716 2199 2948 2271 depulsis
2978 2210 3210 2282 undique
3238 2180 3575 2283 pontificibus

1997 2276 2295 2347 catholicis,
2324 2280 2696 2357 baereticisque
2721 2299 3027 2367 suppositis,
3059 2276 3139 2358 vel
3172 2276 3254 2360 his
3284 2311 3373 2379 qui
3406 2311 3574 2369 luere.

1999 2369 2222 2425 ticornm
2253 2382 2567 2437 tenebantur
2586 2391 2959 2447 communione
2986 2395 3187 2467 polluti,
3220 2402 3380 2457 etiam
3405 2419 3575 2462 sacras

1998 2463 2273 2533 religionis
2298 2469 2659 2533 insinceritate
2689 2468 2875 2548 polluti
2895 2523 2912 2549 ,
2947 2463 3256 2559 participem
3283 2509 3435 2551 suum
3469 2508 3573 2557 tam

1999 2554 2277 2614 absolvero
2298 2563 2670 2635 nequiverunt,
2693 2584 2850 2639 quam
2874 2554 2969 2644 ipsi
3001 2566 3105 2633 non
3131 2554 3283 2637 erant
3308 2587 3534 2645 absoluti
3558 2608 3574 2655 ;

1998 2659 2061 2700 ac
2090 2648 2310 2714 proinde
2343 2661 2445 2708 tam
2486 2658 2862 2718 ecclesiasticae
2891 2670 3090 2737 regula:
3117 2678 3575 2750 praevaricatores,

1998 2751 2155 2805 quam
2196 2754 2550 2802 sacrosancta:
2588 2756 2979 2811 communionis
3011 2760 3365 2832 integritatem
3396 2785 3562 2827 macu

1997 2827 2170 2884 iantes
2206 2836 2476 2897 consortio
2506 2839 2863 2911 perfidorum,
2904 2850 3043 2915 quod
3080 2827 3148 2907 de
3188 2869 3279 2911 reo
3302 2859 3571 2917 simillimi.

1999 2936 2287 2993 potuerunt
2316 2927 2456 2985 ferre
2486 2932 2777 3000 judicium?
2816 2919 2888 2994 De
2914 2943 3191 3001 catholicis
3220 2950 3363 3005 enim
3393 2957 3570 3021 ponti-

2000 3013 2183 3070 ficibus
2213 3034 2306 3085 pcr
2330 3028 2500 3076 totum
2530 3024 2800 3083 Orientem
2845 3040 2937 3086 aut
2980 3038 3283 3109 quicunque
3319 3013 3570 3112 perstitit,

2000 3118 2081 3165 est
2104 3108 2307 3185 ejectus
2338 3130 2353 3170 :
2382 3125 2472 3170 aut
2500 3117 2589 3173 ille
2619 3111 2831 3191 restitit,
2862 3127 2953 3195 qui
2980 3108 3251 3188 consensu
3278 3108 3445 3192 errori
3474 3181 3487 3206 ,
3516 3108 3571 3196 et

2000 3214 2059 3254 se
2088 3202 2155 3254 ab
2182 3206 2472 3261 errantium
2495 3213 2741 3281 contagio
2762 3229 2867 3270 non
2895 3224 3133 3277 retraxit.

2070 3293 2219 3361 Quod
2246 3296 2405 3367 igitur
2426 3315 2608 3359 eorum
2631 3309 2799 3374 potuit
2825 3312 2893 3365 de
2916 3315 3224 3389 cujusquam
3250 3338 3430 3382 errore
3450 3341 3570 3384 esse

1996 3382 2276 3452 judicium,
2299 3391 2388 3459 qui
2419 3408 2676 3464 nusquam
2709 3415 2814 3455 non
2842 3417 3051 3463 errasse
3080 3424 3465 3483 monstrantur,
3493 3429 3567 3483 et,

2003 3474 2372 3533 haereticorum
2397 3483 2551 3539 simul
2580 3488 3065 3565 catholicorumque
3091 3505 3424 3561 confessione
3452 3522 3569 3575 pcr-

2000 3568 2197 3638 mixta,
2228 3572 2249 3602 ⁸
2274 3583 2493 3630 cunctas
2529 3579 2798 3650 religionis
2838 3599 2979 3641 verte
3014 3598 3068 3644 et
3106 3592 3329 3649 sincerae
3367 3599 3385 3627 ⁷
3416 3600 3569 3654 sedes

1998 3660 2271 3732 turbasse,
2316 3664 2738 3742 catholicamque
2773 3678 3224 3753 apostolicamque
3266 3686 3569 3745 confudisso

1995 3758 2319 3826 puritatem?
2362 3761 2501 3820 Ecce
2527 3767 2616 3836 qui
2645 3782 2793 3824 reum
2824 3773 3105 3832 absolvere
3132 3787 3446 3849 potuerunt,
3480 3788 3566 3853 qui

1993 3854 2069 3909 rei
2113 3871 2218 3923 prta
2247 3859 2494 3915 omnibus
2528 3861 2854 3921 docebantur
2894 3868 3086 3926 effecti.
3132 3872 3271 3931 Ecce
3296 3891 3416 3931 cum
3448 3880 3567 3947 qui-

1992 3948 2092 4002 bus
2127 3950 2194 4005 dc
2232 3952 2558 4011 absolvendo
2597 3972 2691 4012 reo
2728 3961 2964 4030 synodus
3007 3964 3177 4021 fuerat
3211 3968 3459 4025 ineunda.
3511 3975 3566 4028 Si

1994 4039 2125 4094 fides
2152 4051 2205 4097 et
2233 4047 2540 4101 communio
2575 4052 2832 4106 catholica
2871 4056 3226 4123 retinebatur,
3265 4076 3360 4114 cur
3386 4063 3566 4116 catho-

1993 4131 2080 4186 lici
2111 4134 2445 4201 pellebantur
2485 4141 2749 4194 antistites
2775 4142 2800 4193 't
2840 4143 2899 4197 Si
2944 4146 3190 4200 catholici
3234 4150 3567 4214 pellebantur

1994 4224 2281 4290 antistites,
2310 4228 2575 4296 quomodo
2598 4245 2703 4285 non
2730 4235 3096 4290 tantummodo
3118 4236 3354 4294 haeretici
3383 4254 3566 4296 serva-

1992 4314 2221 4370 bantur?
2246 4318 2268 4350 ⁸

2490 4390 2822 4451 GELASIUS
2862 4396 2943 4451 PA
2953 4396 3038 4453 PA
3076 4399 3099 4454 ι

1992 4498 2256 4540 Αυνεκευς
2279 4500 2661 4543 ANDROIMCIIUM
2682 4505 2987 4546 SENATOREM
3018 4509 3367 4559 CBTEBHSQUF.
3400 4515 3565 4554 κοιμ-

2062 4570 2154 4609 NOS
2182 4572 2268 4619 QUI
2305 4573 2625 4615 LUPERCLLIA
2655 4575 2927 4618 SECUNDUM
2961 4579 3139 4620 ΙΙΟΒΕΜ
3171 4582 3443 4625 Ριηδτιμυιι
3475 4587 3565 4626 εο-

1916 4636 1970 4697 p
2064 4640 2230 4681 LENDA
2264 4643 2717 4685 CONSTITUILBANT.

1997 4714 2220 4774 Damnat
2251 4717 2609 4795 Lypercalium
2636 4728 3033 4795 superstitiosam
3062 4729 3443 4788 celebrationem
3474 4751 3492 4791 :
3519 4750 3566 4792 et

2067 4806 2166 4869 [an
2193 4807 2258 4845 ea:
2284 4791 2639 4869 Lupercaliwn
2668 4791 3069 4869 intermissione,
3096 4803 3185 4856 sed
3209 4818 3271 4859 ea;
3300 4791 3566 4864 sceleribus

2067 4861 2247 4917 Rom
2277 4864 2415 4917 mala
2438 4868 2705 4936 contigisse
2733 4870 2928 4937 probat.

2064 4952 2264 5009 Sedeat
2298 4955 2514 5023 quidam
2546 4956 2597 5010 iu
2628 4957 2871 5014 domibus
2898 4960 3011 5016 suis
3052 4964 3356 5023 nescientes
3396 4984 3567 5039 neque

1996 5059 2114 5114 qum
2142 5046 2426 5116 loquantur
2448 5088 2464 5115 ,
2503 5062 2674 5119 neque
2701 5050 2769 5106 de
2801 5052 2992 5121 quibus
3016 5054 3287 5112 afﬁrmant
3306 5098 3322 5123 ,
3359 5059 3427 5115 de
3453 5062 3567 5116 aliis

1993 5137 2232 5207 judicare
2261 5139 2511 5204 nitentes.
2533 5154 2656 5195 cum
2686 5155 2749 5196 se
2777 5142 2878 5212 ipsi
2903 5158 3008 5199 non
3033 5144 3293 5215 judicent,
3322 5158 3379 5203 et
3407 5149 3568 5204 velint

1995 5231 2141 5299 prius
2166 5244 2419 5287 accusare
2444 5246 2604 5301 quam
2632 5246 2808 5298 nosse,
2840 5248 2904 5289 ac
2929 5235 3125 5292 docere
3147 5252 3305 5306 quam
3337 5238 3564 5305 discere,

1993 5333 2048 5380 et
2074 5324 2386 5382 indiscussis
2414 5325 2611 5395 rebus,
2645 5341 2745 5383 nec
2766 5326 3097 5398 investigatis
3122 5332 3319 5396 causis,
3350 5342 3448 5387 nec
3478 5347 3565 5387 re-

2062 5527 2084 5558 ⁸
2122 5528 2197 5581 Id.
2225 5527 2371 5593 cod.,
2401 5527 2597 5581 Cuncta

2061 5598 2080 5627 "
2122 5597 2197 5653 Id.
2227 5598 2372 5660 cod.,
2398 5615 2450 5651 se
2477 5601 2723 5653 turbasse.

2059 5667 2081 5700 ⁸
2118 5666 2172 5721 1η
2203 5668 2322 5746 cu_t_l.
2357 5666 2585 5746 Frisium.
2620 5669 2887 5746 νεξιιιῃίεξζ
2931 5667 3149 5746 ,ἰηηῆηο
3186 5670 3341 5741 hujus
3383 5676 3565 5746 scripti

1985 5736 2220 5805 legitur:
2255 5735 2477 5811 Explirit
2516 5734 2706 5811 Tantus
2749 5736 2808 5811 S_.
2843 5732 3037 5811 ρειαξᾶ
3076 5757 3222 5811 ραρίυ
3255 5732 3434 5800 contra
3478 5732 3563 5801 eos

1986 5810 2072 5876 qui
2093 5810 2267 5863 dicunt
2302 5808 2539 5861 Acacium
2560 5808 2749 5874 injuste
2779 5806 2934 5874 fuisse
2959 5806 3278 5870 damnatum.

2765 6021 2801 6030 .—
