4104 6356
334 402 441 457 Ιῗδ

1542 392 1897 452 ΕΡΙΞΤΟΙΛΞ
1938 390 2027 447 ΕΤ
2067 391 2381 455 DECRETA

3518 404 3617 459 “8

336 516 510 585 ipsum
530 514 730 585 aliquid
756 521 863 570 hoc
892 522 1123 579 valeres,
1150 519 1254 567 hoc
1276 512 1607 577 intermisso,
1642 518 1747 565 nun
1781 522 1924 563 mor-
1955 508 2001 567 Λ
2035 515 2157 570 talia
2187 494 2498 577 celebrare?
2531 525 2575 578 si
2608 524 2769 593 pudet
2800 535 2857 581 et
2884 526 3118 583 dedecus
3149 538 3262 597 est,
3297 529 3438 584 itane
3467 528 3617 583 salu:

335 609 439 663 bus
490 607 749 663 acciderit
797 616 984 661 contra
1024 620 1182 676 quem
1220 603 1533 674 Lupercalia
1565 610 1778 670 reperta
1820 617 1924 656 non

335 708 493 766 sunt,
525 700 619 757 sed
677 700 888 755 {emittm
934 712 1272 768 nequaquam
1301 710 1560 766 generare
1598 694 1923 760 debueram,

337 810 437 867 pro
481 808 704 865 quarum
744 790 1067 846 fecunditate
1100 790 1451 844 concinantur
1495 786 1733 842 inventa.
1787 786 1925 854 Quid

337 888 533 945 dicturi
587 887 714 942 estis
755 885 822 940 de
867 895 1052 954 peste,
1096 883 1165 938 de
1208 881 1527 948 sterilitate,
1563 880 1631 936 de
1661 880 1924 935 bellorum

337 990 658 1053 tempestate
700 980 986 1044 continua;
1036 977 1272 1048 nunquid
1318 986 1373 1031 et
1403 976 1518 1030 hac
1548 985 1767 1045 propter
1801 974 1927 1029 sub-

336 1078 445 1133 lata
488 1074 804 1145 Lupercalia
854 1072 1234 1142 contigerunt?
1279 1069 1337 1126 Si
1366 1079 1543 1124 autem
1571 1083 1678 1123 non
1708 1077 1928 1137 propter

336 1169 439 1225 ista
472 1167 555 1221 vel
595 1166 832 1229 vitanda,
866 1165 951 1219 vel
996 1162 1266 1227 curanda,
1308 1160 1620 1228 Lupercalia
1645 1168 1771 1214 sunt
1802 1173 1924 1226 pro-

335 1261 481 1329 visa,
511 1258 639 1327 quid
686 1256 830 1313 inani
863 1255 1167 1311 turbatione
1192 1252 1507 1324 jactamini?
1547 1251 1671 1321 quid
1713 1247 1924 1316 Tuscia,

334 1353 464 1422 quid
494 1348 746 1413 Emilia,
781 1357 1099 1417 caeterteque
1140 1346 1427 1417 provincia:
1449 1386 1464 1411 ,
1501 1346 1553 1399 in
1585 1344 1782 1415 quibus
1825 1344 1925 1399 ho-

335 1447 541 1501 minum
575 1456 747 1514 prope
793 1441 971 1497 nullus
1012 1439 1229 1507 existit,
1265 1448 1324 1494 ut
1368 1438 1560 1495 bellica
1609 1439 1928 1494 necessitate

336 1545 785 1601 consumeretur,
834 1534 1269 1605 Lupercaliorum
1320 1532 1444 1588 fecit
1485 1530 1752 1597 offensio,
1808 1547 1927 1600 quae

334 1635 497 1704 longe
521 1641 644 1687 ante
666 1639 886 1686 vastata:
915 1637 1040 1684 sunt
1066 1643 1225 1697 quam
1249 1626 1563 1697 Lupercalia
1588 1625 1926 1680 tollerentur?

335 1726 566 1795 Quando
592 1723 917 1781 Anthemius
947 1723 1239 1792 imperator
1267 1721 1489 1774 Romam
1520 1720 1688 1785 venit,
1726 1718 1932 1787 Luper-

337 1822 475 1878 calia
505 1820 687 1889 utique
725 1818 1073 1888 gerebantur,
1106 1822 1160 1869 et
1209 1823 1386 1868 tamen
1433 1813 1738 1882 pestilentia
1783 1820 1928 1866 tanta

2032 614 2244 669 tiferum
2300 621 2461 670 estet
2506 615 2746 673 divinum
2781 620 3151 689 profuturum,
3200 620 3343 691 quod
3370 636 3465 676 vos
3515 620 3614 689 ipsi

2030 704 2265 762 dedecus
2289 723 2413 765 esse
2436 710 2747 766 fateamini?
2769 714 2937 769 Nemo
2967 714 3280 783 religionem
3309 715 3613 784 profitetur,

2029 816 2187 869 quam
2222 816 2316 871 per
2365 818 2423 857 se
2469 807 2689 875 exsequi
2739 821 2959 876 prorsus
2989 809 3257 865 erubescit
3287 818 3340 864 et
3388 808 3612 877 refugit;

2031 896 2144 966 ipsa
2187 899 2505 953 verecundia
2536 909 2712 955 vestra
2744 916 2837 955 vos
2869 902 3059 958 doceat
3102 906 3305 959 crimen
3357 919 3479 958 esse
3520 920 3617 971 pu-

2032 992 2252 1056 blicum,
2288 1007 2393 1047 non
2419 994 2642 1049 salutem
2672 1037 2683 1053 .
2728 1004 2780 1048 et
2806 1011 2911 1050 non
2956 996 3259 1051 Divinitatis
3284 999 3519 1059 cultum,
3550 996 3651 1075 de.

1978 1121 1991 1129 .
2029 1099 2137 1153 quo
2167 1083 2382 1152 sapiens
2410 1086 2585 1140 nullus
2614 1086 2915 1149 erubescit,
2950 1087 3044 1142 sed
3100 1088 3451 1143 instrumenta
3498 1103 3620 1157 pra-

2031 1177 2276 1244 vitatum,
2306 1180 2502 1243 quibus
2536 1194 2687 1233 mens
2716 1190 2892 1234 vestra
2912 1188 3098 1235 contra
3130 1180 3476 1250 semetipsam
3502 1192 3615 1236 tes-

2032 1271 2311 1326 timonium
2369 1272 2581 1337 ferens,
2619 1272 2758 1341 quod
2810 1272 3101 1342 gerendum
3158 1273 3462 1343 profitetur,
3493 1288 3617 1329 eru-

2031 1364 2200 1419 bescit
2228 1364 2475 1434 implere.
2502 1365 2753 1422 Castores
2780 1367 2941 1421 vestri
2972 1376 3138 1433 certe,
3164 1382 3192 1420 a
3216 1383 3443 1438 quorum
3471 1368 3615 1424 cultu

2030 1460 2296 1515 desistere
2328 1460 2576 1515 noluiStis
2601 1500 2615 1523 ,
2646 1476 2742 1515 cur
2772 1462 2925 1517 vobis
2952 1472 3251 1531 opportuna
3301 1463 3465 1518 maria
3511 1462 3614 1517 mi-

2030 1553 2174 1607 nime
2220 1553 2593 1621 linebuerunt,
2630 1562 2687 1608 ιιι
2715 1554 2905 1609 hiemis
2950 1565 3189 1623 tempore
3219 1557 3465 1611 venirent
3510 1556 3615 1610 huc

2030 1646 2236 1715 navigia
2266 1662 2386 1702 cum
2422 1649 2736 1715 frumentis,
2770 1659 2822 1703 et
2850 1651 3040 1705 civitas
3073 1652 3249 1721 inepia
3293 1651 3514 1705 minime
3537 1641 3617 1705 Ia-

2031 1738 2285 1794 boraret?
2340 1756 2405 1795 an
2450 1741 2638 1796 diebus
2686 1745 3031 1811 sequentibus
3086 1747 3187 1799 hoc
3241 1745 3475 1801 futurum
3532 1756 3618 1802 est

2035 1832 2260 1899 :estatis,
2292 1848 2322 1886 a
2353 1833 2463 1888 Deo
2489 1837 2835 1889 consdtntum
2866 1836 3185 1892 beneficium
3212 1849 3310 1903 est,
3344 1856 3448 1893 non
3477 1837 3612 1893 Cas-

339 1884 633 1983 subrepsit,
662 1884 1023 1967 utvtolerauda
1050 1909 1142 1964 vix
1162 1908 1343 1963 fuerit.
1373 1908 1621 1978 Nunquid
1655 1924 1748 1979 per
1775 1909 1931 1964 Cam-

2040 1884 2051 1885 ,
2096 1884 2101 1885 ,
2176 1884 2203 1885 η
2246 1884 2260 1899 ,
2298 1884 2321 1886 η
2356 1884 2381 1887 ,
2405 1884 2457 1888 _-
2867 1884 3185 1892 _--__..--_--.
3215 1884 3310 1903 νυ,
3484 1884 3581 1893 ...ω

2040 1932 2216 1979 tot-um
2246 1940 2379 1981 vana
2433 1929 2741 1995 persuasio?
2772 1928 2938 1983 Dicite
2969 1929 3123 1983 nobis
3157 1946 3254 1986 nec
3294 1930 3615 1994 Christiani,

340 2007 556 2076 paniam
590 2004 901 2074 Lupercalia
940 2002 1281 2073 gerebantur,
1315 2018 1434 2072 qua:
1474 2002 1683 2056 sublata
1712 2004 1928 2058 morbos

338 2102 452 2159 illic
491 2110 545 2156 et
593 2098 951 2170 pestilentiam
1003 2095 1526 2167 procrearent?’Sed
1573 2094 1765 2150 dicturi
1800 2097 1928 2151 estis

336 2195 405 2250 ad
440 2194 663 2249 Romam
698 2203 950 2260 tanquam
1000 2189 1066 2244 ad
1115 2198 1273 2258 caput
1304 2189 1482 2243 omnia
1528 2189 1830 2258 pertinere,
1876 2199 1929 2243 ct
2000 2192 2003 2195 ⁷

336 2288 480 2361 quod
509 2288 595 2343 hic
623 2284 819 2341 factum
846 2299 951 2339 non
984 2293 1087 2351 est,
1117 2283 1343 2338 diversis
1382 2282 1670 2351 provinciis
1708 2282 1774 2337 ad
1809 2298 1925 2337 eam

336 2378 730 2453 pertinentibus
770 2376 1029 2432 obfuisse.
1064 2375 1176 2431 Cur
1214 2392 1341 2445 ergo
1370 2386 1655 2446 antequam
1712 2376 1777 2429 ad
1825 2377 1930 2431 Ro-

337 2490 478 2530 mam
528 2473 642 2527 istac
676 2466 963 2540 provincia:
988 2470 1350 2539 pertinerent,
1383 2467 1929 2539 praeter'Lupercalia

338 2566 571 2638 prepriis
591 2564 782 2633 opibus
806 2564 1140 2619 floruerunt?
1168 2573 1224 2617 ut
1248 2563 1506 2617 sterilitas
1530 2563 1599 2617 sit
1621 2563 1926 2617 continuata

339 2671 605 2717 terrarum
638 2658 953 2729 Lupercalia
986 2658 1195 2712 sublata
1227 2656 1497 2725 fecerunt,
1525 2672 1591 2711 an
1622 2667 1929 2713 nostrorum

338 2755 533 2809 merita
568 2752 943 2820 peccatorum?
974 2748 1044 2805 de
1093 2749 1287 2819 quibus
1317 2750 1445 2804 olim
1477 2749 1677 2804 dictum
1707 2759 1789 2805 est
1810 2792 1824 2813 ,
1877 2759 1931 2804 et

339 2848 595 2920 quidquid
622 2846 849 2901 Romani
872 2855 1179 2901 meruerant
1206 2845 1434 2915 perdere
1456 2861 1655 2912 mores,
1679 2844 1931 2899 sterilitas

338 2951 485 2997 certe
542 2940 859 2995 feminarum
913 2938 1097 2994 debuit
1141 2938 1461 3008 provenire,
1510 2948 1729 3009 propter
1770 2955 1929 3010 quam

341 3032 694 3088 auferendum
718 3031 1029 3101 Lupercalia
1053 3031 1292 3085 instituta
1315 3030 1604 3099 jactantur,
1639 3047 1744 3085 non
1776 3031 1932 3085 steri-

344 3126 470 3181 litas
502 3134 765 3178 terrarum
794 3164 808 3188 ,
843 3132 1058 3192 propter
1095 3139 1253 3193 quam
1302 3123 1616 3193 Lupercalia
1665 3141 1768 3178 non
1807 3134 1932 3193 sunt

345 3216 610 3284 instituta,
641 3215 986 3271 removenda.
1010 3214 1149 3280 Quid
1172 3216 1223 3268 in
1247 3215 1447 3279 Africa,
1482 3215 1623 3271 unde
1649 3216 1929 3282 sterilitas;

342 3312 469 3383 quid
510 3312 560 3365 in
589 3308 818 3365 Galliis?
848 3309 1164 3379 Lupercalia
1197 3310 1296 3364 ista
1346 3308 1620 3374 fecerunt,
1667 3325 1732 3363 an
1765 3311 1930 3365 nostri

342 3414 554 3473 mores,
586 3403 751 3469 furta,
806 3401 1127 3467 homicidia,
1174 3399 1463 3466 adulteria,
1498 3399 1802 3467 iniustitiae,
1835 3401 1935 3454 ini-

342 3498 595 3569 quitates,
630 3494 981 3559 ambitiones,
1006 3492 1347 3562 cupiditates,
1374 3493 1645 3562 perjuria:
1666 3493 1795 3548 falsa
1831 3506 1937 3550 tes-

344 3590 592 3657 timonia,
606 3587 987 3658 oppressiones
1000 3584 1345 3652 miserorum,
1372 3585 1630 3639 bonarum
1650 3601 1930 3641 causarum

344 3684 690 3757 impugnatio,
708 3681 1076 3751 malarumque
1096 3679 1358 3747 defensio,
1376 3688 1428 3734 et
1444 3680 1495 3734 in
1518 3680 1767 3735 omnibus
1785 3682 1933 3733 inau-

344 3778 454 3833 dita
488 3776 849 3847 perversitas;
880 3782 1184 3844 postremo,
1229 3774 1371 3843 quod
1401 3789 1562 3844 supra
1593 3774 1770 3829 omnia
1810 3784 1927 3839 est,

345 3872 459 3929 Deo
488 3871 627 3927 fictae
674 3879 880 3925 mentes
938 3878 992 3925 et
1051 3868 1369 3939 sacrilegia,
1410 3880 1662 3939 artesque
1711 3871 1931 3938 magica:

346 3968 506 4022 etiam
552 3967 769 4037 paganis
797 3962 1131 4019 horrendae?
1180 3962 1320 4019 Ecce
1360 3979 1481 4033 qua:
1523 3964 1722 4019 faciunt
1752 3966 1930 4019 omnia

347 4060 593 4127 adversa,
622 4058 917 4119 et.inimica
947 4057 1131 4122 nobis,
1164 4072 1267 4111 non
1291 4057 1631 4126 Lupercalia,
1662 4073 1779 4126 quae
1811 4066 1935 4111 sunt

348 4170 453 4225 pro
485 4162 659 4209 vestra
691 4152 863 4208 salute
903 4150 1133 4205 sublata.
1181 4150 1287 4206 Sed
1316 4150 1442 4219 quid
1486 4150 1662 4205 dicitis
1693 4165 1788 4205 vos
1835 4150 1935 4219 ipsi

347 4246 438 4317 qui
465 4244 779 4315 Lupercalia
813 4241 1099 4299 defenditis
1118 4282 1133 4308 ,
1162 4252 1216 4297 et
1244 4243 1447 4312 agenda
1474 4241 1801 4311 proponitis?
1830 4241 1935 4295 Vos

347 4337 536 4393 eadem
565 4338 833 4409 pretiatis,
867 4349 964 4390 vos
992 4319 1182 4390 eorum
1229 4334 1431 4389 cultum
1457 4332 1936 4402 celebritatemque

346 4427 514 4484 vilem
541 4428 920 4498 vulgaremque
950 4425 1196 4482 redditis.
1228 4424 1283 4482 Si
1326 4425 1565 4480 ostensio
1591 4423 1935 4493 Lupercalio-

347 4539 468 4578 rum
498 4522 651 4578 nobis
681 4521 907 4576 adversa
940 4521 1274 4589 procuravit,
1306 4528 1484 4574 vestra
1514 4518 1668 4587 culpa
1698 4526 1810 4583 est;
1844 4518 1935 4588 qui

2035 2032 2133 2073 nec
2178 2020 2391 2087 pagani,
2424 2020 2623 2088 ubique
2656 2022 2864 2089 perfidi,
2897 2038 3154 2091 nusquam
3187 2023 3388 2085 fideles,
3421 2024 3618 2090 ubique

2032 2112 2294 2180 corrupti,
2330 2127 2592 2183 nusquam
2620 2114 2835 2183 integri,
2866 2116 2953 2184 qui
2988 2125 3092 2167 tam
3122 2123 3408 2184 utrumque
3432 2126 3617 2169 tenero

2032 2218 2137 2257 non
2173 2204 2395 2272 potestis
2418 2246 2434 2271 ,
2477 2220 2636 2274 quam
2688 2206 2789 2260 sibi
2818 2215 3102 2275 ulrumque
3133 2208 3458 2262 contrarium
3508 2217 3613 2262 est.

2032 2297 2201 2353 Dicite
2227 2340 2241 2363 ,
2294 2299 2509 2369 inquam
2532 2340 2547 2365 ,
2599 2300 3039 2371 Lupercaliorum
3071 2304 3301 2372 patroni,
3342 2310 3395 2357 et
3428 2316 3616 2358 revera

2035 2393 2334 2448 Divinitatis
2374 2394 2618 2461 ludibrii,
2649 2405 2701 2448 et
2741 2396 3130 2451 cantilenarum
3164 2397 3396 2466 turpium
3433 2396 3617 2451 defen-

2034 2501 2202 2554 sores,
2239 2489 2380 2557 digiti
2425 2488 2662 2558 magistri
2699 2490 2928 2544 vesanire
2948 2534 2960 2557 ,
2994 2499 3049 2543 et
3079 2494 3163 2559 qui
3190 2506 3292 2544 non
3319 2492 3435 2544 sine
3458 2502 3617 2543 causa

2035 2595 2161 2634 sana
2195 2582 2367 2650 capita
2395 2596 2499 2635 non
2527 2582 2755 2646 habetis,
2785 2583 2927 2652 digni
2955 2585 3051 2636 hac
3080 2583 3357 2649 religione,
3382 2599 3501 2653 qua:
3522 2585 3620 2638 ob~

2034 2673 2351 2727 scenitatum
2382 2683 2435 2729 et
2480 2672 2797 2744 flagitiortun
2831 2676 3052 2728 vocibus
3095 2677 3434 2730 celebratur:
3472 2676 3620 2730 vide-

2036 2768 2151 2822 ritis
2205 2767 2302 2836 ipsi
2334 2768 2457 2836 quid
2505 2767 2657 2822 vobis
2695 2769 2882 2822 salutis
2913 2769 3226 2837 impendat,
3267 2783 3387 2835 quae
3418 2777 3620 2823 tantam

2038 2861 2275 2915 moribus
2305 2860 2477 2916 labem
2502 2856 2905 2932 perniciemque
2938 2864 3203 2931 proponit.
3233 2862 3338 2917 Nec
3368 2871 3450 2916 est
3477 2862 3623 2933 quod

2036 2952 2226 3007 dit-alis
2257 2954 2435 3023 potius
2463 2954 2578 3025 litec
2606 2954 2833 3025 agendo,
2858 2964 2910 3009 et
2940 2955 3172 3009 facinora
3205 2954 3623 3024 uniuscujusque

2035 3047 2324 3117 vulgando,
2359 3048 2636 3104 deterrere
2666 3066 2695 3125 a
2726 3050 2917 3103 talibus
2950 3051 3253 3106 commissis
3292 3051 3498 3106 animos
3524 3094 3538 3117 ,
3570 3059 3624 3108 et

2039 3143 2244 3213 pudore
2285 3143 2582 3210 refrenari,
2616 3160 2682 3199 ne
2708 3145 2773 3199 de
2803 3146 2884 3200 his
2931 3146 3136 3214 publica
3180 3161 3311 3201 voce
3350 3156 3620 3210 cantetur,

1960 3277 2006 3341 Ο
2039 3237 2273 3304 quando,
2308 3238 2439 3291 sicut
2469 3239 2556 3293 ille
2581 3242 2675 3303 ait,
2698 3256 2803 3293 non
2831 3248 2935 3292 tam
2960 3240 3233 3295 deterrere
3255 3256 3413 3311 quam
3435 3241 3624 3295 admo-

2041 3346 2168 3385 nere
2218 3332 2426 3383 animos
2476 3330 2592 3386 hate
2640 3332 2868 3386 ludibria
2899 3333 3206 3398 videantur,
3250 3344 3304 3388 et
3348 3336 3486 3387 sicut
3535 3333 3626 3388 ille

2037 3424 2171 3477 dixit
2220 3440 2231 3473 :
2282 3422 2417 3476 Iram
2468 3433 2627 3489 atque
2676 3426 2883 3480 animos
2923 3442 2949 3478 a
2982 3428 3207 3481 crimine
3258 3435 3508 3490 sumunt;
3561 3442 3629 3480 eo

2038 3513 2466 3584 impudentiores
2497 3515 2693 3579 efl'ecti,
2726 3530 2831 3584 quo
2861 3517 3086 3571 crimine
3120 3516 3415 3583 publicato,
3450 3532 3624 3585 expo-

2036 3608 2243 3674 sitaque
2278 3607 2597 3661 verecundia
2622 3648 2635 3671 ,
2672 3607 2745 3661 nil
2794 3618 3038 3670 superest
3084 3610 3304 3663 omnino
3341 3611 3483 3679 quod
3526 3627 3627 3679 pu-

2035 3700 2177 3761 o'eat,
2206 3713 2303 3752 nec
2331 3699 2642 3768 liabetqnod
2666 3709 2865 3754 metuat
2887 3700 3167 3770 publicari,
3191 3701 3401 3769 sedjam
3424 3702 3628 3757 sefidu~

2035 3793 2462 3853 cialiterexerat,
2487 3792 2667 3862 qualis
2695 3792 2745 3846 in
2773 3794 3073 3862 propatulo,
3101 3808 3207 3847 non
3234 3809 3325 3860 per
3346 3794 3628 3849 coercitio-

2035 3903 2174 3950 nem,
2194 3885 2285 3940 sed
2306 3885 2481 3953 potius
2505 3900 2599 3953 per
2619 3884 2906 3955 quamdam
2929 3886 3162 3940 lmtitiam
3186 3896 3239 3941 et
3256 3885 3629 3940 celebritatem

2037 3979 2313 4032 nominum
2337 3978 2615 4033 decantata
2644 3989 2723 4031 est
2743 3979 2992 4048 quaelibet
3024 3980 3108 4033 illa
3142 3995 3400 4048 persona,
3436 3980 3545 4033 imo
3574 3990 3630 4035 et

2036 4069 2299 4137 religione
2356 4085 2413 4123 se
2444 4080 2700 4138 prmsmre
2730 4070 2978 4133 conlidit;
3034 4080 3093 4124 ut
3121 4072 3257 4131 sint,
3293 4071 3433 4125 unde
3465 4073 3631 4125 nomi~

2037 4175 2162 4211 num
2205 4159 2464 4212 solemnia
2514 4158 2875 4223 celebrentur,
2921 4176 3038 4227 qnte
3068 4160 3171 4212 ηἱμί
3212 4161 3495 4214 criminum
3536 4162 3631 4215 de-

2038 4248 2430 4305 cantationibus
2458 4264 2564 4302 non
2594 4250 2864 4304 coluntur.
2912 4250 3081 4304 Dicite
3134 4250 3288 4305 nobis
3331 4250 3511 4320 itaque
3540 4252 3633 4321 qui

2037 4345 2369 4400 voluntatem
2396 4341 2734 4413 profanitatis
2754 4342 2984 4408 habetis,
3002 4343 3153 4411 cujus
3174 4357 3364 4398 causas
3388 4358 3633 4400 asserere

2036 4455 2143 4494 non
2204 4440 2459 4507 potestis,
2494 4438 2584 4505 qui
2626 4436 2837 4490 tuendm
2886 4436 3097 4491 habetis
3124 4438 3453 4504 propositum
3488 4436 3634 4493 falsi-

2040 4532 2166 4587 tatis
2195 4545 2352 4599 quam
2385 4528 2677 4583 defendere
2708 4542 2815 4584 non
2842 4530 3096 4598 potestis;
3128 4528 3253 4599 quid
3276 4528 3470 4584 dicturi
3501 4531 3635 4585 estis

346 4617 492 4687 quod
520 4615 673 4672 vobis
700 4614 1041 4685 singulariter
1063 4612 1317 4683 prodesse
1349 4612 1566 4683 putatis,
1591 4612 1932 4682 negligentis-

2039 4625 2107 4678 de
2137 4624 2399 4687 siccitate,
2431 4624 2499 4677 de
2523 4621 2805 4691 grandine,
2842 4621 2907 4675 de
2940 4622 3183 4685 turbine,
3216 4621 3283 4677 de
3308 4624 3634 4691 tempestati-

348 4715 507 4781 sime,
540 4722 595 4769 et
624 4728 731 4769 non
764 4715 918 4782 longe
945 4712 1135 4781 impari
1166 4711 1311 4765 cultu
1342 4718 1397 4765 et
1426 4708 1711 4765 devotione
1747 4722 1806 4761 ea
1839 4706 1937 4760 du-

346 4788 473 4862 citis
494 4804 997 4872 eelebi-anda,quam
1017 4802 1354 4874 profanitatis
1371 4809 1564 4857 vestrae
1586 4799 1935 4855 celebravere

351 4898 609 4966 majores.
645 4896 797 4966 Apud
829 4896 951 4951 illos
979 4896 1119 4959 enim
1167 4894 1374 4949 nobiles
1395 4894 1497 4963 ipsi
1533 4893 1854 4956 currebant,
1885 4901 1939 4946 et

350 5000 620 5047 matrona:
676 4992 875 5046 nudato
922 4992 1131 5061 publice
1172 5005 1398 5059 corpore
1436 4990 1778 5059 vapulabant.
1831 4987 1938 5043 Vos

349 5099 482 5156 ergo
509 5083 667 5154 primi
710 5083 761 5136 in
793 5082 1106 5152 Lupercalia
1138 5076 1483 5138 commisistis
1514 5099 1528 5136 :
1563 5081 1730 5136 satius
1767 5079 1938 5136 fuerat

351 5194 462 5234 non
495 5191 655 5247 agere
684 5190 841 5246 quatn
881 5190 941 5229 ea
968 5189 1090 5230 cum
1116 5174 1307 5244 injuria
1345 5175 1661 5238 celebrare;
1709 5175 1802 5230 sed
1842 5174 1935 5229 de-

353 5271 583 5325 duxistis
612 5268 976 5323 venerandum
1008 5267 1161 5321 vobis
1203 5268 1403 5323 cultum
1429 5310 1445 5335 ,
1505 5277 1559 5322 et
1601 5268 1934 5323 salutiferum

355 5378 518 5434 quem
550 5362 769 5434 putatis,
802 5362 867 5415 ad
900 5362 1032 5416 viles
1061 5360 1406 5430 trivialesque
1438 5376 1733 5430 personas,
1760 5362 1941 5431 abjec-

360 5464 444 5510 tns
475 5464 529 5510 et
558 5455 791 5509 infimos.
818 5454 877 5509 Si
904 5468 1030 5510 vere
1061 5470 1189 5524 ergo
1214 5454 1539 5524 profitemini
1571 5456 1674 5511 hoc
1699 5471 1936 5523 sacrum,

358 5564 423 5602 ac
448 5546 626 5619 potius
654 5556 1116 5603 exsecramentum
1141 5588 1157 5614 ,
1190 5548 1343 5603 vobis
1373 5562 1491 5603 esse
1520 5550 1753 5604 salutare
1774 5590 1787 5612 ,
1841 5548 1942 5619 ipsi

270 5705 277 5709 _
362 5640 635 5696 celebrate
658 5654 808 5694 more
833 5639 1115 5709 majorum,
1150 5639 1247 5709 ipsi
1271 5653 1394 5694 cum
1423 5640 1651 5695 amiculo
1679 5642 1803 5695 nudi
1835 5640 1945 5695 dis-

362 5732 563 5786 currite
584 5771 598 5795 ,
647 5738 705 5785 ut
734 5730 834 5786 rite
860 5738 1052 5785 vestra:
1076 5731 1261 5785 salutis
1294 5729 1519 5785 ludibria
1559 5733 1846 5801 peragatis.
1885 5731 1945 5788 Si

338 5836 560 5891 magna
586 5832 745 5889 sunt,
784 5822 828 5877 si
874 5822 1074 5887 divina,
1122 5824 1165 5877 si
1190 5821 1497 5889 salutifera,
1543 5824 1661 5878 siin
1709 5826 1793 5880 his
1822 5826 1944 5880 vita:

366 5923 563 5978 vestra
586 5914 785 5988 pendet
803 5914 1099 5988 integritas,
1131 5930 1227 5976 cur
1252 5929 1348 5974 vos
1370 5915 1531 5986 pudet
1558 5932 1654 5989 per
1677 5936 1770 5976 vos
1800 5921 1946 5989 ipsos

2046 4719 2165 4782 bus,
2200 4716 2467 4785 variisque
2513 4713 2778 4779 cladibus,
2802 4729 2921 4782 quze
2956 4729 3051 4781 pro
3084 4728 3292 4767 morum
3325 4724 3634 4769 nostrorum

2045 4809 2301 4877 qualitate
2326 4806 2690 4878 proveniunt?
2712 4806 3087 4875 Nunquidnam
3119 4816 3168 4860 et
3200 4806 3312 4861 lucc
3336 4808 3513 4861 omnia
3539 4822 3636 4877 pro

2045 4900 2270 4957 sublatis
2302 4899 2687 4969 Lupercalibus
2717 4898 3075 4967 contigerunt,
3105 4914 3171 4952 an
3203 4899 3254 4952 in
3288 4901 3443 4953 malis
3472 4899 3636 4953 mori-

2047 4995 2147 5049 bus
2191 4992 2515 5062 castigandis
2556 4989 2769 5045 meritis
2814 4990 3255 5045 retributionibus
3300 4990 3636 5046 inferuntur?

2047 5086 2152 5143 Sed
2182 5101 2287 5140 non
2316 5086 2511 5139 mirum
2538 5093 2620 5138 est
2649 5082 2900 5137 homines
2932 5097 3038 5135 non
3064 5081 3266 5151 judicio
3294 5082 3476 5137 divino
3497 5080 3637 5134 velle

2052 5184 2150 5235 ista
2179 5178 2512 5249 contingere,
2539 5176 2632 5233 sed
2656 5191 2809 5231 vanae
2827 5176 3227 5245 superstitionis
3254 5175 3489 5236 incursu;
3521 5173 3639 5240 qui-

2050 5274 2151 5329 bus
2180 5288 2276 5328 sua
2319 5272 2545 5327 crimina
2574 5279 2629 5326 et
2653 5270 2936 5325 malefacta
2980 5268 3289 5339 ecoperiant
3309 5307 3323 5330 ,
3352 5263 3641 5320 auctorita-

2051 5377 2156 5421 tem
2189 5365 2381 5427 ctnlis,
2436 5363 2611 5418 sidera
2675 5363 2961 5432 perhibent
3014 5361 3269 5416 adbibere
3321 5367 3375 5412 et
3418 5357 3677 5416 fatalem'

2051 5460 2229 5515 induci
2253 5474 2534 5525 errorem,
2588 5458 3073 5525 necessitatemque
3120 5450 3403 5521 peccandi,
3431 5450 3648 5509 facino-

2048 5569 2213 5624 raque
2244 5569 2337 5608 sua
2369 5566 2473 5605 non
2528 5551 2597 5607 de
2624 5550 2805 5605 cordis
2833 5546 3037 5619 proprii
3074 5544 3424 5612 perversitate
3451 5561 3634 5616 proce«

2026 5646 2197 5711 dere,
2230 5644 2323 5700 sed
2339 5643 2479 5699 coelo
2512 5652 2731 5698 auctore
2756 5640 3009 5707 pendere.
3036 5634 3327 5706 Proponite
3358 5637 3517 5707 igitur
3545 5653 3642 5707 pro

2050 5740 2245 5809 quibus
2289 5748 2379 5792 aut
2431 5734 2815 5791 submovendis
2871 5728 3065 5795 malis,
3119 5740 3211 5786 aut
3268 5733 3650 5801 promerendis

2056 5832 2208 5887 bonis
2262 5828 2577 5898 Lupercalia
2620 5834 2793 5879 vestra
2830 5820 3025 5876 fuerint
3054 5822 3291 5879 instituta
3314 5864 3330 5890 ,
3372 5834 3426 5877 et
3456 5813 3650 5878 videa-J

2058 5937 2175 6005 unus
2204 5936 2326 5986 quae
2354 5920 2443 5973 illa
2470 5918 2611 5973 bona
2654 5915 3029 5985 provenerint,
3058 5932 3176 5979 cum
3206 5916 3522 5983 Lupercalia
3546 5924 3644 5984 god
