4104 6356
534 405 640 463 “5

1925 397 2197 457 GELASII
2234 398 2437 457 ΡΔΡΕ
2470 398 2490 453 ι

3224 326 3277 336 νγ..

3725 389 3837 447 116

538 532 811 590 rereutur,
842 530 899 581 et
942 536 1061 594 qua:
1090 521 1228 579 mala
1256 519 1620 576 successerint
1644 530 1766 587 eum
1818 503 2135 589 Lupercalia
2161 518 2217 579 Α
2241 515 2389 572 tem?
2443 514 2551 573 Sed
2591 515 2769 571 dicitis
2801 523 2880 573 tot
2905 506 3120 572 saeclis
3150 528 3263 571 rem
3291 520 3495 584 gestam
3532 523 3642 567 non
3671 522 3838 582 opor-

534 617 848 674 viderentur
876 615 1077 671 ablata.
1106 613 1280 683 Figite
1302 610 1526 682 gradum
1547 648 1564 678 ,
1595 610 1663 667 ad
1710 612 1853 681 quod
1882 618 2123 667 vestrum

534 708 801 766 excidium
812 706 1003 767 dicatis
1026 706 1141 763 hinc
1159 704 1398 776 prodigia
1421 704 1588 764 fuisse
1613 712 1846 775 reperta,
1874 702 2125 774 diguiqui

532 812 829 860 monstrum
859 799 1041 858 nescio
1076 797 1221 869 quod
1249 794 1470 868 pecudis
1501 796 1843 865 hominisque
1885 797 2121 850 mixtura

534 895 923 965 compositum,
968 894 1083 949 sive
1115 906 1264 958 vere,
1296 891 1409 946 sive
1434 889 1567 946 false
1587 888 1789 945 editum
1813 886 2124 943 celebretis.

531 993 590 1049 Si
622 1000 839 1061 propter
866 987 1224 1059 pestilentiam
1249 984 1691 1049 submovendum,
1736 991 1794 1037 ut
1819 981 2124 1053 antiquiora

530 1095 855 1157 praeteream
880 1120 900 1149 ,
948 1096 1079 1138 ecce
1109 1090 1396 1150 antequam
1428 1080 1559 1135 meis
1589 1078 1923 1147 temporibus
1971 1074 2124 1133 tolle-

529 1184 751 1240 rentur,
801 1172 1161 1243 pestilentiam
1208 1185 1425 1241 gravem
1458 1180 1564 1225 tam
1595 1169 1651 1225 in
1682 1168 1827 1226 Urbe
1862 1182 2021 1239 quam
2070 1168 2126 1223 in

532 1274 677 1342 agris
704 1268 982 1339 hominum
1022 1266 1393 1338 pecudumque
1421 1266 1581 1321 fuisse
1612 1278 1720 1319 non
1750 1261 1971 1319 dubium
2010 1270 2126 1326 est;

532 1366 577 1421 si
609 1380 705 1435 pro
725 1362 1260 1433 sterilitatejaetatis,
1284 1376 1379 1417 cur
1404 1362 1454 1415 in
1486 1358 1667 1415 Africa
1696 1358 1778 1412 vel
1809 1356 1995 1413 Galliis
2024 1355 2127 1411 ista

533 1456 883 1527 contingunt,
934 1456 1023 1511 ubi
1077 1470 1177 1510 nec
1207 1454 1420 1508 fuerunt
1461 1449 1748 1521 aliquando
1777 1446 2127 1519 Lupercalia,

534 1565 633 1605 nec
658 1559 870 1606 constat
894 1548 1060 1605 fuisse
1080 1547 1323 1603 sublata?
1351 1546 1459 1600 Cur
1489 1558 1628 1599 nunc
1666 1543 1857 1598 Oriens
1885 1540 2125 1594 omnium

534 1650 712 1699 rer'um
751 1643 923 1711 copiis
952 1642 1212 1697 exuberat
1246 1624 1299 1694 et
1338 1636 1596 1701 abundat,
1626 1637 1717 1707 qui
1746 1650 1845 1691 nec
1881 1632 2125 1689 celebra-

535 1737 609 1791 vit
636 1750 867 1806 unquam
889 1734 1231 1805 Lupercalia,
1257 1746 1355 1787 nec
1378 1730 1651 1786 celebrat?
1691 1731 1772 1789 Au
1796 1728 1973 1785 dicitis
2016 1729 2128 1785 illic

534 1844 733 1887 nocere
761 1828 851 1884 ubi
886 1843 984 1899 per
1017 1828 1245 1897 plurima
1281 1825 1476 1881 saecula
1512 1824 1724 1880 fuerant
1768 1824 2038 1880 celebrata
2072 1834 2128 1879 et

2238 621 2351 667 tere
2382 610 2606 666 secludi.
2638 610 3000 667 Nihilominus
3028 610 3210 666 multis
3252 606 3586 677 temporibus
3616 605 3835 675 pagani-

2234 706 2361 761 tatis
2415 703 2726 773 superstitio
2754 704 3005 761 ventilata
3054 713 3159 761 est.
3197 701 3544 757 Sacriﬁcetur
3591 697 3643 753 in
3693 706 3833 753 tem-

2234 799 2339 870 plis
2362 799 2669 855 datmonum
2688 842 2702 866 ,
2746 807 2802 854 et
2830 799 2884 854 in
2914 796 3167 868 capitoiio
3191 794 3415 866 profana
3441 792 3654 851 vanitas
3688 789 3831 846 cele-

2233 892 2436 948 bretur.
2482 891 2592 946 Cur
2645 891 2952 959 portionem
3000 887 3292 946 defenditis
3336 893 3391 940 et
3447 897 3569 954 qua:
3621 880 3827 951 majora

2234 993 2361 1040 sunt
2390 984 2708 1054 praeteritis?
2737 984 2793 1039 Si
2814 982 3066 1052 plurima
3091 994 3288 1052 genera
3319 976 3617 1032 vanitatum
3644 972 3830 1029 multis

2234 1090 2353 1135 acta
2401 1078 2611 1134 saeculis
2657 1077 2954 1146 probantur
2999 1089 3121 1131 esse
3176 1073 3425 1136 sublata,
3473 1084 3572 1124 cur
3613 1066 3827 1137 portio,

2234 1172 2522 1242 quantovis
2553 1180 2799 1240 tempore
2825 1168 3079 1224 ventilata
3100 1207 3116 1233 ,
3148 1180 3258 1222 non
3286 1162 3456 1234 possit
3484 1158 3719 1217 auferri?
3767 1158 3829 1219 Si

2235 1264 2570 1334 temporibus
2593 1261 2979 1332 praescribitur,
3005 1260 3265 1328 imputate
3289 1253 3586 1323 majoribus
3606 1250 3826 1323 vestris,

2233 1368 2323 1439 qui
2355 1381 2477 1421 cum
2525 1365 2623 1421 hac
2665 1361 2924 1431 temporis
2983 1355 3395 1429 praescriptione
3430 1365 3537 1411 non
3567 1348 3651 1409 usi
3686 1348 3822 1417 sint,

2236 1477 2396 1533 posse
2423 1460 2563 1531 quod
2605 1456 2932 1528 superfluum
2966 1463 3051 1509 est
3083 1460 3139 1508 et
3160 1450 3359 1506 debere
3386 1443 3674 1509 removeri,
3697 1442 3825 1498 dum

2236 1532 2392 1625 plura
2420 1560 2476 1607 et
2506 1546 2708 1620 majora
2739 1548 2988 1605 submota
3018 1552 3163 1608 sunt,
3190 1539 3514 1597 indicarunt.
3547 1534 3656 1591 Sed
3693 1532 3827 1595 dicis

2235 1648 2395 1702 etiam
2440 1642 2765 1699 Christianis
2792 1637 3125 1708 temporibus
3165 1635 3280 1693 haec
3307 1631 3503 1696 fuisse;
3533 1626 3630 1685 sed
3666 1626 3826 1683 etiam

2236 1739 2330 1793 illa
2377 1735 2687 1807 aliquandiu
2714 1730 3033 1788 Christianis
3071 1741 3285 1797 quoque
3314 1721 3649 1793 temporibus
3676 1719 3827 1774 cele—

2234 1832 2382 1885 brata
2411 1838 2556 1883 sunt.
2587 1824 2963 1895 Nunquidnam
3000 1820 3124 1890 quia
3153 1818 3254 1875 sub
3283 1814 3471 1885 primis
3508 1808 3825 1882 praesulibus

534 1930 755 1992 repente
790 1921 1001 1977 sublata
1029 1919 1185 1976 sunt?
1219 1918 1504 1974 Videamus
1531 1933 1659 1987 ergo
1683 1919 1726 1975 si
1755 1918 1840 1974 bis
1868 1918 2125 1989 tcmpori-
2155 1908 2205 1972 Β
2232 1920 2552 1977 Christianae
2574 1914 2851 1985 religionis
2866 1913 3045 1971 ablata
3069 1925 3174 1965 non
3193 1914 3339 1973 sunt,
3374 1901 3614 1992 ideosub
3636 1914 3823 1958 eorum

532 2016 631 2071 bus
655 2015 850 2083 quibus
879 2013 1061 2070 dicitis
1082 2013 1276 2084 agitata
1302 2021 1359 2068 et
1384 2017 1484 2070 rite
1505 2052 1521 2076 ,
1542 2026 1605 2066 ac
1636 2011 1792 2080 plena
1820 2011 1945 2084 sui,
1985 2010 2127 2066 sicut

536 2098 688 2166 vehis
718 2109 948 2174 videtur,
981 2107 1274 2165 devotione
1316 2105 1581 2174 completa
1633 2113 1757 2158 sunt
1785 2144 1799 2167 ,
1849 2076 2122 2173 nunquam

535 2206 743 2271 fames,
788 2217 1060 2274 nunquam
1093 2199 1398 2272 pestilentia
1449 2211 1671 2267 prorsus
1718 2197 2031 2252 exstiterit:
2078 2195 2127 2252 si

536 2314 666 2356 vero
693 2311 1067 2369 saepenumero
1100 2294 1183 2350 bis
1209 2292 1450 2349 cladibus
1470 2290 1537 2346 ad
1562 2300 1863 2347 extremum
1904 2291 2126 2360 periculi

538 2404 761 2452 ventum
811 2400 933 2459 est,
990 2396 1215 2460 apparet
1261 2388 1345 2442 his
1388 2386 1543 2442 malis
1571 2384 1956 2441 submovendis
1992 2384 2127 2441 nihil

539 2484 853 2555 Lupercalia
900 2482 1199 2554 profuisse,
1242 2481 1404 2537 etiam
1450 2494 1515 2534 eo
1539 2487 1779 2548 tempore
1807 2493 1943 2548 quo,
1987 2478 2128 2536 sicut

537 2578 737 2634 dictum
759 2584 864 2643 est,
893 2585 949 2631 ut
966 2575 1186 2646 putatis,
1210 2572 1538 2643 competenti
1568 2571 1755 2626 ordine
1777 2579 2124 2640 gererentur;

536 2669 615 2726 sic
661 2669 731 2725 de
779 2668 1005 2739 singulis
1047 2666 1349 2738 quibusque
1389 2662 1803 2720 necessitatibus
1838 2704 1853 2729 ,
1908 2670 2128 2739 propter

534 2776 693 2833 quam
723 2760 967 2817 dixeritis
995 2758 1163 2813 fuisse
1206 2757 1502 2828 provisum.
1529 2756 1585 2813 Si
1614 2754 1917 2810 constiterit
1960 2736 2124 2808 etiam

535 2852 646 2909 illis
694 2866 801 2908 non
846 2849 1105 2919 desiisse,
1148 2861 1287 2903 vaua
1312 2846 1473 2918 hujus
1522 2847 1743 2919 remedii
1792 2845 2127 2901 convincitur

537 2957 659 3000 esse
708 2942 1076 3013 praesumptio.
1113 2939 1497 2996 Verumtamen
1546 2953 1642 2993 cur
1690 2952 1795 2992 non
1826 2938 1926 2992 hoc
1964 2937 2125 2992 etiam

537 3052 683 3095 nunc
709 3035 1065 3107 experiamini
1093 3076 1109 3102 ,
1159 3043 1346 3089 utrum
1372 3033 1582 3087 valeant
1613 3031 1811 3101 aliquid
1834 3030 1993 3086 etiam
2025 3029 2128 3087 rite

538 3129 839 3187 celebrata?
878 3137 934 3183 et
961 3143 1059 3184 vos
1090 3143 1183 3197 per
1216 3127 1445 3182 ludibria
1465 3126 1571 3182 ista
1605 3125 1892 3180 discurrite
1928 3134 2126 3180 vestro-

536 3237 656 3279 rum
688 3236 835 3277 more
886 3218 1189 3289 majorum,
1218 3228 1275 3274 ut
1300 3218 1533 3272 divinam
1572 3232 1718 3284 rem,
1750 3226 1803 3273 et
1834 3217 2124 3272 salutarem

540 3316 713 3382 vobis,
746 3324 802 3370 ut
832 3312 1029 3379 dicitis,
1074 3313 1318 3369 devotius
1357 3312 1699 3379 celebrando,
1743 3311 1901 3367 saluti
1936 3322 2127 3370 vestra:
2154 3298 2203 3366 C
2238 3274 2251 3326 Ι

539 3408 844 3480 prOSpicere
884 3406 1054 3479 magis
1104 3407 1378 3476 magisque
1427 3405 1669 3460 valeatis.
1716 3404 1964 3476 Nunquid
2004 3420 2125 3461 cum

541 3502 660 3557 lucc
688 3500 1112 3565 celebrarentur,
1157 3514 1186 3552 a
1216 3497 1379 3553 Gallis
1410 3495 1577 3551 Roma
1608 3511 1711 3551 non
1739 3506 1893 3566 capta
1926 3507 2007 3552 est
2030 3537 2044 3563 ,
2075 3506 2129 3553 et

538 3608 907 3665 saepenumero
934 3592 1001 3648 ad
1033 3602 1274 3647 extrema
1310 3604 1533 3661 quicque
1557 3590 1836 3660 pervenit?
1876 3590 2126 3658 Nunquid

537 3691 691 3747 bellis
736 3690 986 3746 civilibus
1039 3688 1139 3742 sub
1186 3688 1284 3741 hac
1334 3683 1649 3738 celebritate
1698 3699 1803 3738 non
1854 3683 2129 3738 concidit?

538 3782 787 3854 Nunquid
814 3780 1127 3850 Lupercalia
1154 3779 1377 3834 deerant
1407 3777 1623 3848 quando
1652 3776 1849 3832 Urbem
1880 3775 2128 3830 Alaricus

541 3875 771 3935 evertit?
821 3874 886 3929 Et
917 3888 1088 3941 nuper
1116 3886 1236 3925 cum
1263 3869 1536 3925 Anthemii
1568 3879 1623 3925 et
1657 3868 1936 3925 llicimeris
1980 3869 2126 3924 civili

525 3969 728 4050 rfurore
776 3965 1033 4021 subversa
1070 3972 1185 4029 est,
1217 3962 1303 4018 ubi
1337 3969 1460 4015 sunt
1494 3960 1840 4029 Lupercalia?
1882 3976 1978 4016 cur
2014 3962 2129 4016 istis

525 4060 762 4119 ‘minime
793 4058 1145 4133 profuerunt?
1176 4065 1325 4112 certe
1380 4058 1616 4112 divinum
1645 4069 1727 4111 eSt
1758 4073 1768 4109 :
1803 4056 1848 4110 si
1891 4050 2128 4123 salutare

524 4136 693 4212 ivobis
720 4194 736 4223 ,
780 4169 876 4209 cur
903 4168 1009 4208 non
1043 4166 1139 4223 per
1170 4164 1267 4204 vos
1315 4148 1417 4220 ipsi
1455 4159 1510 4202 ut
1547 4148 1779 4218 majores
1828 4147 1990 4201 veSIri
2023 4148 2127 4202 ista

522 4238 780 4307 faciatis?
807 4248 917 4303 Cur
942 4260 1131 4302 causas
1157 4231 1349 4301 vestrae
1377 4242 1565 4298 salutis
1608 4241 1880 4296 minuitis?
1912 4256 2009 4297 cur
2034 4243 2127 4297 dc-

524 4332 826 4399 lcoloratis?
848 4356 940 4394 cur
970 4339 1194 4405 eliditis,
1222 4352 1318 4392 cur
1339 4337 1403 4391 ad
1431 4336 1554 4390 vilia
1581 4349 1805 4405 quaeque
1829 4333 2126 4389 deducitis?

540 4439 665 4509 quid
696 4434 971 4505 imputatis
1000 4432 1175 4496 nobis.
1209 4447 1329 4487 cum
1360 4431 1457 4501 ipsi
1484 4429 1718 4486 remedia
1744 4438 1923 4482 vestra
1947 4428 2123 4482 calce-

540 4529 639 4584 tis?
656 4526 833 4582 Satius
853 4533 936 4582 est
959 4532 1015 4580 et
1035 4538 1140 4579 non
1170 4530 1376 4578 tentare
1402 4536 1556 4591 quam
1581 4519 1972 4575 contumeliose
1998 4534 2120 4588 per-

538 4636 701 4691 agere
734 4640 747 4674 :
796 4618 1027 4689 majores
1056 4625 1204 4673 certe
1242 4624 1438 4681 vestri,
1479 4614 1525 4668 si
1560 4612 1746 4668 vitiose
1774 4613 1869 4683 (uti
1913 4611 2017 4667 illis
2045 4613 2124 4667 vi-

537 4714 790 4784 debatur)
822 4727 1035 4767 sacrum
1057 4708 1272 4781 aliquod
1303 4706 1691 4771 celebrassent,
1714 4682 2119 4760 instaurandum
2147 4682 2201 4746 Ῑ)

535 4824 659 4865 esse
708 4806 991 4863 ducebant.
1044 4805 1154 4862 Cur
1192 4819 1300 4859 non
1331 4803 1471 4873 quod
1519 4801 1586 4856 ad
1632 4801 1881 4857 vitiosum
1922 4800 2120 4857 cultum

533 4900 846 4969 redegistis,
892 4914 989 4969 per
1016 4895 1261 4969 iiidig’uas
1289 4912 1528 4967 quasque
1548 4896 1600 4955 id
1628 4895 1973 4966 exsequendo
2004 4912 2125 4968 per-

533 5010 718 5064 sonas,
751 4994 1074 5063 competenti
1118 4992 1505 5048 instauratione
1536 4990 1815 5060 reparatis,
1849 4996 1906 5045 ut
1932 5004 2122 5046 causas

532 5097 728 5145 vestra:
749 5090 935 5143 salutis
964 5087 1173 5159 plenius
1197 5086 1588 5157 perfectiusque
1614 5086 1885 5147 tractetis?
1909 5100 2004 5143 cur
2026 5099 2123 5140 vos

531 5186 734 5256 pudeat
778 5197 974 5253 agere,
1015 5181 1059 5236 si
1114 5182 1350 5235 salutare
1396 5180 1511 5236 est?
1540 5177 1596 5235 Si
1642 5177 1878 5233 divinum
1905 5218 1920 5245 ,
1976 5176 2119 5248 quod

531 5288 792 5333 tractasse
820 5276 890 5333 sit
918 5273 1189 5331 dedecus?
1228 5272 1332 5329 Sed
1379 5271 1554 5342 inquis
1589 5271 1672 5327 vel
1707 5269 1991 5340 imaginem
2041 5272 2121 5341 ip-

478 5410 500 5439 ,
530 5378 643 5427 sius
671 5373 749 5429 rei
778 5387 887 5429 non
925 5368 1125 5426 debere
1156 5368 1382 5423 moveri.
1411 5366 1470 5422 Si
1515 5365 1764 5436 prodest,
1793 5366 1838 5419 si
1880 5364 2119 5421 salutare

530 5474 633 5532 est,
665 5480 762 5521 cur
784 5465 961 5536 imago
992 5464 1171 5534 potius
1194 5460 1336 5530 apud
1364 5473 1460 5515 vos
1480 5496 1496 5525 ,
1528 5468 1584 5515 et
1613 5473 1717 5519 non
1744 5458 1857 5528 ipsa
1885 5458 1954 5513 sit
1979 5456 2119 5513 veri-

531 5559 649 5612 tas?
675 5564 768 5611 aut
810 5559 855 5611 si
880 5566 1030 5613 certe
1057 5568 1160 5612 nec
1185 5562 1311 5609 tunc
1336 5549 1554 5622 profuit,
1586 5549 1803 5619 quando
1830 5549 1933 5603 ritu
1983 5549 2119 5605 inte-

527 5664 659 5721 gro,
702 5649 850 5704 sicut
876 5650 1113 5718 dicitur,
1166 5647 1517 5712 tractabatur,
1564 5642 1692 5714 quid
1723 5641 1961 5713 quaeritis
2000 5642 2119 5712 ejus

530 5743 846 5812 imaginem,
878 5742 1029 5810 cujus
1056 5756 1155 5799 nec
1182 5743 1351 5811 ipsam
1381 5736 1649 5810 profuisse
1671 5734 1898 5793 cernitis
1924 5735 2117 5793 verita-

2232 2000 2641 2059 successoribus
2678 1982 2811 2051 itolli
2852 1992 3071 2048 minime
3108 1985 3445 2045 debuerunt?
3490 1982 3655 2038 Multa
3699 1988 3821 2035 sunt

2232 2100 2352 2155 qua:
2379 2100 2407 2135 a
2438 2080 2663 2149 singulis
2714 2075 3053 2147 pontiiicibus
3076 2071 3290 2125 diverso
3321 2078 3565 2136 tempore
3615 2063 3821 2117 sublata

2234 2153 2359 2230 sunt
2403 2172 2559 2227 noxia
2580 2210 2596 2235 ,
2630 2168 2716 2223 vel
2745 2165 2977 2235 abjecta.
3010 2162 3125 2217 Non
3156 2159 3301 2216 enim
3352 2156 3510 2211 simul
3536 2168 3725 2210 omnes
3772 2153 3823 2208 in

2233 2279 2461 2335 corpore
2490 2269 2643 2318 curat
2666 2257 2930 2315 medicina
2962 2256 3280 2326 languores,
3312 2250 3406 2305 sed
3437 2247 3578 2319 quod
3622 2247 3824 2315 pericu-

2236 2359 2402 2415 losius
2440 2355 2704 2425 conspicit
2745 2350 3068 2415 imminere;
3114 2362 3181 2401 ne
3213 2353 3304 2400 aut
3339 2343 3559 2423 materia
3590 2339 3825 2420 corporis

2235 2468 2340 2507 non
2392 2449 2626 2513 sufﬁciat
2658 2445 2966 2510 medicinae,
3002 2451 3092 2496 aut
3135 2454 3231 2511 pro
3260 2436 3572 2507 conditione
3614 2432 3827 2489 mortali

2234 2544 2395 2600 simul
2439 2542 2619 2598 omnia
2660 2554 2766 2593 non
2810 2536 2981 2607 possit
3023 2542 3288 2589 avertere.
3321 2531 3515 2597 Qurcre
3544 2526 3703 2598 quale
3766 2524 3827 2580 sit

2235 2637 2375 2692 unde
2400 2634 2509 2705 agis
2534 2634 2561 2701 ιζ
2583 2633 2625 2687 si
2658 2633 2855 2686 bonum
2879 2636 2985 2693 est,
3018 2626 3060 2681 si
3085 2624 3345 2692 divinum,
3374 2621 3421 2677 si
3443 2620 3679 2685 salubre,
3710 2634 3854 2688 meg

2235 2728 2338 2782 ritu
2367 2724 2792 2797 quandocunque
2825 2720 2936 2775 tolli
2967 2734 3075 2773 non
3106 2717 3290 2772 debuit
3322 2735 3334 2768 :
3368 2715 3410 2768 si
3447 2728 3546 2768 nec
3587 2710 3824 2775 salubre,

2235 2835 2336 2876 nec
2363 2818 2639 2883 divinum,
2668 2812 2995 2870 causandum
3040 2811 3136 2864 tibi
3170 2810 3337 2877 magis
3375 2817 3459 2861 est
3485 2822 3583 2862 cur
3624 2804 3828 2859 tardius

2237 2900 2511 2955 auferatur
2562 2896 2704 2967 quod
2748 2894 3185 2965 superstitiosum
3233 2897 3475 2954 constat,
3515 2895 3567 2939 et
3603 2899 3824 2951 vanum,

2234 2991 2374 3061 quod
2397 2997 2545 3046 certe
2576 2988 2897 3044 Christiana:
2920 2982 3238 3055 professioni
3273 2996 3377 3035 non
3412 2979 3827 3033 convenire‘ma-

2235 3086 2484 3139 nifestum
2507 3091 2609 3138 est.
2648 3081 2929 3135 Postremo
2962 3076 3103 3146 quod
3136 3074 3201 3129 ad
3240 3088 3325 3127 me
3354 3070 3620 3140 pertinet,
3651 3068 3828 3124 nullus

2235 3178 2556 3249 baptizatus,
2604 3173 2783 3229 nullus
2812 3168 3150 3226 Christianus
3182 3168 3284 3223 hoc
3329 3164 3604 3230 celebret,
3652 3160 3828 3217 etsoli

2256 3289 2339 3328 lOC
2384 3271 2605 3343 pagani,
2638 3282 2863 3340 quorum
2894 3266 3027 3320 ritus
3058 3270 3160 3327 est,
3185 3266 3568 3333 exsequantur.
3595 3256 3676 3311 sic
3709 3270 3827 3327 pro-

2237 3366 2486 3439 nuntiare
2528 3360 2785 3418 convenit
2819 3355 3142 3414 Christianis
3187 3356 3290 3409 lsta
3332 3351 3629 3422 perniciosa
3660 3359 3716 3405 et
3746 3348 3826 3403 fu-

2236 3437 2413 3515 nesta
2453 3454 2818 3512 indubitanter
2867 3449 3117 3505 existere.
3172 3445 3309 3514 Quid
3356 3460 3441 3499 me
3487 3437 3727 3505 incusas,
3784 3440 3827 3497 ti

2234 3545 2378 3621 quod
2398 3536 2723 3614 profitemini
2749 3539 3021 3595 inimicum
3047 3530 3190 3603 ease,
3213 3548 3241 3587 a
3264 3530 3601 3587 consortibus
3625 3528 3827 3597 profes-

2234 3636 2402 3696 sionis
2417 3633 2735 3690 Christiana:
2750 3628 3036 3701 pronuntio
3058 3623 3524 3682 submovendum?
3544 3624 3655 3694 Ego
3678 3631 3825 3678 certe

2235 3730 2508 3787 absolvam
2537 3724 2921 3782 conscientiam
2961 3736 3137 3777 meam
3164 3738 3178 3776 :
3205 3720 3304 3790 ipsi
3328 3717 3563 3783 videant,
3592 3719 3684 3788 qui
3716 3718 3827 3788 jus-

2236 3825 2302 3881 tis
2346 3819 2803 3878 admonitionibus
2832 3816 3055 3873 obedire
3087 3813 3425 3885 neglexerint
3451 3828 3466 3867 ε
3499 3812 3638 3883 quod
3666 3814 3826 3867 etiam

2234 3915 2670 3989 prmdecessores
2712 3924 2863 3966 meos
2886 3908 3113 3963 forsitan
3150 3905 3340 3961 fecisse
3371 3919 3477 3959 non
3503 3902 3824 3972 ambigo,~et

2236 4008 2375 4080 apud
2405 4004 2712 4077 imperiales
2740 4015 2897 4057 aures
2934 4000 3051 4055 haec
3078 3997 3443 4055 submovenda
3466 4006 3701 4052 tentasse
3735 4004 3824 4049 :ct

2228 4105 2357 4175 quia
2384 4102 2592 4156 auditos
2620 4112 2741 4154 esse
2770 4110 2877 4151 non
2905 4101 3135 4159 constat,
3164 4092 3293 4148 dum
3324 4090 3441 4145 haec
3469 4089 3604 4144 mala
3636 4088 3824 4144 hodie-

2230 4214 2334 4270 que
2365 4196 2656 4268 perdurant
2681 4238 2694 4261 ,
2728 4191 2849 4247 ideo
2879 4189 2994 4243 haec
3041 4188 3155 4258 ipsa
3195 4186 3419 4256 imperia
3464 4183 3821 4251 defecerunt,

2230 4292 2354 4346 ideo
2383 4290 2540 4344 etiam
2589 4300 2785 4342 nomen
2828 4284 3191 4337 ltomanorum
3212 4324 3224 4348 ,
3248 4282 3376 4333 'non
3407 4276 3630 4333 remetis
3654 4277 3819 4335 etiam

2230 4369 2633 4440 Lupercalibus,
2679 4379 2850 4435 usque
2890 4364 2956 4417 ad
3004 4370 3245 4416 extrema
3292 4372 3520 4428 quaeque
3552 4359 3819 4425 pervenit.

2230 4464 2296 4518 Et
2324 4461 2443 4516 ideo
2484 4471 2625 4514 nunc
2667 4471 2731 4513 ea
2764 4454 3086 4512 removenda
3109 4451 3310 4509 suadeo
3332 4492 3346 4517 ,
3378 4465 3496 4520 qua:
3523 4465 3645 4505 cum
3688 4451 3818 4507 nihil

2231 4550 2493 4623 profuisse
2514 4559 2805 4619 cognosco,
2832 4556 3083 4616 tanquam
3098 4541 3365 4597 contraria
3381 4555 3522 4596 vera:
3550 4540 3819 4611 religioni,

2233 4644 2393 4699 noxia
2440 4642 2618 4713 potius
2658 4639 2929 4696 exstitisse
2980 4634 3285 4707 pronuntio.
3334 4634 3614 4690 Postremo
3663 4634 3712 4689 si
3752 4633 3820 4688 de

2230 4753 2470 4796 meorum
2503 4750 2729 4809 persona
2772 4732 3226 4807 prtescribendum
3255 4729 3493 4786 restimas
3519 4728 3819 4798 prsideces-

2228 4846 2409 4892 sorum
2427 4876 2441 4901 ,
2472 4832 2839 4903 unusquisque
2868 4836 3176 4885 nostrorum
3202 4822 3680 4881 administrationis
3704 4837 3818 4880 sum

2225 4924 2530 4982 redditurus
2550 4935 2634 4979 est
2654 4920 2941 4989 rationem,
2964 4922 3104 4975 sicut
3124 4919 3283 4973 etiam
3310 4917 3360 4970 in
3383 4915 3610 4988 publicis
3637 4914 3817 4986 digni-

2226 5020 2425 5075 tatibus
2446 5019 2559 5074 fleri
2578 5016 2889 5089 providetis.
2907 5014 3020 5085 Ego
3038 5010 3417 5083 negligentiam
3437 5022 3691 5064 accusare
3709 5023 3815 5063 nou

2226 5113 2398 5169 audeo
2416 5113 2873 5183 praedecessorum
2884 5151 2897 5175 ,
2911 5124 3035 5164 cum
3052 5107 3221 5178 magis
3236 5104 3451 5161 credam
3466 5102 3690 5159 fortasse
3709 5112 3817 5157 ten-

2228 5216 2371 5263 tasse
2390 5220 2484 5261 eos
2506 5215 2562 5261 ut
2590 5205 2705 5259 haec
2728 5204 2963 5273 pravitas
2985 5202 3284 5265 tolleretur,
3302 5198 3625 5267 etquasdatn
3651 5196 3818 5251 exsti~

2128 5352 2139 5359 .
2226 5299 2355 5355 tisse
2383 5313 2572 5356 causas
2605 5306 2660 5354 et
2694 5297 2992 5353 contrarias
3013 5295 3334 5358 voluntates,
3366 5306 3487 5361 quae
3514 5303 3702 5344 eorum
3736 5290 3816 5342 in-

2226 5394 2555 5451 tentionibus
2595 5391 2993 5465 prrepedirent,
3022 5390 3162 5443 sicut
3191 5401 3258 5441 ne
3289 5398 3431 5440 nunc
3471 5382 3686 5451 quidem
3720 5391 3815 5434 vos

2224 5486 2357 5544 istos
2381 5486 2641 5542 absistere
2661 5483 2864 5539 insanis
2888 5480 3169 5537 conatibus
3192 5477 3327 5532 velle
3354 5472 3702 5545 perpenditis.

2738 5573 3009 5632 GELASII
3048 5572 3135 5628 PA
3144 5569 3251 5626 Pal!
3289 5568 3310 5622 l

2522 5663 2788 5709 aovusus
2826 5660 3160 5704 PELAGIANAI
3198 5654 3438 5698 usuusu:
3467 5638 3519 5696 *.

2222 5733 2547 5796 Demonstrat
2570 5733 2828 5788 hominem
2854 5745 2955 5785 non
2980 5727 3141 5782 virere
3165 5725 3272 5779 sine
3293 5729 3521 5790 peccato,
3545 5724 3591 5772 et
3619 5715 3813 5769 dictum

599 5868 619 5887 ‘
652 5854 804 5922 Hunc
832 5854 1027 5922 Gelasii
1070 5869 1353 5919 tractatum
1383 5878 1504 5918 cum
1534 5859 1769 5918 editione
1798 5858 1968 5931 Μωιεί
2009 5857 2299 5931 diligenter
2340 5854 2593 5915 collatum
2635 5854 2858 5920 damus,
2895 5852 2945 5907 in
2978 5848 3165 5909 multis
3195 5853 3373 5903 tamen
3420 5840 3724 5901 intricatum
3757 5846 3811 5913 et

526 5936 936 6009 pannum-um,
968 5944 1027 5993 ut
1048 5938 1166 6005 ipse
1194 5936 1359 5992 lector
1380 5934 1537 5994 facile
1555 5932 1771 5993 sentiet.
1807 5930 1959 5990 Eutr.
