  <div class='ocr_page' id='page_1' title='image "/cluster/home/n/w/nwhite01/storage/ocr_20150623/59/hvd.32044015471626/064.png"; bbox 0 0 4104 6356; ppageno 0'>
   <div class='ocr_carea' id='block_1_1' title="bbox 341 387 1956 457">
    <p class='ocr_par' dir='ltr' id='par_1_1' title="bbox 341 387 1956 457">
     <span class='ocr_line' id='line_1_1' title="bbox 341 387 1956 457; baseline -0.007 -2"><span class='ocrx_word' id='word_1_1' title='bbox 341 401 439 457; x_wconf 84' lang='lat' dir='ltr'><strong>H7</strong></span> <span class='ocrx_word' id='word_1_2' title='bbox 559 432 580 456; x_wconf 75' lang='lat'><em>.</em></span> <span class='ocrx_word' id='word_1_3' title='bbox 1541 388 1893 451; x_wconf 67' lang='lat' dir='ltr'><strong>El’ISTOL£</strong></span> <span class='ocrx_word' id='word_1_4' title='bbox 1934 387 1956 444; x_wconf 81' lang='grc' dir='ltr'><strong>Ι</strong></span> 
     </span>
    </p>
   </div>
   <div class='ocr_carea' id='block_1_2' title="bbox 2062 387 3618 457">
    <p class='ocr_par' dir='ltr' id='par_1_2' title="bbox 2067 388 3618 451">
     <span class='ocr_line' id='line_1_2' title="bbox 2067 388 3618 451; baseline 0.005 -9"><span class='ocrx_word' id='word_1_5' title='bbox 2067 388 2404 445; x_wconf 77' lang='lat' dir='ltr'><strong>DECRETA.</strong></span> <span class='ocrx_word' id='word_1_6' title='bbox 3515 395 3541 448; x_wconf 77' lang='lat' dir='ltr'><strong>i</strong></span> <span class='ocrx_word' id='word_1_7' title='bbox 3554 394 3618 451; x_wconf 61' lang='grc' dir='ltr'>ἐϋ</span> 
     </span>
    </p>
   </div>
   <div class='ocr_carea' id='block_1_3' title="bbox 381 492 3620 585">
    <p class='ocr_par' dir='ltr' id='par_1_3' title="bbox 381 492 3620 585">
     <span class='ocr_line' id='line_1_3' title="bbox 381 492 3620 585; baseline -0.001 -14"><span class='ocrx_word' id='word_1_8' title='bbox 381 503 1924 585; x_wconf 62' lang='lat' dir='ltr'><strong>apostoli:Virinﬁdclismrctiﬁcaturpermulierem/idcum</strong></span> <span class='ocrx_word' id='word_1_9' title='bbox 1958 506 2001 564; x_wconf 75' lang='grc' dir='ltr'><strong>Α</strong></span> <span class='ocrx_word' id='word_1_10' title='bbox 2032 502 2124 557; x_wconf 89' lang='lat' dir='ltr'><strong>lati</strong></span> <span class='ocrx_word' id='word_1_11' title='bbox 2170 504 2310 572; x_wconf 72' lang='grc' dir='ltr'><strong>Λευὶ</strong></span> <span class='ocrx_word' id='word_1_12' title='bbox 2370 506 2440 560; x_wconf 99' lang='lat' dir='ltr'><strong>sit</strong></span> <span class='ocrx_word' id='word_1_13' title='bbox 2501 507 2776 575; x_wconf 85' lang='lat' dir='ltr'><strong>praprium</strong></span> <span class='ocrx_word' id='word_1_14' title='bbox 2845 506 3046 562; x_wconf 86' lang='lat' dir='ltr'><strong>nullum</strong></span> <span class='ocrx_word' id='word_1_15' title='bbox 3098 520 3317 577; x_wconf 78' lang='lat' dir='ltr'><strong>prorsus</strong></span> <span class='ocrx_word' id='word_1_16' title='bbox 3366 492 3620 567; x_wconf 81' lang='lat' dir='ltr'><strong>habuisse</strong></span> 
     </span>
    </p>
   </div>
   <div class='ocr_carea' id='block_1_4' title="bbox 400 575 1956 673">
    <p class='ocr_par' dir='ltr' id='par_1_4' title="bbox 400 575 1914 656">
     <span class='ocr_line' id='line_1_4' title="bbox 400 575 1914 656; baseline -0.009 -14"><span class='ocrx_word' id='word_1_17' title='bbox 400 575 445 656; x_wconf 69' lang='grc' dir='ltr'><strong>(Ἰ</strong></span> <span class='ocrx_word' id='word_1_18' title='bbox 462 585 702 656; x_wconf 82' lang='lat' dir='ltr'><strong>Cor.vn),</strong></span> <span class='ocrx_word' id='word_1_19' title='bbox 717 575 841 653; x_wconf 61' lang='grc' dir='ltr'><strong>βιοῖ,</strong></span> <span class='ocrx_word' id='word_1_20' title='bbox 859 575 1251 654; x_wconf 76' lang='lat' dir='ltr'><strong>mysteriunique</strong></span> <span class='ocrx_word' id='word_1_21' title='bbox 1265 575 1650 641; x_wconf 61' lang='lat' dir='ltr'><strong>resurrectionis</strong></span> <span class='ocrx_word' id='word_1_22' title='bbox 1664 575 1914 631; x_wconf 75' lang='lat' dir='ltr'><strong>declarat.</strong></span> 
     </span>
    </p>
   </div>
   <div class='ocr_carea' id='block_1_5' title="bbox 2062 575 3623 673">
    <p class='ocr_par' dir='ltr' id='par_1_5' title="bbox 2062 575 3623 673">
     <span class='ocr_line' id='line_1_5' title="bbox 2062 575 3623 673; baseline 0.006 -22"><span class='ocrx_word' id='word_1_23' title='bbox 2062 605 2331 661; x_wconf 30' lang='lat' dir='ltr'><strong>ieeeatum,</strong></span> <span class='ocrx_word' id='word_1_24' title='bbox 2370 612 2437 651; x_wconf 88' lang='lat' dir='ltr'><strong>ne</strong></span> <span class='ocrx_word' id='word_1_25' title='bbox 2467 613 2575 654; x_wconf 86' lang='lat' dir='ltr'><strong>non</strong></span> <span class='ocrx_word' id='word_1_26' title='bbox 2607 600 2711 654; x_wconf 90' lang='lat' dir='ltr'><strong>soli</strong></span> <span class='ocrx_word' id='word_1_27' title='bbox 2739 600 2980 656; x_wconf 87' lang='lat' dir='ltr'><strong>videatur</strong></span> <span class='ocrx_word' id='word_1_28' title='bbox 3009 575 3129 657; x_wconf 81' lang='lat' dir='ltr'><strong>esse</strong></span> <span class='ocrx_word' id='word_1_29' title='bbox 3150 600 3540 673; x_wconf 88' lang='lat' dir='ltr'><strong>deputandum,</strong></span> <span class='ocrx_word' id='word_1_30' title='bbox 3572 607 3623 662; x_wconf 87' lang='lat' dir='ltr'><strong>si</strong></span> 
     </span>
    </p>
   </div>
   <div class='ocr_carea' id='block_1_6' title="bbox 413 690 3616 769">
    <p class='ocr_par' dir='ltr' id='par_1_6' title="bbox 413 690 3616 769">
     <span class='ocr_line' id='line_1_6' title="bbox 413 690 3616 769; baseline 0 -14"><span class='ocrx_word' id='word_1_31' title='bbox 413 699 490 755; x_wconf 88' lang='lat' dir='ltr'><strong>Dc</strong></span> <span class='ocrx_word' id='word_1_32' title='bbox 513 697 811 769; x_wconf 71' lang='lat' dir='ltr'><strong>Pelagianis</strong></span> <span class='ocrx_word' id='word_1_33' title='bbox 833 695 1047 766; x_wconf 84' lang='lat' dir='ltr'><strong>quidem</strong></span> <span class='ocrx_word' id='word_1_34' title='bbox 1075 694 1321 755; x_wconf 92' lang='lat' dir='ltr'><strong>sensibus</strong></span> <span class='ocrx_word' id='word_1_35' title='bbox 1346 690 1807 763; x_wconf 87' lang='lat' dir='ltr'><strong>blasphemiisque</strong></span> <span class='ocrx_word' id='word_1_36' title='bbox 1838 704 1925 743; x_wconf 84' lang='lat' dir='ltr'><strong>sa-</strong></span> <span class='ocrx_word' id='word_1_37' title='bbox 2026 695 2169 751; x_wconf 86' lang='lat' dir='ltr'><strong>alius</strong></span> <span class='ocrx_word' id='word_1_38' title='bbox 2195 693 2418 763; x_wconf 88' lang='lat' dir='ltr'><strong>quilibet</strong></span> <span class='ocrx_word' id='word_1_39' title='bbox 2456 703 2676 748; x_wconf 88' lang='lat' dir='ltr'><strong>sanctus</strong></span> <span class='ocrx_word' id='word_1_40' title='bbox 2714 710 2911 764; x_wconf 78' lang='lat' dir='ltr'><strong>expers</strong></span> <span class='ocrx_word' id='word_1_41' title='bbox 2937 696 3121 752; x_wconf 89' lang='lat' dir='ltr'><strong>delicti</strong></span> <span class='ocrx_word' id='word_1_42' title='bbox 3152 696 3317 753; x_wconf 85' lang='lat' dir='ltr'><strong>fuisse</strong></span> <span class='ocrx_word' id='word_1_43' title='bbox 3340 699 3616 755; x_wconf 77' lang='lat' dir='ltr'><strong>credatur.</strong></span> 
     </span>
    </p>
   </div>
   <div class='ocr_carea' id='block_1_7' title="bbox 337 786 3625 863">
    <p class='ocr_par' dir='ltr' id='par_1_7' title="bbox 337 786 3625 863">
     <span class='ocr_line' id='line_1_7' title="bbox 337 786 3625 863; baseline -0.002 -10"><span class='ocrx_word' id='word_1_44' title='bbox 337 793 582 863; x_wconf 86' lang='lat' dir='ltr'><strong>crilegis,</strong></span> <span class='ocrx_word' id='word_1_45' title='bbox 625 802 678 853; x_wconf 90' lang='lat' dir='ltr'><strong>et</strong></span> <span class='ocrx_word' id='word_1_46' title='bbox 716 794 856 863; x_wconf 86' lang='lat' dir='ltr'><strong>apud</strong></span> <span class='ocrx_word' id='word_1_47' title='bbox 896 790 1127 861; x_wconf 79' lang='lat' dir='ltr'><strong>majores</strong></span> <span class='ocrx_word' id='word_1_48' title='bbox 1152 798 1367 846; x_wconf 91' lang='lat' dir='ltr'><strong>nostros</strong></span> <span class='ocrx_word' id='word_1_49' title='bbox 1393 797 1501 843; x_wconf 90' lang='lat' dir='ltr'><strong>tam</strong></span> <span class='ocrx_word' id='word_1_50' title='bbox 1532 786 1729 841; x_wconf 82' lang='lat' dir='ltr'><strong>divinis</strong></span> <span class='ocrx_word' id='word_1_51' title='bbox 1756 798 1917 855; x_wconf 83' lang='lat' dir='ltr'><strong>quam</strong></span> <span class='ocrx_word' id='word_1_52' title='bbox 2030 787 2284 843; x_wconf 86' lang='lat' dir='ltr'><strong>Contenti</strong></span> <span class='ocrx_word' id='word_1_53' title='bbox 2312 791 2479 844; x_wconf 86' lang='lat' dir='ltr'><strong>simus</strong></span> <span class='ocrx_word' id='word_1_54' title='bbox 2508 800 2638 856; x_wconf 89' lang='lat' dir='ltr'><strong>ergo</strong></span> <span class='ocrx_word' id='word_1_55' title='bbox 2667 787 3005 856; x_wconf 78' lang='lat' dir='ltr'><strong>professione</strong></span> <span class='ocrx_word' id='word_1_56' title='bbox 3032 798 3370 855; x_wconf 75' lang='lat' dir='ltr'><strong>sanctorum;</strong></span> <span class='ocrx_word' id='word_1_57' title='bbox 3413 798 3469 845; x_wconf 88' lang='lat' dir='ltr'><strong>et</strong></span> <span class='ocrx_word' id='word_1_58' title='bbox 3492 791 3625 861; x_wconf 86' lang='lat' dir='ltr'><strong>quid</strong></span> 
     </span>
    </p>
   </div>
   <div class='ocr_carea' id='block_1_8' title="bbox 338 878 3619 956">
    <p class='ocr_par' dir='ltr' id='par_1_8' title="bbox 338 878 3619 956">
     <span class='ocr_line' id='line_1_8' title="bbox 338 878 3619 956; baseline -0.001 -11"><span class='ocrx_word' id='word_1_59' title='bbox 338 886 586 945; x_wconf 77' lang='lat' dir='ltr'><strong>humanis</strong></span> <span class='ocrx_word' id='word_1_60' title='bbox 628 886 837 956; x_wconf 82' lang='lat' dir='ltr'><strong>legibus</strong></span> <span class='ocrx_word' id='word_1_61' title='bbox 871 887 1017 956; x_wconf 87' lang='lat' dir='ltr'><strong>justa</strong></span> <span class='ocrx_word' id='word_1_62' title='bbox 1045 884 1384 942; x_wconf 81' lang='lat' dir='ltr'><strong>discussione</strong></span> <span class='ocrx_word' id='word_1_63' title='bbox 1411 880 1712 946; x_wconf 83' lang='lat' dir='ltr'><strong>damnatis,</strong></span> <span class='ocrx_word' id='word_1_64' title='bbox 1758 878 1923 935; x_wconf 88' lang='lat' dir='ltr'><strong>nimis</strong></span> <span class='ocrx_word' id='word_1_65' title='bbox 2030 882 2101 937; x_wconf 88' lang='lat' dir='ltr'><strong>dc</strong></span> <span class='ocrx_word' id='word_1_66' title='bbox 2127 896 2187 937; x_wconf 87' lang='lat' dir='ltr'><strong>se</strong></span> <span class='ocrx_word' id='word_1_67' title='bbox 2230 880 2331 950; x_wconf 91' lang='lat' dir='ltr'><strong>ipsi</strong></span> <span class='ocrx_word' id='word_1_68' title='bbox 2378 880 2547 949; x_wconf 85' lang='lat' dir='ltr'><strong>magis</strong></span> <span class='ocrx_word' id='word_1_69' title='bbox 2595 881 2942 950; x_wconf 85' lang='lat' dir='ltr'><strong>pronuntient</strong></span> <span class='ocrx_word' id='word_1_70' title='bbox 2966 883 3268 951; x_wconf 87' lang='lat' dir='ltr'><strong>audiamus,</strong></span> <span class='ocrx_word' id='word_1_71' title='bbox 3295 898 3455 955; x_wconf 82' lang='lat' dir='ltr'><strong>quam</strong></span> <span class='ocrx_word' id='word_1_72' title='bbox 3488 884 3619 955; x_wconf 89' lang='lat' dir='ltr'><strong>quid</strong></span> 
     </span>
    </p>
   </div>
   <div class='ocr_carea' id='block_1_9' title="bbox 341 971 3622 1050">
    <p class='ocr_par' dir='ltr' id='par_1_9' title="bbox 341 971 3622 1050">
     <span class='ocr_line' id='line_1_9' title="bbox 341 971 3622 1050; baseline -0.002 -14"><span class='ocrx_word' id='word_1_73' title='bbox 341 987 425 1037; x_wconf 85' lang='lat' dir='ltr'><strong>est</strong></span> <span class='ocrx_word' id='word_1_74' title='bbox 451 978 669 1050; x_wconf 82' lang='lat' dir='ltr'><strong>copiosa</strong></span> <span class='ocrx_word' id='word_1_75' title='bbox 708 980 967 1044; x_wconf 82' lang='lat' dir='ltr'><strong>materia;</strong></span> <span class='ocrx_word' id='word_1_76' title='bbox 1017 977 1140 1048; x_wconf 83' lang='lat' dir='ltr'><strong>quia</strong></span> <span class='ocrx_word' id='word_1_77' title='bbox 1186 985 1241 1033; x_wconf 91' lang='lat' dir='ltr'><strong>et</strong></span> <span class='ocrx_word' id='word_1_78' title='bbox 1281 976 1496 1035; x_wconf 88' lang='lat' dir='ltr'><strong>illorum</strong></span> <span class='ocrx_word' id='word_1_79' title='bbox 1526 983 1611 1031; x_wconf 85' lang='lat' dir='ltr'><strong>est</strong></span> <span class='ocrx_word' id='word_1_80' title='bbox 1641 972 1923 1042; x_wconf 81' lang='lat' dir='ltr'><strong>multiplex</strong></span> <span class='ocrx_word' id='word_1_81' title='bbox 2034 971 2693 1041; x_wconf 87' lang='lat' dir='ltr'><strong>veltemerecogitandum</strong></span> <span class='ocrx_word' id='word_1_82' title='bbox 2710 972 2802 1038; x_wconf 87' lang='lat' dir='ltr'><strong>sit,</strong></span> <span class='ocrx_word' id='word_1_83' title='bbox 2818 973 2898 1026; x_wconf 85' lang='lat' dir='ltr'><strong>vol</strong></span> <span class='ocrx_word' id='word_1_84' title='bbox 2917 976 3465 1044; x_wconf 88' lang='lat' dir='ltr'><strong>nostrisopinionibns</strong></span> <span class='ocrx_word' id='word_1_85' title='bbox 3489 992 3622 1031; x_wconf 84' lang='lat' dir='ltr'><strong>ven-</strong></span> 
     </span>
    </p>
   </div>
   <div class='ocr_carea' id='block_1_10' title="bbox 342 1069 1928 1143">
    <p class='ocr_par' dir='ltr' id='par_1_10' title="bbox 342 1069 1928 1143">
     <span class='ocr_line' id='line_1_10' title="bbox 342 1069 1928 1143; baseline -0.004 -15"><span class='ocrx_word' id='word_1_86' title='bbox 342 1072 637 1143; x_wconf 86' lang='lat' dir='ltr'><strong>perniciosa</strong></span> <span class='ocrx_word' id='word_1_87' title='bbox 672 1072 1014 1141; x_wconf 81' lang='lat' dir='ltr'><strong>perversitas,</strong></span> <span class='ocrx_word' id='word_1_88' title='bbox 1054 1086 1226 1141; x_wconf 90' lang='lat' dir='ltr'><strong>eoque</strong></span> <span class='ocrx_word' id='word_1_89' title='bbox 1253 1071 1554 1137; x_wconf 87' lang='lat' dir='ltr'><strong>nocentior,</strong></span> <span class='ocrx_word' id='word_1_90' title='bbox 1595 1084 1705 1139; x_wconf 89' lang='lat' dir='ltr'><strong>quo</strong></span> <span class='ocrx_word' id='word_1_91' title='bbox 1735 1069 1928 1125; x_wconf 87' lang='lat' dir='ltr'><strong>verisi-</strong></span> 
     </span>
    </p>
   </div>
   <div class='ocr_carea' id='block_1_11' title="bbox 343 1163 1929 1234">
    <p class='ocr_par' dir='ltr' id='par_1_11' title="bbox 343 1163 1929 1234">
     <span class='ocr_line' id='line_1_11' title="bbox 343 1163 1929 1234; baseline -0.002 -14"><span class='ocrx_word' id='word_1_92' title='bbox 343 1163 657 1221; x_wconf 88' lang='lat' dir='ltr'><strong>militudinis</strong></span> <span class='ocrx_word' id='word_1_93' title='bbox 686 1166 868 1223; x_wconf 87' lang='lat' dir='ltr'><strong>colore</strong></span> <span class='ocrx_word' id='word_1_94' title='bbox 894 1164 1166 1231; x_wconf 84' lang='lat' dir='ltr'><strong>subtilior,</strong></span> <span class='ocrx_word' id='word_1_95' title='bbox 1197 1178 1356 1234; x_wconf 85' lang='lat' dir='ltr'><strong>quam</strong></span> <span class='ocrx_word' id='word_1_96' title='bbox 1396 1164 1466 1221; x_wconf 84' lang='lat' dir='ltr'><strong>de</strong></span> <span class='ocrx_word' id='word_1_97' title='bbox 1510 1163 1679 1233; x_wconf 85' lang='lat' dir='ltr'><strong>ipsius</strong></span> <span class='ocrx_word' id='word_1_98' title='bbox 1708 1163 1929 1219; x_wconf 81' lang='lat' dir='ltr'><strong>humani</strong></span> 
     </span>
    </p>
   </div>
   <div class='ocr_carea' id='block_1_12' title="bbox 2034 1066 3626 1124">
    <p class='ocr_par' dir='ltr' id='par_1_12' title="bbox 2034 1066 3626 1124">
     <span class='ocr_line' id='line_1_12' title="bbox 2034 1066 3626 1124; baseline 0.001 0"><span class='ocrx_word' id='word_1_99' title='bbox 2034 1067 2295 1124; x_wconf 89' lang='lat' dir='ltr'><strong>tilandum</strong></span> <span class='ocrx_word' id='word_1_100' title='bbox 2338 1067 2458 1121; x_wconf 81' lang='lat' dir='ltr'><strong>sine</strong></span> <span class='ocrx_word' id='word_1_101' title='bbox 2479 1075 2626 1121; x_wconf 84' lang='lat' dir='ltr'><strong>certa</strong></span> <span class='ocrx_word' id='word_1_102' title='bbox 2650 1066 2973 1121; x_wconf 85' lang='lat' dir='ltr'><strong>auctoritate</strong></span> <span class='ocrx_word' id='word_1_103' title='bbox 2993 1075 3283 1121; x_wconf 81' lang='lat' dir='ltr'><strong>sectemur.</strong></span> <span class='ocrx_word' id='word_1_104' title='bbox 3309 1068 3419 1123; x_wconf 89' lang='lat' dir='ltr'><strong>Cur</strong></span> <span class='ocrx_word' id='word_1_105' title='bbox 3446 1079 3626 1124; x_wconf 88' lang='lat' dir='ltr'><strong>autem</strong></span> 
     </span>
    </p>
   </div>
   <div class='ocr_carea' id='block_1_13' title="bbox 2034 1158 3627 1230">
    <p class='ocr_par' dir='ltr' id='par_1_13' title="bbox 2034 1158 3627 1230">
     <span class='ocr_line' id='line_1_13' title="bbox 2034 1158 3627 1230; baseline -0.001 -13"><span class='ocrx_word' id='word_1_106' title='bbox 2034 1176 2155 1217; x_wconf 90' lang='lat' dir='ltr'><strong>cum</strong></span> <span class='ocrx_word' id='word_1_107' title='bbox 2171 1160 2311 1215; x_wconf 85' lang='lat' dir='ltr'><strong>Deus</strong></span> <span class='ocrx_word' id='word_1_108' title='bbox 2324 1159 2668 1227; x_wconf 83' lang='lat' dir='ltr'><strong>omnipotens</strong></span> <span class='ocrx_word' id='word_1_109' title='bbox 2685 1168 2804 1227; x_wconf 87' lang='lat' dir='ltr'><strong>post</strong></span> <span class='ocrx_word' id='word_1_110' title='bbox 2822 1158 3136 1230; x_wconf 86' lang='lat' dir='ltr'><strong>mysterium</strong></span> <span class='ocrx_word' id='word_1_111' title='bbox 3156 1163 3512 1230; x_wconf 87' lang='lat' dir='ltr'><strong>reparationis</strong></span> <span class='ocrx_word' id='word_1_112' title='bbox 3529 1164 3627 1217; x_wconf 89' lang='lat' dir='ltr'><strong>hu-</strong></span> 
     </span>
    </p>
   </div>
   <div class='ocr_carea' id='block_1_14' title="bbox 342 1252 3627 1331">
    <p class='ocr_par' dir='ltr' id='par_1_14' title="bbox 342 1252 3627 1331">
     <span class='ocr_line' id='line_1_14' title="bbox 342 1252 3627 1331; baseline -0.001 -16"><span class='ocrx_word' id='word_1_113' title='bbox 342 1259 558 1331; x_wconf 83' lang='lat' dir='ltr'><strong>generis</strong></span> <span class='ocrx_word' id='word_1_114' title='bbox 590 1259 851 1329; x_wconf 83' lang='lat' dir='ltr'><strong>principe,</strong></span> <span class='ocrx_word' id='word_1_115' title='bbox 893 1273 1058 1329; x_wconf 81' lang='lat' dir='ltr'><strong>pravo</strong></span> <span class='ocrx_word' id='word_1_116' title='bbox 1094 1260 1415 1327; x_wconf 85' lang='lat' dir='ltr'><strong>funestoque</strong></span> <span class='ocrx_word' id='word_1_117' title='bbox 1444 1269 1779 1326; x_wconf 84' lang='lat' dir='ltr'><strong>commento,</strong></span> <span class='ocrx_word' id='word_1_118' title='bbox 1824 1275 1927 1316; x_wconf 92' lang='lat' dir='ltr'><strong>non</strong></span> <span class='ocrx_word' id='word_1_119' title='bbox 2039 1272 2210 1312; x_wconf 78' lang='lat' dir='ltr'><strong>mante</strong></span> <span class='ocrx_word' id='word_1_120' title='bbox 2226 1256 2386 1310; x_wconf 89' lang='lat' dir='ltr'><strong>etiam</strong></span> <span class='ocrx_word' id='word_1_121' title='bbox 2421 1254 2476 1309; x_wconf 88' lang='lat' dir='ltr'><strong>id</strong></span> <span class='ocrx_word' id='word_1_122' title='bbox 2508 1254 2712 1309; x_wconf 86' lang='lat' dir='ltr'><strong>homini</strong></span> <span class='ocrx_word' id='word_1_123' title='bbox 2742 1252 2991 1309; x_wconf 90' lang='lat' dir='ltr'><strong>conferre</strong></span> <span class='ocrx_word' id='word_1_124' title='bbox 3019 1254 3429 1323; x_wconf 81' lang='lat' dir='ltr'><strong>putuerit,utab</strong></span> <span class='ocrx_word' id='word_1_125' title='bbox 3454 1258 3627 1312; x_wconf 87' lang='lat' dir='ltr'><strong>omni-</strong></span> 
     </span>
    </p>
   </div>
   <div class='ocr_carea' id='block_1_15' title="bbox 344 1346 3629 1422">
    <p class='ocr_par' dir='ltr' id='par_1_15' title="bbox 344 1346 3629 1422">
     <span class='ocr_line' id='line_1_15' title="bbox 344 1346 3629 1422; baseline -0.002 -13"><span class='ocrx_word' id='word_1_126' title='bbox 344 1349 449 1409; x_wconf 82' lang='lat' dir='ltr'><strong>t‘ite</strong></span> <span class='ocrx_word' id='word_1_127' title='bbox 477 1360 792 1420; x_wconf 75' lang='lat' dir='ltr'><strong>conceptam</strong></span> <span class='ocrx_word' id='word_1_128' title='bbox 834 1366 1013 1409; x_wconf 84' lang='lat' dir='ltr'><strong>rerum</strong></span> <span class='ocrx_word' id='word_1_129' title='bbox 1048 1352 1495 1422; x_wconf 86' lang='lat' dir='ltr'><strong>consequentium</strong></span> <span class='ocrx_word' id='word_1_130' title='bbox 1525 1353 1820 1409; x_wconf 82' lang='lat' dir='ltr'><strong>mendaciis</strong></span> <span class='ocrx_word' id='word_1_131' title='bbox 1851 1364 1930 1409; x_wconf 86' lang='lat' dir='ltr'><strong>te-</strong></span> <span class='ocrx_word' id='word_1_132' title='bbox 2038 1350 2139 1404; x_wconf 89' lang='lat' dir='ltr'><strong>bus</strong></span> <span class='ocrx_word' id='word_1_133' title='bbox 2165 1348 2387 1403; x_wconf 89' lang='lat' dir='ltr'><strong>omnino</strong></span> <span class='ocrx_word' id='word_1_134' title='bbox 2405 1348 2549 1402; x_wconf 81' lang='lat' dir='ltr'><strong>vitiis</strong></span> <span class='ocrx_word' id='word_1_135' title='bbox 2576 1346 3007 1412; x_wconf 87' lang='lat' dir='ltr'><strong>essetimmunis,</strong></span> <span class='ocrx_word' id='word_1_136' title='bbox 3034 1347 3477 1404; x_wconf 85' lang='lat' dir='ltr'><strong>malueritﬁdeles</strong></span> <span class='ocrx_word' id='word_1_137' title='bbox 3500 1363 3629 1405; x_wconf 88' lang='lat' dir='ltr'><strong>suos</strong></span> 
     </span>
    </p>
   </div>
   <div class='ocr_carea' id='block_1_16' title="bbox 347 1440 3629 1518">
    <p class='ocr_par' dir='ltr' id='par_1_16' title="bbox 347 1440 3629 1518">
     <span class='ocr_line' id='line_1_16' title="bbox 347 1440 3629 1518; baseline -0.001 -19"><span class='ocrx_word' id='word_1_138' title='bbox 347 1454 598 1503; x_wconf 75' lang='lat' dir='ltr'><strong>suerunt.</strong></span> <span class='ocrx_word' id='word_1_139' title='bbox 646 1444 873 1511; x_wconf 80' lang='lat' dir='ltr'><strong>Necesse</strong></span> <span class='ocrx_word' id='word_1_140' title='bbox 903 1454 986 1503; x_wconf 80' lang='lat' dir='ltr'><strong>est</strong></span> <span class='ocrx_word' id='word_1_141' title='bbox 1013 1444 1157 1503; x_wconf 87' lang='lat' dir='ltr'><strong>enim</strong></span> <span class='ocrx_word' id='word_1_142' title='bbox 1190 1454 1248 1501; x_wconf 88' lang='lat' dir='ltr'><strong>ut</strong></span> <span class='ocrx_word' id='word_1_143' title='bbox 1273 1447 1363 1516; x_wconf 89' lang='lat' dir='ltr'><strong>qui</strong></span> <span class='ocrx_word' id='word_1_144' title='bbox 1394 1462 1420 1500; x_wconf 86' lang='lat' dir='ltr'><strong>a</strong></span> <span class='ocrx_word' id='word_1_145' title='bbox 1452 1448 1718 1518; x_wconf 86' lang='lat' dir='ltr'><strong>principio</strong></span> <span class='ocrx_word' id='word_1_146' title='bbox 1748 1449 1934 1504; x_wconf 89' lang='lat' dir='ltr'><strong>devia-</strong></span> <span class='ocrx_word' id='word_1_147' title='bbox 2037 1446 2219 1499; x_wconf 87' lang='lat' dir='ltr'><strong>salvos</strong></span> <span class='ocrx_word' id='word_1_148' title='bbox 2247 1442 2456 1506; x_wconf 88' lang='lat' dir='ltr'><strong>ﬁeri,ct</strong></span> <span class='ocrx_word' id='word_1_149' title='bbox 2471 1450 2785 1510; x_wconf 85' lang='lat' dir='ltr'><strong>exspectare</strong></span> <span class='ocrx_word' id='word_1_150' title='bbox 2810 1440 3057 1508; x_wconf 65' lang='lat' dir='ltr'><strong>perfecta!</strong></span> <span class='ocrx_word' id='word_1_151' title='bbox 3081 1440 3427 1496; x_wconf 84' lang='lat' dir='ltr'><strong>beatitudinis</strong></span> <span class='ocrx_word' id='word_1_152' title='bbox 3460 1441 3629 1497; x_wconf 86' lang='lat' dir='ltr'><strong>ﬁrmi-</strong></span> 
     </span>
    </p>
   </div>
   <div class='ocr_carea' id='block_1_17' title="bbox 346 1533 3632 1612">
    <p class='ocr_par' dir='ltr' id='par_1_17' title="bbox 346 1533 3632 1612">
     <span class='ocr_line' id='line_1_17' title="bbox 346 1533 3632 1612; baseline -0.002 -15"><span class='ocrx_word' id='word_1_153' title='bbox 346 1539 419 1597; x_wconf 84' lang='lat' dir='ltr'><strong>rit</strong></span> <span class='ocrx_word' id='word_1_154' title='bbox 463 1538 531 1595; x_wconf 88' lang='lat' dir='ltr'><strong>ab</strong></span> <span class='ocrx_word' id='word_1_155' title='bbox 573 1538 781 1608; x_wconf 83' lang='lat' dir='ltr'><strong>integro</strong></span> <span class='ocrx_word' id='word_1_156' title='bbox 828 1541 1063 1606; x_wconf 84' lang='lat' dir='ltr'><strong>tramite,</strong></span> <span class='ocrx_word' id='word_1_157' title='bbox 1103 1554 1270 1610; x_wconf 86' lang='lat' dir='ltr'><strong>vagus</strong></span> <span class='ocrx_word' id='word_1_158' title='bbox 1318 1541 1515 1611; x_wconf 85' lang='lat' dir='ltr'><strong>ubique</strong></span> <span class='ocrx_word' id='word_1_159' title='bbox 1560 1544 1932 1612; x_wconf 74' lang='lat' dir='ltr'><strong>progrediens,</strong></span> <span class='ocrx_word' id='word_1_160' title='bbox 2042 1533 2749 1603; x_wconf 83' lang='lat' dir='ltr'><strong>tutem,utqnodsperando</strong></span> <span class='ocrx_word' id='word_1_161' title='bbox 2766 1533 3338 1601; x_wconf 79' lang='lat' dir='ltr'><strong>desideramus,rebus</strong></span> <span class='ocrx_word' id='word_1_162' title='bbox 3364 1536 3632 1603; x_wconf 83' lang='lat' dir='ltr'><strong>possimus</strong></span> 
     </span>
    </p>
   </div>
   <div class='ocr_carea' id='block_1_18' title="bbox 338 1624 3634 1705">
    <p class='ocr_par' dir='ltr' id='par_1_18' title="bbox 338 1624 3634 1705">
     <span class='ocr_line' id='line_1_18' title="bbox 338 1624 3634 1705; baseline -0.002 -16"><span class='ocrx_word' id='word_1_163' title='bbox 338 1636 552 1704; x_wconf 80' lang='lat' dir='ltr'><strong>‘quaato</strong></span> <span class='ocrx_word' id='word_1_164' title='bbox 589 1648 649 1693; x_wconf 82' lang='lat' dir='ltr'><strong>se</strong></span> <span class='ocrx_word' id='word_1_165' title='bbox 682 1647 903 1691; x_wconf 89' lang='lat' dir='ltr'><strong>currere</strong></span> <span class='ocrx_word' id='word_1_166' title='bbox 930 1631 1122 1689; x_wconf 88' lang='lat' dir='ltr'><strong>fortius</strong></span> <span class='ocrx_word' id='word_1_167' title='bbox 1152 1642 1334 1702; x_wconf 84' lang='lat' dir='ltr'><strong>putet,</strong></span> <span class='ocrx_word' id='word_1_168' title='bbox 1387 1643 1534 1691; x_wconf 88' lang='lat' dir='ltr'><strong>tanto</strong></span> <span class='ocrx_word' id='word_1_169' title='bbox 1584 1637 1705 1705; x_wconf 92' lang='lat' dir='ltr'><strong>plus</strong></span> <span class='ocrx_word' id='word_1_170' title='bbox 1749 1648 1933 1702; x_wconf 77' lang='lat' dir='ltr'><strong>erret;</strong></span> <span class='ocrx_word' id='word_1_171' title='bbox 2040 1624 3634 1697; x_wconf 78' lang='lat' dir='ltr'><strong>adipisci;censueritqucnuncperlicerentintlrmitatevir-</strong></span> 
     </span>
    </p>
   </div>
   <div class='ocr_carea' id='block_1_19' title="bbox 344 1719 3635 1797">
    <p class='ocr_par' dir='ltr' id='par_1_19' title="bbox 344 1719 3635 1797">
     <span class='ocr_line' id='line_1_19' title="bbox 344 1719 3635 1797; baseline -0.001 -17"><span class='ocrx_word' id='word_1_172' title='bbox 344 1737 406 1787; x_wconf 83' lang='lat' dir='ltr'><strong>et</strong></span> <span class='ocrx_word' id='word_1_173' title='bbox 446 1728 502 1783; x_wconf 91' lang='lat' dir='ltr'><strong>in</strong></span> <span class='ocrx_word' id='word_1_174' title='bbox 543 1726 626 1785; x_wconf 85' lang='lat' dir='ltr'><strong>his</strong></span> <span class='ocrx_word' id='word_1_175' title='bbox 675 1734 732 1781; x_wconf 92' lang='lat' dir='ltr'><strong>ut</strong></span> <span class='ocrx_word' id='word_1_176' title='bbox 776 1727 1034 1796; x_wconf 86' lang='lat' dir='ltr'><strong>competit</strong></span> <span class='ocrx_word' id='word_1_177' title='bbox 1072 1726 1367 1782; x_wconf 84' lang='lat' dir='ltr'><strong>refutandis</strong></span> <span class='ocrx_word' id='word_1_178' title='bbox 1405 1728 1698 1797; x_wconf 86' lang='lat' dir='ltr'><strong>disputatio</strong></span> <span class='ocrx_word' id='word_1_179' title='bbox 1736 1732 1937 1797; x_wconf 72' lang='lat' dir='ltr'><strong>prolixa</strong></span> <span class='ocrx_word' id='word_1_180' title='bbox 2047 1732 2413 1791; x_wconf 83' lang='lat' dir='ltr'><strong>tutem,quam</strong></span> <span class='ocrx_word' id='word_1_181' title='bbox 2446 1719 2667 1773; x_wconf 86' lang='lat' dir='ltr'><strong>remotis</strong></span> <span class='ocrx_word' id='word_1_182' title='bbox 2697 1719 3098 1774; x_wconf 89' lang='lat' dir='ltr'><strong>inﬁrmitatibus</strong></span> <span class='ocrx_word' id='word_1_183' title='bbox 3123 1720 3410 1777; x_wconf 81' lang='lat' dir='ltr'><strong>humanam</strong></span> <span class='ocrx_word' id='word_1_184' title='bbox 3448 1722 3635 1778; x_wconf 83' lang='lat' dir='ltr'><strong>condi-</strong></span> 
     </span>
    </p>
   </div>
   <div class='ocr_carea' id='block_1_20' title="bbox 348 1814 3634 1890">
    <p class='ocr_par' dir='ltr' id='par_1_20' title="bbox 348 1814 3634 1890">
     <span class='ocr_line' id='line_1_20' title="bbox 348 1814 3634 1890; baseline -0.001 -15"><span class='ocrx_word' id='word_1_185' title='bbox 348 1818 547 1877; x_wconf 83' lang='lat' dir='ltr'><strong>debeat</strong></span> <span class='ocrx_word' id='word_1_186' title='bbox 566 1818 809 1875; x_wconf 82' lang='lat' dir='ltr'><strong>adhiberi</strong></span> <span class='ocrx_word' id='word_1_187' title='bbox 836 1836 848 1871; x_wconf 87' lang='lat'>:</span> <span class='ocrx_word' id='word_1_188' title='bbox 875 1822 1126 1888; x_wconf 89' lang='lat' dir='ltr'><strong>quoniam</strong></span> <span class='ocrx_word' id='word_1_189' title='bbox 1147 1819 1364 1887; x_wconf 85' lang='lat' dir='ltr'><strong>quidem</strong></span> <span class='ocrx_word' id='word_1_190' title='bbox 1386 1820 1639 1890; x_wconf 77' lang='lat' dir='ltr'><strong>perfecta:</strong></span> <span class='ocrx_word' id='word_1_191' title='bbox 1660 1822 1941 1878; x_wconf 70' lang='lat' dir='ltr'><strong>medicina:</strong></span> <span class='ocrx_word' id='word_1_192' title='bbox 2048 1819 2249 1873; x_wconf 89' lang='lat' dir='ltr'><strong>tionem</strong></span> <span class='ocrx_word' id='word_1_193' title='bbox 2290 1817 2432 1871; x_wconf 89' lang='lat' dir='ltr'><strong>nulla</strong></span> <span class='ocrx_word' id='word_1_194' title='bbox 2471 1816 2675 1870; x_wconf 88' lang='lat' dir='ltr'><strong>sineret</strong></span> <span class='ocrx_word' id='word_1_195' title='bbox 2717 1815 2989 1883; x_wconf 82' lang='lat' dir='ltr'><strong>languoris</strong></span> <span class='ocrx_word' id='word_1_196' title='bbox 3017 1814 3377 1885; x_wconf 84' lang='lat' dir='ltr'><strong>exagitatione</strong></span> <span class='ocrx_word' id='word_1_197' title='bbox 3406 1817 3634 1886; x_wconf 86' lang='lat' dir='ltr'><strong>pulsari.</strong></span> 
     </span>
    </p>
   </div>
   <div class='ocr_carea' id='block_1_21' title="bbox 354 1894 3638 1981">
    <p class='ocr_par' dir='ltr' id='par_1_21' title="bbox 354 1894 3638 1981">
     <span class='ocr_line' id='line_1_21' title="bbox 354 1894 3638 1981; baseline 0.001 -15"><span class='ocrx_word' id='word_1_198' title='bbox 354 1924 481 1966; x_wconf 78' lang='lat' dir='ltr'><strong>mos</strong></span> <span class='ocrx_word' id='word_1_199' title='bbox 509 1919 591 1965; x_wconf 84' lang='lat' dir='ltr'><strong>est</strong></span> <span class='ocrx_word' id='word_1_200' title='bbox 619 1910 878 1978; x_wconf 77' lang='lat' dir='ltr'><strong>originem</strong></span> <span class='ocrx_word' id='word_1_201' title='bbox 911 1910 993 1963; x_wconf 88' lang='lat' dir='ltr'><strong>vel</strong></span> <span class='ocrx_word' id='word_1_202' title='bbox 1034 1911 1335 1981; x_wconf 73' lang='lat' dir='ltr'><strong>intelligere</strong></span> <span class='ocrx_word' id='word_1_203' title='bbox 1377 1912 1529 1981; x_wconf 86' lang='lat' dir='ltr'><strong>prius</strong></span> <span class='ocrx_word' id='word_1_204' title='bbox 1568 1914 1652 1968; x_wconf 82' lang='lat' dir='ltr'><strong>vel</strong></span> <span class='ocrx_word' id='word_1_205' title='bbox 1699 1929 1945 1970; x_wconf 79' lang='lat' dir='ltr'><strong>reserare</strong></span> <span class='ocrx_word' id='word_1_206' title='bbox 1977 1894 2025 1958; x_wconf 76' lang='grc' dir='ltr'><strong>Β</strong></span> <span class='ocrx_word' id='word_1_207' title='bbox 2121 1910 2389 1976; x_wconf 81' lang='lat' dir='ltr'><strong>Quantum</strong></span> <span class='ocrx_word' id='word_1_208' title='bbox 2423 1906 2681 1962; x_wconf 85' lang='lat' dir='ltr'><strong>Dominus</strong></span> <span class='ocrx_word' id='word_1_209' title='bbox 2712 1906 3051 1973; x_wconf 73' lang='lat' dir='ltr'><strong>ministrarit.</strong></span> <span class='ocrx_word' id='word_1_210' title='bbox 3084 1915 3142 1960; x_wconf 79' lang='grc' dir='ltr'><strong>ιιι</strong></span> <span class='ocrx_word' id='word_1_211' title='bbox 3169 1908 3445 1977; x_wconf 63' lang='lat' dir='ltr'><strong>compelli.</strong></span> <span class='ocrx_word' id='word_1_212' title='bbox 3471 1908 3638 1965; x_wconf 69' lang='lat' dir='ltr'><strong>disse-</strong></span> 
     </span>
    </p>
   </div>
   <div class='ocr_carea' id='block_1_22' title="bbox 362 1998 3639 2073">
    <p class='ocr_par' dir='ltr' id='par_1_22' title="bbox 362 1998 3639 2073">
     <span class='ocr_line' id='line_1_22' title="bbox 362 1998 3639 2073; baseline -0.001 -15"><span class='ocrx_word' id='word_1_213' title='bbox 362 2002 694 2067; x_wconf 86' lang='lat' dir='ltr'><strong>morborum,</strong></span> <span class='ocrx_word' id='word_1_214' title='bbox 718 2005 901 2073; x_wconf 81' lang='lat' dir='ltr'><strong>eisque</strong></span> <span class='ocrx_word' id='word_1_215' title='bbox 928 2004 1208 2072; x_wconf 88' lang='lat' dir='ltr'><strong>patefactis</strong></span> <span class='ocrx_word' id='word_1_216' title='bbox 1239 2004 1502 2063; x_wconf 81' lang='lat' dir='ltr'><strong>medelam</strong></span> <span class='ocrx_word' id='word_1_217' title='bbox 1526 2008 1795 2063; x_wconf 84' lang='lat' dir='ltr'><strong>coniicere</strong></span> <span class='ocrx_word' id='word_1_218' title='bbox 1816 2024 1945 2064; x_wconf 85' lang='lat' dir='ltr'><strong>con-</strong></span> <span class='ocrx_word' id='word_1_219' title='bbox 2050 2013 2199 2059; x_wconf 87' lang='lat' dir='ltr'><strong>retur</strong></span> <span class='ocrx_word' id='word_1_220' title='bbox 2228 2002 2627 2069; x_wconf 85' lang='lat' dir='ltr'><strong>Scripturarnm</strong></span> <span class='ocrx_word' id='word_1_221' title='bbox 2675 1998 3167 2062; x_wconf 86' lang='lat' dir='ltr'><strong>testiﬁcationibus,</strong></span> <span class='ocrx_word' id='word_1_222' title='bbox 3193 2009 3381 2055; x_wconf 89' lang='lat' dir='ltr'><strong>contra</strong></span> <span class='ocrx_word' id='word_1_223' title='bbox 3414 2016 3639 2070; x_wconf 83' lang='lat' dir='ltr'><strong>quarum</strong></span> 
     </span>
    </p>
   </div>
   <div class='ocr_carea' id='block_1_23' title="bbox 356 2092 3641 2166">
    <p class='ocr_par' dir='ltr' id='par_1_23' title="bbox 356 2092 3641 2166">
     <span class='ocr_line' id='line_1_23' title="bbox 356 2092 3641 2166; baseline -0.001 -16"><span class='ocrx_word' id='word_1_224' title='bbox 356 2106 675 2166; x_wconf 85' lang='lat' dir='ltr'><strong>gruentem;</strong></span> <span class='ocrx_word' id='word_1_225' title='bbox 726 2111 847 2166; x_wconf 62' lang='lat' dir='ltr'><strong>quae</strong></span> <span class='ocrx_word' id='word_1_226' title='bbox 884 2106 1104 2161; x_wconf 75' lang='lat' dir='ltr'><strong>cuncta,</strong></span> <span class='ocrx_word' id='word_1_227' title='bbox 1147 2096 1192 2151; x_wconf 88' lang='lat' dir='ltr'><strong>si</strong></span> <span class='ocrx_word' id='word_1_228' title='bbox 1235 2098 1494 2154; x_wconf 83' lang='lat' dir='ltr'><strong>Dominus</strong></span> <span class='ocrx_word' id='word_1_229' title='bbox 1524 2100 1685 2154; x_wconf 89' lang='lat' dir='ltr'><strong>vitam</strong></span> <span class='ocrx_word' id='word_1_230' title='bbox 1714 2100 1946 2157; x_wconf 87' lang='lat' dir='ltr'><strong>faculta-</strong></span> <span class='ocrx_word' id='word_1_231' title='bbox 2050 2106 2291 2152; x_wconf 84' lang='lat' dir='ltr'><strong>tenorem</strong></span> <span class='ocrx_word' id='word_1_232' title='bbox 2321 2093 2455 2149; x_wconf 88' lang='lat' dir='ltr'><strong>nihil</strong></span> <span class='ocrx_word' id='word_1_233' title='bbox 2485 2104 2569 2150; x_wconf 88' lang='lat' dir='ltr'><strong>est</strong></span> <span class='ocrx_word' id='word_1_234' title='bbox 2594 2092 2801 2149; x_wconf 83' lang='lat' dir='ltr'><strong>temere</strong></span> <span class='ocrx_word' id='word_1_235' title='bbox 2829 2092 3184 2161; x_wconf 88' lang='lat' dir='ltr'><strong>proﬁtendum</strong></span> <span class='ocrx_word' id='word_1_236' title='bbox 3216 2107 3380 2161; x_wconf 87' lang='lat' dir='ltr'><strong>super</strong></span> <span class='ocrx_word' id='word_1_237' title='bbox 3410 2093 3491 2147; x_wconf 87' lang='lat' dir='ltr'><strong>his</strong></span> <span class='ocrx_word' id='word_1_238' title='bbox 3516 2106 3641 2148; x_wconf 84' lang='lat' dir='ltr'><strong>sen-</strong></span> 
     </span>
    </p>
   </div>
   <div class='ocr_carea' id='block_1_24' title="bbox 359 2184 3640 2267">
    <p class='ocr_par' dir='ltr' id='par_1_24' title="bbox 359 2184 3640 2267">
     <span class='ocr_line' id='line_1_24' title="bbox 359 2184 3640 2267; baseline -0.001 -24"><span class='ocrx_word' id='word_1_239' title='bbox 359 2199 576 2258; x_wconf 86' lang='lat' dir='ltr'><strong>tetnque</strong></span> <span class='ocrx_word' id='word_1_240' title='bbox 609 2189 885 2255; x_wconf 85' lang='lat' dir='ltr'><strong>tribuerit,</strong></span> <span class='ocrx_word' id='word_1_241' title='bbox 937 2189 989 2243; x_wconf 90' lang='lat' dir='ltr'><strong>in</strong></span> <span class='ocrx_word' id='word_1_242' title='bbox 1036 2198 1292 2257; x_wconf 86' lang='lat' dir='ltr'><strong>quantum</strong></span> <span class='ocrx_word' id='word_1_243' title='bbox 1322 2189 1531 2245; x_wconf 67' lang='lat' dir='ltr'><strong>caelesti</strong></span> <span class='ocrx_word' id='word_1_244' title='bbox 1558 2207 1685 2249; x_wconf 86' lang='lat' dir='ltr'><strong>rore</strong></span> <span class='ocrx_word' id='word_1_245' title='bbox 1712 2196 1943 2263; x_wconf 74' lang='lat' dir='ltr'><strong>vegetari</strong></span> <span class='ocrx_word' id='word_1_246' title='bbox 2044 2188 2195 2243; x_wconf 86' lang='lat' dir='ltr'><strong>sibus</strong></span> <span class='ocrx_word' id='word_1_247' title='bbox 2218 2187 2443 2242; x_wconf 83' lang='lat' dir='ltr'><strong>erudiri.</strong></span> <span class='ocrx_word' id='word_1_248' title='bbox 2467 2184 2690 2241; x_wconf 85' lang='lat' dir='ltr'><strong>Constat</strong></span> <span class='ocrx_word' id='word_1_249' title='bbox 2718 2186 2770 2267; x_wconf 81' lang='lat' dir='ltr'><strong>in</strong></span> <span class='ocrx_word' id='word_1_250' title='bbox 2797 2185 2913 2256; x_wconf 87' lang='lat' dir='ltr'><strong>ipso</strong></span> <span class='ocrx_word' id='word_1_251' title='bbox 2935 2184 3109 2253; x_wconf 87' lang='lat' dir='ltr'><strong>primo</strong></span> <span class='ocrx_word' id='word_1_252' title='bbox 3132 2185 3348 2239; x_wconf 84' lang='lat' dir='ltr'><strong>homine</strong></span> <span class='ocrx_word' id='word_1_253' title='bbox 3368 2184 3640 2241; x_wconf 82' lang='lat' dir='ltr'><strong>Christum</strong></span> 
     </span>
    </p>
   </div>
   <div class='ocr_carea' id='block_1_25' title="bbox 357 2277 3641 2351">
    <p class='ocr_par' dir='ltr' id='par_1_25' title="bbox 357 2277 3641 2351">
     <span class='ocr_line' id='line_1_25' title="bbox 357 2277 3641 2351; baseline -0.001 -15"><span class='ocrx_word' id='word_1_254' title='bbox 357 2279 689 2348; x_wconf 83' lang='lat' dir='ltr'><strong>valebimus,</strong></span> <span class='ocrx_word' id='word_1_255' title='bbox 736 2281 870 2339; x_wconf 88' lang='lat' dir='ltr'><strong>alias</strong></span> <span class='ocrx_word' id='word_1_256' title='bbox 916 2282 1201 2336; x_wconf 84' lang='lat' dir='ltr'><strong>moliemur</strong></span> <span class='ocrx_word' id='word_1_257' title='bbox 1228 2282 1521 2351; x_wconf 82' lang='lat' dir='ltr'><strong>explicare.</strong></span> <span class='ocrx_word' id='word_1_258' title='bbox 1573 2283 1725 2339; x_wconf 81' lang='lat' dir='ltr'><strong>Nune</strong></span> <span class='ocrx_word' id='word_1_259' title='bbox 1763 2294 1942 2341; x_wconf 87' lang='lat' dir='ltr'><strong>autem</strong></span> <span class='ocrx_word' id='word_1_260' title='bbox 2046 2291 2101 2337; x_wconf 89' lang='lat' dir='ltr'><strong>et</strong></span> <span class='ocrx_word' id='word_1_261' title='bbox 2141 2281 2424 2337; x_wconf 90' lang='lat' dir='ltr'><strong>ecclesiam</strong></span> <span class='ocrx_word' id='word_1_262' title='bbox 2469 2279 2782 2349; x_wconf 87' lang='lat' dir='ltr'><strong>ﬁguratam,</strong></span> <span class='ocrx_word' id='word_1_263' title='bbox 2830 2278 2991 2333; x_wconf 88' lang='lat' dir='ltr'><strong>beato</strong></span> <span class='ocrx_word' id='word_1_264' title='bbox 3039 2277 3209 2333; x_wconf 82' lang='lat' dir='ltr'><strong>Paulo</strong></span> <span class='ocrx_word' id='word_1_265' title='bbox 3255 2278 3499 2347; x_wconf 81' lang='lat' dir='ltr'><strong>apostolo</strong></span> <span class='ocrx_word' id='word_1_266' title='bbox 3542 2292 3641 2334; x_wconf 91' lang='lat' dir='ltr'><strong>nos</strong></span> 
     </span>
    </p>
   </div>
   <div class='ocr_carea' id='block_1_26' title="bbox 358 2370 1943 2445">
    <p class='ocr_par' dir='ltr' id='par_1_26' title="bbox 358 2370 1943 2445">
     <span class='ocr_line' id='line_1_26' title="bbox 358 2370 1943 2445; baseline 0.003 -18"><span class='ocrx_word' id='word_1_267' title='bbox 358 2370 500 2427; x_wconf 90' lang='lat' dir='ltr'><strong>hunc</strong></span> <span class='ocrx_word' id='word_1_268' title='bbox 527 2370 850 2438; x_wconf 84' lang='lat' dir='ltr'><strong>articulum,</strong></span> <span class='ocrx_word' id='word_1_269' title='bbox 898 2372 988 2442; x_wconf 88' lang='lat' dir='ltr'><strong>qui</strong></span> <span class='ocrx_word' id='word_1_270' title='bbox 1035 2371 1295 2441; x_wconf 87' lang='lat' dir='ltr'><strong>quosdam</strong></span> <span class='ocrx_word' id='word_1_271' title='bbox 1336 2387 1563 2429; x_wconf 10' lang='lat' dir='ltr'><strong>emovere</strong></span> <span class='ocrx_word' id='word_1_272' title='bbox 1609 2376 1943 2445; x_wconf 85' lang='lat' dir='ltr'><strong>perhibetur,</strong></span> 
     </span>
    </p>
   </div>
   <div class='ocr_carea' id='block_1_27' title="bbox 357 2455 1943 2537">
    <p class='ocr_par' dir='ltr' id='par_1_27' title="bbox 357 2455 1943 2537">
     <span class='ocr_line' id='line_1_27' title="bbox 357 2455 1943 2537; baseline 0.001 -13"><span class='ocrx_word' id='word_1_273' title='bbox 357 2455 685 2525; x_wconf 79' lang='lat' dir='ltr'><strong>sufﬁcienter</strong></span> <span class='ocrx_word' id='word_1_274' title='bbox 704 2465 919 2525; x_wconf 75' lang='lat' dir='ltr'><strong>inierint</strong></span> <span class='ocrx_word' id='word_1_275' title='bbox 944 2466 1197 2524; x_wconf 84' lang='lat' dir='ltr'><strong>duximus</strong></span> <span class='ocrx_word' id='word_1_276' title='bbox 1220 2469 1633 2537; x_wconf 79' lang='lat' dir='ltr'><strong>explicandum;</strong></span> <span class='ocrx_word' id='word_1_277' title='bbox 1665 2479 1725 2525; x_wconf 94' lang='lat' dir='ltr'><strong>ut</strong></span> <span class='ocrx_word' id='word_1_278' title='bbox 1750 2472 1943 2526; x_wconf 86' lang='lat' dir='ltr'><strong>eodem</strong></span> 
     </span>
    </p>
   </div>
   <div class='ocr_carea' id='block_1_28' title="bbox 356 2560 1947 2633">
    <p class='ocr_par' dir='ltr' id='par_1_28' title="bbox 356 2560 1947 2633">
     <span class='ocr_line' id='line_1_28' title="bbox 356 2560 1947 2633; baseline 0 -15"><span class='ocrx_word' id='word_1_279' title='bbox 356 2561 741 2619; x_wconf 83' lang='lat' dir='ltr'><strong>convenienter</strong></span> <span class='ocrx_word' id='word_1_280' title='bbox 772 2560 1033 2630; x_wconf 85' lang='lat' dir='ltr'><strong>inspecto,</strong></span> <span class='ocrx_word' id='word_1_281' title='bbox 1076 2561 1218 2631; x_wconf 88' lang='lat' dir='ltr'><strong>quod</strong></span> <span class='ocrx_word' id='word_1_282' title='bbox 1261 2562 1314 2617; x_wconf 90' lang='lat' dir='ltr'><strong>in</strong></span> <span class='ocrx_word' id='word_1_283' title='bbox 1355 2561 1567 2619; x_wconf 65' lang='lat' dir='ltr'><strong>caeteris</strong></span> <span class='ocrx_word' id='word_1_284' title='bbox 1606 2577 1799 2619; x_wconf 88' lang='lat' dir='ltr'><strong>cavere</strong></span> <span class='ocrx_word' id='word_1_285' title='bbox 1837 2564 1947 2633; x_wconf 86' lang='lat' dir='ltr'><strong>jam</strong></span> 
     </span>
    </p>
   </div>
   <div class='ocr_carea' id='block_1_29' title="bbox 360 2654 1946 2725">
    <p class='ocr_par' dir='ltr' id='par_1_29' title="bbox 360 2654 1946 2725">
     <span class='ocr_line' id='line_1_29' title="bbox 360 2654 1946 2725; baseline -0.001 -12"><span class='ocrx_word' id='word_1_286' title='bbox 360 2655 650 2722; x_wconf 81' lang='lat' dir='ltr'><strong>debebant,</strong></span> <span class='ocrx_word' id='word_1_287' title='bbox 676 2654 904 2711; x_wconf 89' lang='lat' dir='ltr'><strong>Domino</strong></span> <span class='ocrx_word' id='word_1_288' title='bbox 925 2654 1037 2713; x_wconf 85' lang='lat' dir='ltr'><strong>Deo</strong></span> <span class='ocrx_word' id='word_1_289' title='bbox 1062 2663 1250 2711; x_wconf 86' lang='lat' dir='ltr'><strong>nostro</strong></span> <span class='ocrx_word' id='word_1_290' title='bbox 1273 2662 1562 2725; x_wconf 67' lang='lat' dir='ltr'><strong>praestante</strong></span> <span class='ocrx_word' id='word_1_291' title='bbox 1589 2658 1946 2725; x_wconf 80' lang='lat' dir='ltr'><strong>perpendam.</strong></span> 
     </span>
    </p>
   </div>
   <div class='ocr_carea' id='block_1_30' title="bbox 356 2749 1946 2822">
    <p class='ocr_par' dir='ltr' id='par_1_30' title="bbox 356 2749 1946 2822">
     <span class='ocr_line' id='line_1_30' title="bbox 356 2749 1946 2822; baseline 0 -15"><span class='ocrx_word' id='word_1_292' title='bbox 356 2750 648 2807; x_wconf 51' lang='lat' dir='ltr'><strong>{Estimant</strong></span> <span class='ocrx_word' id='word_1_293' title='bbox 670 2750 828 2821; x_wconf 87' lang='lat' dir='ltr'><strong>igitur</strong></span> <span class='ocrx_word' id='word_1_294' title='bbox 848 2750 1062 2821; x_wconf 83' lang='lat' dir='ltr'><strong>quidam</strong></span> <span class='ocrx_word' id='word_1_295' title='bbox 1094 2750 1152 2805; x_wconf 89' lang='lat' dir='ltr'><strong>in</strong></span> <span class='ocrx_word' id='word_1_296' title='bbox 1181 2749 1280 2807; x_wconf 82' lang='lat' dir='ltr'><strong>hac</strong></span> <span class='ocrx_word' id='word_1_297' title='bbox 1302 2751 1407 2805; x_wconf 88' lang='lat' dir='ltr'><strong>vita</strong></span> <span class='ocrx_word' id='word_1_298' title='bbox 1441 2766 1598 2821; x_wconf 81' lang='lat' dir='ltr'><strong>posse</strong></span> <span class='ocrx_word' id='word_1_299' title='bbox 1625 2767 1946 2822; x_wconf 86' lang='lat' dir='ltr'><strong>quemquam</strong></span> 
     </span>
    </p>
   </div>
   <div class='ocr_carea' id='block_1_31' title="bbox 360 2844 1952 2916">
    <p class='ocr_par' dir='ltr' id='par_1_31' title="bbox 360 2844 1952 2916">
     <span class='ocr_line' id='line_1_31' title="bbox 360 2844 1952 2916; baseline -0.001 -15"><span class='ocrx_word' id='word_1_300' title='bbox 360 2845 463 2902; x_wconf 89' lang='lat' dir='ltr'><strong>hac</strong></span> <span class='ocrx_word' id='word_1_301' title='bbox 492 2846 818 2916; x_wconf 87' lang='lat' dir='ltr'><strong>perfectione</strong></span> <span class='ocrx_word' id='word_1_302' title='bbox 848 2844 1177 2905; x_wconf 86' lang='lat' dir='ltr'><strong>consistere.</strong></span> <span class='ocrx_word' id='word_1_303' title='bbox 1220 2852 1278 2898; x_wconf 93' lang='lat' dir='ltr'><strong>ut</strong></span> <span class='ocrx_word' id='word_1_304' title='bbox 1305 2844 1466 2900; x_wconf 90' lang='lat' dir='ltr'><strong>nullis</strong></span> <span class='ocrx_word' id='word_1_305' title='bbox 1499 2860 1720 2916; x_wconf 86' lang='lat' dir='ltr'><strong>prorsus</strong></span> <span class='ocrx_word' id='word_1_306' title='bbox 1750 2844 1952 2914; x_wconf 79' lang='lat' dir='ltr'><strong>fragili-</strong></span> 
     </span>
    </p>
   </div>
   <div class='ocr_carea' id='block_1_32' title="bbox 360 2936 1953 3008">
    <p class='ocr_par' dir='ltr' id='par_1_32' title="bbox 360 2936 1953 3008">
     <span class='ocr_line' id='line_1_32' title="bbox 360 2936 1953 3008; baseline -0.004 -10"><span class='ocrx_word' id='word_1_307' title='bbox 360 2939 488 2997; x_wconf 77' lang='lat' dir='ltr'><strong>tatis</strong></span> <span class='ocrx_word' id='word_1_308' title='bbox 517 2938 766 2994; x_wconf 71' lang='lat' dir='ltr'><strong>humana:</strong></span> <span class='ocrx_word' id='word_1_309' title='bbox 796 2937 1041 3008; x_wconf 85' lang='lat' dir='ltr'><strong>pulsetur</strong></span> <span class='ocrx_word' id='word_1_310' title='bbox 1069 2936 1371 3002; x_wconf 74' lang='lat' dir='ltr'><strong>affectibus,</strong></span> <span class='ocrx_word' id='word_1_311' title='bbox 1396 2952 1498 2994; x_wconf 82' lang='lat' dir='ltr'><strong>nec</strong></span> <span class='ocrx_word' id='word_1_312' title='bbox 1526 2940 1799 3008; x_wconf 87' lang='lat' dir='ltr'><strong>corporeis</strong></span> <span class='ocrx_word' id='word_1_313' title='bbox 1826 2953 1953 2993; x_wconf 87' lang='lat' dir='ltr'><strong>exa-</strong></span> 
     </span>
    </p>
   </div>
   <div class='ocr_carea' id='block_1_33' title="bbox 356 3028 1949 3101">
    <p class='ocr_par' dir='ltr' id='par_1_33' title="bbox 356 3028 1949 3101">
     <span class='ocr_line' id='line_1_33' title="bbox 356 3028 1949 3101; baseline 0.001 -16"><span class='ocrx_word' id='word_1_314' title='bbox 356 3031 559 3100; x_wconf 65' lang='lat' dir='ltr'><strong>gitetur</strong></span> <span class='ocrx_word' id='word_1_315' title='bbox 588 3030 893 3100; x_wconf 76' lang='lat' dir='ltr'><strong>illecebris:</strong></span> <span class='ocrx_word' id='word_1_316' title='bbox 924 3029 1069 3099; x_wconf 87' lang='lat' dir='ltr'><strong>quod</strong></span> <span class='ocrx_word' id='word_1_317' title='bbox 1109 3029 1336 3099; x_wconf 89' lang='lat' dir='ltr'><strong>quisque</strong></span> <span class='ocrx_word' id='word_1_318' title='bbox 1376 3028 1431 3086; x_wconf 85' lang='lat' dir='ltr'><strong>si</strong></span> <span class='ocrx_word' id='word_1_319' title='bbox 1458 3033 1686 3101; x_wconf 84' lang='lat' dir='ltr'><strong>propriis</strong></span> <span class='ocrx_word' id='word_1_320' title='bbox 1721 3032 1949 3098; x_wconf 87' lang='lat' dir='ltr'><strong>viribus,</strong></span> 
     </span>
    </p>
   </div>
   <div class='ocr_carea' id='block_1_34' title="bbox 364 3122 1952 3195">
    <p class='ocr_par' dir='ltr' id='par_1_34' title="bbox 364 3122 1952 3195">
     <span class='ocr_line' id='line_1_34' title="bbox 364 3122 1952 3195; baseline 0.002 -16"><span class='ocrx_word' id='word_1_321' title='bbox 364 3137 585 3192; x_wconf 65' lang='lat' dir='ltr'><strong>suaeque</strong></span> <span class='ocrx_word' id='word_1_322' title='bbox 625 3122 899 3191; x_wconf 88' lang='lat' dir='ltr'><strong>proposito</strong></span> <span class='ocrx_word' id='word_1_323' title='bbox 927 3122 1216 3177; x_wconf 81' lang='lat' dir='ltr'><strong>voluntatis</strong></span> <span class='ocrx_word' id='word_1_324' title='bbox 1242 3123 1517 3179; x_wconf 76' lang='lat' dir='ltr'><strong>existimet</strong></span> <span class='ocrx_word' id='word_1_325' title='bbox 1560 3125 1820 3195; x_wconf 85' lang='lat' dir='ltr'><strong>adipisci,</strong></span> <span class='ocrx_word' id='word_1_326' title='bbox 1862 3141 1952 3182; x_wconf 88' lang='lat' dir='ltr'><strong>se-</strong></span> 
     </span>
    </p>
   </div>
   <div class='ocr_carea' id='block_1_35' title="bbox 367 3213 1950 3284">
    <p class='ocr_par' dir='ltr' id='par_1_35' title="bbox 367 3213 1950 3284">
     <span class='ocr_line' id='line_1_35' title="bbox 367 3213 1950 3284; baseline 0 -12"><span class='ocrx_word' id='word_1_327' title='bbox 367 3214 656 3284; x_wconf 88' lang='lat' dir='ltr'><strong>metipsum</strong></span> <span class='ocrx_word' id='word_1_328' title='bbox 681 3213 919 3277; x_wconf 86' lang='lat' dir='ltr'><strong>seducit,</strong></span> <span class='ocrx_word' id='word_1_329' title='bbox 968 3222 1021 3268; x_wconf 90' lang='lat' dir='ltr'><strong>et</strong></span> <span class='ocrx_word' id='word_1_330' title='bbox 1050 3214 1245 3269; x_wconf 81' lang='lat' dir='ltr'><strong>veritas</strong></span> <span class='ocrx_word' id='word_1_331' title='bbox 1274 3215 1327 3271; x_wconf 90' lang='lat' dir='ltr'><strong>in</strong></span> <span class='ocrx_word' id='word_1_332' title='bbox 1357 3230 1425 3271; x_wconf 91' lang='lat' dir='ltr'><strong>eo</strong></span> <span class='ocrx_word' id='word_1_333' title='bbox 1451 3233 1558 3270; x_wconf 93' lang='lat' dir='ltr'><strong>non</strong></span> <span class='ocrx_word' id='word_1_334' title='bbox 1589 3227 1673 3274; x_wconf 87' lang='lat' dir='ltr'><strong>est</strong></span> <span class='ocrx_word' id='word_1_335' title='bbox 1698 3236 1712 3273; x_wconf 88' lang='lat'><strong>:</strong></span> <span class='ocrx_word' id='word_1_336' title='bbox 1752 3233 1874 3272; x_wconf 88' lang='lat' dir='ltr'><strong>nam</strong></span> <span class='ocrx_word' id='word_1_337' title='bbox 1907 3220 1950 3272; x_wconf 94' lang='lat' dir='ltr'><strong>si</strong></span> 
     </span>
    </p>
   </div>
   <div class='ocr_carea' id='block_1_36' title="bbox 366 3304 1950 3377">
    <p class='ocr_par' dir='ltr' id='par_1_36' title="bbox 366 3304 1950 3377">
     <span class='ocr_line' id='line_1_36' title="bbox 366 3304 1950 3377; baseline 0.002 -15"><span class='ocrx_word' id='word_1_338' title='bbox 366 3308 422 3363; x_wconf 88' lang='lat' dir='ltr'><strong>in</strong></span> <span class='ocrx_word' id='word_1_339' title='bbox 454 3307 585 3377; x_wconf 88' lang='lat' dir='ltr'><strong>ipsis</strong></span> <span class='ocrx_word' id='word_1_340' title='bbox 614 3304 801 3375; x_wconf 85' lang='lat' dir='ltr'><strong>primis</strong></span> <span class='ocrx_word' id='word_1_341' title='bbox 832 3304 1170 3373; x_wconf 89' lang='lat' dir='ltr'><strong>hominibus,</strong></span> <span class='ocrx_word' id='word_1_342' title='bbox 1202 3305 1329 3360; x_wconf 90' lang='lat' dir='ltr'><strong>dum</strong></span> <span class='ocrx_word' id='word_1_343' title='bbox 1369 3322 1465 3362; x_wconf 85' lang='lat' dir='ltr'><strong>sua</strong></span> <span class='ocrx_word' id='word_1_344' title='bbox 1494 3308 1746 3363; x_wconf 89' lang='lat' dir='ltr'><strong>nimirum</strong></span> <span class='ocrx_word' id='word_1_345' title='bbox 1781 3312 1950 3366; x_wconf 88' lang='lat' dir='ltr'><strong>felici-</strong></span> 
     </span>
    </p>
   </div>
   <div class='ocr_carea' id='block_1_37' title="bbox 365 3398 1953 3469">
    <p class='ocr_par' dir='ltr' id='par_1_37' title="bbox 365 3398 1953 3469">
     <span class='ocr_line' id='line_1_37' title="bbox 365 3398 1953 3469; baseline 0.002 -13"><span class='ocrx_word' id='word_1_346' title='bbox 365 3410 477 3456; x_wconf 87' lang='lat' dir='ltr'><strong>tate</strong></span> <span class='ocrx_word' id='word_1_347' title='bbox 516 3398 822 3465; x_wconf 88' lang='lat' dir='ltr'><strong>conﬁdunt,</strong></span> <span class='ocrx_word' id='word_1_348' title='bbox 868 3405 925 3454; x_wconf 90' lang='lat' dir='ltr'><strong>et</strong></span> <span class='ocrx_word' id='word_1_349' title='bbox 964 3407 1166 3454; x_wconf 83' lang='lat' dir='ltr'><strong>tantam</strong></span> <span class='ocrx_word' id='word_1_350' title='bbox 1214 3399 1309 3454; x_wconf 88' lang='lat' dir='ltr'><strong>Dei</strong></span> <span class='ocrx_word' id='word_1_351' title='bbox 1353 3399 1581 3469; x_wconf 86' lang='lat' dir='ltr'><strong>gratiam</strong></span> <span class='ocrx_word' id='word_1_352' title='bbox 1628 3402 1683 3456; x_wconf 88' lang='lat' dir='ltr'><strong>in</strong></span> <span class='ocrx_word' id='word_1_353' title='bbox 1726 3418 1953 3459; x_wconf 87' lang='lat' dir='ltr'><strong>vacuum</strong></span> 
     </span>
    </p>
   </div>
   <div class='ocr_carea' id='block_1_38' title="bbox 364 3490 1960 3564">
    <p class='ocr_par' dir='ltr' id='par_1_38' title="bbox 364 3490 1960 3564">
     <span class='ocr_line' id='line_1_38' title="bbox 364 3490 1960 3564; baseline 0.002 -15"><span class='ocrx_word' id='word_1_354' title='bbox 364 3492 711 3561; x_wconf 88' lang='lat' dir='ltr'><strong>recipientes,</strong></span> <span class='ocrx_word' id='word_1_355' title='bbox 760 3504 867 3546; x_wconf 91' lang='lat' dir='ltr'><strong>non</strong></span> <span class='ocrx_word' id='word_1_356' title='bbox 909 3490 1136 3558; x_wconf 87' lang='lat' dir='ltr'><strong>orando,</strong></span> <span class='ocrx_word' id='word_1_357' title='bbox 1186 3492 1330 3561; x_wconf 92' lang='lat' dir='ltr'><strong>quod</strong></span> <span class='ocrx_word' id='word_1_358' title='bbox 1376 3493 1562 3563; x_wconf 88' lang='lat' dir='ltr'><strong>utique</strong></span> <span class='ocrx_word' id='word_1_359' title='bbox 1592 3510 1852 3564; x_wconf 86' lang='lat' dir='ltr'><strong>nusquam</strong></span> <span class='ocrx_word' id='word_1_360' title='bbox 1882 3498 1960 3552; x_wconf 87' lang='lat' dir='ltr'><strong>fe-</strong></span> 
     </span>
    </p>
   </div>
   <div class='ocr_carea' id='block_1_39' title="bbox 363 3581 1954 3659">
    <p class='ocr_par' dir='ltr' id='par_1_39' title="bbox 363 3581 1954 3659">
     <span class='ocr_line' id='line_1_39' title="bbox 363 3581 1954 3659; baseline 0.001 -17"><span class='ocrx_word' id='word_1_361' title='bbox 363 3585 507 3642; x_wconf 81' lang='lat' dir='ltr'><strong>cisse</strong></span> <span class='ocrx_word' id='word_1_362' title='bbox 537 3585 864 3648; x_wconf 82' lang='lat' dir='ltr'><strong>referuntur,</strong></span> <span class='ocrx_word' id='word_1_363' title='bbox 897 3597 998 3638; x_wconf 88' lang='lat' dir='ltr'><strong>nec</strong></span> <span class='ocrx_word' id='word_1_364' title='bbox 1024 3581 1094 3637; x_wconf 88' lang='lat' dir='ltr'><strong>de</strong></span> <span class='ocrx_word' id='word_1_365' title='bbox 1122 3584 1391 3654; x_wconf 82' lang='lat' dir='ltr'><strong>perceptis</strong></span> <span class='ocrx_word' id='word_1_366' title='bbox 1421 3586 1620 3653; x_wconf 88' lang='lat' dir='ltr'><strong>gratias</strong></span> <span class='ocrx_word' id='word_1_367' title='bbox 1647 3588 1954 3659; x_wconf 89' lang='lat' dir='ltr'><strong>referendo,</strong></span> 
     </span>
    </p>
   </div>
   <div class='ocr_carea' id='block_1_40' title="bbox 366 3676 1957 3752">
    <p class='ocr_par' dir='ltr' id='par_1_40' title="bbox 366 3676 1957 3752">
     <span class='ocr_line' id='line_1_40' title="bbox 366 3676 1957 3752; baseline 0.002 -19"><span class='ocrx_word' id='word_1_368' title='bbox 366 3694 467 3735; x_wconf 91' lang='lat' dir='ltr'><strong>nec</strong></span> <span class='ocrx_word' id='word_1_369' title='bbox 494 3688 553 3734; x_wconf 91' lang='lat' dir='ltr'><strong>ut</strong></span> <span class='ocrx_word' id='word_1_370' title='bbox 580 3680 765 3734; x_wconf 88' lang='lat' dir='ltr'><strong>eadem</strong></span> <span class='ocrx_word' id='word_1_371' title='bbox 798 3678 1117 3733; x_wconf 88' lang='lat' dir='ltr'><strong>intemerata</strong></span> <span class='ocrx_word' id='word_1_372' title='bbox 1141 3676 1401 3733; x_wconf 89' lang='lat' dir='ltr'><strong>durarent</strong></span> <span class='ocrx_word' id='word_1_373' title='bbox 1424 3679 1740 3749; x_wconf 87' lang='lat' dir='ltr'><strong>suppliciter</strong></span> <span class='ocrx_word' id='word_1_374' title='bbox 1764 3678 1957 3752; x_wconf 71' lang='lat' dir='ltr'><strong>implo-</strong></span> 
     </span>
    </p>
   </div>
   <div class='ocr_carea' id='block_1_41' title="bbox 366 3769 1958 3851">
    <p class='ocr_par' dir='ltr' id='par_1_41' title="bbox 366 3769 1958 3851">
     <span class='ocr_line' id='line_1_41' title="bbox 366 3769 1958 3851; baseline 0.003 -24"><span class='ocrx_word' id='word_1_375' title='bbox 366 3770 557 3837; x_wconf 86' lang='lat' dir='ltr'><strong>rando,</strong></span> <span class='ocrx_word' id='word_1_376' title='bbox 583 3771 880 3826; x_wconf 88' lang='lat' dir='ltr'><strong>incolumes</strong></span> <span class='ocrx_word' id='word_1_377' title='bbox 906 3770 1157 3825; x_wconf 88' lang='lat' dir='ltr'><strong>constare</strong></span> <span class='ocrx_word' id='word_1_378' title='bbox 1180 3769 1545 3841; x_wconf 88' lang='lat' dir='ltr'><strong>nequiverunt</strong></span> <span class='ocrx_word' id='word_1_379' title='bbox 1568 3783 1817 3851; x_wconf 33' lang='lat' dir='ltr'><strong>:Iquanto</strong></span> <span class='ocrx_word' id='word_1_380' title='bbox 1843 3791 1958 3831; x_wconf 88' lang='lat' dir='ltr'><strong>ma-</strong></span> 
     </span>
    </p>
   </div>
   <div class='ocr_carea' id='block_1_42' title="bbox 364 3862 1955 3941">
    <p class='ocr_par' dir='ltr' id='par_1_42' title="bbox 364 3862 1955 3941">
     <span class='ocr_line' id='line_1_42' title="bbox 364 3862 1955 3941; baseline 0.004 -22"><span class='ocrx_word' id='word_1_381' title='bbox 364 3866 448 3937; x_wconf 87' lang='lat' dir='ltr'><strong>gis</strong></span> <span class='ocrx_word' id='word_1_382' title='bbox 480 3876 598 3935; x_wconf 86' lang='lat' dir='ltr'><strong>post</strong></span> <span class='ocrx_word' id='word_1_383' title='bbox 626 3862 1093 3941; x_wconf 60' lang='lat' dir='ltr'><strong>praevaricationis</strong></span> <span class='ocrx_word' id='word_1_384' title='bbox 1131 3865 1362 3931; x_wconf 90' lang='lat' dir='ltr'><strong>ruinam,</strong></span> <span class='ocrx_word' id='word_1_385' title='bbox 1418 3865 1473 3920; x_wconf 91' lang='lat' dir='ltr'><strong>in</strong></span> <span class='ocrx_word' id='word_1_386' title='bbox 1509 3881 1668 3937; x_wconf 91' lang='lat' dir='ltr'><strong>quam</strong></span> <span class='ocrx_word' id='word_1_387' title='bbox 1700 3869 1841 3927; x_wconf 88' lang='lat' dir='ltr'><strong>mala</strong></span> <span class='ocrx_word' id='word_1_388' title='bbox 1872 3870 1955 3925; x_wconf 88' lang='lat' dir='ltr'><strong>sui</strong></span> 
     </span>
    </p>
   </div>
   <div class='ocr_carea' id='block_1_43' title="bbox 367 3958 1956 4030">
    <p class='ocr_par' dir='ltr' id='par_1_43' title="bbox 367 3958 1956 4030">
     <span class='ocr_line' id='line_1_43' title="bbox 367 3958 1956 4030; baseline -0.001 -15"><span class='ocrx_word' id='word_1_389' title='bbox 367 3958 714 4022; x_wconf 84' lang='lat' dir='ltr'><strong>conﬁdentia,</strong></span> <span class='ocrx_word' id='word_1_390' title='bbox 744 3966 1041 4016; x_wconf 87' lang='lat' dir='ltr'><strong>creatorem</strong></span> <span class='ocrx_word' id='word_1_391' title='bbox 1072 3960 1383 4016; x_wconf 89' lang='lat' dir='ltr'><strong>nullatenus</strong></span> <span class='ocrx_word' id='word_1_392' title='bbox 1414 3959 1755 4030; x_wconf 89' lang='lat' dir='ltr'><strong>inquirendo,</strong></span> <span class='ocrx_word' id='word_1_393' title='bbox 1787 3960 1956 4015; x_wconf 84' lang='lat' dir='ltr'><strong>letha-</strong></span> 
     </span>
    </p>
   </div>
   <div class='ocr_carea' id='block_1_44' title="bbox 366 4050 1958 4121">
    <p class='ocr_par' dir='ltr' id='par_1_44' title="bbox 366 4050 1958 4121">
     <span class='ocr_line' id='line_1_44' title="bbox 366 4050 1958 4121; baseline 0.002 -16"><span class='ocrx_word' id='word_1_394' title='bbox 366 4050 494 4106; x_wconf 89' lang='lat' dir='ltr'><strong>liter</strong></span> <span class='ocrx_word' id='word_1_395' title='bbox 525 4050 858 4118; x_wconf 82' lang='lat' dir='ltr'><strong>inciderunt,</strong></span> <span class='ocrx_word' id='word_1_396' title='bbox 904 4051 1108 4121; x_wconf 87' lang='lat' dir='ltr'><strong>absque</strong></span> <span class='ocrx_word' id='word_1_397' title='bbox 1134 4052 1318 4107; x_wconf 89' lang='lat' dir='ltr'><strong>divino</strong></span> <span class='ocrx_word' id='word_1_398' title='bbox 1343 4067 1569 4108; x_wconf 90' lang='lat' dir='ltr'><strong>munere</strong></span> <span class='ocrx_word' id='word_1_399' title='bbox 1607 4054 1720 4107; x_wconf 88' lang='lat' dir='ltr'><strong>suis</strong></span> <span class='ocrx_word' id='word_1_400' title='bbox 1752 4053 1958 4109; x_wconf 89' lang='lat' dir='ltr'><strong>viribus</strong></span> 
     </span>
    </p>
   </div>
   <div class='ocr_carea' id='block_1_45' title="bbox 370 4144 1959 4217">
    <p class='ocr_par' dir='ltr' id='par_1_45' title="bbox 370 4144 1959 4217">
     <span class='ocr_line' id='line_1_45' title="bbox 370 4144 1959 4217; baseline -0.002 -17"><span class='ocrx_word' id='word_1_401' title='bbox 370 4145 452 4200; x_wconf 78' lang='lat' dir='ltr'><strong>vel</strong></span> <span class='ocrx_word' id='word_1_402' title='bbox 478 4146 629 4217; x_wconf 70' lang='lat' dir='ltr'><strong>aegri,</strong></span> <span class='ocrx_word' id='word_1_403' title='bbox 659 4144 743 4201; x_wconf 86' lang='lat' dir='ltr'><strong>vel</strong></span> <span class='ocrx_word' id='word_1_404' title='bbox 766 4153 915 4201; x_wconf 81' lang='lat' dir='ltr'><strong>stare</strong></span> <span class='ocrx_word' id='word_1_405' title='bbox 942 4160 1052 4201; x_wconf 85' lang='lat' dir='ltr'><strong>non</strong></span> <span class='ocrx_word' id='word_1_406' title='bbox 1082 4152 1327 4213; x_wconf 85' lang='lat' dir='ltr'><strong>possunt,</strong></span> <span class='ocrx_word' id='word_1_407' title='bbox 1353 4145 1471 4200; x_wconf 87' lang='lat' dir='ltr'><strong>sine</strong></span> <span class='ocrx_word' id='word_1_408' title='bbox 1499 4160 1609 4214; x_wconf 90' lang='lat' dir='ltr'><strong>quo</strong></span> <span class='ocrx_word' id='word_1_409' title='bbox 1638 4159 1737 4199; x_wconf 92' lang='lat' dir='ltr'><strong>nec</strong></span> <span class='ocrx_word' id='word_1_410' title='bbox 1764 4145 1959 4214; x_wconf 85' lang='lat' dir='ltr'><strong>integri</strong></span> 
     </span>
    </p>
   </div>
   <div class='ocr_carea' id='block_1_46' title="bbox 369 4238 1957 4310">
    <p class='ocr_par' dir='ltr' id='par_1_46' title="bbox 369 4238 1957 4310">
     <span class='ocr_line' id='line_1_46' title="bbox 369 4238 1957 4310; baseline -0.001 -17"><span class='ocrx_word' id='word_1_411' title='bbox 369 4240 663 4310; x_wconf 90' lang='lat' dir='ltr'><strong>persistere</strong></span> <span class='ocrx_word' id='word_1_412' title='bbox 696 4239 1001 4295; x_wconf 87' lang='lat' dir='ltr'><strong>valuerunt.</strong></span> <span class='ocrx_word' id='word_1_413' title='bbox 1046 4238 1142 4295; x_wconf 89' lang='lat' dir='ltr'><strong>Sin</strong></span> <span class='ocrx_word' id='word_1_414' title='bbox 1171 4253 1300 4295; x_wconf 90' lang='lat' dir='ltr'><strong>vero</strong></span> <span class='ocrx_word' id='word_1_415' title='bbox 1324 4238 1609 4308; x_wconf 82' lang='lat' dir='ltr'><strong>quisquam</strong></span> <span class='ocrx_word' id='word_1_416' title='bbox 1643 4252 1748 4291; x_wconf 92' lang='lat' dir='ltr'><strong>non</strong></span> <span class='ocrx_word' id='word_1_417' title='bbox 1779 4238 1957 4307; x_wconf 89' lang='lat' dir='ltr'><strong>possi-</strong></span> 
     </span>
    </p>
   </div>
   <div class='ocr_carea' id='block_1_47' title="bbox 368 4326 1957 4400">
    <p class='ocr_par' dir='ltr' id='par_1_47' title="bbox 368 4326 1957 4400">
     <span class='ocr_line' id='line_1_47' title="bbox 368 4326 1957 4400; baseline -0.001 -13"><span class='ocrx_word' id='word_1_418' title='bbox 368 4330 575 4387; x_wconf 89' lang='lat' dir='ltr'><strong>bilitate</strong></span> <span class='ocrx_word' id='word_1_419' title='bbox 590 4326 866 4387; x_wconf 76' lang='lat' dir='ltr'><strong>facultatis</strong></span> <span class='ocrx_word' id='word_1_420' title='bbox 894 4330 1168 4396; x_wconf 66' lang='lat' dir='ltr'><strong>humanae,</strong></span> <span class='ocrx_word' id='word_1_421' title='bbox 1205 4329 1300 4386; x_wconf 89' lang='lat' dir='ltr'><strong>sed</strong></span> <span class='ocrx_word' id='word_1_422' title='bbox 1342 4345 1438 4399; x_wconf 90' lang='lat' dir='ltr'><strong>per</strong></span> <span class='ocrx_word' id='word_1_423' title='bbox 1463 4329 1700 4385; x_wconf 84' lang='lat' dir='ltr'><strong>divinam</strong></span> <span class='ocrx_word' id='word_1_424' title='bbox 1729 4330 1957 4400; x_wconf 85' lang='lat' dir='ltr'><strong>gratiam</strong></span> 
     </span>
    </p>
   </div>
   <div class='ocr_carea' id='block_1_48' title="bbox 374 4422 1965 4495">
    <p class='ocr_par' dir='ltr' id='par_1_48' title="bbox 374 4422 1965 4495">
     <span class='ocr_line' id='line_1_48' title="bbox 374 4422 1965 4495; baseline -0.001 -14"><span class='ocrx_word' id='word_1_425' title='bbox 374 4427 477 4481; x_wconf 92' lang='lat' dir='ltr'><strong>hoc</strong></span> <span class='ocrx_word' id='word_1_426' title='bbox 496 4435 705 4481; x_wconf 88' lang='lat' dir='ltr'><strong>asserat</strong></span> <span class='ocrx_word' id='word_1_427' title='bbox 724 4424 777 4480; x_wconf 89' lang='lat' dir='ltr'><strong>in</strong></span> <span class='ocrx_word' id='word_1_428' title='bbox 804 4426 909 4482; x_wconf 89' lang='lat' dir='ltr'><strong>vita</strong></span> <span class='ocrx_word' id='word_1_429' title='bbox 930 4424 1261 4495; x_wconf 85' lang='lat' dir='ltr'><strong>quibuslibet</strong></span> <span class='ocrx_word' id='word_1_430' title='bbox 1286 4424 1489 4480; x_wconf 85' lang='lat' dir='ltr'><strong>sanctis</strong></span> <span class='ocrx_word' id='word_1_431' title='bbox 1516 4437 1673 4493; x_wconf 87' lang='lat' dir='ltr'><strong>posse</strong></span> <span class='ocrx_word' id='word_1_432' title='bbox 1695 4422 1965 4490; x_wconf 73' lang='lat' dir='ltr'><strong>conferri,</strong></span> 
     </span>
    </p>
   </div>
   <div class='ocr_carea' id='block_1_49' title="bbox 372 4516 1957 4591">
    <p class='ocr_par' dir='ltr' id='par_1_49' title="bbox 372 4516 1957 4591">
     <span class='ocr_line' id='line_1_49' title="bbox 372 4516 1957 4591; baseline -0.003 -16"><span class='ocrx_word' id='word_1_433' title='bbox 372 4519 512 4575; x_wconf 85' lang='lat' dir='ltr'><strong>bene</strong></span> <span class='ocrx_word' id='word_1_434' title='bbox 541 4518 757 4591; x_wconf 86' lang='lat' dir='ltr'><strong>quidem</strong></span> <span class='ocrx_word' id='word_1_435' title='bbox 802 4518 929 4574; x_wconf 90' lang='lat' dir='ltr'><strong>facit</strong></span> <span class='ocrx_word' id='word_1_436' title='bbox 972 4516 1117 4590; x_wconf 90' lang='lat' dir='ltr'><strong>(nam</strong></span> <span class='ocrx_word' id='word_1_437' title='bbox 1164 4518 1309 4573; x_wconf 91' lang='lat' dir='ltr'><strong>dono</strong></span> <span class='ocrx_word' id='word_1_438' title='bbox 1339 4517 1434 4574; x_wconf 89' lang='lat' dir='ltr'><strong>Dei</strong></span> <span class='ocrx_word' id='word_1_439' title='bbox 1463 4526 1655 4573; x_wconf 89' lang='lat' dir='ltr'><strong>cuncta</strong></span> <span class='ocrx_word' id='word_1_440' title='bbox 1684 4518 1957 4586; x_wconf 87' lang='lat' dir='ltr'><strong>possibilia</strong></span> 
     </span>
    </p>
   </div>
   <div class='ocr_carea' id='block_1_50' title="bbox 370 4608 1953 4680">
    <p class='ocr_par' dir='ltr' id='par_1_50' title="bbox 370 4608 1953 4680">
     <span class='ocr_line' id='line_1_50' title="bbox 370 4608 1953 4680; baseline -0.001 -15"><span class='ocrx_word' id='word_1_441' title='bbox 370 4608 523 4680; x_wconf 90' lang='lat' dir='ltr'><strong>sunt)</strong></span> <span class='ocrx_word' id='word_1_442' title='bbox 554 4610 676 4665; x_wconf 84' lang='lat' dir='ltr'><strong>talia</strong></span> <span class='ocrx_word' id='word_1_443' title='bbox 704 4609 1039 4667; x_wconf 86' lang='lat' dir='ltr'><strong>confidenter</strong></span> <span class='ocrx_word' id='word_1_444' title='bbox 1062 4608 1294 4679; x_wconf 86' lang='lat' dir='ltr'><strong>opinari,</strong></span> <span class='ocrx_word' id='word_1_445' title='bbox 1340 4618 1397 4666; x_wconf 90' lang='lat' dir='ltr'><strong>et</strong></span> <span class='ocrx_word' id='word_1_446' title='bbox 1438 4624 1663 4678; x_wconf 87' lang='lat' dir='ltr'><strong>sperare</strong></span> <span class='ocrx_word' id='word_1_447' title='bbox 1702 4609 1953 4664; x_wconf 77' lang='lat' dir='ltr'><strong>fideliter.</strong></span> 
     </span>
    </p>
   </div>
   <div class='ocr_carea' id='block_1_51' title="bbox 2048 2364 3640 2443">
    <p class='ocr_par' dir='ltr' id='par_1_51' title="bbox 2048 2364 3640 2443">
     <span class='ocr_line' id='line_1_51' title="bbox 2048 2364 3640 2443; baseline -0.004 -12"><span class='ocrx_word' id='word_1_448' title='bbox 2048 2376 2300 2442; x_wconf 86' lang='lat' dir='ltr'><strong>docente,</strong></span> <span class='ocrx_word' id='word_1_449' title='bbox 2327 2364 2452 2429; x_wconf 79' lang='lat' dir='ltr'><strong>cum</strong></span> <span class='ocrx_word' id='word_1_450' title='bbox 2484 2374 2552 2429; x_wconf 86' lang='lat' dir='ltr'><strong>de</strong></span> <span class='ocrx_word' id='word_1_451' title='bbox 2580 2373 2786 2431; x_wconf 71' lang='lat' dir='ltr'><strong>foedere</strong></span> <span class='ocrx_word' id='word_1_452' title='bbox 2815 2374 2985 2427; x_wconf 85' lang='lat' dir='ltr'><strong>sancti</strong></span> <span class='ocrx_word' id='word_1_453' title='bbox 3016 2372 3257 2441; x_wconf 82' lang='lat' dir='ltr'><strong>conjugii</strong></span> <span class='ocrx_word' id='word_1_454' title='bbox 3289 2372 3600 2443; x_wconf 82' lang='lat' dir='ltr'><strong>loqueretur</strong></span> <span class='ocrx_word' id='word_1_455' title='bbox 3627 2392 3640 2424; x_wconf 91' lang='lat'><strong>:</strong></span> 
     </span>
    </p>
   </div>
   <div class='ocr_carea' id='block_1_52' title="bbox 2052 2466 3644 2538">
    <p class='ocr_par' dir='ltr' id='par_1_52' title="bbox 2052 2466 3644 2538">
     <span class='ocr_line' id='line_1_52' title="bbox 2052 2466 3644 2538; baseline -0.004 -14"><span class='ocrx_word' id='word_1_456' title='bbox 2052 2468 2447 2524; x_wconf 78' lang='lat' dir='ltr'><strong>Sacramentunt</strong></span> <span class='ocrx_word' id='word_1_457' title='bbox 2476 2468 2594 2532; x_wconf 81' lang='lat' dir='ltr'><strong>hoc,</strong></span> <span class='ocrx_word' id='word_1_458' title='bbox 2627 2466 2895 2536; x_wconf 86' lang='lat' dir='ltr'><strong>inquiens,</strong></span> <span class='ocrx_word' id='word_1_459' title='bbox 2929 2482 3176 2537; x_wconf 79' lang='lat' dir='ltr'><strong>magnum</strong></span> <span class='ocrx_word' id='word_1_460' title='bbox 3202 2474 3275 2520; x_wconf 81' lang='lat' dir='ltr'><strong>est</strong></span> <span class='ocrx_word' id='word_1_461' title='bbox 3300 2482 3317 2521; x_wconf 89' lang='lat'><strong><em>:</em></strong></span> <span class='ocrx_word' id='word_1_462' title='bbox 3347 2482 3440 2536; x_wconf 81' lang='lat' dir='ltr'><strong>ego</strong></span> <span class='ocrx_word' id='word_1_463' title='bbox 3472 2474 3644 2538; x_wconf 58' lang='lat' dir='ltr'><strong>autem</strong></span> 
     </span>
    </p>
   </div>
   <div class='ocr_carea' id='block_1_53' title="bbox 2051 2556 3643 2629">
    <p class='ocr_par' dir='ltr' id='par_1_53' title="bbox 2051 2556 3643 2629">
     <span class='ocr_line' id='line_1_53' title="bbox 2051 2556 3643 2629; baseline -0.001 -15"><span class='ocrx_word' id='word_1_464' title='bbox 2051 2562 2168 2614; x_wconf 84' lang='lat' dir='ltr'><strong>dico</strong></span> <span class='ocrx_word' id='word_1_465' title='bbox 2196 2562 2246 2613; x_wconf 83' lang='lat' dir='ltr'><strong>in</strong></span> <span class='ocrx_word' id='word_1_466' title='bbox 2277 2560 2503 2621; x_wconf 80' lang='lat' dir='ltr'><strong>Christo,</strong></span> <span class='ocrx_word' id='word_1_467' title='bbox 2536 2568 2584 2612; x_wconf 84' lang='lat' dir='ltr'><strong>et</strong></span> <span class='ocrx_word' id='word_1_468' title='bbox 2612 2560 2665 2612; x_wconf 85' lang='lat' dir='ltr'><strong>in</strong></span> <span class='ocrx_word' id='word_1_469' title='bbox 2696 2558 2928 2612; x_wconf 78' lang='lat' dir='ltr'><strong>Ecclesia</strong></span> <span class='ocrx_word' id='word_1_470' title='bbox 2956 2556 3179 2629; x_wconf 74' lang='lat' dir='ltr'><strong>(Ephcs.</strong></span> <span class='ocrx_word' id='word_1_471' title='bbox 3209 2559 3284 2627; x_wconf 92' lang='lat' dir='ltr'><strong>v).</strong></span> <span class='ocrx_word' id='word_1_472' title='bbox 3328 2558 3509 2628; x_wconf 83' lang='lat' dir='ltr'><strong>itaque</strong></span> <span class='ocrx_word' id='word_1_473' title='bbox 3532 2558 3643 2627; x_wconf 87' lang='lat' dir='ltr'><strong>jam</strong></span> 
     </span>
    </p>
   </div>
   <div class='ocr_carea' id='block_1_54' title="bbox 2052 2652 3645 2721">
    <p class='ocr_par' dir='ltr' id='par_1_54' title="bbox 2052 2652 3645 2721">
     <span class='ocr_line' id='line_1_54' title="bbox 2052 2652 3645 2721; baseline -0.001 -12"><span class='ocrx_word' id='word_1_474' title='bbox 2052 2655 2177 2711; x_wconf 85' lang='lat' dir='ltr'><strong>inde</strong></span> <span class='ocrx_word' id='word_1_475' title='bbox 2202 2664 2260 2708; x_wconf 90' lang='lat' dir='ltr'><strong>ut</strong></span> <span class='ocrx_word' id='word_1_476' title='bbox 2288 2663 2597 2708; x_wconf 86' lang='lat' dir='ltr'><strong>sanctorum</strong></span> <span class='ocrx_word' id='word_1_477' title='bbox 2629 2652 2856 2721; x_wconf 80' lang='lat' dir='ltr'><strong>quisque</strong></span> <span class='ocrx_word' id='word_1_478' title='bbox 2888 2653 3170 2721; x_wconf 86' lang='lat' dir='ltr'><strong>processit,</strong></span> <span class='ocrx_word' id='word_1_479' title='bbox 3200 2653 3251 2706; x_wconf 91' lang='lat' dir='ltr'><strong>in</strong></span> <span class='ocrx_word' id='word_1_480' title='bbox 3284 2653 3441 2721; x_wconf 87' lang='lat' dir='ltr'><strong>hujus</strong></span> <span class='ocrx_word' id='word_1_481' title='bbox 3466 2668 3645 2707; x_wconf 86' lang='lat' dir='ltr'><strong>sacra-</strong></span> 
     </span>
    </p>
   </div>
   <div class='ocr_carea' id='block_1_55' title="bbox 2053 2747 3645 2820">
    <p class='ocr_par' dir='ltr' id='par_1_55' title="bbox 2053 2747 3645 2820">
     <span class='ocr_line' id='line_1_55' title="bbox 2053 2747 3645 2820; baseline -0.002 -14"><span class='ocrx_word' id='word_1_482' title='bbox 2053 2752 2220 2807; x_wconf 82' lang='lat' dir='ltr'><strong>menti</strong></span> <span class='ocrx_word' id='word_1_483' title='bbox 2262 2750 2585 2820; x_wconf 87' lang='lat' dir='ltr'><strong>ﬁguratione</strong></span> <span class='ocrx_word' id='word_1_484' title='bbox 2622 2748 2864 2803; x_wconf 76' lang='lat' dir='ltr'><strong>consitus</strong></span> <span class='ocrx_word' id='word_1_485' title='bbox 2904 2756 3024 2813; x_wconf 85' lang='lat' dir='ltr'><strong>est;</strong></span> <span class='ocrx_word' id='word_1_486' title='bbox 3075 2757 3131 2802; x_wconf 92' lang='lat' dir='ltr'><strong>et</strong></span> <span class='ocrx_word' id='word_1_487' title='bbox 3180 2747 3283 2803; x_wconf 89' lang='lat' dir='ltr'><strong>boc</strong></span> <span class='ocrx_word' id='word_1_488' title='bbox 3328 2747 3645 2819; x_wconf 83' lang='lat' dir='ltr'><strong>mysterium</strong></span> 
     </span>
    </p>
   </div>
   <div class='ocr_carea' id='block_1_56' title="bbox 2052 2840 3647 2911">
    <p class='ocr_par' dir='ltr' id='par_1_56' title="bbox 2052 2840 3647 2911">
     <span class='ocr_line' id='line_1_56' title="bbox 2052 2840 3647 2911; baseline -0.003 -11"><span class='ocrx_word' id='word_1_489' title='bbox 2052 2860 2244 2901; x_wconf 90' lang='lat' dir='ltr'><strong>omnes</strong></span> <span class='ocrx_word' id='word_1_490' title='bbox 2282 2844 2452 2897; x_wconf 85' lang='lat' dir='ltr'><strong>sancti</strong></span> <span class='ocrx_word' id='word_1_491' title='bbox 2491 2843 2558 2897; x_wconf 88' lang='lat' dir='ltr'><strong>ab</strong></span> <span class='ocrx_word' id='word_1_492' title='bbox 2590 2842 2724 2895; x_wconf 84' lang='lat' dir='ltr'><strong>Abel</strong></span> <span class='ocrx_word' id='word_1_493' title='bbox 2764 2841 2875 2895; x_wconf 86' lang='lat' dir='ltr'><strong>suis</strong></span> <span class='ocrx_word' id='word_1_494' title='bbox 2914 2840 3193 2896; x_wconf 82' lang='lat' dir='ltr'><strong>sacriﬁciis</strong></span> <span class='ocrx_word' id='word_1_495' title='bbox 3234 2841 3647 2911; x_wconf 82' lang='lat' dir='ltr'><strong>actionibusque</strong></span> 
     </span>
    </p>
   </div>
   <div class='ocr_carea' id='block_1_57' title="bbox 2053 2933 3646 3008">
    <p class='ocr_par' dir='ltr' id='par_1_57' title="bbox 2053 2933 3646 3008">
     <span class='ocr_line' id='line_1_57' title="bbox 2053 2933 3646 3008; baseline -0.005 -13"><span class='ocrx_word' id='word_1_496' title='bbox 2053 2944 2353 3008; x_wconf 81' lang='lat' dir='ltr'><strong>gesserunt.</strong></span> <span class='ocrx_word' id='word_1_497' title='bbox 2413 2937 2469 2989; x_wconf 91' lang='lat' dir='ltr'><strong>ln</strong></span> <span class='ocrx_word' id='word_1_498' title='bbox 2509 2934 2730 2989; x_wconf 86' lang='lat' dir='ltr'><strong>Christo</strong></span> <span class='ocrx_word' id='word_1_499' title='bbox 2768 2949 2896 3004; x_wconf 87' lang='lat' dir='ltr'><strong>ergo</strong></span> <span class='ocrx_word' id='word_1_500' title='bbox 2941 2943 2997 2989; x_wconf 90' lang='lat' dir='ltr'><strong>et</strong></span> <span class='ocrx_word' id='word_1_501' title='bbox 3042 2934 3097 2988; x_wconf 91' lang='lat' dir='ltr'><strong>in</strong></span> <span class='ocrx_word' id='word_1_502' title='bbox 3132 2933 3405 2999; x_wconf 82' lang='lat' dir='ltr'><strong>Ecclesia,</strong></span> <span class='ocrx_word' id='word_1_503' title='bbox 3447 2933 3499 2987; x_wconf 88' lang='lat' dir='ltr'><strong>in</strong></span> <span class='ocrx_word' id='word_1_504' title='bbox 3540 2947 3646 3003; x_wconf 87' lang='lat' dir='ltr'><strong>qua</strong></span> 
     </span>
    </p>
   </div>
   <div class='ocr_carea' id='block_1_58' title="bbox 2056 3027 3645 3102">
    <p class='ocr_par' dir='ltr' id='par_1_58' title="bbox 2056 3027 3645 3102">
     <span class='ocr_line' id='line_1_58' title="bbox 2056 3027 3645 3102; baseline -0.004 -15"><span class='ocrx_word' id='word_1_505' title='bbox 2056 3034 2237 3102; x_wconf 88' lang='lat' dir='ltr'><strong>utique</strong></span> <span class='ocrx_word' id='word_1_506' title='bbox 2264 3030 2594 3100; x_wconf 87' lang='lat' dir='ltr'><strong>generaliter</strong></span> <span class='ocrx_word' id='word_1_507' title='bbox 2626 3028 2955 3097; x_wconf 61' lang='lat' dir='ltr'><strong>praecondita</strong></span> <span class='ocrx_word' id='word_1_508' title='bbox 2994 3036 3080 3082; x_wconf 88' lang='lat' dir='ltr'><strong>est</strong></span> <span class='ocrx_word' id='word_1_509' title='bbox 3118 3027 3367 3082; x_wconf 87' lang='lat' dir='ltr'><strong>remissio</strong></span> <span class='ocrx_word' id='word_1_510' title='bbox 3393 3036 3645 3096; x_wconf 84' lang='lat' dir='ltr'><strong>peccato—</strong></span> 
     </span>
    </p>
   </div>
   <div class='ocr_carea' id='block_1_59' title="bbox 2055 3123 3647 3195">
    <p class='ocr_par' dir='ltr' id='par_1_59' title="bbox 2055 3123 3647 3195">
     <span class='ocr_line' id='line_1_59' title="bbox 2055 3123 3647 3195; baseline -0.004 -13"><span class='ocrx_word' id='word_1_511' title='bbox 2055 3143 2195 3194; x_wconf 88' lang='lat' dir='ltr'><strong>rum,</strong></span> <span class='ocrx_word' id='word_1_512' title='bbox 2224 3127 2410 3181; x_wconf 87' lang='lat' dir='ltr'><strong>fideles</strong></span> <span class='ocrx_word' id='word_1_513' title='bbox 2435 3126 2635 3195; x_wconf 87' lang='lat' dir='ltr'><strong>quique</strong></span> <span class='ocrx_word' id='word_1_514' title='bbox 2660 3125 2772 3180; x_wconf 88' lang='lat' dir='ltr'><strong>Deo</strong></span> <span class='ocrx_word' id='word_1_515' title='bbox 2799 3123 3077 3194; x_wconf 89' lang='lat' dir='ltr'><strong>sanctique</strong></span> <span class='ocrx_word' id='word_1_516' title='bbox 3106 3124 3377 3185; x_wconf 74' lang='lat' dir='ltr'><strong>vixorunt,</strong></span> <span class='ocrx_word' id='word_1_517' title='bbox 3401 3132 3455 3177; x_wconf 87' lang='lat' dir='ltr'><strong>et</strong></span> <span class='ocrx_word' id='word_1_518' title='bbox 3478 3136 3647 3191; x_wconf 86' lang='lat' dir='ltr'><strong>usque</strong></span> 
     </span>
    </p>
   </div>
   <div class='ocr_carea' id='block_1_60' title="bbox 2060 3214 3648 3293">
    <p class='ocr_par' dir='ltr' id='par_1_60' title="bbox 2060 3214 3648 3293">
     <span class='ocr_line' id='line_1_60' title="bbox 2060 3214 3648 3293; baseline -0.006 -16"><span class='ocrx_word' id='word_1_519' title='bbox 2060 3224 2125 3277; x_wconf 86' lang='lat' dir='ltr'><strong>ad</strong></span> <span class='ocrx_word' id='word_1_520' title='bbox 2157 3224 2291 3292; x_wconf 85' lang='lat' dir='ltr'><strong>legis</strong></span> <span class='ocrx_word' id='word_1_521' title='bbox 2327 3234 2567 3291; x_wconf 87' lang='lat' dir='ltr'><strong>tempora</strong></span> <span class='ocrx_word' id='word_1_522' title='bbox 2603 3234 2696 3288; x_wconf 90' lang='lat' dir='ltr'><strong>per</strong></span> <span class='ocrx_word' id='word_1_523' title='bbox 2724 3219 2939 3291; x_wconf 80' lang='lat' dir='ltr'><strong>Moysen</strong></span> <span class='ocrx_word' id='word_1_524' title='bbox 2972 3219 3110 3272; x_wconf 75' lang='lat' dir='ltr'><strong>data:</strong></span> <span class='ocrx_word' id='word_1_525' title='bbox 3136 3218 3299 3271; x_wconf 84' lang='lat' dir='ltr'><strong>certis</strong></span> <span class='ocrx_word' id='word_1_526' title='bbox 3328 3224 3456 3271; x_wconf 87' lang='lat' dir='ltr'><strong>sunt</strong></span> <span class='ocrx_word' id='word_1_527' title='bbox 3484 3214 3648 3293; x_wconf 41' lang='lat' dir='ltr'><strong>sacris</strong></span> 
     </span>
    </p>
   </div>
   <div class='ocr_carea' id='block_1_61' title="bbox 2064 3311 3649 3387">
    <p class='ocr_par' dir='ltr' id='par_1_61' title="bbox 2064 3311 3649 3387">
     <span class='ocr_line' id='line_1_61' title="bbox 2064 3311 3649 3387; baseline -0.005 -16"><span class='ocrx_word' id='word_1_528' title='bbox 2064 3318 2198 3373; x_wconf 86' lang='lat' dir='ltr'><strong>liciis</strong></span> <span class='ocrx_word' id='word_1_529' title='bbox 2237 3318 2290 3369; x_wconf 90' lang='lat' dir='ltr'><strong>in</strong></span> <span class='ocrx_word' id='word_1_530' title='bbox 2334 3314 2493 3385; x_wconf 79' lang='lat' dir='ltr'><strong>hujus</strong></span> <span class='ocrx_word' id='word_1_531' title='bbox 2524 3314 2763 3387; x_wconf 83' lang='lat' dir='ltr'><strong>mysterii</strong></span> <span class='ocrx_word' id='word_1_532' title='bbox 2793 3315 2989 3368; x_wconf 84' lang='lat' dir='ltr'><strong>virtute</strong></span> <span class='ocrx_word' id='word_1_533' title='bbox 3031 3311 3263 3381; x_wconf 85' lang='lat' dir='ltr'><strong>purgati.</strong></span> <span class='ocrx_word' id='word_1_534' title='bbox 3309 3311 3649 3380; x_wconf 85' lang='lat' dir='ltr'><strong>Quapropter</strong></span> 
     </span>
    </p>
   </div>
   <div class='ocr_carea' id='block_1_62' title="bbox 2061 3403 3649 3479">
    <p class='ocr_par' dir='ltr' id='par_1_62' title="bbox 2061 3403 3649 3479">
     <span class='ocr_line' id='line_1_62' title="bbox 2061 3403 3649 3479; baseline -0.005 -16"><span class='ocrx_word' id='word_1_535' title='bbox 2061 3411 2106 3463; x_wconf 83' lang='lat' dir='ltr'><strong>si</strong></span> <span class='ocrx_word' id='word_1_536' title='bbox 2134 3417 2399 3479; x_wconf 86' lang='lat' dir='ltr'><strong>eguerunt</strong></span> <span class='ocrx_word' id='word_1_537' title='bbox 2428 3422 2616 3460; x_wconf 89' lang='lat' dir='ltr'><strong>omnes</strong></span> <span class='ocrx_word' id='word_1_538' title='bbox 2646 3406 2885 3477; x_wconf 82' lang='lat' dir='ltr'><strong>mysticis</strong></span> <span class='ocrx_word' id='word_1_539' title='bbox 2926 3403 3383 3459; x_wconf 86' lang='lat' dir='ltr'><strong>immoiationibus</strong></span> <span class='ocrx_word' id='word_1_540' title='bbox 3414 3403 3649 3457; x_wconf 88' lang='lat' dir='ltr'><strong>incessa-</strong></span> 
     </span>
    </p>
   </div>
   <div class='ocr_carea' id='block_1_63' title="bbox 2064 3494 3651 3568">
    <p class='ocr_par' dir='ltr' id='par_1_63' title="bbox 2064 3494 3651 3568">
     <span class='ocr_line' id='line_1_63' title="bbox 2064 3494 3651 3568; baseline -0.004 -13"><span class='ocrx_word' id='word_1_541' title='bbox 2064 3500 2240 3555; x_wconf 88' lang='lat' dir='ltr'><strong>biliter</strong></span> <span class='ocrx_word' id='word_1_542' title='bbox 2266 3498 2503 3568; x_wconf 82' lang='lat' dir='ltr'><strong>expiari,</strong></span> <span class='ocrx_word' id='word_1_543' title='bbox 2546 3512 2654 3551; x_wconf 88' lang='lat' dir='ltr'><strong>non</strong></span> <span class='ocrx_word' id='word_1_544' title='bbox 2693 3496 2912 3550; x_wconf 89' lang='lat' dir='ltr'><strong>dubium</strong></span> <span class='ocrx_word' id='word_1_545' title='bbox 2952 3505 3035 3550; x_wconf 87' lang='lat' dir='ltr'><strong>est</strong></span> <span class='ocrx_word' id='word_1_546' title='bbox 3062 3494 3205 3548; x_wconf 87' lang='lat' dir='ltr'><strong>vitiis</strong></span> <span class='ocrx_word' id='word_1_547' title='bbox 3238 3497 3484 3549; x_wconf 84' lang='lat' dir='ltr'><strong>humanae</strong></span> <span class='ocrx_word' id='word_1_548' title='bbox 3522 3509 3651 3549; x_wconf 76' lang='lat' dir='ltr'><strong>con~</strong></span> 
     </span>
    </p>
   </div>
   <div class='ocr_carea' id='block_1_64' title="bbox 2061 3587 3652 3662">
    <p class='ocr_par' dir='ltr' id='par_1_64' title="bbox 2061 3587 3652 3662">
     <span class='ocr_line' id='line_1_64' title="bbox 2061 3587 3652 3662; baseline -0.006 -10"><span class='ocrx_word' id='word_1_549' title='bbox 2061 3594 2280 3652; x_wconf 85' lang='lat' dir='ltr'><strong>ditionis</strong></span> <span class='ocrx_word' id='word_1_550' title='bbox 2304 3594 2470 3647; x_wconf 87' lang='lat' dir='ltr'><strong>fuisse</strong></span> <span class='ocrx_word' id='word_1_551' title='bbox 2492 3592 2762 3662; x_wconf 87' lang='lat' dir='ltr'><strong>pulsatos;</strong></span> <span class='ocrx_word' id='word_1_552' title='bbox 2792 3604 2819 3643; x_wconf 86' lang='lat' dir='ltr'><strong>a</strong></span> <span class='ocrx_word' id='word_1_553' title='bbox 2842 3589 3034 3660; x_wconf 84' lang='lat' dir='ltr'><strong>quibus</strong></span> <span class='ocrx_word' id='word_1_554' title='bbox 3061 3602 3155 3642; x_wconf 88' lang='lat' dir='ltr'><strong>eos</strong></span> <span class='ocrx_word' id='word_1_555' title='bbox 3182 3602 3274 3658; x_wconf 89' lang='lat' dir='ltr'><strong>per</strong></span> <span class='ocrx_word' id='word_1_556' title='bbox 3298 3587 3387 3641; x_wconf 87' lang='lat' dir='ltr'><strong>illa</strong></span> <span class='ocrx_word' id='word_1_557' title='bbox 3415 3587 3652 3643; x_wconf 86' lang='lat' dir='ltr'><strong>remedia</strong></span> 
     </span>
    </p>
   </div>
   <div class='ocr_carea' id='block_1_65' title="bbox 2062 3680 3652 3743">
    <p class='ocr_par' dir='ltr' id='par_1_65' title="bbox 2062 3680 3652 3743">
     <span class='ocr_line' id='line_1_65' title="bbox 2062 3680 3652 3743; baseline -0.004 0"><span class='ocrx_word' id='word_1_558' title='bbox 2062 3689 2223 3743; x_wconf 84' lang='lat' dir='ltr'><strong>futuri</strong></span> <span class='ocrx_word' id='word_1_559' title='bbox 2263 3686 2586 3742; x_wconf 83' lang='lat' dir='ltr'><strong>sacramenti</strong></span> <span class='ocrx_word' id='word_1_560' title='bbox 2624 3683 2991 3740; x_wconf 83' lang='lat' dir='ltr'><strong>necessarium</strong></span> <span class='ocrx_word' id='word_1_561' title='bbox 3018 3689 3168 3737; x_wconf 86' lang='lat' dir='ltr'><strong>esset</strong></span> <span class='ocrx_word' id='word_1_562' title='bbox 3199 3681 3532 3737; x_wconf 88' lang='lat' dir='ltr'><strong>incessanter</strong></span> <span class='ocrx_word' id='word_1_563' title='bbox 3556 3680 3652 3736; x_wconf 83' lang='lat' dir='ltr'><strong>ab-</strong></span> 
     </span>
    </p>
   </div>
   <div class='ocr_carea' id='block_1_66' title="bbox 2060 3773 3653 3848">
    <p class='ocr_par' dir='ltr' id='par_1_66' title="bbox 2060 3773 3653 3848">
     <span class='ocr_line' id='line_1_66' title="bbox 2060 3773 3653 3848; baseline -0.005 -11"><span class='ocrx_word' id='word_1_564' title='bbox 2060 3783 2219 3839; x_wconf 85' lang='lat' dir='ltr'><strong>solvi.</strong></span> <span class='ocrx_word' id='word_1_565' title='bbox 2271 3782 2385 3836; x_wconf 81' lang='lat' dir='ltr'><strong>Jam</strong></span> <span class='ocrx_word' id='word_1_566' title='bbox 2415 3794 2544 3837; x_wconf 90' lang='lat' dir='ltr'><strong>vero</strong></span> <span class='ocrx_word' id='word_1_567' title='bbox 2582 3779 2714 3848; x_wconf 79' lang='lat' dir='ltr'><strong>legis</strong></span> <span class='ocrx_word' id='word_1_568' title='bbox 2752 3787 2998 3847; x_wconf 88' lang='lat' dir='ltr'><strong>tempore</strong></span> <span class='ocrx_word' id='word_1_569' title='bbox 3032 3776 3304 3831; x_wconf 90' lang='lat' dir='ltr'><strong>neminem</strong></span> <span class='ocrx_word' id='word_1_570' title='bbox 3332 3773 3498 3829; x_wconf 87' lang='lat' dir='ltr'><strong>fuisse</strong></span> <span class='ocrx_word' id='word_1_571' title='bbox 3527 3789 3653 3830; x_wconf 79' lang='lat' dir='ltr'><strong>san-</strong></span> 
     </span>
    </p>
   </div>
   <div class='ocr_carea' id='block_1_67' title="bbox 2058 3868 3654 3946">
    <p class='ocr_par' dir='ltr' id='par_1_67' title="bbox 2058 3868 3654 3946">
     <span class='ocr_line' id='line_1_67' title="bbox 2058 3868 3654 3946; baseline -0.004 -14"><span class='ocrx_word' id='word_1_572' title='bbox 2058 3887 2267 3933; x_wconf 84' lang='lat' dir='ltr'><strong>ctorum</strong></span> <span class='ocrx_word' id='word_1_573' title='bbox 2297 3875 2386 3946; x_wconf 87' lang='lat' dir='ltr'><strong>qui</strong></span> <span class='ocrx_word' id='word_1_574' title='bbox 2419 3889 2524 3929; x_wconf 87' lang='lat' dir='ltr'><strong>non</strong></span> <span class='ocrx_word' id='word_1_575' title='bbox 2561 3872 2789 3928; x_wconf 87' lang='lat' dir='ltr'><strong>hostiam</strong></span> <span class='ocrx_word' id='word_1_576' title='bbox 2820 3870 3077 3927; x_wconf 90' lang='lat' dir='ltr'><strong>obtulerit</strong></span> <span class='ocrx_word' id='word_1_577' title='bbox 3106 3884 3202 3939; x_wconf 90' lang='lat' dir='ltr'><strong>pro</strong></span> <span class='ocrx_word' id='word_1_578' title='bbox 3227 3876 3471 3939; x_wconf 88' lang='lat' dir='ltr'><strong>peccato,</strong></span> <span class='ocrx_word' id='word_1_579' title='bbox 3494 3868 3654 3925; x_wconf 86' lang='lat' dir='ltr'><strong>lectio</strong></span> 
     </span>
    </p>
   </div>
   <div class='ocr_carea' id='block_1_68' title="bbox 2034 3948 3654 4043">
    <p class='ocr_par' dir='ltr' id='par_1_68' title="bbox 2034 3948 3654 4043">
     <span class='ocr_line' id='line_1_68' title="bbox 2034 3948 3654 4043; baseline -0.002 -22"><span class='ocrx_word' id='word_1_580' title='bbox 2034 3969 2363 4043; x_wconf 63' lang='lat' dir='ltr'><strong>veneranda</strong></span> <span class='ocrx_word' id='word_1_581' title='bbox 2405 3975 2665 4023; x_wconf 88' lang='lat' dir='ltr'><strong>testatur:</strong></span> <span class='ocrx_word' id='word_1_582' title='bbox 2709 3965 2765 4021; x_wconf 91' lang='lat' dir='ltr'><strong>in</strong></span> <span class='ocrx_word' id='word_1_583' title='bbox 2806 3972 3012 4019; x_wconf 87' lang='lat' dir='ltr'><strong>tantum</strong></span> <span class='ocrx_word' id='word_1_584' title='bbox 3058 3972 3117 4017; x_wconf 89' lang='lat' dir='ltr'><strong>ut</strong></span> <span class='ocrx_word' id='word_1_585' title='bbox 3159 3964 3323 4017; x_wconf 88' lang='lat' dir='ltr'><strong>etiam</strong></span> <span class='ocrx_word' id='word_1_586' title='bbox 3372 3948 3654 4031; x_wconf 86' lang='lat' dir='ltr'><strong>pontiﬁces</strong></span> 
     </span>
    </p>
   </div>
   <div class='ocr_carea' id='block_1_69' title="bbox 2062 4054 3657 4132">
    <p class='ocr_par' dir='ltr' id='par_1_69' title="bbox 2062 4054 3657 4132">
     <span class='ocr_line' id='line_1_69' title="bbox 2062 4054 3657 4132; baseline -0.004 -15"><span class='ocrx_word' id='word_1_587' title='bbox 2062 4062 2140 4117; x_wconf 90' lang='lat' dir='ltr'><strong>sic</strong></span> <span class='ocrx_word' id='word_1_588' title='bbox 2169 4062 2309 4132; x_wconf 88' lang='lat' dir='ltr'><strong>apud</strong></span> <span class='ocrx_word' id='word_1_589' title='bbox 2343 4062 2508 4115; x_wconf 90' lang='lat' dir='ltr'><strong>Deum</strong></span> <span class='ocrx_word' id='word_1_590' title='bbox 2538 4075 2729 4114; x_wconf 88' lang='lat' dir='ltr'><strong>causas</strong></span> <span class='ocrx_word' id='word_1_591' title='bbox 2761 4066 2983 4128; x_wconf 87' lang='lat' dir='ltr'><strong>agerent</strong></span> <span class='ocrx_word' id='word_1_592' title='bbox 3013 4055 3196 4127; x_wconf 88' lang='lat' dir='ltr'><strong>populi</strong></span> <span class='ocrx_word' id='word_1_593' title='bbox 3225 4066 3350 4110; x_wconf 88' lang='lat' dir='ltr'><strong>tunc</strong></span> <span class='ocrx_word' id='word_1_594' title='bbox 3376 4054 3572 4119; x_wconf 81' lang='lat' dir='ltr'><strong>fidelis,</strong></span> <span class='ocrx_word' id='word_1_595' title='bbox 3596 4064 3657 4110; x_wconf 87' lang='lat' dir='ltr'><strong>ut</strong></span> 
     </span>
    </p>
   </div>
   <div class='ocr_carea' id='block_1_70' title="bbox 2065 4148 3655 4228">
    <p class='ocr_par' dir='ltr' id='par_1_70' title="bbox 2065 4148 3655 4228">
     <span class='ocr_line' id='line_1_70' title="bbox 2065 4148 3655 4228; baseline -0.005 -17"><span class='ocrx_word' id='word_1_596' title='bbox 2065 4158 2168 4228; x_wconf 86' lang='lat' dir='ltr'><strong>ipsi</strong></span> <span class='ocrx_word' id='word_1_597' title='bbox 2205 4173 2416 4227; x_wconf 85' lang='lat' dir='ltr'><strong>quoque</strong></span> <span class='ocrx_word' id='word_1_598' title='bbox 2464 4171 2564 4226; x_wconf 89' lang='lat' dir='ltr'><strong>pro</strong></span> <span class='ocrx_word' id='word_1_599' title='bbox 2613 4156 2731 4209; x_wconf 87' lang='lat' dir='ltr'><strong>suis</strong></span> <span class='ocrx_word' id='word_1_600' title='bbox 2780 4154 2990 4208; x_wconf 86' lang='lat' dir='ltr'><strong>delictis</strong></span> <span class='ocrx_word' id='word_1_601' title='bbox 3034 4150 3242 4205; x_wconf 87' lang='lat' dir='ltr'><strong>hostias</strong></span> <span class='ocrx_word' id='word_1_602' title='bbox 3288 4148 3655 4216; x_wconf 86' lang='lat' dir='ltr'><strong>immolarent,</strong></span> 
     </span>
    </p>
   </div>
   <div class='ocr_carea' id='block_1_71' title="bbox 2064 4239 3658 4321">
    <p class='ocr_par' dir='ltr' id='par_1_71' title="bbox 2064 4239 3658 4321">
     <span class='ocr_line' id='line_1_71' title="bbox 2064 4239 3658 4321; baseline -0.004 -18"><span class='ocrx_word' id='word_1_603' title='bbox 2064 4249 2371 4321; x_wconf 84' lang='lat' dir='ltr'><strong>passimque</strong></span> <span class='ocrx_word' id='word_1_604' title='bbox 2419 4246 2657 4301; x_wconf 85' lang='lat' dir='ltr'><strong>universi</strong></span> <span class='ocrx_word' id='word_1_605' title='bbox 2708 4243 2986 4314; x_wconf 76' lang='lat' dir='ltr'><strong>prephetsc</strong></span> <span class='ocrx_word' id='word_1_606' title='bbox 3040 4239 3376 4311; x_wconf 87' lang='lat' dir='ltr'><strong>proclament</strong></span> <span class='ocrx_word' id='word_1_607' title='bbox 3422 4240 3658 4309; x_wconf 87' lang='lat' dir='ltr'><strong>peccatis</strong></span> 
     </span>
    </p>
   </div>
   <div class='ocr_carea' id='block_1_72' title="bbox 2064 4332 3660 4411">
    <p class='ocr_par' dir='ltr' id='par_1_72' title="bbox 2064 4332 3660 4411">
     <span class='ocr_line' id='line_1_72' title="bbox 2064 4332 3660 4411; baseline -0.004 -14"><span class='ocrx_word' id='word_1_608' title='bbox 2064 4342 2175 4397; x_wconf 85' lang='lat' dir='ltr'><strong>suis</strong></span> <span class='ocrx_word' id='word_1_609' title='bbox 2202 4341 2411 4397; x_wconf 82' lang='lat' dir='ltr'><strong>veniam</strong></span> <span class='ocrx_word' id='word_1_610' title='bbox 2440 4338 2798 4411; x_wconf 88' lang='lat' dir='ltr'><strong>postulantes.</strong></span> <span class='ocrx_word' id='word_1_611' title='bbox 2855 4334 2983 4391; x_wconf 85' lang='lat' dir='ltr'><strong>inde</strong></span> <span class='ocrx_word' id='word_1_612' title='bbox 3018 4342 3106 4391; x_wconf 86' lang='lat' dir='ltr'><strong>est</strong></span> <span class='ocrx_word' id='word_1_613' title='bbox 3142 4334 3283 4406; x_wconf 90' lang='lat' dir='ltr'><strong>quod</strong></span> <span class='ocrx_word' id='word_1_614' title='bbox 3313 4341 3532 4411; x_wconf 77' lang='lat' dir='ltr'><strong>sanctus</strong></span> <span class='ocrx_word' id='word_1_615' title='bbox 3556 4332 3660 4391; x_wconf 84' lang='lat' dir='ltr'><strong>Job</strong></span> 
     </span>
    </p>
   </div>
   <div class='ocr_carea' id='block_1_73' title="bbox 2063 4428 3660 4501">
    <p class='ocr_par' dir='ltr' id='par_1_73' title="bbox 2063 4428 3660 4501">
     <span class='ocr_line' id='line_1_73' title="bbox 2063 4428 3660 4501; baseline -0.005 -12"><span class='ocrx_word' id='word_1_616' title='bbox 2063 4433 2231 4489; x_wconf 87' lang='lat' dir='ltr'><strong>dicit:</strong></span> <span class='ocrx_word' id='word_1_617' title='bbox 2277 4432 2441 4487; x_wconf 83' lang='lat' dir='ltr'><strong>Nemo</strong></span> <span class='ocrx_word' id='word_1_618' title='bbox 2488 4430 2713 4485; x_wconf 82' lang='lat' dir='ltr'><strong>mundus</strong></span> <span class='ocrx_word' id='word_1_619' title='bbox 2751 4446 2784 4483; x_wconf 88' lang='lat' dir='ltr'><strong>a</strong></span> <span class='ocrx_word' id='word_1_620' title='bbox 2828 4428 3009 4493; x_wconf 77' lang='lat' dir='ltr'><strong>sorde,</strong></span> <span class='ocrx_word' id='word_1_621' title='bbox 3050 4442 3145 4481; x_wconf 76' lang='lat' dir='ltr'><strong>nec</strong></span> <span class='ocrx_word' id='word_1_622' title='bbox 3180 4428 3355 4498; x_wconf 78' lang='lat' dir='ltr'><strong>infans</strong></span> <span class='ocrx_word' id='word_1_623' title='bbox 3394 4430 3543 4501; x_wconf 73' lang='lat' dir='ltr'><strong>cujus</strong></span> <span class='ocrx_word' id='word_1_624' title='bbox 3581 4435 3660 4483; x_wconf 81' lang='lat' dir='ltr'><strong>est</strong></span> 
     </span>
    </p>
   </div>
   <div class='ocr_carea' id='block_1_74' title="bbox 2063 4521 3655 4596">
    <p class='ocr_par' dir='ltr' id='par_1_74' title="bbox 2063 4521 3655 4596">
     <span class='ocr_line' id='line_1_74' title="bbox 2063 4521 3655 4596; baseline -0.001 -15"><span class='ocrx_word' id='word_1_625' title='bbox 2063 4531 2216 4583; x_wconf 80' lang='lat' dir='ltr'><strong>unius</strong></span> <span class='ocrx_word' id='word_1_626' title='bbox 2246 4529 2348 4581; x_wconf 83' lang='lat' dir='ltr'><strong>diei</strong></span> <span class='ocrx_word' id='word_1_627' title='bbox 2378 4532 2481 4581; x_wconf 79' lang='lat' dir='ltr'><strong>vita</strong></span> <span class='ocrx_word' id='word_1_628' title='bbox 2510 4542 2659 4596; x_wconf 82' lang='lat' dir='ltr'><strong>super</strong></span> <span class='ocrx_word' id='word_1_629' title='bbox 2686 4534 2873 4579; x_wconf 85' lang='lat' dir='ltr'><strong>terram</strong></span> <span class='ocrx_word' id='word_1_630' title='bbox 2897 4522 3039 4592; x_wconf 80' lang='lat' dir='ltr'><strong>(Job,</strong></span> <span class='ocrx_word' id='word_1_631' title='bbox 3062 4521 3188 4594; x_wconf 78' lang='lat' dir='ltr'><strong>xv):</strong></span> <span class='ocrx_word' id='word_1_632' title='bbox 3220 4522 3469 4593; x_wconf 87' lang='lat' dir='ltr'><strong>idemque</strong></span> <span class='ocrx_word' id='word_1_633' title='bbox 3492 4522 3655 4579; x_wconf 87' lang='lat' dir='ltr'><strong>alibi:</strong></span> 
     </span>
    </p>
   </div>
   <div class='ocr_carea' id='block_1_75' title="bbox 2070 4614 3658 4687">
    <p class='ocr_par' dir='ltr' id='par_1_75' title="bbox 2070 4614 3658 4687">
     <span class='ocr_line' id='line_1_75' title="bbox 2070 4614 3658 4687; baseline -0.002 -12"><span class='ocrx_word' id='word_1_634' title='bbox 2070 4623 2219 4675; x_wconf 83' lang='lat' dir='ltr'><strong>Astra</strong></span> <span class='ocrx_word' id='word_1_635' title='bbox 2260 4637 2359 4673; x_wconf 87' lang='lat' dir='ltr'><strong>non</strong></span> <span class='ocrx_word' id='word_1_636' title='bbox 2397 4628 2513 4673; x_wconf 84' lang='lat' dir='ltr'><strong>sunt</strong></span> <span class='ocrx_word' id='word_1_637' title='bbox 2550 4620 2744 4671; x_wconf 84' lang='lat' dir='ltr'><strong>munda</strong></span> <span class='ocrx_word' id='word_1_638' title='bbox 2792 4619 2842 4672; x_wconf 85' lang='lat' dir='ltr'><strong>in</strong></span> <span class='ocrx_word' id='word_1_639' title='bbox 2894 4625 3165 4687; x_wconf 75' lang='lat' dir='ltr'><strong>conspectu</strong></span> <span class='ocrx_word' id='word_1_640' title='bbox 3214 4624 3320 4671; x_wconf 83' lang='lat' dir='ltr'><strong>tuo.</strong></span> <span class='ocrx_word' id='word_1_641' title='bbox 3374 4614 3658 4685; x_wconf 69' lang='lat' dir='ltr'><strong>Prophetas</strong></span> 
     </span>
    </p>
   </div>
   <div class='ocr_carea' id='block_1_76' title="bbox 370 4669 1956 4785">
    <p class='ocr_par' dir='ltr' id='par_1_76' title="bbox 370 4669 1956 4773">
     <span class='ocr_line' id='line_1_76' title="bbox 370 4669 1956 4773; baseline -0.002 -12"><span class='ocrx_word' id='word_1_642' title='bbox 370 4669 709 4761; x_wconf 43' lang='lat' dir='ltr'><strong>Sed&#39;utrum</strong></span> <span class='ocrx_word' id='word_1_643' title='bbox 758 4704 921 4773; x_wconf 87' lang='lat' dir='ltr'><strong>aliqui</strong></span> <span class='ocrx_word' id='word_1_644' title='bbox 967 4669 1116 4761; x_wconf 39' lang='lat' dir='ltr'><strong>tales.</strong></span> <span class='ocrx_word' id='word_1_645' title='bbox 1150 4669 1487 4770; x_wconf 64' lang='lat' dir='ltr'><strong>exstiterint,</strong></span> <span class='ocrx_word' id='word_1_646' title='bbox 1536 4702 1624 4773; x_wconf 91' lang='lat' dir='ltr'><strong>qui</strong></span> <span class='ocrx_word' id='word_1_647' title='bbox 1673 4718 1847 4773; x_wconf 88' lang='lat' dir='ltr'><strong>usque</strong></span> <span class='ocrx_word' id='word_1_648' title='bbox 1892 4702 1956 4758; x_wconf 91' lang='lat' dir='ltr'><strong>ad</strong></span> 
     </span>
    </p>
   </div>
   <div class='ocr_carea' id='block_1_77' title="bbox 2062 4669 3657 4785">
    <p class='ocr_par' dir='ltr' id='par_1_77' title="bbox 2073 4708 3657 4785">
     <span class='ocr_line' id='line_1_77' title="bbox 2073 4708 3657 4785; baseline -0.003 -17"><span class='ocrx_word' id='word_1_649' title='bbox 2073 4727 2285 4785; x_wconf 90' lang='lat' dir='ltr'><strong>quoque</strong></span> <span class='ocrx_word' id='word_1_650' title='bbox 2316 4711 2486 4766; x_wconf 85' lang='lat' dir='ltr'><strong>David</strong></span> <span class='ocrx_word' id='word_1_651' title='bbox 2521 4712 2587 4766; x_wconf 91' lang='lat' dir='ltr'><strong>de</strong></span> <span class='ocrx_word' id='word_1_652' title='bbox 2618 4710 2971 4781; x_wconf 86' lang='lat' dir='ltr'><strong>generalitate</strong></span> <span class='ocrx_word' id='word_1_653' title='bbox 3006 4717 3313 4764; x_wconf 87' lang='lat' dir='ltr'><strong>sanctorum</strong></span> <span class='ocrx_word' id='word_1_654' title='bbox 3346 4718 3489 4764; x_wconf 86' lang='lat' dir='ltr'><strong>certa</strong></span> <span class='ocrx_word' id='word_1_655' title='bbox 3520 4708 3657 4764; x_wconf 87' lang='lat' dir='ltr'><strong>deﬁ-</strong></span> 
     </span>
    </p>
   </div>
   <div class='ocr_carea' id='block_1_78' title="bbox 373 4794 1965 4867">
    <p class='ocr_par' dir='ltr' id='par_1_78' title="bbox 373 4794 1965 4867">
     <span class='ocr_line' id='line_1_78' title="bbox 373 4794 1965 4867; baseline 0.001 -17"><span class='ocrx_word' id='word_1_656' title='bbox 373 4796 514 4850; x_wconf 88' lang='lat' dir='ltr'><strong>hanc</strong></span> <span class='ocrx_word' id='word_1_657' title='bbox 542 4795 927 4867; x_wconf 86' lang='lat' dir='ltr'><strong>perfectionem</strong></span> <span class='ocrx_word' id='word_1_658' title='bbox 958 4796 1079 4852; x_wconf 63' lang='lat' dir='ltr'><strong>vita</strong></span> <span class='ocrx_word' id='word_1_659' title='bbox 1123 4795 1404 4866; x_wconf 63' lang='lat' dir='ltr'><strong>praesentis</strong></span> <span class='ocrx_word' id='word_1_660' title='bbox 1433 4794 1783 4862; x_wconf 87' lang='lat' dir='ltr'><strong>accederent,</strong></span> <span class='ocrx_word' id='word_1_661' title='bbox 1824 4795 1965 4851; x_wconf 89' lang='lat' dir='ltr'><strong>sicut</strong></span> 
     </span>
    </p>
   </div>
   <div class='ocr_carea' id='block_1_79' title="bbox 373 4886 1963 4960">
    <p class='ocr_par' dir='ltr' id='par_1_79' title="bbox 373 4886 1963 4960">
     <span class='ocr_line' id='line_1_79' title="bbox 373 4886 1963 4960; baseline 0.001 -18"><span class='ocrx_word' id='word_1_662' title='bbox 373 4902 637 4960; x_wconf 87' lang='lat' dir='ltr'><strong>nusquam</strong></span> <span class='ocrx_word' id='word_1_663' title='bbox 676 4886 955 4944; x_wconf 85' lang='lat' dir='ltr'><strong>evidenter</strong></span> <span class='ocrx_word' id='word_1_664' title='bbox 980 4891 1267 4957; x_wconf 87' lang='lat' dir='ltr'><strong>astruitur,</strong></span> <span class='ocrx_word' id='word_1_665' title='bbox 1320 4888 1401 4945; x_wconf 86' lang='lat' dir='ltr'><strong>sic</strong></span> <span class='ocrx_word' id='word_1_666' title='bbox 1429 4901 1527 4944; x_wconf 92' lang='lat' dir='ltr'><strong>nos</strong></span> <span class='ocrx_word' id='word_1_667' title='bbox 1558 4887 1720 4943; x_wconf 89' lang='lat' dir='ltr'><strong>facile</strong></span> <span class='ocrx_word' id='word_1_668' title='bbox 1752 4888 1837 4944; x_wconf 89' lang='lat' dir='ltr'><strong>vel</strong></span> <span class='ocrx_word' id='word_1_669' title='bbox 1868 4890 1963 4944; x_wconf 85' lang='lat' dir='ltr'><strong>ﬁr-</strong></span> 
     </span>
    </p>
   </div>
   <div class='ocr_carea' id='block_1_80' title="bbox 376 4982 1964 5061">
    <p class='ocr_par' dir='ltr' id='par_1_80' title="bbox 376 4982 1964 5061">
     <span class='ocr_line' id='line_1_80' title="bbox 376 4982 1964 5061; baseline 0.001 -24"><span class='ocrx_word' id='word_1_670' title='bbox 376 4996 525 5038; x_wconf 91' lang='lat' dir='ltr'><strong>mare</strong></span> <span class='ocrx_word' id='word_1_671' title='bbox 548 4982 631 5061; x_wconf 87' lang='lat' dir='ltr'><strong>vel</strong></span> <span class='ocrx_word' id='word_1_672' title='bbox 646 4984 969 5055; x_wconf 87' lang='lat' dir='ltr'><strong>impugnare</strong></span> <span class='ocrx_word' id='word_1_673' title='bbox 991 4997 1097 5038; x_wconf 91' lang='lat' dir='ltr'><strong>non</strong></span> <span class='ocrx_word' id='word_1_674' title='bbox 1121 4984 1394 5051; x_wconf 87' lang='lat' dir='ltr'><strong>convenit,</strong></span> <span class='ocrx_word' id='word_1_675' title='bbox 1422 4984 1701 5055; x_wconf 79' lang='lat' dir='ltr'><strong>magisque</strong></span> <span class='ocrx_word' id='word_1_676' title='bbox 1723 4983 1964 5040; x_wconf 88' lang='lat' dir='ltr'><strong>sobrium</strong></span> 
     </span>
    </p>
   </div>
   <div class='ocr_carea' id='block_1_81' title="bbox 374 5074 1963 5146">
    <p class='ocr_par' dir='ltr' id='par_1_81' title="bbox 374 5074 1963 5146">
     <span class='ocr_line' id='line_1_81' title="bbox 374 5074 1963 5146; baseline 0.002 -16"><span class='ocrx_word' id='word_1_677' title='bbox 374 5084 461 5131; x_wconf 89' lang='lat' dir='ltr'><strong>est</strong></span> <span class='ocrx_word' id='word_1_678' title='bbox 489 5089 556 5130; x_wconf 92' lang='lat' dir='ltr'><strong>ex</strong></span> <span class='ocrx_word' id='word_1_679' title='bbox 585 5076 823 5146; x_wconf 87' lang='lat' dir='ltr'><strong>ipsorum</strong></span> <span class='ocrx_word' id='word_1_680' title='bbox 852 5074 1071 5130; x_wconf 85' lang='lat' dir='ltr'><strong>vocibus</strong></span> <span class='ocrx_word' id='word_1_681' title='bbox 1104 5075 1521 5144; x_wconf 88' lang='lat' dir='ltr'><strong>prophetarum,</strong></span> <span class='ocrx_word' id='word_1_682' title='bbox 1561 5076 1963 5146; x_wconf 87' lang='lat' dir='ltr'><strong>apostolorum-</strong></span> 
     </span>
    </p>
   </div>
   <div class='ocr_carea' id='block_1_82' title="bbox 376 5158 1966 5239">
    <p class='ocr_par' dir='ltr' id='par_1_82' title="bbox 376 5158 1966 5239">
     <span class='ocr_line' id='line_1_82' title="bbox 376 5158 1966 5239; baseline 0.002 -17"><span class='ocrx_word' id='word_1_683' title='bbox 376 5182 485 5237; x_wconf 91' lang='lat' dir='ltr'><strong>que</strong></span> <span class='ocrx_word' id='word_1_684' title='bbox 520 5158 830 5224; x_wconf 82' lang='lat' dir='ltr'><strong>sanctorum</strong></span> <span class='ocrx_word' id='word_1_685' title='bbox 860 5175 1128 5238; x_wconf 88' lang='lat' dir='ltr'><strong>quatenus</strong></span> <span class='ocrx_word' id='word_1_686' title='bbox 1168 5166 1327 5238; x_wconf 86' lang='lat' dir='ltr'><strong>hujus</strong></span> <span class='ocrx_word' id='word_1_687' title='bbox 1357 5169 1480 5224; x_wconf 68' lang='lat' dir='ltr'><strong>vitae</strong></span> <span class='ocrx_word' id='word_1_688' title='bbox 1522 5168 1822 5239; x_wconf 89' lang='lat' dir='ltr'><strong>profectum</strong></span> <span class='ocrx_word' id='word_1_689' title='bbox 1852 5185 1966 5225; x_wconf 85' lang='lat' dir='ltr'><strong>me-</strong></span> 
     </span>
    </p>
   </div>
   <div class='ocr_carea' id='block_1_83' title="bbox 378 5260 1967 5333">
    <p class='ocr_par' dir='ltr' id='par_1_83' title="bbox 378 5260 1967 5333">
     <span class='ocr_line' id='line_1_83' title="bbox 378 5260 1967 5333; baseline 0.003 -19"><span class='ocrx_word' id='word_1_690' title='bbox 378 5260 469 5317; x_wconf 69' lang='lat' dir='ltr'><strong>tiri</strong></span> <span class='ocrx_word' id='word_1_691' title='bbox 520 5260 811 5317; x_wconf 89' lang='lat' dir='ltr'><strong>debeamus</strong></span> <span class='ocrx_word' id='word_1_692' title='bbox 867 5274 1206 5332; x_wconf 83' lang='lat' dir='ltr'><strong>agnoscere,</strong></span> <span class='ocrx_word' id='word_1_693' title='bbox 1264 5261 1457 5332; x_wconf 89' lang='lat' dir='ltr'><strong>quibus</strong></span> <span class='ocrx_word' id='word_1_694' title='bbox 1518 5263 1703 5333; x_wconf 89' lang='lat' dir='ltr'><strong>utique</strong></span> <span class='ocrx_word' id='word_1_695' title='bbox 1750 5263 1805 5317; x_wconf 90' lang='lat' dir='ltr'><strong>in</strong></span> <span class='ocrx_word' id='word_1_696' title='bbox 1864 5263 1967 5319; x_wconf 89' lang='lat' dir='ltr'><strong>hoc</strong></span> 
     </span>
    </p>
   </div>
   <div class='ocr_carea' id='block_1_84' title="bbox 376 5355 1963 5428">
    <p class='ocr_par' dir='ltr' id='par_1_84' title="bbox 376 5355 1963 5428">
     <span class='ocr_line' id='line_1_84' title="bbox 376 5355 1963 5428; baseline 0.001 -17"><span class='ocrx_word' id='word_1_697' title='bbox 376 5357 601 5422; x_wconf 88' lang='lat' dir='ltr'><strong>mundo,</strong></span> <span class='ocrx_word' id='word_1_698' title='bbox 623 5366 879 5428; x_wconf 85' lang='lat' dir='ltr'><strong>quantum</strong></span> <span class='ocrx_word' id='word_1_699' title='bbox 900 5356 966 5411; x_wconf 88' lang='lat' dir='ltr'><strong>ad</strong></span> <span class='ocrx_word' id='word_1_700' title='bbox 996 5366 1200 5411; x_wconf 61' lang='lat' dir='ltr'><strong>sancta:</strong></span> <span class='ocrx_word' id='word_1_701' title='bbox 1221 5356 1349 5413; x_wconf 75' lang='lat' dir='ltr'><strong>vitae</strong></span> <span class='ocrx_word' id='word_1_702' title='bbox 1378 5355 1611 5426; x_wconf 88' lang='lat' dir='ltr'><strong>pertinet</strong></span> <span class='ocrx_word' id='word_1_703' title='bbox 1639 5356 1963 5426; x_wconf 89' lang='lat' dir='ltr'><strong>institutum,</strong></span> 
     </span>
    </p>
   </div>
   <div class='ocr_carea' id='block_1_85' title="bbox 378 5448 1965 5518">
    <p class='ocr_par' dir='ltr' id='par_1_85' title="bbox 378 5448 1965 5518">
     <span class='ocr_line' id='line_1_85' title="bbox 378 5448 1965 5518; baseline 0.002 -13"><span class='ocrx_word' id='word_1_704' title='bbox 378 5448 512 5505; x_wconf 88' lang='lat' dir='ltr'><strong>nihil</strong></span> <span class='ocrx_word' id='word_1_705' title='bbox 532 5450 883 5506; x_wconf 82' lang='lat' dir='ltr'><strong>excellentius</strong></span> <span class='ocrx_word' id='word_1_706' title='bbox 903 5450 987 5506; x_wconf 89' lang='lat' dir='ltr'><strong>vel</strong></span> <span class='ocrx_word' id='word_1_707' title='bbox 1010 5449 1195 5518; x_wconf 88' lang='lat' dir='ltr'><strong>fuisse,</strong></span> <span class='ocrx_word' id='word_1_708' title='bbox 1214 5451 1297 5506; x_wconf 79' lang='lat' dir='ltr'><strong>val</strong></span> <span class='ocrx_word' id='word_1_709' title='bbox 1318 5464 1460 5516; x_wconf 88' lang='lat' dir='ltr'><strong>esse,</strong></span> <span class='ocrx_word' id='word_1_710' title='bbox 1480 5450 1827 5507; x_wconf 72' lang='lat' dir='ltr'><strong>manufestum</strong></span> <span class='ocrx_word' id='word_1_711' title='bbox 1853 5461 1965 5509; x_wconf 89' lang='lat' dir='ltr'><strong>est:</strong></span> 
     </span>
    </p>
   </div>
   <div class='ocr_carea' id='block_1_86' title="bbox 376 5541 1965 5616">
    <p class='ocr_par' dir='ltr' id='par_1_86' title="bbox 376 5541 1965 5616">
     <span class='ocr_line' id='line_1_86' title="bbox 376 5541 1965 5616; baseline 0.006 -23"><span class='ocrx_word' id='word_1_712' title='bbox 376 5541 471 5609; x_wconf 81' lang='lat' dir='ltr'><strong>qui</strong></span> <span class='ocrx_word' id='word_1_713' title='bbox 500 5541 708 5597; x_wconf 86' lang='lat' dir='ltr'><strong>etiamsi</strong></span> <span class='ocrx_word' id='word_1_714' title='bbox 733 5542 1035 5612; x_wconf 81' lang='lat' dir='ltr'><strong>copiosiora</strong></span> <span class='ocrx_word' id='word_1_715' title='bbox 1062 5544 1164 5600; x_wconf 90' lang='lat' dir='ltr'><strong>Dei</strong></span> <span class='ocrx_word' id='word_1_716' title='bbox 1192 5558 1417 5600; x_wconf 89' lang='lat' dir='ltr'><strong>munere</strong></span> <span class='ocrx_word' id='word_1_717' title='bbox 1447 5545 1531 5599; x_wconf 89' lang='lat' dir='ltr'><strong>vel</strong></span> <span class='ocrx_word' id='word_1_718' title='bbox 1556 5546 1694 5602; x_wconf 88' lang='lat' dir='ltr'><strong>raris</strong></span> <span class='ocrx_word' id='word_1_719' title='bbox 1722 5547 1965 5616; x_wconf 84' lang='lat' dir='ltr'><strong>omnino,</strong></span> 
     </span>
    </p>
   </div>
   <div class='ocr_carea' id='block_1_87' title="bbox 380 5635 1970 5710">
    <p class='ocr_par' dir='ltr' id='par_1_87' title="bbox 380 5635 1970 5710">
     <span class='ocr_line' id='line_1_87' title="bbox 380 5635 1970 5710; baseline 0.005 -22"><span class='ocrx_word' id='word_1_720' title='bbox 380 5637 466 5693; x_wconf 90' lang='lat' dir='ltr'><strong>vel</strong></span> <span class='ocrx_word' id='word_1_721' title='bbox 492 5636 727 5692; x_wconf 82' lang='lat' dir='ltr'><strong>minimis</strong></span> <span class='ocrx_word' id='word_1_722' title='bbox 752 5635 999 5693; x_wconf 59' lang='lat' dir='ltr'><strong>humanas</strong></span> <span class='ocrx_word' id='word_1_723' title='bbox 1025 5636 1352 5694; x_wconf 84' lang='lat' dir='ltr'><strong>conditionis</strong></span> <span class='ocrx_word' id='word_1_724' title='bbox 1376 5638 1714 5710; x_wconf 86' lang='lat' dir='ltr'><strong>passionibus</strong></span> <span class='ocrx_word' id='word_1_725' title='bbox 1740 5640 1970 5710; x_wconf 86' lang='lat' dir='ltr'><strong>impetiti</strong></span> 
     </span>
    </p>
   </div>
   <div class='ocr_carea' id='block_1_88' title="bbox 378 5728 1971 5801">
    <p class='ocr_par' dir='ltr' id='par_1_88' title="bbox 378 5728 1971 5801">
     <span class='ocr_line' id='line_1_88' title="bbox 378 5728 1971 5801; baseline 0.001 -15"><span class='ocrx_word' id='word_1_726' title='bbox 378 5738 549 5799; x_wconf 88' lang='lat' dir='ltr'><strong>sunt,</strong></span> <span class='ocrx_word' id='word_1_727' title='bbox 598 5739 655 5786; x_wconf 88' lang='lat' dir='ltr'><strong>et</strong></span> <span class='ocrx_word' id='word_1_728' title='bbox 698 5728 1039 5787; x_wconf 85' lang='lat' dir='ltr'><strong>affluentiore</strong></span> <span class='ocrx_word' id='word_1_729' title='bbox 1086 5730 1184 5787; x_wconf 87' lang='lat' dir='ltr'><strong>Dei</strong></span> <span class='ocrx_word' id='word_1_730' title='bbox 1230 5731 1406 5801; x_wconf 85' lang='lat' dir='ltr'><strong>gratia</strong></span> <span class='ocrx_word' id='word_1_731' title='bbox 1455 5731 1797 5787; x_wconf 88' lang='lat' dir='ltr'><strong>mortalitatis</strong></span> <span class='ocrx_word' id='word_1_732' title='bbox 1843 5732 1971 5788; x_wconf 88' lang='lat' dir='ltr'><strong>vitia</strong></span> 
     </span>
    </p>
   </div>
   <div class='ocr_carea' id='block_1_89' title="bbox 382 5826 1973 5898">
    <p class='ocr_par' dir='ltr' id='par_1_89' title="bbox 382 5826 1973 5898">
     <span class='ocr_line' id='line_1_89' title="bbox 382 5826 1973 5898; baseline 0.002 -17"><span class='ocrx_word' id='word_1_733' title='bbox 382 5828 537 5882; x_wconf 84' lang='lat' dir='ltr'><strong>facile</strong></span> <span class='ocrx_word' id='word_1_734' title='bbox 585 5837 939 5897; x_wconf 85' lang='lat' dir='ltr'><strong>superarunt;</strong></span> <span class='ocrx_word' id='word_1_735' title='bbox 990 5843 1098 5883; x_wconf 76' lang='lat' dir='ltr'><strong>non</strong></span> <span class='ocrx_word' id='word_1_736' title='bbox 1142 5843 1311 5898; x_wconf 86' lang='lat' dir='ltr'><strong>usque</strong></span> <span class='ocrx_word' id='word_1_737' title='bbox 1336 5826 1477 5884; x_wconf 84' lang='lat' dir='ltr'><strong>adeo</strong></span> <span class='ocrx_word' id='word_1_738' title='bbox 1506 5836 1688 5883; x_wconf 89' lang='lat' dir='ltr'><strong>tamen</strong></span> <span class='ocrx_word' id='word_1_739' title='bbox 1718 5836 1973 5898; x_wconf 82' lang='lat' dir='ltr'><strong>expertes</strong></span> 
     </span>
    </p>
   </div>
   <div class='ocr_carea' id='block_1_90' title="bbox 378 5922 1969 5992">
    <p class='ocr_par' dir='ltr' id='par_1_90' title="bbox 378 5922 1969 5992">
     <span class='ocr_line' id='line_1_90' title="bbox 378 5922 1969 5992; baseline -0.003 -8"><span class='ocrx_word' id='word_1_740' title='bbox 378 5938 573 5984; x_wconf 84' lang='lat' dir='ltr'><strong>eorum</strong></span> <span class='ocrx_word' id='word_1_741' title='bbox 594 5937 658 5985; x_wconf 86' lang='lat' dir='ltr'><strong>se</strong></span> <span class='ocrx_word' id='word_1_742' title='bbox 685 5922 851 5983; x_wconf 81' lang='lat' dir='ltr'><strong>fuisse</strong></span> <span class='ocrx_word' id='word_1_743' title='bbox 875 5931 1161 5992; x_wconf 77' lang='lat' dir='ltr'><strong>testantur,</strong></span> <span class='ocrx_word' id='word_1_744' title='bbox 1192 5931 1253 5983; x_wconf 91' lang='lat' dir='ltr'><strong>ut</strong></span> <span class='ocrx_word' id='word_1_745' title='bbox 1277 5922 1485 5983; x_wconf 82' lang='lat' dir='ltr'><strong>scilicet</strong></span> <span class='ocrx_word' id='word_1_746' title='bbox 1509 5922 1674 5981; x_wconf 87' lang='lat' dir='ltr'><strong>ullius</strong></span> <span class='ocrx_word' id='word_1_747' title='bbox 1704 5923 1969 5980; x_wconf 86' lang='lat' dir='ltr'><strong>immacu-</strong></span> 
     </span>
    </p>
   </div>
   <div class='ocr_carea' id='block_1_91' title="bbox 2074 4786 3656 4875">
    <p class='ocr_par' dir='ltr' id='par_1_91' title="bbox 2074 4786 3656 4875">
     <span class='ocr_line' id='line_1_91' title="bbox 2074 4786 3656 4875; baseline -0.003 -16"><span class='ocrx_word' id='word_1_748' title='bbox 2074 4805 2204 4860; x_wconf 78' lang='lat' dir='ltr'><strong>nitio</strong></span> <span class='ocrx_word' id='word_1_749' title='bbox 2234 4804 2440 4875; x_wconf 87' lang='lat' dir='ltr'><strong>prolata</strong></span> <span class='ocrx_word' id='word_1_750' title='bbox 2468 4802 2833 4872; x_wconf 84' lang='lat' dir='ltr'><strong>cognoscitur,</strong></span> <span class='ocrx_word' id='word_1_751' title='bbox 2864 4816 2984 4871; x_wconf 72' lang='lat' dir='ltr'><strong>qua:</strong></span> <span class='ocrx_word' id='word_1_752' title='bbox 3011 4801 3122 4855; x_wconf 85' lang='lat' dir='ltr'><strong>ait:</strong></span> <span class='ocrx_word' id='word_1_753' title='bbox 3167 4798 3251 4854; x_wconf 86' lang='lat' dir='ltr'><strong>Ne</strong></span> <span class='ocrx_word' id='word_1_754' title='bbox 3278 4786 3437 4856; x_wconf 82' lang='lat' dir='ltr'><strong>intres</strong></span> <span class='ocrx_word' id='word_1_755' title='bbox 3474 4801 3529 4854; x_wconf 83' lang='lat' dir='ltr'><strong>in</strong></span> <span class='ocrx_word' id='word_1_756' title='bbox 3558 4803 3656 4872; x_wconf 83' lang='lat' dir='ltr'><strong>ju-</strong></span> 
     </span>
    </p>
   </div>
   <div class='ocr_carea' id='block_1_92' title="bbox 2072 4890 3661 4967">
    <p class='ocr_par' dir='ltr' id='par_1_92' title="bbox 2072 4890 3661 4967">
     <span class='ocr_line' id='line_1_92' title="bbox 2072 4890 3661 4967; baseline -0.002 -15"><span class='ocrx_word' id='word_1_757' title='bbox 2072 4899 2264 4952; x_wconf 82' lang='lat' dir='ltr'><strong>dicium</strong></span> <span class='ocrx_word' id='word_1_758' title='bbox 2302 4912 2416 4951; x_wconf 86' lang='lat' dir='ltr'><strong>cum</strong></span> <span class='ocrx_word' id='word_1_759' title='bbox 2452 4912 2595 4951; x_wconf 78' lang='lat' dir='ltr'><strong>urvo</strong></span> <span class='ocrx_word' id='word_1_760' title='bbox 2628 4907 2757 4952; x_wconf 82' lang='lat' dir='ltr'><strong>tuo:</strong></span> <span class='ocrx_word' id='word_1_761' title='bbox 2800 4896 3040 4965; x_wconf 83' lang='lat' dir='ltr'><strong>quoniam</strong></span> <span class='ocrx_word' id='word_1_762' title='bbox 3076 4909 3178 4947; x_wconf 88' lang='lat' dir='ltr'><strong>non</strong></span> <span class='ocrx_word' id='word_1_763' title='bbox 3208 4890 3575 4967; x_wconf 74' lang='lat' dir='ltr'><strong>justiﬁcabitur</strong></span> <span class='ocrx_word' id='word_1_764' title='bbox 3605 4897 3661 4949; x_wconf 84' lang='lat' dir='ltr'><strong>in</strong></span> 
     </span>
    </p>
   </div>
   <div class='ocr_carea' id='block_1_93' title="bbox 2073 4986 3663 5063">
    <p class='ocr_par' dir='ltr' id='par_1_93' title="bbox 2073 4986 3663 5063">
     <span class='ocr_line' id='line_1_93' title="bbox 2073 4986 3663 5063; baseline -0.003 -17"><span class='ocrx_word' id='word_1_765' title='bbox 2073 5001 2344 5063; x_wconf 84' lang='lat' dir='ltr'><strong>conspectu</strong></span> <span class='ocrx_word' id='word_1_766' title='bbox 2376 4999 2463 5043; x_wconf 84' lang='lat' dir='ltr'><strong>tuo</strong></span> <span class='ocrx_word' id='word_1_767' title='bbox 2498 4990 2663 5044; x_wconf 82' lang='lat' dir='ltr'><strong>omnis</strong></span> <span class='ocrx_word' id='word_1_768' title='bbox 2702 4989 2868 5043; x_wconf 81' lang='lat' dir='ltr'><strong>vivens</strong></span> <span class='ocrx_word' id='word_1_769' title='bbox 2899 4986 3070 5059; x_wconf 84' lang='lat' dir='ltr'><strong>(Psal.</strong></span> <span class='ocrx_word' id='word_1_770' title='bbox 3098 4988 3301 5057; x_wconf 78' lang='lat' dir='ltr'><strong>CXLII);</strong></span> <span class='ocrx_word' id='word_1_771' title='bbox 3351 4986 3439 5043; x_wconf 83' lang='lat' dir='ltr'><strong>ubi</strong></span> <span class='ocrx_word' id='word_1_772' title='bbox 3478 4987 3663 5056; x_wconf 85' lang='lat' dir='ltr'><strong>utique</strong></span> 
     </span>
    </p>
   </div>
   <div class='ocr_carea' id='block_1_94' title="bbox 2076 5078 3664 5151">
    <p class='ocr_par' dir='ltr' id='par_1_94' title="bbox 2076 5078 3664 5151">
     <span class='ocr_line' id='line_1_94' title="bbox 2076 5078 3664 5151; baseline -0.005 -12"><span class='ocrx_word' id='word_1_773' title='bbox 2076 5084 2349 5140; x_wconf 87' lang='lat' dir='ltr'><strong>neminem</strong></span> <span class='ocrx_word' id='word_1_774' title='bbox 2391 5094 2611 5151; x_wconf 87' lang='lat' dir='ltr'><strong>prorsus</strong></span> <span class='ocrx_word' id='word_1_775' title='bbox 2652 5079 2927 5143; x_wconf 82' lang='lat' dir='ltr'><strong>hominum</strong></span> <span class='ocrx_word' id='word_1_776' title='bbox 2960 5078 3280 5135; x_wconf 80' lang='lat' dir='ltr'><strong>discrevisse</strong></span> <span class='ocrx_word' id='word_1_777' title='bbox 3318 5078 3664 5149; x_wconf 84' lang='lat' dir='ltr'><strong>perspicitur,</strong></span> 
     </span>
    </p>
   </div>
   <div class='ocr_carea' id='block_1_95' title="bbox 2071 5168 3665 5245">
    <p class='ocr_par' dir='ltr' id='par_1_95' title="bbox 2071 5168 3665 5245">
     <span class='ocr_line' id='line_1_95' title="bbox 2071 5168 3665 5245; baseline -0.006 -13"><span class='ocrx_word' id='word_1_778' title='bbox 2071 5176 2211 5233; x_wconf 88' lang='lat' dir='ltr'><strong>sicut</strong></span> <span class='ocrx_word' id='word_1_779' title='bbox 2240 5175 2384 5229; x_wconf 89' lang='lat' dir='ltr'><strong>idem</strong></span> <span class='ocrx_word' id='word_1_780' title='bbox 2408 5173 2619 5245; x_wconf 84' lang='lat' dir='ltr'><strong>planius</strong></span> <span class='ocrx_word' id='word_1_781' title='bbox 2647 5172 2750 5228; x_wconf 86' lang='lat' dir='ltr'><strong>hoc</strong></span> <span class='ocrx_word' id='word_1_782' title='bbox 2772 5172 2947 5241; x_wconf 88' lang='lat' dir='ltr'><strong>ipsum</strong></span> <span class='ocrx_word' id='word_1_783' title='bbox 2978 5171 3203 5242; x_wconf 85' lang='lat' dir='ltr'><strong>loquens</strong></span> <span class='ocrx_word' id='word_1_784' title='bbox 3228 5168 3665 5236; x_wconf 86' lang='lat' dir='ltr'><strong>manifestiusque</strong></span> 
     </span>
    </p>
   </div>
   <div class='ocr_carea' id='block_1_96' title="bbox 2073 5257 3666 5327">
    <p class='ocr_par' dir='ltr' id='par_1_96' title="bbox 2073 5257 3666 5327">
     <span class='ocr_line' id='line_1_96' title="bbox 2073 5257 3666 5327; baseline -0.008 -1"><span class='ocrx_word' id='word_1_785' title='bbox 2073 5270 2307 5326; x_wconf 86' lang='lat' dir='ltr'><strong>declarat</strong></span> <span class='ocrx_word' id='word_1_786' title='bbox 2332 5286 2345 5321; x_wconf 90' lang='lat'><strong>:</strong></span> <span class='ocrx_word' id='word_1_787' title='bbox 2380 5265 2547 5321; x_wconf 70' lang='lat' dir='ltr'><strong>Dixi:</strong></span> <span class='ocrx_word' id='word_1_788' title='bbox 2578 5264 2933 5319; x_wconf 84' lang='lat' dir='ltr'><strong>Pronuntiabo</strong></span> <span class='ocrx_word' id='word_1_789' title='bbox 2957 5264 3225 5317; x_wconf 81' lang='lat' dir='ltr'><strong>adversum</strong></span> <span class='ocrx_word' id='word_1_790' title='bbox 3256 5277 3333 5314; x_wconf 84' lang='lat' dir='ltr'><strong>me</strong></span> <span class='ocrx_word' id='word_1_791' title='bbox 3360 5257 3666 5327; x_wconf 80' lang='lat' dir='ltr'><strong>injustitiam</strong></span> 
     </span>
    </p>
   </div>
   <div class='ocr_carea' id='block_1_97' title="bbox 2076 5349 3668 5429">
    <p class='ocr_par' dir='ltr' id='par_1_97' title="bbox 2076 5349 3668 5429">
     <span class='ocr_line' id='line_1_97' title="bbox 2076 5349 3668 5429; baseline -0.008 -12"><span class='ocrx_word' id='word_1_792' title='bbox 2076 5377 2242 5417; x_wconf 85' lang='lat' dir='ltr'><strong>meam</strong></span> <span class='ocrx_word' id='word_1_793' title='bbox 2275 5360 2536 5425; x_wconf 79' lang='lat' dir='ltr'><strong>Domino;</strong></span> <span class='ocrx_word' id='word_1_794' title='bbox 2567 5368 2696 5429; x_wconf 82' lang='lat' dir='ltr'><strong>ettn</strong></span> <span class='ocrx_word' id='word_1_795' title='bbox 2724 5356 2964 5413; x_wconf 80' lang='lat' dir='ltr'><strong>remisisti</strong></span> <span class='ocrx_word' id='word_1_796' title='bbox 2994 5357 3303 5427; x_wconf 78' lang='lat' dir='ltr'><strong>impietatem</strong></span> <span class='ocrx_word' id='word_1_797' title='bbox 3329 5349 3522 5419; x_wconf 85' lang='lat' dir='ltr'><strong>peccati</strong></span> <span class='ocrx_word' id='word_1_798' title='bbox 3551 5366 3668 5406; x_wconf 87' lang='lat' dir='ltr'><strong>cor-</strong></span> 
     </span>
    </p>
   </div>
   <div class='ocr_carea' id='block_1_98' title="bbox 2076 5442 3670 5515">
    <p class='ocr_par' dir='ltr' id='par_1_98' title="bbox 2076 5442 3670 5515">
     <span class='ocr_line' id='line_1_98' title="bbox 2076 5442 3670 5515; baseline -0.008 -4"><span class='ocrx_word' id='word_1_799' title='bbox 2076 5457 2157 5511; x_wconf 82' lang='lat' dir='ltr'><strong>dis</strong></span> <span class='ocrx_word' id='word_1_800' title='bbox 2179 5456 2299 5510; x_wconf 73' lang='lat' dir='ltr'><strong>nisi.</strong></span> <span class='ocrx_word' id='word_1_801' title='bbox 2338 5452 2445 5507; x_wconf 87' lang='lat' dir='ltr'><strong>Pro</strong></span> <span class='ocrx_word' id='word_1_802' title='bbox 2470 5454 2566 5507; x_wconf 74' lang='lat' dir='ltr'><strong>hac</strong></span> <span class='ocrx_word' id='word_1_803' title='bbox 2588 5453 2752 5506; x_wconf 86' lang='lat' dir='ltr'><strong>orabit</strong></span> <span class='ocrx_word' id='word_1_804' title='bbox 2776 5451 2844 5504; x_wconf 84' lang='lat' dir='ltr'><strong>ad</strong></span> <span class='ocrx_word' id='word_1_805' title='bbox 2868 5460 2915 5504; x_wconf 91' lang='lat' dir='ltr'><strong>te</strong></span> <span class='ocrx_word' id='word_1_806' title='bbox 2936 5450 3100 5503; x_wconf 81' lang='lat' dir='ltr'><strong>omnis</strong></span> <span class='ocrx_word' id='word_1_807' title='bbox 3128 5448 3333 5499; x_wconf 74' lang='lat' dir='ltr'><strong>sanctus</strong></span> <span class='ocrx_word' id='word_1_808' title='bbox 3360 5442 3415 5495; x_wconf 79' lang='lat' dir='ltr'><strong>in</strong></span> <span class='ocrx_word' id='word_1_809' title='bbox 3444 5450 3670 5515; x_wconf 79' lang='lat' dir='ltr'><strong>tempore</strong></span> 
     </span>
    </p>
   </div>
   <div class='ocr_carea' id='block_1_99' title="bbox 2081 5534 3670 5623">
    <p class='ocr_par' dir='ltr' id='par_1_99' title="bbox 2081 5534 3670 5623">
     <span class='ocr_line' id='line_1_99' title="bbox 2081 5534 3670 5623; baseline -0.008 -18"><span class='ocrx_word' id='word_1_810' title='bbox 2081 5557 2369 5623; x_wconf 73' lang='lat' dir='ltr'><strong>opportuno</strong></span> <span class='ocrx_word' id='word_1_811' title='bbox 2397 5545 2624 5617; x_wconf 78' lang='lat' dir='ltr'><strong>(Psalm.</strong></span> <span class='ocrx_word' id='word_1_812' title='bbox 2648 5544 2821 5613; x_wconf 79' lang='lat' dir='ltr'><strong>xxxi).</strong></span> <span class='ocrx_word' id='word_1_813' title='bbox 2870 5541 2969 5608; x_wconf 82' lang='lat' dir='ltr'><strong>Qui</strong></span> <span class='ocrx_word' id='word_1_814' title='bbox 3012 5538 3192 5607; x_wconf 87' lang='lat' dir='ltr'><strong>utique</strong></span> <span class='ocrx_word' id='word_1_815' title='bbox 3229 5548 3335 5591; x_wconf 88' lang='lat' dir='ltr'><strong>non</strong></span> <span class='ocrx_word' id='word_1_816' title='bbox 3366 5534 3538 5591; x_wconf 86' lang='lat' dir='ltr'><strong>solum</strong></span> <span class='ocrx_word' id='word_1_817' title='bbox 3570 5538 3670 5593; x_wconf 86' lang='lat' dir='ltr'><strong>sub</strong></span> 
     </span>
    </p>
   </div>
   <div class='ocr_carea' id='block_1_100' title="bbox 2078 5631 3663 5715">
    <p class='ocr_par' dir='ltr' id='par_1_100' title="bbox 2078 5631 3663 5715">
     <span class='ocr_line' id='line_1_100' title="bbox 2078 5631 3663 5715; baseline -0.009 -13"><span class='ocrx_word' id='word_1_818' title='bbox 2078 5645 2196 5715; x_wconf 72' lang='lat' dir='ltr'><strong>lege</strong></span> <span class='ocrx_word' id='word_1_819' title='bbox 2224 5650 2443 5699; x_wconf 88' lang='lat' dir='ltr'><strong>sanctus</strong></span> <span class='ocrx_word' id='word_1_820' title='bbox 2477 5654 2618 5707; x_wconf 85' lang='lat' dir='ltr'><strong>esse,</strong></span> <span class='ocrx_word' id='word_1_821' title='bbox 2662 5637 2758 5693; x_wconf 89' lang='lat' dir='ltr'><strong>sed</strong></span> <span class='ocrx_word' id='word_1_822' title='bbox 2799 5636 2853 5689; x_wconf 93' lang='lat' dir='ltr'><strong>in</strong></span> <span class='ocrx_word' id='word_1_823' title='bbox 2895 5635 3070 5686; x_wconf 84' lang='lat' dir='ltr'><strong>futura</strong></span> <span class='ocrx_word' id='word_1_824' title='bbox 3098 5631 3191 5686; x_wconf 86' lang='lat' dir='ltr'><strong>Dei</strong></span> <span class='ocrx_word' id='word_1_825' title='bbox 3232 5632 3399 5703; x_wconf 86' lang='lat' dir='ltr'><strong>gratia</strong></span> <span class='ocrx_word' id='word_1_826' title='bbox 3430 5632 3663 5688; x_wconf 84' lang='lat' dir='ltr'><strong>eminen-</strong></span> 
     </span>
    </p>
   </div>
   <div class='ocr_carea' id='block_1_101' title="bbox 2080 5724 3671 5808">
    <p class='ocr_par' dir='ltr' id='par_1_101' title="bbox 2080 5724 3671 5808">
     <span class='ocr_line' id='line_1_101' title="bbox 2080 5724 3671 5808; baseline -0.008 -13"><span class='ocrx_word' id='word_1_827' title='bbox 2080 5739 2231 5795; x_wconf 89' lang='lat' dir='ltr'><strong>tioris</strong></span> <span class='ocrx_word' id='word_1_828' title='bbox 2295 5734 2555 5808; x_wconf 87' lang='lat' dir='ltr'><strong>propositi</strong></span> <span class='ocrx_word' id='word_1_829' title='bbox 2603 5738 2725 5801; x_wconf 87' lang='lat' dir='ltr'><strong>post</strong></span> <span class='ocrx_word' id='word_1_830' title='bbox 2784 5727 3017 5781; x_wconf 88' lang='lat' dir='ltr'><strong>futurus.</strong></span> <span class='ocrx_word' id='word_1_831' title='bbox 3071 5724 3224 5783; x_wconf 86' lang='lat' dir='ltr'><strong>Unde</strong></span> <span class='ocrx_word' id='word_1_832' title='bbox 3278 5727 3420 5798; x_wconf 88' lang='lat' dir='ltr'><strong>quod</strong></span> <span class='ocrx_word' id='word_1_833' title='bbox 3475 5727 3549 5780; x_wconf 88' lang='lat' dir='ltr'><strong>ait</strong></span> <span class='ocrx_word' id='word_1_834' title='bbox 3608 5726 3671 5783; x_wconf 87' lang='lat' dir='ltr'><strong>In</strong></span> 
     </span>
    </p>
   </div>
   <div class='ocr_carea' id='block_1_102' title="bbox 2082 5818 3671 5903">
    <p class='ocr_par' dir='ltr' id='par_1_102' title="bbox 2082 5818 3671 5903">
     <span class='ocr_line' id='line_1_102' title="bbox 2082 5818 3671 5903; baseline -0.009 -16"><span class='ocrx_word' id='word_1_835' title='bbox 2082 5842 2308 5903; x_wconf 86' lang='lat' dir='ltr'><strong>tempore</strong></span> <span class='ocrx_word' id='word_1_836' title='bbox 2336 5828 2665 5899; x_wconf 78' lang='lat' dir='ltr'><strong>opportuno,</strong></span> <span class='ocrx_word' id='word_1_837' title='bbox 2712 5831 2818 5873; x_wconf 91' lang='lat' dir='ltr'><strong>non</strong></span> <span class='ocrx_word' id='word_1_838' title='bbox 2848 5818 2967 5875; x_wconf 85' lang='lat' dir='ltr'><strong>sine</strong></span> <span class='ocrx_word' id='word_1_839' title='bbox 2996 5834 3176 5877; x_wconf 90' lang='lat' dir='ltr'><strong>rerum</strong></span> <span class='ocrx_word' id='word_1_840' title='bbox 3206 5828 3551 5876; x_wconf 85' lang='lat' dir='ltr'><strong>venturarum</strong></span> <span class='ocrx_word' id='word_1_841' title='bbox 3582 5834 3671 5874; x_wconf 84' lang='lat' dir='ltr'><strong>co-</strong></span> 
     </span>
    </p>
   </div>
   <div class='ocr_carea' id='block_1_103' title="bbox 2080 5910 3671 5995">
    <p class='ocr_par' dir='ltr' id='par_1_103' title="bbox 2080 5910 3671 5995">
     <span class='ocr_line' id='line_1_103' title="bbox 2080 5910 3671 5995; baseline -0.013 -17"><span class='ocrx_word' id='word_1_842' title='bbox 2080 5923 2324 5995; x_wconf 82' lang='lat' dir='ltr'><strong>gnitione</strong></span> <span class='ocrx_word' id='word_1_843' title='bbox 2351 5913 2642 5982; x_wconf 73' lang='lat' dir='ltr'><strong>subiunxit</strong></span> <span class='ocrx_word' id='word_1_844' title='bbox 2678 5910 2843 5971; x_wconf 79' lang='lat' dir='ltr'><strong>etiam</strong></span> <span class='ocrx_word' id='word_1_845' title='bbox 2882 5921 2939 5975; x_wconf 84' lang='lat' dir='ltr'><strong>et</strong></span> <span class='ocrx_word' id='word_1_846' title='bbox 2976 5914 3030 5975; x_wconf 90' lang='lat' dir='ltr'><strong>in</strong></span> <span class='ocrx_word' id='word_1_847' title='bbox 3068 5916 3312 5973; x_wconf 82' lang='lat' dir='ltr'><strong>oratione</strong></span> <span class='ocrx_word' id='word_1_848' title='bbox 3338 5924 3435 5969; x_wconf 84' lang='lat' dir='ltr'><strong>sua</strong></span> <span class='ocrx_word' id='word_1_849' title='bbox 3465 5911 3671 5974; x_wconf 72' lang='lat' dir='ltr'><strong>sapisti.</strong></span> 
     </span>
    </p>
   </div>
  </div>
