4104 6356
524 414 625 467 119

1882 396 2145 454 GELASII
2188 394 2390 451 PAPIE
2427 396 2448 451 l

3711 393 3814 450 120

527 525 766 583 tissimus
803 525 1091 579 Salomon:
1128 521 1246 575 Non
1284 531 1355 573 est
1395 520 1547 572 homo
1584 500 1672 587 qui
1714 532 1813 570 non
1854 513 2116 585 peccavit;
2144 512 2200 571 Λ
2226 522 2549 579 postremus,
2579 511 2698 581 plus
2718 511 2970 567 omnibus
2996 510 3290 579 laboraret,
3313 520 3367 566 et
3387 513 3475 582 qui
3504 526 3609 568 non
3634 512 3810 567 solum

522 629 576 676 et
618 617 745 673 item
784 618 929 685 ipse:
968 617 1094 681 Quis
1120 610 1423 683 gloriabitur
1453 619 1650 664 castum
1692 624 1745 662 se
1782 607 1967 660 habere
1997 621 2104 669 cor,

522 721 610 766 aut
657 710 903 764 mundum
944 723 999 762 se
1037 722 1144 760 esse
1185 722 1215 758 a
1256 712 1461 776 peccato
1498 703 1668 773 (Eccl.
1700 701 1842 771 vn)?
1892 699 1998 753 Sed
2042 712 2115 753 ne

523 812 781 872 putentur
808 803 1018 857 illorum
1051 811 1355 870 temporum
1385 798 1555 854 sancti
1584 796 1652 851 ab
1683 796 1781 849 hac
1812 792 2117 864 impassibi-

500 900 677 955 litate
703 898 924 952 forsitan
954 893 1294 964 excipiendi,
1342 892 1597 963 quoniam
1637 888 1911 945 concessis
1942 902 1971 939 a
2004 886 2115 940 Deo

486 5307 517 5355 ἴ

523 991 842 1061 conjugibus
870 989 1179 1052 utebantur,
1208 986 1451 1057 quamvis
1481 994 1535 1040 et
1560 984 1751 1039 beatus
1778 981 1922 1036 Elias
1944 979 2116 1051 passi-

523 1083 648 1139 bilis
676 1084 840 1138 fuisse
869 1091 1223 1147 memoretur,
1250 1076 1702 1148 quemadmodum
1731 1073 2115 1143 consequentia

524 1180 919 1237 declarabunt:
962 1188 1014 1233 et
1053 1179 1107 1233 S.
1138 1176 1398 1247 prepheta
1434 1172 1617 1227 Daniel
1656 1186 1765 1225 non
1804 1170 1978 1224 solum
2020 1182 2117 1237 pro

525 1274 742 1344 populi,
783 1273 877 1327 sed
910 1278 962 1326 et
994 1286 1090 1341 pro
1120 1269 1232 1324 suis
1259 1266 1494 1338 peccatis
1534 1265 1881 1334 perhibeatur
1907 1276 2113 1329 orasse,

527 1368 667 1423 sicut
713 1368 827 1435 ipse
875 1364 1041 1419 dicit:
1074 1362 1203 1417 Cum
1246 1376 1475 1423 orarem,
1521 1368 1567 1412 et
1611 1356 1882 1425 conﬁterer
1911 1361 2119 1422 peccata

528 1482 664 1531 mea,
683 1474 727 1517 ct
750 1476 955 1531 peccata
981 1460 1159 1531 populi
1182 1457 1277 1511 mei
1300 1456 1519 1509 Domino
1542 1453 1651 1506 Deo
1672 1448 1960 1519 nteo(Dan.
1984 1444 2116 1517 XIX);

533 1560 751 1613 tandem
782 1555 1060 1610 veniamus
1103 1551 1168 1605 ad
1198 1550 1386 1604 beatos
1416 1546 1712 1616 apostolos,
1744 1552 1796 1599 et
1824 1542 1965 1596 dicat
1994 1540 2122 1594 bea-

530 1662 618 1705 tus
645 1650 737 1703 ille
766 1648 1018 1709 Jacobus,
1050 1646 1140 1715 qui
1177 1659 1297 1697 cum
1327 1654 1517 1695 omnes
1558 1637 1739 1707 utique
1774 1634 1902 1706 justi
1942 1640 2123 1689 essent

533 1742 787 1812 apostoli,
821 1740 1035 1809 proprie
1063 1747 1221 1807 atque
1250 1734 1535 1805 speciatim
1563 1731 1693 1801 justi
1722 1729 1821 1784 viri
1852 1740 2122 1796 praeroga-

531 1838 693 1892 tivam
726 1837 919 1905 legitur
948 1840 1225 1887 assecutus
1251 1850 1263 1884 :
1301 1828 1492 1881 Beatus
1520 1827 1597 1880 vir
1625 1826 1713 1895 qui
1744 1821 1926 1888 suffert
1956 1830 2121 1875 tenta-

2220 604 2470 660 ﬁdelibus
2500 605 2734 659 insinuet
2762 605 2889 673 quid
2920 619 3081 674 super
3110 604 3211 659 hac
3240 612 3391 673 parte
3418 604 3678 671 sentiret,
3716 605 3813 661 sed

2220 699 2380 753 etiam
2421 696 2548 767 quid
2599 697 2667 751 de
2713 711 2772 752 se
2818 698 2935 764 ipso
2978 695 3324 766 pronuntiet,
3357 696 3528 751 libere
3572 697 3811 753 veritatis

2220 793 2409 845 doctor
2448 789 2750 843 annuntiet.
2809 788 2875 843 Et
2920 788 3174 858 quoniam
3228 788 3446 858 longum
3487 796 3571 843 est
3617 798 3809 844 cuncta

2220 900 2340 955 quae
2366 884 2431 938 ad
2464 883 2601 937 hanc
2640 896 2859 938 causam
2907 883 3175 951 pertinent
3202 881 3345 936 dicta
3377 867 3679 949 revolvere,
3717 898 3812 951 po-

2228 986 2423 1033 nantur
2452 992 2618 1047 pauca
2648 976 2715 1031 de
2742 975 2946 1043 multis,
3000 990 3065 1031 ex
3108 976 3305 1047 quibus
3352 974 3507 1030 nobis
3534 974 3809 1031 sufficien-

2224 1073 2430 1128 tissime
2457 1072 2879 1136 demonstretur,
2924 1071 3093 1140 magis
3136 1084 3235 1125 nos
3264 1085 3385 1125 cum
3416 1069 3581 1124 Paulo
3610 1068 3811 1125 debere

2223 1167 2507 1231 infirmari,
2538 1175 2597 1220 ut
2628 1166 2834 1219 habitet
2856 1162 3107 1219 Christus
3154 1164 3207 1219 in
3260 1162 3436 1229 nobis,
3483 1178 3645 1234 quam
3691 1176 3811 1217 cum

2223 1259 2459 1326 quolibet
2488 1260 2646 1314 aliter
2673 1258 2938 1313 sentiente
2965 1271 3127 1327 quam
3173 1256 3374 1311 Paulus
3415 1254 3585 1311 fortes
3617 1255 3809 1319 videri,

2223 1363 2279 1408 et
2307 1353 2450 1406 velut
2497 1352 2661 1422 (quod
2710 1351 2875 1421 absit)
2922 1350 3123 1406 Christi
3173 1350 3432 1406 remediis
3477 1364 3585 1405 non
3628 1365 3808 1420 egere.

2225 1447 2313 1501 Ait
2357 1461 2523 1516 ergo:
2576 1447 2695 1500 Scio
2736 1447 2871 1499 enim
2913 1446 3034 1511 quia
3075 1461 3179 1499 non
3223 1444 3417 1499 habitat
3462 1445 3517 1498 in
3556 1461 3667 1512 me,
3716 1446 3812 1499 hoc

2224 1548 2318 1603 est,
2362 1539 2417 1590 in
2456 1554 2607 1591 carne
2645 1554 2778 1603 mea,
2827 1537 3048 1602 bonum;
3092 1553 3211 1589 nam
3253 1536 3381 1591 velle
3417 1535 3622 1608 adjacet
3655 1536 3808 1599 mihi,

2226 1630 2465 1697 perﬁcere
2502 1638 2671 1683 autem
2711 1628 2898 1682 bonum
2935 1645 3038 1683 non
3072 1629 3276 1683 invenio
3298 1644 3317 1682 :
3359 1644 3462 1683 non
3503 1630 3639 1684 enim
3678 1629 3812 1699 quod

2225 1722 2337 1775 volo
2378 1720 2473 1773 hoc
2521 1722 2679 1790 facio,
2726 1738 2826 1774 non
2867 1737 2961 1791 ego
3005 1736 3187 1790 operor
3226 1721 3378 1787 illud,
3424 1722 3514 1776 sed
3556 1723 3693 1792 quod
3724 1722 3813 1776 ha-

2228 1818 2353 1872 bitat
2388 1816 2442 1870 in
2479 1832 2558 1870 me
2598 1825 2861 1882 peccatum
2885 1814 3064 1886 (Rom.
3097 1814 3217 1883 vn).
3267 1816 3438 1870 Item:
3481 1813 3815 1871 Condelector

528 1932 736 1997 tionem,
778 1892 903 1995 quia
952 1943 1062 1979 cum
1112 1924 1351 1995 probatus
1385 1922 1569 1992 fuerit,
1616 1917 1833 1988 accipiet
1880 1929 2122 1969 coronam
2152 1892 2201 1953 Β
2227 1911 2361 1965 enim
2401 1910 2499 1977 legi
2537 1908 2630 1963 Dei
2671 1908 2953 1963 secundum
2994 1908 3288 1961 interiorem
3328 1903 3627 1961 hominem?
3669 1907 3813 1962 video

527 2028 669 2086 vitae,
713 2039 863 2092 quam
890 2019 1184 2091 repromisit
1218 2018 1354 2071 Deus
1385 2012 1710 2084 diligentibus
1766 2026 1819 2063 se
1886 2008 2023 2078 (Jac.
2057 2006 2117 2077 l).

528 2119 599 2173 Et
632 2118 757 2171 item
788 2123 909 2183 post
940 2111 1210 2180 paululum
1237 2126 1251 2165 :
1289 2107 1648 2175 Unusquisque
1684 2113 1857 2159 autem
1895 2110 2121 2156 tentatur

530 2228 562 2264 a
587 2206 998 2277 concupiscentia
1021 2221 1115 2258 sua
1138 2202 1423 2256 abstractus
1451 2208 1497 2253 et
1526 2197 1745 2252 illectus.
1782 2195 1983 2250 Deinde
2004 2210 2123 2249 con-

531 2303 841 2374 cupiscentia
867 2316 982 2353 cum
1010 2296 1327 2364 conceperit,
1358 2294 1493 2363 parit
1522 2302 1814 2362 peccatum;
1860 2297 2124 2361 peccatum

530 2411 646 2451 vero
678 2410 791 2448 cum
822 2399 1229 2445 consummatum
1258 2387 1433 2457 fuerit,
1466 2394 1672 2455 generat
1703 2390 1937 2435 mortem.
1987 2378 2121 2435 Item

528 2488 723 2564 idenm
778 2484 845 2539 In
885 2484 1057 2537 ntultis
1097 2482 1232 2535 enim
1271 2477 1579 2546 offendimus
1619 2491 1810 2530 omnes.
1870 2473 2123 2539 idemque

533 2589 752 2635 secutus
793 2576 1074 2646 adjunxit:
1120 2572 1189 2627 Et
1220 2571 1367 2626 Elias
1409 2573 1559 2624 honto
1600 2577 1710 2624 erat
1753 2567 1936 2621 similis
1979 2566 2123 2621 nobis

533 2669 788 2742 passibilis
812 2665 1017 2739 (Jacob.
1042 2666 1146 2735 ιιι).
1179 2664 1327 2718 Dicat
1356 2661 1549 2717 beatus
1578 2660 1771 2715 Petrus
1801 2656 2079 2729 apostolus
2103 2672 2119 2711 :

532 2762 831 2826 Carissimi,
876 2776 1000 2831 rogo
1030 2769 1085 2813 ut
1110 2756 1257 2827 quasi
1296 2754 1477 2808 incola:
1516 2761 1563 2805 et
1593 2752 1801 2805 advenae
1829 2748 2123 2802 abstineatis

532 2872 618 2910 vos
646 2873 678 2909 a
707 2850 1060 2923 corporalibus
1099 2845 1464 2913 voluptatibus,
1493 2858 1606 2913 qua:
1633 2842 1855 2894 militant
1881 2840 2124 2893 adversus

534 2947 759 2999 animam
790 2941 839 3015 (l
877 2940 990 2995 Pet.
1022 2938 1111 3008 ιι);
1146 2948 1200 2994 et
1229 2930 1458 2991 iterum:
1495 2932 1672 2988 Nolite
1715 2933 1893 2986 mirari
1923 2932 1989 2985 ad
2021 2934 2123 3001 fer-

535 3056 723 3106 vorem,
755 3038 845 3109 qui
874 3036 941 3089 ad
970 3034 1304 3089 tentationem
1328 3030 1468 3083 vobis
1500 3030 1555 3096 ﬁt
1573 3044 1591 3091 ,'
1622 3028 1769 3097 quasi
1793 3027 1905 3079 novi
1927 3026 2124 3095 aliquid

534 3133 671 3186 vobis
697 3131 959 3201 contingat
988 3125 1042 3197 (Ι
1072 3124 1189 3182 Pet.
1210 3124 1305 3194 tv).
1340 3123 1468 3178 ltem
1498 3129 1714 3192 postea:
1742 3119 1915 3174 Sobrii
1943 3129 2120 3182 estote,

534 3236 581 3279 et
610 3226 836 3295 vigilate,
867 3222 990 3294 quia
1015 3218 1342 3275 adversarius
1368 3224 1527 3271 vester
1558 3214 1819 3279 diabolus,
1859 3213 2004 3283 quasi
2046 3214 2123 3266 leo

535 3319 771 3387 fremens,
802 3304 979 3369 circuit
1011 3328 1244 3382 quarrens
1274 3326 1425 3380 quem
1454 3309 1687 3374 devoret;
1714 3307 1799 3361 cui
1828 3306 2045 3360 resistite
2072 3307 2123 3360 in

534 3410 638 3478 ﬁde
665 3408 712 3479 (Ι
746 3407 863 3463 Pet.
888 3409 977 3477 v):
1022 3406 1254 3461 scientes
1290 3403 1506 3459 easdem
1549 3402 1829 3472 passiones
1878 3402 1932 3456 in
1980 3403 2124 3457 omni

533 3516 656 3572 qua:
700 3510 785 3555 est
828 3501 880 3554 in
931 3499 1130 3553 mundo
1160 3497 1493 3552 fraternitate
1527 3503 1705 3550 vestra
1749 3494 1900 3560 ﬁeri,
1948 3509 1977 3548 a
2018 3508 2124 3565 qua

534 3595 867 3650 fraternitate
888 3593 1140 3648 nimirum
1162 3606 1221 3647 se
1244 3592 1344 3661 ipsi
1370 3590 1609 3646 ﬁdelium
1632 3604 1776 3657 saepe
1802 3576 2121 3644 cunctorum

534 3686 729 3741 fratres
762 3686 1081 3740 annuntiant
1102 3725 1117 3749 ,
1160 3698 1259 3739 nec
1296 3698 1447 3737 suam
1479 3683 1772 3750 probantur
1798 3680 2125 3736 discrevisse

537 3792 846 3848 personam.
900 3777 1051 3831 Dicat
1091 3776 1280 3829 beatus
1315 3775 1553 3831 Joannes
1581 3772 1858 3842 apostolus
1885 3781 1940 3825 et
1965 3787 2127 3827 evan-

538 3869 728 3938 gelista
768 3868 856 3922 ille
892 3869 983 3937 qui
1022 3868 1075 3921 in
1120 3874 1337 3934 pectore
1375 3866 1647 3920 discubuit
1676 3865 2016 3921 Salvatoris:
2064 3866 2127 3921 Si

539 3962 821 4017 dixerimus
851 3962 971 4031 quia
1014 3969 1275 4028 peccatum
1321 3974 1423 4013 non
1469 3958 1741 4025 habemus,
1794 3960 2128 4029 nosmetipsos

538 4054 858 4119 seducimur,
910 4056 1032 4123 quia
1072 4053 1256 4106 veritas
1298 4051 1351 4105 in
1392 4050 1535 4105 nobis
1590 4068 1693 4104 non
1735 4060 1845 4117 est;
1904 4054 2039 4122 quod
2083 4053 2127 4107 si

537 4147 760 4214 confessi
800 4146 1048 4214 fuerimus
1088 4144 1275 4198 delicta
1311 4152 1511 4210 nostra,
1552 4144 1722 4212 ﬁdelis
1756 4153 1829 4198 est
1858 4152 1905 4198 et
1931 4149 2124 4214 justus,

537 4242 623 4306 qui
668 4240 891 4295 dimittat
932 4240 1076 4294 nobis
1114 4248 1360 4310 peccata,
1408 4247 1455 4293 et
1497 4239 1705 4293 mundet
1748 4254 1840 4293 nos
1882 4238 1944 4292 ab
1988 4238 2128 4293 omni

537 4336 802 4404 iniquitate
830 4332 885 4404 (Ι
912 4334 1069 4387 Joan.
1091 4331 1156 4403 I).
1191 4332 1315 4387 Item
1346 4332 1488 4401 quod
1511 4333 1556 4386 si
1585 4333 1864 4386 dixerimus
1882 4332 2005 4401 quia
2025 4349 2125 4386 non

538 4430 886 4497 peccavimus,
950 4428 1244 4482 mendacem
1306 4428 1550 4496 faciemus
1609 4443 1762 4494 eum,
1816 4435 1861 4481 et
1906 4425 2127 4479 Verbum
2170 4426 2183 4439 ’

537 4523 650 4592 ejus
686 4538 789 4575 non
825 4523 919 4575 erit
961 4521 1015 4573 in
1054 4519 1196 4572 nobis
1229 4517 1279 4586 (I
1308 4518 1465 4572 Joan.
1494 4518 1575 4587 ιι).
1613 4518 1765 4573 Dicat
1787 4518 1963 4572 idem:
1998 4517 2127 4571 ιιωο

538 4614 703 4668 scribo
747 4613 883 4668 vobis
923 4622 978 4666 ut
1018 4628 1121 4666 non
1162 4612 1396 4682 peccetis.
1443 4610 1549 4667 Sed
1584 4612 1627 4665 si
1659 4612 1774 4681 quis
1814 4612 2123 4682 peccaverit,

538 4706 843 4759 advocatum
889 4705 1130 4758 habemus
1162 4678 1319 4774 iapud
1370 4702 1581 4758 Patrem
1628 4678 1865 4775 justum,
1925 4712 1973 4757 et
2016 4678 2206 4772 ipseD

539 4800 836 4871 propitiatio
876 4807 1201 4870 peccatorum
1239 4810 1550 4864 nostrorum,
1574 4816 1678 4852 non
1702 4808 1898 4852 tantum
1922 4811 2129 4853 nostro-

538 4911 676 4961 rum,
718 4895 804 4949 sed
838 4904 885 4949 et
910 4895 1062 4949 totius
1086 4896 1261 4948 mundi
1318 4892 1528 4965 (Ibid).
1575 4892 1707 4948 Item
1739 4894 1853 4963 ipse
1894 4912 1906 4946 :
1964 4892 2124 4947 Omne

537 4988 673 5055 quod
714 4987 765 5040 in
807 4988 995 5041 mundo
1029 4997 1123 5051 est,
1151 4987 1558 5057 concupiscentia
1593 4987 1763 5040 carnis
1804 4997 1896 5053 est,
1929 4996 1977 5040 et
2010 5003 2125 5040 con-

536 5081 850 5151 cupiscentia
890 5081 1179 5147 oculorum,
1220 5091 1265 5133 et
1306 5080 1514 5163 ambitio
1540 5080 1735 5146 swculi,
1778 5096 1890 5145 qua:
1924 5096 2023 5135 non
2051 5090 2125 5135 est

535 5192 568 5228 a
608 5172 784 5237 Patre,
831 5173 920 5227 sed
960 5189 1022 5225 ea:
1066 5172 1256 5225 mundo
1296 5182 1405 5235 est;
1448 5183 1494 5225 et
1537 5173 1759 5225 mundus
1803 5174 2025 5237 transit,
2075 5182 2123 5226 et

534 5266 943 5338 concupiscentia
1001 5267 1157 5333 eius:
1213 5264 1297 5333 qai
1354 5272 1523 5317 autem
1581 5264 1754 5332 fecerit
1816 5265 2125 5318 voluntatem

506 5361 764 5431 {,Domini,
794 5367 963 5413 manet
994 5358 1046 5411 in
1073 5366 1316 5413 aeternum
1342 5354 1432 5427 (ll
1459 5354 1578 5411 Cor.
1606 5360 1721 5427 xu).
1748 5358 1937 5414 Veniat
1966 5359 2124 5412 mitti-

534 5469 655 5513 mus
692 5457 1091 5525 apostolorum,
1142 5455 1235 5510 sed
1285 5455 1390 5510 Vas
1437 5456 1715 5510 electionis
1762 5455 1896 5521 Dei;
1941 5455 2121 5509 veniat

532 5538 788 5616 magister
830 5554 1070 5619 gentium
1106 5548 1303 5604 Paulus
1353 5548 1669 5617 praedicator
1694 5547 1889 5604 divinae
1933 5548 2120 5617 gratias

534 5642 845 5709 singularis,
890 5653 944 5698 et
981 5643 1225 5713 mysterii
1267 5642 1503 5698 caelestis
1532 5640 1779 5711 copiosus
1822 5642 2114 5712 expositor,

533 5735 622 5789 ille
649 5735 737 5804 qui
765 5735 925 5790 verba
964 5737 1246 5792 ineli'abilia
1287 5737 1399 5792 sive
1446 5736 1500 5791 in
1547 5750 1776 5805 corpore
1815 5735 1929 5791 sive
1965 5745 2120 5791 extra

529 5840 727 5899 corpus
758 5826 1003 5882 nesciens
1044 5828 1095 5882 in
1141 5830 1353 5885 tertium
1382 5829 1579 5886 cmlnm
1622 5830 1830 5905 levatus
1872 5828 2116 5884 audivit:

532 5921 627 5989 qui
657 5928 797 5978 tanta
838 5922 1004 5991 gratia
1047 5921 1391 5987 redundavit.
1437 5934 1495 5982 ut
1533 5937 1656 5983 cum
1694 5924 1935 5982 omnium
1966 5932 2110 5982 esset

2229 2015 2399 2061 autem
2453 2006 2611 2058 aliam
2662 2003 2818 2074 legem
2880 2004 2931 2055 in
2994 2003 3231 2055 membris
3282 2002 3405 2055 meis
3449 2010 3814 2078 repugnantem

2231 2098 2327 2168 legi
2368 2096 2550 2149 mentis
2594 2110 2748 2161 mete,
2804 2110 2865 2145 ac
2906 2096 3161 2162 captivum
3200 2109 3278 2145 me
3314 2093 3579 2145 ducentem
3617 2094 3670 2146 in
3710 2092 3815 2163 lege

2229 2191 2441 2262 peccati,
2483 2204 2595 2258 qua:
2633 2196 2705 2241 est
2745 2188 2800 2242 in
2842 2188 3076 2240 membris
3116 2186 3263 2240 meis.
3313 2183 3475 2240 Miser
3504 2202 3597 2256 ego
3638 2185 3813 2252 homo,

2229 2292 2340 2351 quis
2382 2299 2461 2337 me
2501 2282 2733 2337 liberabit
2775 2282 2838 2335 de
2878 2297 3089 2347 corpore
3139 2280 3319 2333 mortis
3369 2279 3572 2345 huius?
3634 2277 3814 2334 Gratia

2196 2378 2328 2432 ,Dei
2366 2393 2456 2448 per
2493 2375 2672 2430 Jesum
2714 2373 2976 2429 Christum
3017 2373 3296 2427 Dominum
3336 2371 3814 2451 nostrum'(lbid.).

2229 2473 2408 2542 Quare
2447 2486 2505 2525 se
2541 2471 2702 2541 igitur
2734 2469 2990 2524 miserum
3032 2466 3306 2522 hominem
3336 2466 3612 2537 appellat?
3652 2482 3817 2537 quare

2229 2583 2288 2622 se
2312 2564 2509 2636 gaudet
2536 2579 2631 2634 per
2657 2552 2854 2618 Christi
2880 2561 3105 2631 gratiam
3132 2560 3200 2615 de
3223 2560 3409 2615 mortis
3434 2574 3659 2630 corpore
3687 2559 3817 2616 libe-

2229 2660 2356 2724 rari,
2382 2658 2426 2713 si
2454 2657 2615 2712 nullis
2635 2650 2916 2710 affectibus
2939 2654 3187 2709 humante
3209 2654 3441 2709 miserim
3468 2653 3778 2721 pulsabatur
3797 2694 3814 2720 ,

2228 2752 2276 2806 si
2307 2750 2469 2806 nullis
2498 2748 2873 2811 infestabatur,
2916 2763 2983 2802 ex
3014 2747 3210 2818 quibus
3239 2746 3561 2802 liberaretur
3591 2746 3819 2803 incursi-

2229 2843 2373 2898 bus?
2414 2845 2541 2898 Item
2571 2841 2710 2896 idem
2737 2858 2751 2895 :
2786 2839 2918 2895 Caro
2946 2839 3260 2911 concupiscit
3289 2839 3533 2895 adversus
3557 2840 3815 2910 spiritum,

2230 2948 2278 2992 et
2320 2938 2529 3009 spiritus
2570 2936 2808 2990 adversus
2849 2948 3095 2987 carnem:
3142 2932 3251 2987 hac
3291 2933 3423 2987 enim
3464 2933 3681 2987 invicem
3721 2933 3819 2986 ad-

2228 3041 2492 3085 versantur
2526 3029 2651 3095 sibi,
2704 3038 2762 3081 ut
2800 3043 2903 3082 non
2940 3043 3055 3097 qua:
3093 3028 3245 3081 vultis
3287 3027 3377 3081 illa
3414 3027 3644 3097 faciatis.
3697 3024 3818 3081 Non

2231 3124 2360 3177 enint
2400 3138 2513 3193 qua:
2548 3121 2658 3175 vult
2696 3122 2905 3192 spiritus
2948 3120 3165 3189 perﬁcit,
3195 3136 3257 3174 ne
3296 3120 3358 3173 de
3398 3120 3706 3189 perfectione
3732 3136 3818 3173 su-

2233 3218 2425 3288 perbiat
2448 3216 2702 3289 (Galav);
2734 3226 2787 3269 et
2818 3214 2960 3270 idem
2988 3234 2999 3267 :
3034 3232 3137 3269 non
3167 3215 3365 3285 perﬁcit
3397 3230 3518 3267 caro
3547 3230 3661 3284 quae
3686 3216 3813 3280 vult,

2153 3286 2200 3350 Ο
2222 3286 2290 3387 (ut
2318 3312 2396 3365 sic
2421 3286 2667 3363 humana:
2695 3307 3021 3363 conditionis
3046 3306 3354 3363 admoneat.

2304 3403 2380 3458 Ne
2424 3413 2611 3458 tamen
2642 3415 3023 3472 usquequaque
3054 3401 3386 3471 prepositum
3414 3399 3574 3455 tidele
3604 3400 3822 3455 demer-

2232 3507 2359 3565 gat;
2402 3511 2473 3551 ac
2503 3512 2571 3550 ne
2602 3494 2851 3559 forsitan,
2890 3503 2947 3548 ut
2975 3495 3150 3548 solent
3180 3494 3396 3563 quidam
3430 3493 3579 3547 vanis
3609 3494 3820 3561 opinio—

2234 3589 2391 3644 nibus
2420 3588 2702 3652 arbitrari,
2751 3586 2895 3657 quod
2938 3586 3053 3641 haec
3088 3586 3149 3642 Β.
3179 3586 3453 3657 apostolus
3493 3586 3691 3642 Paulus
3718 3586 3821 3642 sub

2220 3680 2455 3736 'alterius
2497 3681 2678 3736 nescio
2706 3678 2862 3749 cujus
2904 3694 3134 3749 persona
3166 3681 3509 3748 pronuntiet,
3550 3694 3709 3749 quam
3754 3680 3822 3735 de

2234 3776 2411 3843 seipso
2436 3774 2693 3841 fateatur;
2738 3775 2980 3845 quamvis
3015 3774 3149 3829 nihil
3192 3774 3301 3829 illic
3330 3773 3437 3830 tale
3466 3775 3642 3831 valeat
3672 3788 3823 3845 pror-

2234 3886 2327 3928 sus
2354 3870 2600 3937 ostendi,
2640 3879 2820 3925 tamen
2864 3884 2985 3925 cum
3028 3869 3141 3924 ait:
3174 3868 3333 3923 Miser
3360 3886 3454 3939 ego
3482 3868 3669 3938 homo,
3711 3871 3824 3939 quis

2234 3982 2312 4019 me
2342 3966 2573 4020 liberabit
2611 3966 2674 4019 de
2703 3980 2917 4032 corpore
2946 3964 3125 4018 mortis
3158 3964 3359 4026 huius?
3399 3961 3581 4017 Gratia
3609 3963 3705 4017 Dei
3732 3980 3824 4031 per

2233 4056 2412 4113 Jesum
2439 4055 2732 4124 Christum,
2780 4067 2886 4111 tam
2917 4056 3166 4127 gentilis,
3214 4069 3373 4126 quam
3414 4054 3585 4110 Judaei
3618 4064 3824 4111 remota

2232 4151 2490 4221 probetur
2518 4164 2639 4204 esse
2667 4162 2930 4218 persona;
2962 4146 3243 4202 audiamus
3284 4154 3462 4203 tamen
3490 4146 3637 4202 hunc
3664 4146 3821 4213 alibi,

2230 4246 2381 4315 quasi
2404 4258 2524 4299 sese
2545 4258 2706 4298 manu
2737 4242 2953 4312 propria
2978 4240 3347 4311 designantem
3377 4254 3441 4295 ac
3468 4240 3825 4325 semetipsum

2232 4339 2541 4408 specialiter
2590 4338 2910 4392 indicantem
2962 4354 2976 4391 :
3022 4332 3136 4406 Ego
3176 4334 3287 4405 ipse
3315 4345 3480 4389 mente
3522 4335 3689 4390 servio
3724 4334 3825 4403 legi

2234 4433 2425 4501 peccati
2461 4432 2637 4500 (Rom.
2658 4430 2777 4498 vn);
2805 4442 2859 4486 et
2889 4432 3015 4485 item
3043 4429 3111 4485 de
3136 4430 3315 4493 seipse
3346 4446 3359 4482 :
3394 4428 3601 4500 Castigo
3639 4444 3826 4498 corpus

2234 4539 2423 4590 meum,
2465 4532 2512 4578 et
2552 4524 2606 4577 in
2645 4524 2940 4577 servitutem
2975 4522 3273 4592 redigo,ne
3298 4522 3388 4592 qui
3423 4522 3542 4577 aliis
3574 4522 3822 4592 pra'dico,

2232 4616 2341 4684 ipse
2373 4614 2619 4687 reprobus
2659 4615 2846 4684 efﬁciar
2869 4613 2958 4687 (II
2990 4612 3223 4683 Coms).
3249 4614 3378 4681 Quis
3408 4613 3567 4683 igitur
3597 4628 3704 4668 non
3729 4613 3827 4667 ad-

2234 4717 2407 4765 vertat
2472 4708 2598 4780 quid
2644 4710 2905 4764 interesse
2949 4709 3185 4778 potuerit
3222 4708 3363 4778 quod
3413 4707 3653 4763 membra
3726 4722 3826 4763 sua

2232 4803 2540 4874 castigando
2569 4804 2883 4868 refrenaret,
2908 4818 2975 4857 ne
3002 4802 3263 4872 reprobus
3290 4802 3567 4867 existeret,
3592 4802 3638 4856 si
3662 4802 3825 4858 nullis

2234 4896 2427 4950 talibus
2458 4896 2687 4952 stimulis
2716 4890 3221 4966 pulsareturfquod
3255 4894 3596 4966 negligenda,
3631 4906 3684 4950 et
3716 4910 3824 4950 non

2193 4992 2471 5059 corporis
2515 4990 2595 5046 sui
2640 4990 2987 5059 castigatione
3032 4990 3347 5059 subigendo,
3398 4990 3663 5059 reprobus
3703 5004 3826 5047 esse

2232 5082 2532 5153 potuisset?
2570 5081 2904 5151 Quapropter
2943 5095 3063 5136 cum
3106 5082 3223 5137 haec
3266 5090 3321 5137 et
3356 5082 3584 5151 apostoli
3623 5082 3692 5136 de
3730 5097 3821 5137 se-

2234 5176 2475 5245 metipsis
2500 5175 2723 5245 professi
2756 5177 2918 5233 fuisse
2948 5186 3335 5245 monstrentur,
3361 5177 3451 5246 qui
3479 5176 3690 5232 etiamsi
3722 5177 3823 5231 ista

2233 5268 2451 5322 minime
2502 5267 2889 5337 prodidissent,
2942 5269 3129 5338 procul
3178 5269 3341 5325 dubio
3393 5278 3574 5325 tamen
3631 5284 3826 5325 omnes

2230 5364 2529 5418 orationem
2571 5362 2892 5419 dominicam
2938 5372 2994 5419 et
3021 5364 3331 5420 necessario
3357 5364 3734 5434 praedicarent,
3767 5373 3822 5418 et

2230 5458 2407 5512 veraci
2449 5456 2613 5512 corde
2657 5456 2978 5527 proferrent,
3028 5472 3129 5527 qua
3170 5457 3411 5528 quotidie
3456 5456 3826 5527 supplicantes

2230 5551 2424 5606 dimitti
2453 5550 2556 5606 sibi
2585 5566 2680 5607 sua
2711 5551 2892 5608 debita
2921 5551 3276 5621 postularent,
3308 5560 3364 5606 et
3392 5564 3460 5605 ne
3485 5550 3539 5603 in
3572 5549 3826 5604 tentatio-

2230 5658 2354 5700 nem
2394 5642 2773 5699 inducerentur
2800 5657 3016 5713 orasse,
3047 5652 3103 5699 et
3129 5652 3183 5698 ut
3224 5656 3254 5697 a
3285 5641 3428 5697 malo
3462 5639 3827 5696 liberarentur

2229 5736 2548 5808 suppliciter
2573 5737 2889 5808 implorasse
2907 5738 3228 5801 doceantur,
3256 5745 3473 5806 propter
3492 5732 3633 5805 quod
3655 5732 3826 5789 etiam

2232 5828 2543 5891 bJoannes
2581 5830 2877 5901 apostolus,
2928 5829 3071 5899 quod
3112 5840 3275 5900 supra
3314 5829 3424 5898 jam
3466 5826 3666 5882 dictum
3710 5833 3821 5892 est,

2232 5923 2552 5988 intelligitur
2578 5921 2831 5986 edidisse.
2862 5922 3047 5982 dicens
3074 5938 3092 5979 :
3121 5922 3185 5979 Si
3212 5921 3491 5979 dixerimus
3518 5934 3611 5975 nos
3637 5926 3825 5987 βοείας
