4104 6356
263 396 357 455 ﬁt
1467 388 1816 449 EPISTOLJI
1855 388 1942 446 ΕΤ
1984 391 2322 454 DECRETA.

261 523 368 568 tum
398 529 501 567 non
531 514 734 580 habere,
764 517 1051 570 mendacem
1083 515 1325 585 faciemus
1356 528 1472 595 eum
1501 511 1552 565 (ι
1574 509 1732 566 Ιοαη.
1769 520 1834 583 t),
1865 516 1920 570 Δ
1945 516 2317 584 sustinuimus,
2373 522 2609 590 ipsarum
2656 540 2837 582 rerum
2882 524 3199 583 desideratis
3245 525 3526 585 affectibus

260 607 529 666 Christum
569 609 793 677 scilicet,
824 610 916 678 qui
955 609 1089 664 hanc
1126 608 1313 664 orandi
1357 607 1582 663 formam
1615 608 1726 663 suis
1764 608 1845 663 di-

257 701 479 772 scipulis
520 701 887 768 condidisset,
938 702 990 757 in
1038 718 1139 771 qua
1192 702 1273 756 vel
1324 701 1623 771 quotidiani
1675 701 1841 757 debiti

258 796 520 851 relaxatio
542 797 865 865 proveniret,
894 806 947 851 et
992 812 1058 851 ne
1084 796 1134 851 in
1170 796 1514 852 tentatiouem
1546 796 1845 853 inciderent

258 890 628 959 implorarent,
650 889 733 945 vel
764 898 871 945 uta
895 890 1035 943 malo
1064 889 1419 945 liberarentur
1466 887 1841 960 exposcerent,

257 982 303 1037 si
337 981 467 1036 nihil
496 990 640 1038 esset
669 982 888 1037 omnino
924 981 1067 1052 quod
1093 992 1183 1036 aut
1211 982 1449 1037 debitum
1489 990 1845 1053 praegravaret

257 1074 485 1131 minime
505 1075 820 1139 relaxatum,
844 1086 934 1129 ant
959 1075 1182 1131 tentatio
1207 1086 1384 1147 posset
1409 1075 1593 1131 inferri
1617 1076 1841 1145 peccati,

256 1178 351 1224 aut
395 1169 597 1225 nullum
628 1185 658 1224 a
692 1183 798 1239 quo
839 1168 1192 1225 liberarentur
1237 1170 1433 1224 malum
1478 1185 1697 1238 prorsus
1734 1170 1847 1226 exi-

256 1272 449 1320 steret.
480 1263 568 1319 Sic
603 1274 781 1320 autem
809 1265 1069 1333 quosdam
1114 1273 1292 1320 movet
1330 1264 1624 1335 surripiens
1664 1265 1844 1319 illusio

257 1355 664 1420 dormientium,
696 1357 845 1427 quasi
874 1372 977 1411 non
1006 1358 1224 1427 gravior
1252 1348 1513 1412 mstim'ata
1549 1358 1615 1412 sit
1646 1372 1844 1412 concu-

259 1450 519 1520 piscentia
564 1451 913 1520 vigilantium.
967 1451 1222 1520 Quamvis
1274 1452 1413 1507 enim
1463 1461 1517 1507 et
1564 1452 1843 1508 insolentia

259 1544 556 1612 corporalis
584 1542 912 1611 frequentius
940 1543 1262 1599 refrenanda
1291 1544 1361 1599 sit
1388 1544 1469 1597 vel
1497 1545 1845 1613 castigatione

257 1638 472 1709 jejunii,
504 1638 585 1693 vel
625 1638 867 1693 ciborum
906 1639 1208 1715 frugalitate
1247 1649 1603 1707 sumptorum,
1638 1654 1706 1693 ne
1733 1654 1848 1693 tua-

261 1734 396 1789 teria
437 1734 740 1802 praebeatur
778 1733 1025 1787 humanis
1073 1735 1319 1788 sensibus
1366 1734 1714 1803 pliantasticze
1753 1747 1848 1787 vo-

1950 623 2317 681 assequatnur,
2342 623 2605 683 quatenus
2627 616 2726 673 hac
2752 619 3118 676 incursionem
3141 628 3289 691 peste
3312 636 3532 691 prorsus

1950 706 2130 770 exuti,
2186 708 2469 777 tranquilla
2520 725 2735 780 semper
2790 716 3213 773 sanctiﬁcatione
3260 717 3533 783 vivamus,

1948 798 2089 868 quod
2114 798 2166 853 in
2194 799 2284 854 ilia
2315 801 2488 857 futura
2520 802 2849 860 beatitudine.
2881 810 3211 876 promittitur
3235 827 3353 867 esse
3386 826 3533 868 com-

1920 898 2233 968 plendum,
2273 919 2414 969 cum,
2448 904 2587 960 sicut
2613 906 2687 960 ait
2716 906 3039 974 Apostolus,
3067 910 3394 981 corruptibite
3436 908 3559 979 hoc,

1948 995 2172 1050 induerit
2212 998 2669 1065 incorruptionem,
2720 1008 2767 1053 et
2795 1000 3009 1054 mortale
3043 1000 3139 1055 hoc
3178 1004 3406 1057 induerit
3437 1004 3533 1055 im-

1948 1090 2310 1144 mortalitatem
2334 1089 2387 1159 (I
2406 1089 2525 1146 Cor.
2550 1093 2662 1161 xv),
2696 1101 2855 1162 atque
2886 1092 3116 1148 animale
3151 1108 3345 1163 corpus
3376 1096 3535 1163 spiri-

1952 1181 2145 1235 tualem
2176 1184 2464 1251 sumpserit
2492 1183 2825 1253 dignitatem.
2876 1184 3037 1255 Igitur
3066 1184 3285 1239 dubium
3318 1200 3424 1239 non
3454 1195 3536 1240 est

1949 1275 2253 1344 superbiam
2303 1291 2464 1347 super
2510 1293 2670 1333 omne
2714 1292 2832 1333 esse
2879 1287 3185 1345 peccatum;
3234 1278 3429 1347 quippe
3468 1278 3537 1333 de

1950 1383 2050 1436 qua
2076 1369 2334 1438 scriptum
2364 1378 2445 1425 est
2468 1388 2481 1423 :
2510 1370 2727 1425 Initium
2751 1371 2914 1426 omnis
2936 1370 3130 1441 peccati
3148 1371 3385 1440 superbia
3409 1366 3537 1436 (Ec-

1949 1461 2045 1515 cle.
2079 1460 2155 1529 x).
2201 1461 2352 1529 Quod
2399 1471 2602 1517 tantum
2652 1463 2853 1518 malum
2896 1471 3003 1529 est,
3039 1472 3093 1515 ut
3125 1461 3332 1530 singula
3375 1475 3537 1531 prave

1950 1555 2083 1609 facta
2130 1554 2184 1610 in
2227 1556 2325 1611 hoc
2371 1558 2484 1624 ipso
2514 1558 2635 1627 quia
2681 1573 2841 1626 prava
2892 1566 3015 1611 sunt
3067 1566 3388 1612 censeantur
3418 1574 3537 1614 esse

1951 1649 2272 1717 damnanda,
2299 1651 2519 1721 solaque
2545 1652 2614 1706 sit
2634 1652 2883 1721 superbia
2935 1667 3052 1719 qua:
3076 1660 3130 1707 et
3159 1653 3209 1706 itt
3244 1650 3537 1708 benefaCtis

1955 1744 2250 1809 periculosa
2274 1743 2530 1799 doceatur
2553 1760 2568 1799 :
2593 1744 2706 1798 haec
2731 1753 2812 1798 est
2832 1759 2951 1813 qum
2976 1759 3080 1798 non
3108 1752 3309 1798 tantum
3337 1744 3536 1799 animal

260 1825 486 1893 luptatis
534 1826 913 1903 imaginatione
954 1826 1219 1901 fallendis,
1261 1826 1345 1879 vel
1387 1826 1593 1895 magnis
1642 1825 1741 1878 hoc
1782 1824 1911 1903 de‘_
1955 1833 2215 1887 rationale
2264 1834 2315 1888 in
2367 1833 2521 1887 terris
2566 1834 2797 1902 positum
2834 1843 3084 1900 censtare
3124 1850 3230 1887 non
3266 1834 3410 1903 sinit,
3443 1834 3538 1890 sed

264 1917 611 1974 miseratione
639 1900 818 1973 divina
860 1921 926 1974 sit
960 1920 1203 1989 precibus
1245 1920 1663 1988 implorandum,
1698 1930 1756 1976 ut
1781 1920 1848 1976 ab
1877 1900 1927 1960 Β
1955 1924 2247 1991 angelicam
2275 1940 2485 1994 quoque
2514 1900 2709 1993 deiecit
2739 1924 2927 1978 infesta
2962 1934 3228 1978 naturam.
3257 1900 3538 1979 Nam-cum

273 2008 609 2065 illecebrosis
638 2010 929 2066 visionibus
973 2012 1161 2081 sopitae
1192 2021 1398 2067 mentes
1430 2012 1718 2069 reddantur
1751 2014 1849 2068 im-

260 2118 455 2159 mones
482 2120 494 2155 :
526 2114 703 2157 tamen
735 2105 848 2160 sive
874 2104 987 2159 haec
1015 2104 1408 2160 incontinenter
1432 2106 1710 2175 agentibus
1734 2106 1849 2161 sive

258 2196 564 2251 viventibus
591 2196 929 2251 continenter
966 2196 1238 2260 eveniant,
1289 2204 1433 2252 certe
1483 2198 1525 2251 si
1573 2197 1691 2266 quis
1738 2206 1842 2267 est,

258 2289 437 2344 minor
474 2298 655 2343 reatus
692 2298 775 2345 est
812 2289 1187 2355 nescientium,
1218 2305 1373 2359 quam
1403 2289 1633 2343 carnalis
1664 2293 1845 2356 operis

252 2381 498 2451 appetitu
526 2381 701 2450 palam
736 2392 1024 2452 aperteque
1062 2383 1406 2451 cupientium.
1444 2382 1683 2452 Denique
1722 2384 1847 2440 licet

254 2490 363 2528 non
404 2489 570 2544 parvo
604 2475 692 2529 Dei
736 2489 958 2530 munere
998 2476 1233 2545 potiatur
1272 2476 1515 2546 quisquis
1553 2485 1644 2529 aut
1681 2478 1845 2533 nullis

253 2566 478 2633 talibus,
506 2567 550 2622 si
580 2566 695 2622 ﬁeri
726 2577 926 2638 potest,
959 2579 1049 2623 aut
1078 2571 1307 2638 pcrraris
1341 2570 1584 2639 pulsatur
1614 2571 1844 2640 insidiis,

249 2646 517 2728 nusquam
550 2660 773 2726 legimus
805 2659 857 2713 in
884 2660 1094 2728 culpam
1128 2659 1307 2715 vocari
1339 2662 1709 2731 phantasmata
1752 2678 1844 2719 so-

246 2752 552 2817 mniorum,
586 2752 679 2806 sed
714 2752 867 2821 plane
899 2753 1065 2822 ipsius
1095 2752 1303 2808 Domini
1337 2770 1467 2809 voce
1498 2770 1602 2810 non
1637 2756 1847 2823 ignora-

244 2860 375 2901 mus
398 2861 521 2902 esse
548 2846 921 2917 depromptum
953 2848 1094 2917 quod
1134 2849 1363 2919 quisquis
1384 2850 1643 2904 mulierem
1665 2852 1845 2905 viderit

241 2939 319 2993 ad
377 2940 874 3013 concupiscendum,
947 2941 1173 2995 eamdem
1228 2944 1293 2996 sit
1343 2959 1434 2997 tuo
1506 2944 1657 2996 corde
1722 2960 1844 2998 moe-

239 3041 435 3094 chatus
463 3038 677 3109 (Matth.
706 3039 784 3108 v),
816 3040 905 3095 ubi
946 3050 1337 3111 consequenter
1375 3052 1581 3097 reatum
1622 3043 1845 3099 subesse

238 3150 364 3189 non
411 3132 632 3188 dubium
677 3142 780 3188 est.
838 3132 1069 3203 Ideoque
1126 3143 1235 3189 tam
1281 3137 1390 3202 jogi
1432 3136 1842 3203 supplicatione,

238 3240 418 3296 quam
450 3225 831 3294 eleemosynis,
869 3227 1187 3295 caeterisque
1224 3227 1379 3281 bonis
1416 3228 1713 3281 actionibus
1746 3244 1845 3284 ex-

1954 2016 2092 2069 Deus
2120 2016 2479 2085 omnipotens,
2510 2017 2596 2086 qui
2626 2016 2751 2071 fecit
2780 2018 2957 2069 omnia
2986 2016 3121 2070 bona
3149 2016 3324 2081 valde,
3348 2025 3540 2073 cuncta

1952 2109 2062 2161 suis
2086 2108 2257 2162 modis
2294 2116 2347 2162 et
2371 2108 2621 2176 congruis
2654 2107 2929 2162 ordinibus
2957 2108 3195 2162 instituta
3217 2106 3537 2172 condiderit,

1949 2215 2120 2269 eaque
2149 2201 2378 2270 propriis
2407 2199 2735 2255 concesserit
2766 2199 2846 2254 vel
2878 2214 3127 2265 manere,
3168 2198 3251 2253 vel
3280 2198 3541 2267 proﬁcere

1949 2308 2107 2363 posse
2150 2294 2445 2357 mensuris;
2501 2290 2587 2347 hic
2638 2290 2934 2347 rationabili
2976 2304 3235 2347 creaturae
3273 2290 3541 2361 subrepsit

1948 2386 2191 2453 aﬁ‘ectus,
2216 2388 2304 2457 qui
2331 2403 2425 2456 per
2455 2386 2527 2450 id,
2552 2386 2693 2454 quod
2726 2386 3005 2441 decentius
3034 2385 3169 2440 facta
3196 2385 3537 2447 consisteret,

1950 2483 2067 2553 plus
2110 2482 2158 2536 ei
2201 2482 2268 2536 de
2299 2480 2510 2549 propria
2552 2480 2829 2550 dignitate,
2866 2478 3158 2543 conﬁdere,
3205 2493 3365 2548 quam
3405 2478 3542 2536 sicut

1904 2590 1907 2591 ν
1951 2574 2142 2628 modus
2193 2573 2308 2643 ejus
2361 2572 2634 2633 poscebat,
2686 2571 2753 2624 de
2798 2570 2914 2638 ipso
2963 2570 3220 2625 collatore
3269 2570 3542 2641 dignitatis

1948 2666 2190 2731 ingessit,
2222 2675 2382 2733 atque
2420 2664 2489 2718 ita
2524 2658 2683 2741 aliter
2712 2660 3013 2731 appetendo
3056 2660 3137 2715 sui
3166 2660 3416 2714 culminis
3449 2659 3543 2714 ﬁr-

1926 2757 2210 2820 mitatem,
2243 2771 2401 2827 quam
2430 2764 2745 2822 competens
2776 2754 2893 2823 ejus
2920 2754 3120 2808 decens
3152 2767 3334 2807 norma
3368 2753 3543 2820 requi-

1950 2859 2114 2916 reret,
2142 2849 2266 2905 fecit
2294 2864 2412 2904 eam
2446 2856 2643 2919 praeter
2670 2847 2913 2902 ordinem
2948 2846 3245 2901 naturalem
3277 2843 3544 2914 cupiendo

1951 2946 2215 3017 fasﬁgium
2270 2945 2446 3002 meriti
2498 2943 2723 3014 potioris
2777 2956 3094 3010 erumpere,
3142 2926 3232 3010 qui
3282 2951 3543 2995 excessus

1950 3038 2132 3107 utique
2168 3036 2308 3092 sicut
2348 3044 2553 3092 reatum
2605 3034 2784 3090 intulit
2827 3032 3129 3097 excedenti,
3169 3032 3246 3085 sic
3280 3031 3542 3101 justitiam

1949 3130 2277 3197 Conditoris,
2316 3139 2502 3185 contra
2529 3128 2682 3198 cujus
2706 3110 2949 3183 oidinem
2992 3124 3331 3190 tendebatur,
3375 3122 3544 3177 oll‘cn-

1950 3224 2057 3289 dit;
2092 3233 2146 3278 et
2175 3225 2300 3278 dum
2328 3223 2393 3279 ab
2422 3238 2488 3278 eo
2518 3233 2706 3278 tenore
2733 3231 2973 3276 cessatur
3030 3235 3136 3289 quo
3167 3218 3282 3272 solo
3312 3218 3540 3286 prolice-

214 3304 507 3388 ‘piandum
539 3326 639 3373 est.
673 3316 788 3373 Non
815 3318 958 3372 enim
988 3329 1140 3373 vacat
1170 3319 1443 3389 mysterio,
1476 3319 1615 3385 quod
1647 3320 1844 3375 dictum
1871 3286 1920 3351 ε
1953 3330 2097 3375 retur
2145 3320 2211 3373 ad
2256 3320 2448 3375 summi
2492 3319 2616 3374 boni
2665 3333 2899 3387 perenne
2949 3313 3302 3376 consortium,
3347 3327 3540 3367 conse-

233 3420 330 3467 est
361 3409 541 3465 omnia
578 3425 671 3480 per
700 3401 1102 3482 eleemosynam
1136 3426 1293 3480 posse
1326 3401 1592 3476 mu'ndari,
1625 3426 1745 3465 cum
1774 3412 1849 3468 ait

230 3502 546 3568 Dominus,
598 3502 724 3558 dum
770 3503 840 3558 de
890 3504 1115 3558 internis
1163 3504 1508 3573 externisque
1558 3504 1848 3574 ﬁguraliter

231 3594 713 3666 puriﬁcationibus
742 3596 1052 3667 loqueretur
1077 3612 1089 3648 :
1119 3596 1479 3651 Verumtamen
1506 3599 1643 3666 quod
1668 3614 1847 3667 super-

1952 3421 2196 3483 quentcr,
2234 3412 2324 3481 qui
2366 3411 2433 3465 ad
2471 3411 2587 3480 ejus
2625 3409 2871 3464 stabilem
2914 3406 3377 3477 participationem
3421 3420 3543 3475 per-

1954 3505 2138 3561 venire
2174 3519 2277 3559 non
2321 3511 2501 3570 posset
2550 3502 2791 3556 defectus
2827 3500 3076 3567 accessit,
3109 3500 3248 3553 sicut
3281 3506 3544 3553 creatura:

1950 3598 2227 3654 rationalis
2256 3597 2441 3651 usibus
2471 3594 2820 3665 congruebat.
2874 3592 2988 3647 Non
3020 3592 3240 3662 angelos
3270 3590 3335 3644 ad
3366 3590 3545 3659 proie-

1949 3703 2092 3748 ctum
2158 3691 2403 3747 conditos
2444 3688 2816 3760 promerendae
2856 3686 3165 3746 stabilitatis
3200 3692 3415 3740 aeternae
3454 3684 3541 3740 illa

1918 3846 1921 3847 ν
1952 3802 2040 3842 res
2072 3786 2291 3853 indicat,
2326 3785 2582 3855 quoniam
2613 3782 2659 3838 si
2689 3782 2811 3837 iacti
2843 3790 3025 3837 essent
3072 3790 3129 3834 ut
3158 3778 3380 3835 ulterius
3411 3777 3544 3833 nihil

1949 3888 2200 3949 egerent,
2245 3879 2390 3934 nulla
2428 3892 2553 3948 pars
2598 3880 2783 3931 eorum
2828 3875 2997 3930 ullum
3041 3873 3307 3943 potuisset
3345 3870 3545 3927 habere

1949 3971 2213 4028 deiectum
2243 3990 2254 4024 :
2288 3986 2393 4025 non
2427 3972 2569 4025 enim
2601 3968 2654 4023 in
2686 3969 2764 4025 eis
2791 3968 3059 4022 diversam
3091 3975 3335 4020 naturam
3376 3963 3542 4017 fuisse

1949 4064 2234 4118 dicendum
2257 4076 2359 4128 est,
2388 4078 2457 4117 ne
2479 4062 2587 4126 ille,
2612 4062 2703 4131 qui
2730 4061 2943 4130 propria
2969 4058 3241 4112 voluntate
3266 4056 3543 4125 prolapsus

1950 4166 2033 4211 est
2060 4156 2285 4225 angelus
2339 4162 2713 4218 excusaretur,
2744 4152 2789 4205 si
2820 4152 2921 4204 hoc
2952 4150 3025 4203 illi
3058 4164 3162 4202 non
3194 4163 3303 4201 sua:
3332 4155 3545 4214 proter-

1952 4248 2132 4302 vitatis
2170 4246 2392 4315 ingessit
2434 4244 2738 4307 arbitrium,
2769 4242 2863 4296 sed
2896 4242 3190 4295 necessitas
3229 4238 3329 4292 sibi
3364 4237 3546 4291 indita:

1952 4337 2282 4394 conditionis
2314 4335 2638 4405 imposuisse
2678 4332 2943 4389 videatur.
2988 4330 3137 4387 Unde
3168 4344 3297 4400 ergo
3325 4327 3466 4407 beati
3493 4336 3547 4385 et

1951 4434 2210 4488 sublimes
2253 4424 2433 4503 angeli
2470 4429 2539 4484 de
2580 4427 2850 4499 perceptis
2891 4424 3053 4497 grati,
3095 4424 3198 4495 pia:
3241 4421 3546 4479 devotionis

228 3701 315 3747 est
337 3730 356 3756 ,
398 3690 516 3746 date
561 3690 929 3761 elecmosynam
960 3700 1006 3744 et
1036 3707 1147 3745 ecce
1176 3691 1347 3745 omnia
1374 3692 1567 3745 munda
1602 3701 1724 3746 sunt
1750 3708 1843 3748 vo-

228 3787 314 3841 bis
354 3784 620 3856 (Luc.tt).
667 3785 772 3842 Sed
813 3786 973 3842 etiam
1011 3786 1139 3840 illud
1180 3787 1321 3855 quod
1358 3789 1546 3840 caritas
1586 3789 1845 3856 cooperiat

227 3877 632 3932 multitudinem
684 3888 1008 3947 peccatorum
1060 3876 1155 3944 (Il
1200 3876 1318 3931 Pet.
1361 3877 1474 3948 tv),
1529 3886 1589 3933 ut
1638 3878 1843 3945 ειςὶῌεθι

226 3968 508 4040 quidquid
548 3968 917 4025 insinceritate
947 3968 1190 4039 corporis
1218 3977 1271 4023 et
1300 3968 1495 4024 mentis
1531 3970 1839 4041 attrahitur,

224 4060 531 4117 rationalis
567 4061 779 4129 pietatis
813 4075 978 4137 opere
1016 4060 1275 4115 deleatur.
1322 4060 1398 4113 De
1436 4060 1606 4115 beatis
1639 4070 1841 4127 autem,

224 4154 385 4209 sicut
420 4166 582 4220 supra
611 4152 720 4222 jam
752 4152 1006 4217 diximus,
1038 4152 1319 4219 apostolis,
1354 4159 1557 4204 tantum
1587 4150 1848 4207 debemus

202 4258 412 4301 "nosse
443 4259 563 4314 quae
591 4243 689 4313 ipsi
722 4243 789 4299 de
829 4258 923 4297 sua
952 4242 1361 4297 conversatione
1393 4242 1577 4297 sentiri
1616 4244 1847 4312 propriis

221 4336 475 4393 vocibus
503 4336 805 4392 ediderunt.
836 4336 966 4405 Quae
986 4350 1115 4392 vero
1144 4336 1300 4390 tacita
1332 4345 1456 4390 sunt
1483 4336 1549 4389 ab
1578 4337 1678 4401 eis,
1704 4337 1844 4392 nulla

220 4430 398 4485 nobis
437 4428 773 4496 relinquetur
796 4428 1010 4483 licentia
1038 4428 1433 4498 perscrutandi.
1465 4428 1565 4483 Sed
1588 4430 1695 4496 jam
1720 4428 1845 4483 dili-

219 4524 465 4595 gentius
514 4522 871 4593 vestigemus,
919 4537 1014 4577 cur
1067 4533 1189 4592 post
1242 4522 1637 4591 reparationem
1711 4537 1840 4591 quo-
1950 4528 2152 4594 ofﬁcio,
2191 4536 2245 4581 et
2288 4540 2393 4581 non
2441 4524 2670 4593 seipsos,
2708 4521 2803 4577 sed
2841 4520 3017 4591 potius
3066 4519 3165 4589 ipsi
3211 4515 3546 4587 praeferendo

220 4632 338 4686 que
371 4617 598 4687 generis
634 4615 874 4682 humani,
914 4616 1425 4684 renovationemque
1458 4624 1689 4680 naturae,
1722 4631 1842 4686 qua:

1954 4624 2338 4679 convenienter
2365 4626 2664 4681 auctorem,
2697 4616 2762 4671 ad
2792 4615 2909 4684 ejus
2941 4613 3350 4683 perpetuitatem
3380 4611 3544 4679 proﬁ-

220 4709 290 4763 ﬁt
342 4723 457 4775 per
500 4707 833 4776 baptismatis
879 4715 1298 4771 sacramentum,
1347 4721 1453 4760 non
1503 4707 1675 4761 solum
1732 4707 1844 4762 haac

1951 4731 2076 4771 cere
2116 4713 2443 4783 provehique
2508 4698 2822 4767 meruerunt
2882 4706 3005 4761 inde
3055 4704 3145 4759 isti
3196 4705 3283 4774 qui
3332 4702 3544 4772 reprobi

221 4800 363 4855 vitia
400 4798 618 4853 sublata
650 4812 755 4854 non
788 4798 1006 4864 fuerint,
1035 4798 1131 4854 sed
1163 4799 1306 4867 ipsos
1335 4800 1498 4854 etiam
1543 4801 1595 4852 in
1640 4813 1844 4867 magnae

1951 4792 2105 4873 sunt,
2133 4808 2199 4861 de
2228 4806 2493 4873 perceptis
2524 4809 2916 4871 consequenter
2949 4797 3162 4867 ingrati,
3196 4796 3541 4863 debitumque

220 4891 605 4947 continentia:
652 4891 924 4961 proposito
965 4892 1282 4945 constitutos
1321 4891 1433 4945 sive
1482 4891 1679 4953 minus,
1729 4890 1847 4945 sive
1951 4897 2352 4953 dissimulantes
2392 4894 2732 4965 obsequium,
2775 4905 2941 4958 seque
2987 4890 3129 4958 ipsos
3176 4886 3345 4956 magis
3387 4901 3544 4956 qnam

219 4984 517 5054 amplius,
569 4993 725 5052 prout
771 4981 1010 5051 quisquis
1057 4982 1227 5052 gratia
1274 4982 1452 5037 divina
1501 4982 1846 5050 dispensante
1952 4990 2040 5057 qui
2069 4998 2230 5042 tantae
2250 4986 2526 5057 dignitatis
2555 4982 2909 5039 substantiam
2936 4981 3544 5049 coudiderat,prml’eirc

218 5073 571 5146 proiecerit,
607 5084 784 5129 tamen
816 5072 1071 5128 infestare
1088 5088 1194 5127 non
1223 5072 1503 5139 desinant,
1535 5088 1628 5127 cur
1662 5075 1843 5129 relicta
1953 5082 2262 5146 molientes,
2311 5091 2367 5135 et
2414 5078 2776 5133 delectatione
2822 5091 2933 5130 sum
2982 5072 3273 5129 creationis
3318 5070 3481 5125 illecti
3515 5083 3544 5121 a

218 5170 343 5224 sint
423 5176 618 5222 contra
663 5181 781 5237 quae
826 5180 978 5221 mens
1025 5166 1269 5237 religiosa
1315 5178 1595 5237 pugnaret.
1630 5167 1692 5221 Et
1724 5168 1847 5224 licet
1951 5172 2223 5227 Creatoris
2254 5172 2461 5226 honore
2490 5169 2777 5234 cessando,
2814 5176 3014 5237 quanto
3056 5173 3368 5235 arroganter
3396 5158 3543 5221 elati,

215 5263 341 5333 iam
389 5257 593 5315 salvali
630 5273 723 5328 per
753 5257 912 5313 ﬁdem
944 5274 1093 5329 Spem
1146 5259 1529 5329 I'Bdempltonis
1570 5260 1843 5329 θεωρίαι-ἱ·
1953 5276 2100 5321 tanto
2129 5266 2443 5320 aeternitatis
2472 5263 2849 5320 rectitudinem
2879 5277 2973 5330 per
3002 5257 3406 5316 irreverentiam
3435 5264 3543 5305 non

218 5370 383 5421 mus,
417 5351 602 5407 adhuc
643 5359 819 5407 tamen
860 5360 1223 5422 exspectetur,
1256 5352 1395 5406 sicut
1432 5353 1506 5406 ait
1535 5352 1843 5421 Apostolus,
1951 5358 2248 5427 sequendo,
2281 5358 2347 5410 ab
2380 5357 2497 5425 ejus
2527 5356 2727 5426 pariter
2770 5362 2823 5409 ct
2854 5352 3219 5423 indignatione
3246 5355 3299 5399 et
3331 5342 3543 5411 partici-

216 5445 561 5515 redemptio
585 5444 827 5511 corporis
860 5445 1049 5509 nostri,
1084 5454 1137 5499 et
1164 5436 1284 5497 cum
1316 5444 1584 5514 mysteriis
1613 5430 1850 5500 cmlestiJ
1951 5450 2163 5521 pationc
2190 5450 2408 5504 retracti
2439 5456 2583 5511 sunt,
2617 5457 2672 5502 et
2702 5445 2767 5500 ab
2795 5460 2861 5501 eo
2885 5444 3027 5514 quod
3052 5437 3543 5507 sempiternumest

216 5541 328 5596 bus
382 5539 513 5607 jam
565 5536 762 5590 renatis
800 5535 997 5607 pignus
1040 5536 1111 5591 sit
1159 5534 1468 5605 adoptionis
1502 5536 1840 5607 ingenitum,
1952 5541 2292 5606 recedentes,
2326 5542 2377 5595 in
2421 5541 2471 5595 id
2502 5538 2645 5611 quod
2676 5552 2889 5607 semper
2918 5531 3099 5589 deﬁcit
3140 5536 3265 5583 sunt
3296 5527 3538 5583 reducti:

213 5627 583 5706 perﬁcienda
610 5628 865 5697 deinceps
904 5629 1230 5688 sustineatur
1269 5628 1511 5697 adoptio,
1547 5638 1602 5697 ut
1637 5630 1844 5686 scilicet
1947 5634 2090 5705 quod
2128 5640 2418 5702 praestante
2447 5632 2556 5688 Deo
2585 5639 2791 5693 nostro,
2815 5627 2947 5680 alias
2983 5619 3300 5677 conﬁdimus
3334 5621 3544 5691 plenius

212 5720 633 5780 deﬁcientibus
672 5720 859 5776 iisdem
892 5721 1032 5776 vitiis
1077 5732 1259 5776 contra
1305 5736 1425 5801 guue
1464 5721 1617 5775 nobis
1659 5722 1709 5777 in
1739 5722 1841 5777 hoc
1946 5726 2374 5794 exsequendum.
2419 5725 2570 5780 Nunc
2610 5720 2822 5777 interim
2855 5724 3111 5787 Quantum
3145 5712 3396 5784 praesenti
3440 5727 3538 5767 ne-

212 5826 501 5893 tempore
519 5812 768 5893 continua
790 5812 1128 5868 dimicatione
1157 5814 1274 5885 (sic)
1303 5815 1366 5867 ab
1392 5814 1489 5866 hac
1522 5817 1840 5871 neceSsitate
1947 5821 2093 5889 gotio
2133 5819 2361 5885 Sttliicit;
2394 5821 2510 5879 1mg:
2550 5817 2636 5869 illa
2675 5825 2835 5865 causa
2877 5817 2979 5877 cst,
3015 5808 3116 5865 hoc
3152 5808 3279 5864 illud
3316 5806 3538 5891 malum,

212 5882 493 5975 liberati,
523 5890 659 5975 quod
700 5904 806 5964 ﬁde
844 5882 1203 5977 suscepimus,
1247 5882 1389 5977 quod
1433 5912 1535 5978 spe
1569 5908 1838 5978 pr0posita
1944 5882 2040 5976 per
2069 5910 2213 5974 quod
2240 5882 2403 5969 etiam
2426 5904 2707 5991 siue'vitio
2734 5903 3002 5973 corporali
3027 5901 3254 5973 quadam
3273 5882 3536 5969 spirituali
