4104 6356
584 432 687 493 ηδ

1939 424 2205 486 GELASII
2248 422 2451 483 PAF/ﬁ
2493 430 2511 482 l

3778 428 3877 484 ⁸24

584 555 939 617 ωτιιιοιίίοηθ
976 558 1156 607 motus
1176 562 1397 619 angetus
1424 547 1658 611 adivina
1680 562 1783 618 qua
1810 534 2177 602 illustrabatur
2211 534 2581 615 A'o‘piﬁcium,
2608 560 2761 616 cujus
2792 555 2842 601 et
2874 546 3020 601 aliud
3052 560 3185 616 Opus
3206 556 3451 602 entistare
3468 544 3629 600 veluti
3658 546 3884 603 minime

590 652 757 723 gratia
797 658 851 703 et
887 642 1292 715 participatione
1336 641 1595 709 delapsus
1632 649 1715 696 est
1746 657 1760 693 :
1790 654 1968 708 eoque
2017 638 2179 694 modo
2220 675 2236 682 -

592 748 824 815 degener
874 740 1076 804 factus,
1126 751 1189 791 ac
1239 736 1307 791 de
1353 734 1561 791 caelesti
1607 732 1735 789 sede
1784 749 1882 803 pro
1932 732 2033 787 hac
2078 747 2177 787 sua

594 835 988 897 deeoloratione
1024 831 1287 897 seclusus,
1318 828 1571 885 secunda:
1614 826 1939 882 conditionis
1984 824 2175 895 imagi-

592 948 711 988 nem
742 929 835 985 Dei
864 942 958 997 per
988 924 1241 980 invidiam
1269 923 1571 977 ﬂammatus
1597 921 1809 976 evertit.
1839 918 2033 973 iisdem
2062 932 2182 973 mo-

593 1026 735 1079 tibus
763 1020 1079 1091 aggrediens
1106 1020 1160 1073 in
1208 1017 1495 1072 securitate
1539 1014 1843 1084 degentem,
1889 1011 2086 1082 quibus
2113 1009 2183 1064 de

593 1115 819 1172 summis
864 1113 929 1167 ad
967 1113 1072 1167 ima
1119 1112 1258 1166 male
1296 1110 1536 1166 conﬁsus
1562 1111 1690 1178 ipse
1720 1106 2013 1171 deciderat,
2062 1104 2189 1160 hinc

597 1208 687 1262 illa
721 1207 946 1262 felicitas
974 1203 1209 1275 paradisi
1252 1202 1437 1272 primis
1465 1200 1769 1256 hominibus
1784 1208 2050 1254 -constare
2080 1212 2186 1252 non

552 1330 555 1333 -
597 1298 804 1369 potuit;
848 1298 972 1353 hinc
1012 1297 1099 1351 illa
1132 1297 1319 1365 prima:
1358 1293 1685 1349 conditionis
1722 1293 2024 1361 integritas,
2062 1290 2189 1346 dum

602 1390 673 1443 ita
723 1390 789 1444 de
836 1403 895 1445 se
936 1388 1074 1459 ﬁdit,
1126 1399 1378 1456 tauquam
1430 1388 1549 1455 ipso
1590 1386 1680 1455 qui
1725 1384 2039 1440 condiderat
2083 1397 2191 1437 non

603 1501 783 1557 egere,
817 1500 915 1541 nec
956 1485 1023 1539 de
1062 1484 1330 1553 perceptis
1360 1482 1468 1552 agit
1496 1480 1727 1550 gratias,
1754 1479 1900 1548 quod
1929 1492 2190 1547 nusquam

603 1578 798 1634 fecisse
840 1585 1190 1641 memoratur,
1235 1590 1336 1631 nec
1365 1574 1431 1629 de
1459 1572 1846 1629 conservandis
1891 1588 2008 1641 qua:
2046 1586 2194 1625 sum-

603 1680 786 1742 pserat
825 1669 997 1741 poscit
1039 1669 1295 1724 auxilium
1320 1710 1333 1733 ,
1375 1684 1475 1722 nec
1512 1667 1576 1721 ad
1617 1682 1739 1727 eum
1780 1666 1939 1721 etiam
1987 1664 2191 1735 pulsata

601 1765 885 1819 teutatoris
942 1778 1157 1819 accessu
1210 1764 1402 1818 devota
1463 1761 1767 1824 concurrit,
1831 1769 1887 1815 et
1933 1757 2190 1824 consulit,

602 1872 822 1929 suasque
848 1874 906 1913 se
934 1858 1105 1913 credit
1137 1858 1272 1912 inter
1298 1870 1555 1926 prcepera
1583 1855 1862 1920 voluntati,
1894 1853 2049 1909 facile
2075 1852 2195 1907 sine
2214 1832 2230 1847 ’

2286 639 2576 709 potuisset,
2621 640 2869 717 ineffabili
2902 644 3285 696 circumventa:
3314 644 3512 711 pietate
3543 642 3881 709 consuleret,

2286 744 2567 804 utramque
2591 749 2721 789 vero
2747 744 3049 799 creaturam
3081 745 3226 792 recte
3250 736 3523 791 conditam
3548 736 3647 790 hac
3674 736 3885 792 ratione

2286 836 2633 892 monstraret,
2667 830 2789 897 quia
2820 838 2875 885 et
2904 830 3199 902 degeneres
3232 831 3404 901 angeli
3445 842 3542 900 per
3570 841 3881 886 sanctorum

2289 922 2602 991 angelorum
2644 922 3025 977 beatitudinem
3072 925 3434 978 confutantur.
3486 924 3639 990 Quod
3691 923 3885 981 iisdem

2291 1018 2465 1073 modis
2498 1018 2690 1088 quibus
2734 1018 2834 1083 illi,
2878 1020 2979 1073 hoc
3020 1028 3121 1089 est,
3171 1018 3367 1074 debita:
3422 1017 3637 1090 pietatis
3680 1017 3882 1080 ofﬁcio,

2292 1118 2696 1181 creatoremque
2738 1126 2893 1166 suum
2934 1112 3111 1167 debita
3160 1112 3541 1183 praedicatione
3588 1109 3883 1171 laudando,

2292 1219 2389 1276 per
2423 1188 2745 1275 dignationis
2781 1206 2897 1276 ejus
2932 1214 3236 1275 augmenta,
3280 1205 3682 1275 profectumque
3727 1219 3886 1258 reve-

2294 1299 2485 1353 rentiae
2522 1302 2908 1369 competentis,
2952 1299 3419 1370 participationem
3460 1298 3585 1352 boni
3627 1297 3886 1364 parentis.

2296 1395 2749 1465 stabilitatemque
2794 1404 3102 1466 perpetuam
3145 1394 3487 1462 sempiterna:
3531 1392 3715 1461 glorite
3766 1398 3890 1444 sunt

2297 1486 2517 1556 adepti;
2550 1487 2633 1541 sic
2665 1486 2749 1540 isti
2782 1501 2997 1557 quoque
3040 1485 3085 1539 si
3112 1484 3299 1540 eodem
3338 1493 3525 1538 tenore
3565 1482 3887 1546 niterentur,

2298 1578 2363 1633 ad
2395 1579 2621 1633 similem
2665 1579 3047 1633 beatitudinem
3081 1579 3263 1631 venire
3298 1576 3619 1645 potuissent,
3661 1575 3765 1629 nisi
3792 1574 3889 1629 de-

2300 1673 2445 1728 sides
2475 1689 2504 1729 a
2535 1674 2615 1727 sui
2666 1673 2821 1727 laude
2851 1672 3067 1727 factoris
3110 1682 3164 1727 et
3197 1680 3589 1743 competentem
3637 1684 3889 1723 reveren.

2301 1769 2429 1822 tiam
2464 1784 2568 1822 non
2599 1778 2918 1837 sequentes,
2953 1768 3020 1821 ab
3061 1769 3177 1838 ejus
3212 1766 3433 1821 retracti
3467 1764 3889 1834 participationis

2301 1860 2519 1928 affectu,
2555 1868 2787 1931 propria:
2838 1860 3202 1930 nequivissent
3233 1860 3563 1914 incrementa
3609 1856 3890 1929 perfectio-

602 1952 856 2023 praesidio
893 1951 1166 2006 Creatoris
1214 1950 1380 2019 patuit
1411 1947 1715 2017 deceptoris
1760 1946 1988 2011 insidiis,
2036 1955 2092 2001 et
2142 1947 2193 2000 in

2304 1970 2533 2021 nemque
2586 1970 2799 2009 sumere
2846 1953 3151 2023 dignitatis,
3203 1953 3330 2006 dum
3382 1966 3493 2005 suae
3539 1949 3889 2005 institutionis

602 2043 1101 2116 praevaricationem
1146 2050 1312 2097 tracta
1343 2050 1740 2111 consequenter
1778 2041 1971 2105 illiciti,
2006 2040 2195 2096 condi-

605 2139 805 2194 tionem
846 2137 1077 2208 praeﬁxa:
1122 2139 1312 2192 mortis
1352 2136 1555 2191 invenit
1585 2136 1884 2206 meritoque
1920 2144 2005 2190 est
2041 2150 2193 2190 com-

607 2231 808 2302 petenti
851 2230 1091 2299 subjecta
1135 2228 1387 2283 vindicta:
1426 2246 1438 2280 :
1486 2228 1736 2297 quoniam
1782 2241 1881 2282 nec
1926 2227 1994 2283 de
2041 2227 2198 2284 bonis

602 2323 784 2380 fuerat
834 2324 1025 2378 devota
1082 2321 1398 2389 retinendis,
1460 2336 1560 2376 nec
1618 2321 1816 2375 malum
1870 2330 2201 2390 prtecaverat

580 2410 737 2475 ante
765 2420 1103 2488 prtedictum,
1136 2418 1262 2473 dum
1302 2433 1399 2487 per
1426 2416 1647 2486 majoris
1679 2415 1937 2471 ambitum
1968 2424 2201 2486 potesta-

604 2514 696 2580 tis,
727 2514 892 2569 Deum
941 2528 998 2567 se
1042 2512 1247 2568 scilicet
1286 2510 1401 2566 fore
1442 2510 1843 2580 pratsumentis,
1876 2508 2061 2564 foveas
2101 2509 2199 2563 ho-

600 2606 747 2661 stilis
788 2606 1153 2678 persuasionis
1202 2605 1458 2670 incurrit;
1502 2612 1556 2659 et
1594 2618 1735 2673 quae,
1775 2602 1819 2657 si
1869 2616 1966 2656 suo
2011 2599 2201 2657 ordine

610 2699 898 2754 mansisset
918 2709 1069 2767 grata
1097 2692 1286 2753 factori
1319 2705 1637 2768 perpetuum
1680 2712 1907 2751 summa:
1938 2710 2203 2750 commer-

608 2792 752 2846 cium
783 2791 1005 2846 Deitatis
1042 2791 1307 2859 potuisset
1351 2788 1794 2858 apprehendere,
1834 2796 2203 2857 competenter

607 2883 728 2938 sine
774 2881 955 2936 debito
998 2896 1223 2935 summa:
1252 2880 1556 2934 Divinitatis
1595 2878 1777 2933 ofﬁcio
1814 2878 2032 2947 copiosa
2076 2892 2205 2947 pro-

606 2974 868 3030 missione
904 2974 1153 3039 lustrata,
1194 2974 1259 3028 ad
1286 2973 1627 3028 Divinitatem
1671 2986 1776 3026 non
1816 2971 1989 3041 potuit
2017 2986 2205 3040 perve-

608 3069 747 3124 nire.
779 3069 872 3124 Sic
899 3084 1026 3139 ergo
1054 3068 1172 3124 sine
1198 3066 1678 3138 illiusprincipaiis
1702 3082 1765 3121 ac
1787 3082 2010 3121 summa:
2039 3071 2205 3125 ratio-

608 3164 693 3220 nis
729 3163 950 3229 affectu,
985 3179 1103 3233 quae
1142 3165 1192 3219 in
1225 3163 1383 3218 bonis
1414 3178 1629 3234 semper
1659 3162 1956 3218 retinendis
1986 3173 2203 3221 contra-

606 3255 813 3325 riisque
859 3254 1155 3311 refutandis
1206 3257 1522 3312 intemerata
1579 3255 1867 3325 persistit,
1928 3255 1993 3310 ad
2050 3258 2203 3327 cujus

609 3348 793 3420 utique
834 3350 1237 3405 similitudinem
1283 3349 1491 3405 ratiune
1534 3349 1710 3404 fuerat
1749 3348 1943 3405 animal
1990 3350 2203 3405 instituo

609 3449 746 3506 tum,
774 3449 832 3496 ut
867 3456 930 3496 ea
958 3457 1053 3510 pro
1079 3457 1178 3496 suo
1221 3441 1437 3497 modulo
1461 3443 1713 3513 congruis
1742 3443 2045 3498 actionibus
2075 3443 2201 3498 imi-

608 3533 793 3601 tando,
827 3533 1103 3606 ipsiusque
1152 3535 1423 3590 servando
1452 3535 1833 3601 reverentiam,
1873 3536 2205 3606 subsequen-

610 3628 785 3698 doque
836 3629 1097 3698 gratiam,
1156 3638 1213 3683 ut
1265 3644 1391 3683 vere
1437 3629 1732 3683 similitudo
1778 3629 1893 3695 ejus
1924 3639 1978 3683 et
2029 3628 2205 3698 imago

610 3729 954 3789 permaneret
997 3710 1241 3775 obtinere
1273 3721 1569 3789 potuisset,
1603 3722 1861 3791 ﬁeretque
1890 3722 2088 3776 divinm
2117 3738 2205 3777 ra-

613 3813 773 3867 tionis
814 3827 1063 3883 tanquam
1096 3828 1208 3868 suae
1240 3816 1480 3883 parentis
1516 3824 1570 3870 et
1604 3816 1851 3871 auctoris‘
1875 3816 2033 3887 digna
2075 3831 2227 3872 con-‘

614 3908 810 3973 sortio,
862 3917 917 3962 et
961 3922 1058 3977 per
1107 3908 1221 3962 htec
1276 3909 1654 3975 nihilominus,
1705 3918 1888 3979 utpote
1935 3912 2205 3982 particeps

615 3999 963 4065 aeternitatis,
1007 4010 1205 4055 aeterna
1252 4011 1522 4067 constare,
1564 4002 1691 4056 dum
1732 4017 1825 4057 sua
1869 4019 1987 4074 qua:
2023 4017 2202 4062 creata

615 4091 787 4147 fuerat
815 4090 1075 4161 dignitate
1102 4090 1357 4159 confidit,
1387 4092 1596 4162 sibique
1626 4108 1685 4148 se
1716 4101 1863 4161 putat
1891 4094 1943 4148 in
1974 4096 2201 4166 eoquod

613 4195 728 4242 erat
756 4183 897 4243 facta
927 4184 1225 4256 subjacere,
1253 4201 1352 4242 nec
1375 4186 1584 4242 subdita
1610 4198 1897 4243 veneratur
1920 4186 2204 4247 devmione

611 4279 891 4350 factorem,
923 4290 979 4335 et
1011 4280 1078 4336 ab
1115 4281 1258 4336 illius
1296 4281 1707 4351 participatione
1754 4282 2020 4347 discessit,
2058 4292 2112 4339 et
2150 4284 2204 4341 in

614 4373 789 4443 seipsa
838 4374 956 4428 sine
995 4374 1084 4427 illo
1129 4376 1183 4428 in
1232 4389 1337 4443 quo
1384 4374 1619 4429 habebat
1666 4375 1962 4443 subsistere
2003 4392 2202 4446 posse,

614 4480 722 4520 non
753 4464 1013 4519 constitit.
1047 4466 1220 4534 Atque
1252 4466 1323 4519 ita
1353 4465 1597 4520 ordinem
1639 4465 1889 4533 legitima:
1916 4467 2210 4522 rationabi-

616 4557 782 4611 litatis
829 4555 1130 4621 excedens,
1176 4557 1230 4610 in
1270 4556 1749 4612 irrationabilitatis
1779 4557 2065 4628 abruptum
2112 4576 2209 4629 per

615 4649 1140 4707 verisimilitudinem
1181 4637 1760 4721 ratiocinationis,'qtta
1794 4652 1961 4707 Deum
2001 4669 2060 4709 se
2091 4655 2204 4712 ﬁeri

618 4743 904 4810 credebat,
956 4743 1181 4799 abducta
1232 4752 1351 4809 est;
1412 4752 1466 4797 et
1514 4744 1659 4799 illius
1709 4746 2036 4817 privatione,
2086 4764 2205 4819 quae

619 4837 943 4907 sempiterna
968 4835 1072 4890 vita
1104 4846 1216 4903 cst,
1248 4836 1301 4891 in
1333 4837 1488 4891 istam
1526 4837 1716 4891 recidit
1744 4853 1864 4906 quae
1902 4838 2019 4894 sine
2056 4838 2205 4897 fonte

619 4934 743 4987 vitae
772 4932 932 4987 vitam
967 4940 1275 5001 perpetuam
1304 4933 1539 4987 retinere
1570 4947 1674 4987 non
1708 4943 1908 5002 posset.
1952 4935 2205 5003 Quamvis

620 5040 748 5096 ergo
788 5041 882 5094 pro
921 5026 1002 5080 his
1046 5025 1557 5095 tranSgressionibus
1594 5025 1750 5096 digna
1787 5026 1945 5082 fuerit
1978 5030 2200 5095 ultione,

615 5119 791 5191 justus
815 5126 990 5174 tamen
1012 5118 1211 5173 arbiter
1235 5118 1374 5173 Deus
1401 5121 1475 5173 sic
1498 5119 1653 5173 istam
1676 5131 1975 5175 creaturam
2008 5136 2207 5192 propo-

619 5217 734 5269 sitae
764 5213 905 5283 legis.
927 5213 1177 5282 aequitate
1198 5213 1487 5284 corripuit,
1524 5222 1581 5267 ut
1626 5229 1746 5282 quae
1792 5214 2027 5270 divinum
2056 5219 2207 5288 sequi

619 5309 885 5364 tramitem
917 5308 1053 5362 inter
1081 5306 1252 5361 felicia
1276 5305 1552 5373 fastidivit,
1582 5307 1794 5362 sibimet
1824 5309 1991 5375 ipsam
2016 5310 2206 5367 merita

620 5404 772 5458 lmce
801 5401 1021 5456 dimisit.
1070 5400 1129 5455 Ut
1165 5408 1341 5454 tamen
1372 5401 1492 5469 quia
1520 5407 1573 5454 et
1602 5399 1823 5471 decepta
1857 5402 2029 5457 fuerat
2058 5419 2208 5459 crea-

622 5505 755 5548 tura:
794 5493 1018 5563 potioris
1059 5491 1303 5559 incursu,
1342 5478 1500 5545 illius
1541 5492 1744 5546 scilicet
1782 5508 1901 5562 quae
1942 5493 2209 5551 fremebat

623 5586 711 5637 ilio
746 5595 1009 5639 terrenam
1050 5584 1312 5654 proﬁcere
1358 5598 1517 5654 posse
1547 5584 1896 5638 substantiam
1931 5586 2069 5641 unde
2100 5588 2207 5655 spi-

624 5676 790 5731 ritalis
838 5677 947 5746 ipsa
1000 5676 1289 5744 deciderat,
1340 5684 1395 5730 et
1438 5685 1686 5744 tanquam
1732 5677 1978 5731 solatium
2018 5695 2210 5750 capere

540 5782 547 5783 ί
625 5769 872 5840 cupiebat
898 5769 963 5824 de
991 5772 1207 5825 alterius
1236 5772 1387 5826 ruina
1418 5780 1704 5837 creatura),
1735 5770 1880 5853 velut
1907 5789 2010 5829 non
2037 5777 2209 5832 solum

622 5880 683 5920 se
739 5862 1058 5935 culpandam
1116 5879 1181 5919 ex
1236 5865 1459 5920 alterius
1513 5879 1725 5935 quoque
1786 5868 2209 5937 transgressione

625 5957 1015 6033 prrctcndcrct,
1044 5956 1135 6013 sed
1165 5956 1372 6028 lapsum
1412 5970 1564 6013 suum
1606 5957 1659 6014 iu
1689 5957 1956 6017 Creatoris
1986 5960 2211 6021 referret
2253 6009 2257 6013 .

2299 2049 2541 2103 claritate
2578 2047 2778 2103 detenti
2837 2048 3061 2102 ulterius
3104 2062 3163 2101 se
3208 2046 3338 2100 nihil
3377 2060 3559 2115 egere,
3595 2059 3659 2098 ac
3698 2044 3795 2097 sibi
3833 2058 3887 2098 se

2301 2139 2549 2195 sufﬁcere
2571 2154 2731 2209 posse
2760 2149 3107 2209 pratsumunt,
3142 2154 3237 2209 per
3262 2153 3381 2209 quae
3410 2138 3619 2206 seipsos
3649 2136 3888 2191 obtinere

2300 2232 2529 2287 ﬁdentes
2559 2233 2812 2302 quidquid
2846 2248 2941 2302 per
2967 2233 3135 2287 solam
3167 2232 3390 2302 gratiam
3423 2230 3726 2300 potuissent
3750 2228 3887 2282 Cou-

2303 2324 2491 2380 ditoris
2539 2326 2807 2395 adipisci,
2860 2325 2999 2396 quod
3057 2326 3108 2379 in
3159 2340 3271 2378 suae
3325 2338 3545 2395 prorsus
3590 2323 3892 2379 conditione

2305 2418 2678 2477 mutabilitatis
2708 2418 2908 2473 habere
2940 2435 3044 2473 non
3092 2424 3361 2488 poterant,
3396 2418 3555 2473 homo
3586 2434 3797 2490 quoque
3828 2417 3892 2473 de

2304 2511 2482 2579 seipso
2518 2510 2817 2565 manifestis
2856 2512 3066 2565 indiciis
3101 2512 3429 2579 revincatur,
3464 2512 3515 2565 in
3563 2519 3766 2564 tantum
3797 2510 3894 2565 rite

2304 2606 2556 2670 factus,ut
2585 2606 2672 2676 qui
2697 2622 2793 2675 per
2817 2606 3052 2660 divinam
3078 2607 3303 2676 gratiam
3330 2614 3507 2675 pote~t
3528 2621 3751 2676 surgere
3777 2614 3892 2676 post

2304 2701 2533 2765 ruinam,
2560 2701 2726 2753 multo
2756 2702 2980 2770 amplius
3004 2702 3242 2771 potuisse
3268 2700 3545 2766 doceatur,
3570 2700 3614 2754 si
3648 2700 3888 2755 eamdem

2306 2796 2528 2865 gratiam
2573 2796 2762 2850 devota
2818 2806 2996 2850 mente
3046 2806 3386 2869 sequeretur,
3438 2796 3645 2866 integer
3690 2812 3893 2867 perma-

2308 2902 2458 2952 nere,
2502 2878 2977 2957 quantumcunque
3025 2888 3194 2957 gratia
3243 2888 3339 2941 ista
3396 2889 3685 2957 praevaleat
3733 2890 3894 2959 magis

2306 2980 2430 3035 inde
2460 2982 2733 3050 cdgnosci,
2759 2981 2883 3035 dum
2915 2992 2966 3036 et
2994 2982 3274 3035 incolumis
3305 2983 3506 3054 absque
3533 2982 3727 3038 eadem
3756 2993 3895 3038 stare

2307 3074 2644 3144 nequiverit,
2713 3084 2766 3129 et
2825 3074 3003 3131 valeat
3064 3076 3129 3129 ad
3174 3076 3416 3130 eamdem
3479 3076 3895 3131 incolumitatem

2306 3167 2483 3222 redire
2525 3175 2646 3238 post
2687 3168 2917 3239 lapsum.
2969 3168 3147 3222 Bonus
3187 3184 3315 3239 ergo
3358 3167 3550 3223 artifex
3591 3168 3766 3232 Deus,
3810 3169 3897 3239 qui

2308 3261 2692 3331 sempiternum
2735 3269 2789 3315 et
2815 3275 3081 3315 summum
3113 3265 3327 3329 semper
3358 3260 3516 3315 habet
3562 3275 3683 3314 esse
3705 3302 3721 3327 ,
3762 3258 3897 3328 quod

2310 3355 2482 3410 bonus
2522 3363 2624 3419 est,
2666 3354 2825 3425 atque
2870 3354 2992 3410 ideo
3033 3369 3132 3409 nec
3170 3369 3403 3425 unquam
3445 3354 3725 3408 crescendi
3766 3355 3898 3424 gerit

2306 3447 2535 3517 amplius
2583 3448 2875 3516 appetitum
2915 3464 2929 3500 :
2980 3448 3104 3517 quia
3154 3446 3283 3501 nihil
3336 3456 3418 3501 est
3458 3462 3619 3515 super
3668 3447 3717 3501 id
3763 3446 3899 3517 quod

2306 3542 2692 3610 sempiternum
2720 3540 2916 3594 bonum
2941 3538 3153 3609 semper
3174 3551 3226 3595 et
3247 3536 3511 3594 summum
3538 3548 3639 3604 est,
3670 3554 3767 3595 nec
3798 3540 3900 3593 uila

2308 3643 2487 3704 potest
2516 3634 2861 3689 inclinatione
2903 3634 3125 3689 diminui
3168 3636 3235 3690 de
3286 3634 3386 3689 hoc
3420 3635 3536 3704 ipso
3586 3635 3726 3705 quod
3762 3651 3902 3689 sum-

2306 3740 2453 3782 mum
2488 3731 2682 3782 bonum
2715 3730 3207 3800 sempiternumque
3234 3721 3520 3785 c0nsentit.
3556 3730 3710 3785 Unde
3741 3731 3902 3785 e:iam

2306 3836 2415 3875 non
2446 3836 2542 3891 per
2570 3821 2809 3890 rapinam
2842 3822 2893 3876 in
2924 3821 3090 3877 forma
3122 3823 3214 3878 Dei
3248 3823 3419 3877 dictus
3448 3832 3527 3878 cst
3557 3824 3902 3888 constitutu-;

2309 3914 2397 3985 qui
2426 3914 2526 3969 hoc
2569 3915 2794 3971 habebat
2836 3916 3018 3986 utique
3050 3931 3147 3985 per
3178 3925 3442 3982 naturam,
3480 3915 3619 3970 sicut
3661 3915 3755 3970 ille
3798 3917 3905 3984 spi-

2251 4053 2259 4065 .
2308 4008 2442 4062 ritus
2483 4007 2574 4079 qui
2622 4008 2761 4079 quod
2808 4023 2907 4064 nec
2951 4009 3336 4079 sempiternum
3381 4007 3611 4064 habebat
3653 4009 3904 4073 omnino,

2308 4116 2409 4156 nec
2454 4116 2754 4169 summum,
2790 4118 2883 4172 per
2923 4098 3163 4172 iapinam
3209 4102 3397 4157 maluit
3438 4117 3703 4174 occupare
3748 4120 3906 4175 quam

2307 4206 2405 4265 per
2448 4195 2681 4249 auctoris
2710 4196 2935 4265 gratiam
2968 4204 3241 4264 perpetem
3274 4196 3528 4265 consequi
3560 4195 3905 4266 dignitatem,

2308 4302 2339 4341 a
2381 4303 2487 4357 quo
2532 4295 2834 4357 sumpserat
2890 4287 3143 4358 angelica:
3200 4287 3552 4343 substantiam
3608 4287 3907 4357 claritatis,

2312 4381 2761 4449 quemadmodum
2796 4381 2938 4436 beati
2987 4382 3159 4452 angeli
3207 4380 3257 4435 in
3287 4382 3464 4435 divina
3496 4382 3662 4451 gratia
3698 4398 3911 4451 perma-

2315 4483 2503 4527 nentvs
2532 4474 2803 4527 consecuti
2836 4483 2957 4527 sunt
2990 4475 3333 4543 sempiternae
3363 4475 3709 4529 beatitudinis
3738 4475 3911 4530 ﬁrmi-

2315 4573 2474 4619 tatem
2513 4582 2524 4617 :
2557 4580 2750 4635 pravus
2793 4575 2968 4619 autem
3012 4567 3229 4635 spiritus
3260 4581 3359 4621 nec
3403 4565 3534 4621 illud
3569 4568 3737 4636 potuit
3771 4568 3912 4623 obti-

2316 4672 2444 4711 nere
2474 4656 2613 4726 quod
2658 4660 2809 4712 visus
2844 4668 2923 4711 est
2958 4658 3390 4728 incompcteuter
3435 4659 3710 4729 invadere,
3749 4672 3809 4717 et
3841 4672 3913 4717 te~

2316 4768 2500 4806 norem
2543 4767 2654 4806 sua;
2694 4751 3018 4806 conditionis
3063 4753 3357 4821 excedens,
3395 4753 3447 4808 in
3481 4754 3582 4809 hoc
3612 4756 3774 4809 etiam
3812 4773 3915 4812 non

2317 4846 2487 4914 potuit
2525 4860 2843 4915 permanere
2884 4843 3026 4913 quod
3068 4846 3235 4899 factus
3267 4854 3371 4900 est.
3407 4847 3607 4900 Auctor
3649 4862 3783 4918 ergo
3827 4850 3916 4903 bo-

2317 4955 2414 4993 nus
2468 4945 2524 4992 ut
2569 4937 2767 4993 bonum
2815 4952 2875 4991 se
2929 4952 3064 5008 opus
3110 4939 3414 4995 condidisse
3461 4939 3722 5007 ﬁrmaret,
3767 4943 3817 4997 si
3866 4944 3915 4997 ia

2316 5031 2504 5087 eadem
2538 5030 2618 5085 sui
2648 5027 2955 5085 conditione
2980 5031 3319 5101 persisteret;
3350 5031 3623 5087 inferioris
3649 5044 3916 5090 creatura:

2319 5142 2429 5181 sure
2462 5126 2746 5179 miseratus
2773 5124 3055 5195 offensam,
3088 5124 3230 5195 quod
3263 5127 3556 5196 spiritualis
3588 5130 3917 5198 substantia,

2315 5234 2433 5290 qua:
2472 5228 2525 5274 ct
2571 5219 2650 5271 sui
2693 5226 2747 5273 et
2789 5217 3005 5273 alterius
3053 5229 3414 5288 processerat,
3469 5221 3581 5289 ipsa
3636 5222 3836 5291 decept
3868 5225 3919 5278 ix

2315 5322 2475 5382 atque
2507 5312 2559 5367 in
2590 5326 2683 5366 sua
2719 5311 2955 5383 nequitia
3002 5327 3353 5382 perseverans
3394 5315 3615 5368 omnino
3653 5319 3920 5384 const-qui

2278 5436 2283 5441 -
2314 5403 2472 5475 digna
2506 5419 2611 5458 non
2645 5403 2836 5469 fuerat,
2866 5413 3097 5460 terrenae
3126 5403 3450 5460 conditionis
3472 5416 3526 5461 et
3553 5423 3645 5476 per
3668 5408 3917 5463 fraudem

2317 5492 2557 5567 decepta:
2598 5497 2913 5552 substantia:
2945 5504 3187 5551 naturam
3231 5496 3433 5567 pariter
3474 5498 3771 5553 clementer
3799 5516 3921 5556 sus.-

2317 5588 2452 5658 cepit
2499 5601 2552 5644 et
2596 5605 2838 5655 causam;
2888 5588 3096 5660 sicque,
3144 5598 3202 5645 ut
3244 5600 3384 5645 nunc
3412 5589 3649 5646 breviter
3677 5594 3921 5662 explice-

2320 5698 2459 5748 mus,
2489 5684 2817 5752 competenti
2850 5683 3051 5753 lapsam
3079 5682 3482 5754 dispensatione
3511 5698 3763 5752 repararc
3793 5701 3897 5755 pro

2321 5790 2544 5844 ponens,
2576 5776 2712 5829 utin
2758 5776 2938 5844 seipso
2987 5774 3101 5830 haec
3150 5776 3338 5832 eadem
3390 5786 3604 5840 natura,
3656 5792 3780 5845 qum
3827 5793 3925 5848 per

2318 5868 2735 5927 inohedientiam
2780 5868 2968 5924 mortis
3013 5867 3215 5925 rediret
3259 5867 3325 5923 ad
3370 5869 3557 5936 vitam,
3600 5856 3751 5926 solus
3804 5870 3924 5942 ipse

2316 5970 2502 6034 peccat
2540 5963 2592 6023 ir.
2629 5978 2688 6021 se
2719 5962 2894 6021 sciens
2922 5959 3075 6035 [forte
3104 5960 3312 6034 peccati
3353 5959 3624 6026 nesciens]
3666 5961 3722 6019 in
3782 5964 3919 6022 sub-
