4104 6356
231 420 331 477 {95

1440 414 1795 475 EPISTULAE
1835 413 1923 470 ΕΤ
1964 416 2305 475 DECRETA.

3399 423 3495 478 1L6

228 536 421 599 stantia
467 552 632 607 quam
677 547 795 608 post
839 547 1114 610 peccatum
1155 522 1558 593 restaurandam
1602 529 1804 604 potenti
1834 531 1880 590 Α
1911 531 2228 600 ﬁgmentum,
2261 536 2418 589 creati
2437 536 2488 590 in
2513 537 2734 605 Christo,
2769 540 2820 595 in
2844 542 3075 615 operibus
3102 540 3244 600 bonis
3276 520 3491 611 (Epiros.

228 628 557 699 benignitate
595 642 924 701 susceperat,
967 642 1026 689 ut
1066 631 1352 686 lndebitant
1393 637 1622 683 mortem
1652 640 1811 698 quam

227 724 346 781 sine
388 733 611 793 peccato
656 725 839 795 utique
883 740 989 779 non
1021 724 1253 780 debebat
1301 737 1400 791 pro
1448 721 1532 791 his
1581 720 1670 789 qui
1718 734 1813 788 per

229 824 507 885 peccatum
554 816 827 875 debitores
877 818 1065 872 mortis
1117 816 1455 879 exstiterant,
1503 813 1810 883 imputaret;

229 908 498 977 simulque
546 909 817 967 diabolum
872 910 1104 965 hominis
1157 910 1496 980 deceptorem
1550 906 1639 976 qui
1686 920 1815 960 con-

230 1003 547 1059 sentientem
598 1004 699 1063 sibi
730 1004 1000 1059 subditum
1046 1019 1137 1072 per
1176 1003 1409 1057 divinam
1452 1002 1667 1056 tenebat
1693 1000 1814 1069 jure

232 1096 574 1163 sententiam,
606 1111 699 1165 per
722 1095 980 1165 justitiam
1031 1095 1162 1149 nihil
1194 1096 1242 1150 ei
1284 1094 1511 1149 reddere
1549 1094 1659 1162 jam
1707 1084 1805 1147 dé-

232 1188 471 1246 bentem.
512 1189 723 1244 Etcum
764 1189 1051 1245 occidisset
1078 1204 1197 1243 eum
1246 1187 1298 1242 in
1348 1203 1503 1256 quem
1547 1186 1664 1239 sine
1694 1200 1816 1254 pec-

235 1294 359 1341 cato
381 1283 650 1340 licentiam
675 1299 778 1339 non
804 1283 1055 1347 habebat,
1074 1283 1263 1337 merito
1280 1282 1327 1337 ei
1352 1282 1473 1337 vice
1490 1289 1671 1334 mutua
1698 1280 1816 1333 sub-

232 1377 507 1448 jugaretur
526 1376 793 1443 addictus,
824 1376 1021 1446 quique
1042 1389 1101 1431 se
1130 1373 1377 1429 humanae
1403 1371 1713 1429 substantia:
1734 1379 1817 1424 nt-

235 1479 360 1540 pote
388 1469 612 1537 captivas
649 1485 760 1530 sua:
786 1469 1063 1523 dominum
1108 1469 1375 1537 deumque
1403 1448 1667 1537 iactabat,
1694 1466 1818 1521 huic

232 1571 287 1619 et
309 1562 453 1629 justo
481 1564 700 1630 pariter,
723 1569 778 1615 et
796 1561 905 1615 Deo
927 1574 1058 1617 vero
1080 1569 1266 1614 mutuo
1286 1559 1625 1614 subderetur.
1650 1560 1819 1615 luter-

233 1662 354 1711 erat
376 1653 522 1711 enim
552 1653 822 1723 aequitatis
845 1654 1122 1709 immensae
1148 1662 1206 1707 ut
1234 1668 1341 1707 non
1366 1653 1603 1723 abruptae
1625 1651 1819 1706 divinae

235 1748 489 1819 potentiae
511 1748 780 1813 diabolus,
814 1748 908 1802 sed
938 1748 1105 1815 ipsius
1136 1747 1369 1801 hominis
1392 1747 1552 1801 etiam
1583 1762 1738 1813 quem
1765 1760 1823 1799 se

237 1842 597 1912 prostravisse
636 1840 874 1910 jactabat
911 1840 1116 1909 justitia
1140 1842 1461 1905 vinceretur,
1493 1840 1682 1907 quibus
1717 1854 1819 1897 non

1916 623 1997 695 tt).
2032 624 2267 698 [temque
2296 627 2413 697 ipse
2437 628 2503 684 de
2525 631 2746 686 eadem:
2780 631 2847 687 lu
2874 633 3074 693 Christo
3102 635 3233 691 enim
3259 633 3385 695 Iesu
3407 651 3497 693 ue-

1915 732 2011 789 que
2047 721 2369 776 circumcisio
2408 723 2607 791 aliquid
2649 725 2802 795 valet,
2852 744 3010 797 neque
3046 730 3371 804 prtrputium,
3412 728 3502 791 sed

1917 826 2046 865 nova
2070 823 2304 866 creatura
2332 812 2473 885 (Gal.
2508 814 2603 887 vt).
3440 808 3446 815 ’

1990 904 2114 960 llaec
2131 906 2314 975 utique
2340 916 2605 975 creatura,
2630 922 2731 983 qua
2761 908 2812 963 in
2836 906 3051 969 Cbt‘iSlO
3079 911 3263 969 retecti
3292 925 3499 977 sumus,

1918 1013 2023 1053 non
2057 1014 2159 1070 qua
2189 999 2255 1054 ab
2285 998 2436 1057 initio
2485 998 2606 1053 lacti
2638 1015 2845 1071 sumus,
2872 1001 2939 1054 de
2971 1015 3075 1070 qua
3116 1004 3277 1060 etiam
3320 1006 3506 1063 beatus

1916 1092 2149 1146 Jacobus
2173 1092 2445 1161 apostolus
2472 1092 2550 1147 sic
2582 1093 2687 1150 ait:
2721 1092 3023 1151 Voluntaria
3048 1097 3219 1166 genuit
3248 1114 3338 1152 nos
3359 1100 3507 1157 verbo

1918 1188 2165 1252 veritatis,
2192 1195 2245 1239 ut
2265 1189 2419 1241 simus
2438 1189 2639 1243 initium
2662 1189 2874 1265 aliquod
2886 1201 3134 1247 creatura:
3153 1195 3265 1265 ejus
3286 1191 3426 1265 (Jac.
3444 1194 3506 1263 t);

1919 1294 2023 1334 non
2050 1278 2188 1334 illius
2216 1290 2473 1335 creaturte
2502 1296 2623 1350 qua:
2648 1282 2697 1339 in
2728 1282 2893 1339 Adam
2913 1282 3125 1341 condita
3148 1293 3250 1354 est,
3282 1286 3370 1339 sed
3395 1302 3510 1356 qua:

1918 1372 2095 1429 Patris
2123 1372 2406 1440 luminum,
2445 1392 2476 1427 a
2509 1384 2609 1447 quo
2648 1387 2723 1433 est
2770 1393 2918 1433 omne
2946 1378 3123 1435 datum
3175 1379 3422 1449 Optimum
3461 1388 3509 1433 et

1921 1467 2112 1519 donum
2152 1468 2452 1537 perfectum,
2491 1468 2767 1525 voluntate
2805 1472 2983 1541 genita
3031 1470 3199 1531 verbo
3244 1473 3508 1539 veritatis,

1922 1559 2133 1639 initium
2180 1562 2407 1631 sumpsit
2444 1562 2496 1616 in
2534 1560 2779 1626 Christo;
2813 1574 2867 1622 et
2910 1565 3011 1623 hoc
3056 1566 3225 1636 ipsum
3268 1565 3412 1627 ideo.
3442 1580 3511 1621 ne

1921 1654 2329 1725 qnibuscnnque
2354 1657 2465 1711 suis
2496 1656 2649 1712 bonis
2676 1657 2864 1715 lideret
2894 1658 3127 1715 humana
3163 1660 3501 1718 substantia:

1924 1746 2018 1799 sed
2041 1745 2292 1817 quidquid
2323 1746 2455 1802 recti
2488 1747 2538 1801 in
2579 1763 2637 1804 se
2662 1763 2785 1805 esse
2830 1758 3198 1819 cognosceret,
3232 1750 3513 1809 desursum

1930 1836 2265 1891 descendens
2311 1852 2431 1892 esse
2481 1839 2836 1909 perpenderet
2877 1840 2946 1898 ab
2992 1842 3411 1900 incommutabili
3462 1856 3517 1896 et

241 1906 375 1989 satis
413 1920 598 1991 habuit
629 1906 1187 2003 reparator—excelsus
1218 1943 1273 1986 ut
1314 1933 1429 2002 ipse
1459 1906 1828 1987 tantummodo
1858 1906 1906 1967 Β
1933 1928 2051 1983 sine
2100 1927 2483 1987 vicissitudinis
2527 1930 2936 1989 obumbratione
2986 1931 3102 1987 luce
3157 1946 3372 2002 semper
3417 1933 3518 1988 illl-

240 2025 293 2080 in
323 2040 387 2081 ea
434 2034 624 2080 natura
652 2040 814 2095 quam
852 2034 1162 2095 sumpserat
1198 2034 1411 2095 gereret
1440 2026 1507 2081 de
1528 2028 1683 2080 hoste
1732 2024 1829 2079 hu-

238 2117 383 2172 mani
412 2116 626 2186 generis
648 2116 790 2173 hunc
814 2118 1169 2185 triumphum.
1203 2117 1339 2186 Quid
1366 2119 1508 2173 enim
1545 2125 1828 2187 priestareo

239 2217 325 2263 tur
355 2208 620 2263 universa!
642 2216 839 2264 nostra;
860 2216 1145 2274 creatum,
1177 2207 1219 2263 si
1248 2210 1419 2264 victor
1449 2209 1652 2264 diaboli
1681 2211 1826 2269 solus

235 2298 482 2357 Christus
506 2300 798 2355 existeret?
818 2299 1026 2354 Tribuit
1054 2316 1182 2369 ergo
1202 2301 1449 2357 ﬁdelibus
1469 2303 1582 2357 suis
1602 2302 1827 2372 dignan-

239 2402 321 2449 ter
350 2393 610 2450 itnmettsa
633 2396 833 2471 pietate
860 2395 1209 2450 consortium.
1244 2394 1454 2451 Tribuit
1485 2412 1578 2465 per
1601 2386 1827 2467 gratiam

235 2500 390 2541 suam
418 2484 686 2557 ﬁdemque
715 2485 992 2553 collatam,
1024 2498 1082 2542 ut
1126 2487 1403 2543 hominum
1443 2490 1604 2543 millia
1645 2488 1827 2545 ineﬁ‘a-

233 2580 362 2638 bilis
389 2582 712 2651 compendio
737 2582 1060 2637 sacramenti
1093 2583 1467 2653 participatum
1505 2583 1620 2653 ejus
1645 2584 1828 2654 acqui-

232 2684 441 2745 rerem,
484 2686 865 2747 renovataque
905 2676 958 2731 in
997 2689 1096 2731 suo
1126 2676 1394 2731 salvatore
1448 2687 1651 2753 natura:
1702 2677 1827 2733 facti

230 2767 571 2834 consimiles,
602 2770 701 2839 ipsi
731 2784 944 2840 quoque
975 2771 1165 2826 tierent
1193 2770 1496 2841 deceptoris
1522 2774 1602 2828 sui
1627 2781 1831 2849 mutatu

230 2870 383 2921 sorte
411 2862 661 2919 victores.
697 2864 879 2935 Itaque
904 2873 1089 2919 contra
1108 2865 1397 2936 superbum
1429 2866 1675 2936 spiritum
1709 2881 1827 2936 per-

230 2964 564 3021 manentem,
599 2956 701 3011 hoc
721 2964 804 3012 est
831 2957 1103 3026 provisum
1130 2960 1409 3014 curatione
1442 2959 1734 3029 salvandis,
1770 2968 1829 3014 ut

226 3048 670 3117 competentibus
695 3049 868 3104 modis
889 3050 954 3104 ad
978 3065 1090 3105 suae
1114 3051 1437 3106 conditionis
1468 3052 1825 3121 integritatem

226 3141 592 3210 proﬁcerent,
632 3142 1382 3211 dignitatemquecmlestem;
1412 3156 1676 3217 quatenus
1717 3146 1830 3202 ela-

228 3233 411 3291 tionis
454 3232 684 3288 exitialis
718 3234 962 3289 allectum
1005 3238 1115 3305 (qui
1147 3252 1254 3291 non
1299 3239 1469 3291 solum
1519 3218 1824 3303 humanam,

221 3324 339 3381 sed.
366 3325 535 3394 ipsam
565 3340 798 3395 quoque,
839 3325 977 3382 sicut
1005 3327 1205 3381 dictum
1241 3337 1343 3394 est,
1383 3329 1678 3399 angelicam
1709 3348 1833 3403 pro-

222 3426 505 3475 straverat
532 3426 658 3477 ante
710 3421 982 3490 naturam)
1016 3420 1345 3478 humanitate
1388 3426 1685 3481 necessaria
1718 3444 1834 3484 me.

224 3510 545 3568 dlclnaliter
592 3510 892 3567 declinaret
937 3514 1001 3567 ad
1046 3514 1417 3585 integritatem.
1458 3519 1829 3589 reparandum,

223 3608 437 3677 quippe
476 3613 597 3675 post
638 3606 845 3676 lapsum
869 3613 1053 3664 carere
1077 3609 1262 3665 debuit
1307 3610 1399 3665 illo
1444 3613 1587 3667 malo
1608 3629 1719 3683 quo
1747 3614 1829 3670 in-

224 3710 392 3770 tegra
423 3709 679 3768 praestare
710 3702 1059 3771 nequiverat:
1090 3703 1372 3772 oportebat
1408 3713 1585 3759 autem
1617 3714 1675 3760 ut
1716 3706 1829 3773 ipsa

219 3807 455 3862 quoque
500 3792 839 3847 rationabilis
890 3793 1119 3849 humana
1160 3806 1402 3852 creatura
1430 3796 1570 3867 quod
1616 3801 1827 3869 propria

221 3886 514 3939 voluntate
558 3885 884 3955 perdiderat,
932 3886 1093 3941 etiam
1135 3888 1428 3943 secundum
1464 3889 1554 3945 Dei
1606 3891 1827 3955 gratiam

222 3979 513 4047 propriam
568 3977 831 4046 reciperet
865 3978 1214 4044 voluntatem,
1249 3988 1302 4034 et
1327 3996 1444 4050 quae
1485 3980 1602 4035 sine
1639 3980 1831 4035 merito

216 4068 552 4135 curabatur,
597 4069 922 4124 tribueretur
961 4069 1011 4124 ei
1056 4080 1112 4124 ut
1160 4072 1319 4124 etiam
1366 4072 1479 4126 haec
1516 4081 1833 4141 sequeretur

216 4179 296 4235 ex
329 4164 567 4218 merito:
602 4172 884 4233 propterea
922 4160 1109 4217 maluit
1151 4161 1440 4233 singularis
1472 4164 1563 4218 ille
1601 4165 1835 4218 salvator

217 4253 424 4326 perﬁci
456 4254 633 4324 potius
666 4255 721 4309 in
773 4252 1084 4309 inﬁrmitate
1124 4256 1400 4322 virtutem,
1428 4270 1586 4327 quam
1646 4270 1835 4311 rursus

213 4350 355 4405 sine
407 4347 713 4405 inﬁrmitate
750 4349 837 4404 vel
874 4348 939 4403 dc
985 4364 1042 4403 se
1081 4349 1462 4413 cenlidentem,
1490 4349 1577 4404 vel
1603 4350 1836 4405 auctoris

218 4442 600 4513 negligentem
634 4436 749 4498 lteri
774 4444 1062 4497 immanam
1086 4443 1440 4497 substantiam
1466 4442 1583 4497 sine
1608 4442 1833 4497 inﬁrmi-

216 4545 349 4591 tate
396 4549 661 4591 securam.
714 4536 849 4591 Hine
888 4546 972 4592 est
1001 4536 1164 4607 igitur
1190 4535 1333 4606 quod
1377 4536 1437 4589 Β.
1482 4534 1699 4602 Paulus,
1744 4538 1831 4607 qui

216 4639 283 4686 et
343 4629 559 4685 ruinam
599 4628 923 4685 conditionis
967 4630 1237 4695 humanae,
1281 4639 1334 4685 et
1385 4630 1832 4685 restaurationem

214 4724 456 4780 caeteris
483 4724 750 4793 copiosius
783 4724 1069 4792 intimavit,
1103 4728 1265 4781 etiam
1296 4725 1363 4781 de
1396 4726 1574 4795 seipso
1601 4727 1830 4782 clamat;

218 4816 320 4871 Ne
347 4816 651 4887 magnitudo
681 4817 1044 4871 revelationum
1070 4819 1280 4873 extollat
1301 4834 1400 4885 me,
1431 4819 1579 4873 datus
1609 4830 1680 4874 est
1707 4821 1835 4875 mihi

214 4906 485 4963 stimulus
528 4908 694 4980 cprnis
736 4917 861 4963 mea}
900 4910 1113 4977 angelus
1161 4909 1409 4975 Satanae,
1439 4911 1527 4981 qui
1576 4928 1654 4965 me
1694 4913 1832 4968 cola-

214 5001 453 5072 phizet;
478 5010 683 5069 propter
710 5004 847 5070 quod
873 5010 945 5053 ter
974 4999 1249 5056 Dominum
1276 5003 1448 5073 rogavi
1477 5012 1532 5056 ut
1554 5003 1834 5059 discederet

217 5112 253 5147 α
275 5110 393 5159 me,
428 5100 475 5145 et
503 5092 632 5145 dixit
659 5092 784 5145 mihi
809 5108 827 5146 :
858 5092 1053 5162 Sut’icit
1084 5093 1173 5146 tibi
1214 5096 1381 5164 gratia
1406 5094 1547 5163 mea;
1577 5113 1696 5149 nam
1727 5097 1833 5150 vir-

216 5196 309 5240 tuts
331 5185 399 5238 in
430 5183 726 5252 inﬁrmitate
750 5184 1034 5254 perﬁcitur.
1062 5182 1298 5238 Libenter
1325 5186 1481 5257 igitur
1504 5188 1760 5256 gloriabor
1784 5189 1838 5244 in

213 5276 631 5343 inﬁrmitatibus
672 5277 821 5342 meis,
854 5286 910 5329 ut
958 5276 1202 5331 inhabitet
1243 5278 1295 5330 in
1339 5295 1416 5332 me
1463 5280 1618 5333 virtus
1650 5279 1837 5335 Christi

1861 4679 1915 4743 D

1933 2037 2139 2090 mensa,
2196 2038 2290 2094 per
2344 2038 2501 2097 quam
2548 2023 2649 2080 sibi
2709 2024 2946 2083 mutabili
2994 2034 3050 2085 et
3094 2024 3518 2085 vicissitudinum

1931 2113 2341 2169 obumbratinnc
2386 2114 2627 2184 fuscata),
2671 2116 2889 2174 luminis
2920 2118 3030 2176 veri
3059 2135 3253 2176 munus
3297 2122 3499 2177 sentire

1932 2206 2186 2277 impendi.
2216 2206 2340 2262 llaec
2377 2216 2473 2264 cst
2497 2208 2660 2280 igitur
2687 2210 2774 2265 illa
2804 2220 3045 2269 creatura
3076 2228 3195 2281 quae
3231 2214 3519 2282 spirituali-

1932 2309 2013 2355 ter
2042 2302 2248 2365 vivens,
2278 2319 2382 2359 nou
2414 2303 2601 2358 volens
2626 2305 2856 2361 susﬁnet
2881 2306 3121 2363 mortalis
3164 2307 3519 2365 inlestationis

1930 2393 2173 2461 allectus,
2216 2406 2402 2453 contra
2444 2412 2579 2465 quos
2628 2398 2994 2457 indesinenter
3023 2416 3287 2471 pugnans,
3334 2402 3519 2462 mallet

1933 2503 2036 2541 nou
2062 2487 2262 2544 habere
2289 2504 2423 2558 quos
2452 2490 2710 2559 vinceret,
2740 2505 2898 2561 quam
2935 2506 3056 2547 cum
3104 2489 3298 2549 infesto
3326 2492 3519 2563 iugiter

1932 2580 2087 2634 hoste
2115 2579 2423 2652 conﬂigere.
2455 2579 2571 2636 Non
2597 2582 2784 2637 volens
2827 2597 2954 2655 ergo
2996 2581 3271 2652 subiaceat
3319 2584 3370 2639 in
3407 2592 3523 2641 tan-

1933 2683 2042 2727 tum
2066 2674 2217 2729 vanis
2237 2672 2536 2743 desideriis,
2556 2676 2609 2731 in
2632 2684 2888 2749 quantum
2912 2676 3030 2733 sine
3048 2676 3379 2739 dubitatione
3406 2693 3523 2747 per-

1930 2766 2101 2822 ituris.
2155 2767 2306 2823 Unde
2358 2768 2485 2824 dicit
2529 2767 2816 2841 Apostolus
2859 2768 3039 2826 :Caro
3076 2771 3389 2838 concupiscit
3432 2772 3523 2826 ad-

1928 2876 2104 2914 versus
2124 2861 2381 2934 spiritum,
2407 2872 2452 2914 et
2472 2862 2683 2933 spiritus
2704 2860 2945 2917 adversus
2970 2878 3198 2929 carnem,
3222 2869 3276 2916 ut
3298 2878 3401 2917 non
3414 2877 3525 2930 qua

1929 2955 2103 3019 vultis,
2137 2953 2228 3008 illa
2257 2955 2462 3024 faciatis
2492 2953 2626 3025 (Gal.
2668 2954 2756 3029 v);
2793 2955 2883 3010 sed
2921 2966 3131 3027 propter
3156 2971 3296 3020 eum.
3328 2944 3523 3025 inquit,

1929 3048 2016 3119 qui
2044 3048 2260 3121 subjecit
2290 3050 2343 3101 in
2370 3064 2461 3120 spe
2494 3047 2671 3117 (Rom.
2700 3047 2838 3121 vtn),
2875 3056 2933 3104 ut
2958 3062 3116 3103 nemo
3152 3048 3207 3103 in
3248 3048 3348 3105 hac
3374 3047 3525 3105 scili-

1931 3149 2014 3196 cet
2036 3142 2142 3195 vita
2172 3155 2355 3196 rursus
2384 3140 2451 3196 de
2483 3139 2639 3211 plena
2673 3138 2928 3198 felicitate
2954 3141 3026 3198 sit
3054 3154 3341 3212 arrogans;
3365 3154 3429 3197 ac
3459 3154 3525 3197 ns

1934 3249 2122 3288 rursus
2146 3234 2374 3287 forsitan
2416 3233 2796 3303 desperatione
2840 3234 3237 3299 succumberet,
3282 3235 3361 3289 sic
3406 3249 3525 3290 eam

1936 3326 2166 3396 subjecit
2197 3324 2278 3379 his
2310 3324 2568 3380 molestiis
2596 3325 2952 3397 perferendis,
2982 3333 3038 3381 ut
3068 3336 3243 3383 tamen
3274 3338 3373 3394 Spe
3398 3340 3526 3381 con-

1937 3416 2139 3471 soletur
2161 3424 2361 3471 erecta.
2396 3415 2521 3471 Haec
2542 3426 2625 3471 est
2658 3417 2819 3487 igitur
2843 3419 2959 3474 sine
2984 3418 3233 3487 ambiguo
3258 3428 3526 3485 creatura,

1938 3510 2003 3564 de
2028 3524 2130 3581 qua
2153 3507 2248 3574 ait,
2276 3508 2395 3577 quia
2425 3517 2471 3562 et
2497 3510 2613 3577 ipsa
2651 3520 2886 3563 creatura
2916 3508 3210 3565 liberabitur
3235 3527 3267 3567 α
3291 3512 3529 3567 servitute

1936 3603 2281 3673 corruptionis
2312 3604 2365 3658 in
2393 3604 2672 3659 libertatem
2704 3604 2887 3683 gloria:
2918 3606 3145 3675 ﬁliorum
3177 3604 3275 3661 Dei
3314 3603 3529 3677 (Ibit).

1934 3693 2192 3755 Patefecit
2214 3697 2279 3751 de
2301 3712 2403 3768 qua
2422 3707 2665 3754 creatura
2691 3697 2857 3754 vellet
2872 3698 3113 3769 intelligi,
3142 3683 3197 3753 in
3225 3698 3530 3765 libertatem,

1934 3794 2205 3864 inquiens,
2232 3792 2461 3862 ﬁliorum
2490 3790 2605 3858 Dei,
2629 3807 2747 3863 qua:
2770 3792 2825 3847 in
2848 3792 2951 3848 hoc
2981 3791 3180 3849 mundo
3201 3796 3268 3849 ex
3295 3806 3356 3849 ea
3381 3800 3531 3863 parte

1936 3901 2077 3940 nunc
2131 3887 2295 3943 servit
2332 3900 2433 3956 qua
2478 3884 2621 3939 vitiis
2661 3880 2945 3941 inlestitur
2981 3883 3270 3951 humanis;
3307 3894 3434 3940 tunc
3463 3883 3531 3939 ad

1935 3978 2240 4033 libertatem
2268 3962 2496 4033 ﬁliorum
2524 3976 2617 4031 Dei
2643 3977 2875 4044 perlecta
2906 3977 3197 4033 securitate
3224 3986 3528 4041 venturam,

1936 4058 2050 4122 cum
2084 4068 2414 4137 corruptibile
2444 4069 2537 4121 hoc
2564 4068 2786 4122 induerit
2826 4068 3283 4138 incorruptionem,
3310 4078 3362 4121 et
3396 4083 3534 4122 mor-

1938 4162 2038 4214 tale
2064 4160 2158 4212 hoc
2180 4159 2401 4212 induerit
2425 4158 2880 4213 immortalitatem.
2910 4157 2975 4213 Ut
2996 4159 3090 4226 ﬁat
3114 4174 3281 4213 sermo
3302 4158 3389 4226 qui
3409 4158 3536 4213 scri-

1937 4264 2057 4326 ptus
2082 4261 2154 4306 est
2180 4269 2198 4306 :
2226 4252 2478 4319 Absorpta
2509 4261 2582 4306 est
2612 4267 2748 4306 mors
2778 4253 2831 4306 in
2861 4251 3096 4307 victoria.
3123 4249 3225 4307 Ubi
3253 4260 3349 4319 est,
3370 4266 3534 4319 mors,

1937 4346 2145 4401 victoria
2182 4346 2307 4399 tua?
2354 4344 2443 4399 ubi
2479 4354 2575 4413 est,
2629 4361 2790 4411 mors,
2828 4344 3069 4401 stimulus
3096 4346 3256 4405 tuus?
3297 4345 3535 4401 stimulus

1937 4450 2107 4495 autem
2134 4438 2315 4495 mortis
2332 4448 2599 4512 peccatum
2626 4441 2719 4508 est,
2750 4438 2908 4495 virtus
2929 4453 3046 4495 vero
3068 4439 3265 4508 peccati
3290 4437 3397 4495 lex.
3424 4422 3535 4494 Deo

1939 4544 2109 4587 autem
2133 4534 2348 4604 gratias,
2380 4533 2470 4602 qui
2497 4531 2640 4587 dedit
2664 4531 2807 4587 nobis
2828 4531 3094 4587 victoriam
3124 4548 3214 4602 per
3244 4530 3533 4591 Dominum

1943 4639 2172 4682 nostrum
2198 4625 2374 4682 Jesum
2396 4626 2655 4683 Christum
2680 4628 2697 4696 (
2711 4626 2733 4681 Ι
2756 4626 2876 4682 Cor.
2903 4630 3019 4698 xv).
3045 4628 3387 4697 Quapropter
3409 4626 3537 4681 bea-

1942 4730 2027 4776 tus
2059 4720 2347 4791 Apostolus
2375 4720 2712 4776 manifestius
2743 4722 3008 4781 volensret
3048 4718 3116 4775 de
3144 4735 3246 4787 qua
3289 4727 3535 4777 creatura

1943 4822 2143 4885 ageret,
2172 4820 2225 4868 et
2251 4812 2317 4867 de
2343 4826 2443 4883 qua
2472 4812 2587 4882 ejus
2622 4812 2901 4875 servitute,
2929 4826 3100 4883 quave
3132 4809 3381 4869 libertate
3422 4809 3537 4865 dis-

1944 4916 2172 4972 sereret,
2196 4914 2381 4975 utpote
2412 4919 2506 4975 per
2526 4920 2685 4979 quem
2715 4903 2962 4960 Christus
2990 4903 3327 4973 loquebatur,
3353 4913 3537 4959 osten-

1946 5000 2098 5064 dere,
2131 4997 2309 5053 adhuc
2361 4996 2615 5067 inculcat,
2658 5006 2711 5053 et
2754 4996 2925 5053 dicit:
2984 4995 3190 5063 Scimus
3219 4996 3354 5051 enim
3398 4996 3538 5066 quod

1947 5092 2111 5149 amnis
2138 5099 2368 5145 creatura
2398 5090 2679 5167 ingemiscit
2716 5099 2762 5145 et
2798 5090 3014 5161 parturit
3040 5091 3217 5161 (llam.
3262 5088 3394 5157 rm);
3430 5105 3537 5145 non

1948 5185 2049 5241 nisi
2074 5181 2405 5238 rationabilis
2433 5192 2681 5238 creatura
2713 5189 2813 5247 est,
2846 5188 2899 5237 et
2920 5180 3007 5237 illa
3038 5180 3389 5246 rationabilis,
3421 5195 3539 5247 qua:

1946 5275 2075 5350 quid
2116 5274 2451 5347 ingemiscat,
2498 5272 3017 5344 quidveparturiat,
3062 5273 3172 5343 jam
3216 5279 3400 5331 renata
3451 5283 3540 5323 eo-

214 5368 319 5445 (ΙΙ
356 5367 486 5423 Cor.
515 5367 647 5437 xtl);
678 5377 732 5423 et
750 5369 944 5445 iterum
974 5370 1088 5437 ipse
1115 5384 1129 5423 :
1166 5367 1392 5422 Vanitati
1431 5371 1565 5423 enim
1603 5382 1837 5427 creatura

186 5454 477 5535 subjecta
504 5470 578 5515 est
601 5461 777 5530 (Rom.
805 5462 953 5531 vnt);
983 5460 1161 5517 adhuc
1190 5461 1374 5533 utique
1400 5464 1644 5533 vanitati,
1668 5481 1837 5538 quan-

214 5565 347 5611 tum
378 5553 564 5609 adhuc
597 5553 887 5609 mundanis
916 5554 1165 5609 sensibus
1196 5555 1523 5625 implicatur,
1566 5558 1834 5630 corrunpti-

1890 5364 1895 5367 ’
1944 5368 2174 5441 gnoscit,
2199 5376 2253 5422 et
2282 5365 2646 5422 inﬁrmitatem
2675 5380 2829 5422 suam
2871 5366 3095 5433 deﬂens,
3132 5362 3537 5434 promissionem

1946 5470 2219 5536 perpetuas
2251 5460 2662 5537 tranquillitatis
2693 5469 2992 5533 exspectat,
3024 5474 3129 5527 quo
3170 5454 3361 5510 doctor
3388 5471 3539 5525 egre-

1942 5555 2065 5628 gius
2091 5569 2366 5627 quousque
2393 5552 2674 5626 perducat,
2720 5551 3029 5622 diligentius
3069 5543 3383 5603 intuentium
3412 5558 3496 5605 est
3525 5566 3535 5602 :

1942 5646 2064 5703 Non
2098 5646 2284 5712 solum,
2328 5646 2596 5718 inquiens,
2628 5644 2744 5710 illa,
2795 5643 2899 5700 hoc
2933 5647 3019 5697 est
3062 5646 3307 5697 creatura
3350 5639 3539 5711 populi

1938 5739 2248 5809 Christiani,
2278 5740 2367 5794 sed
2393 5756 2483 5793 nos
2507 5739 2605 5811 ipsi
2627 5733 2883 5805 primitias
2905 5731 3116 5803 spiritus
3140 5733 3398 5791 habentes.
3434 5736 3537 5804 Ipsi

1943 5834 2129 5908 utique
2164 5832 2416 5906 apostoli,
2458 5830 2561 5904 ipsi
2591 5824 2850 5885 Ecclesia
2879 5826 3147 5904 principes
3179 5840 3234 5893 et
3265 5838 3535 5901 parentes,

1939 5946 2033 5998 aut
2061 5925 2479 5998 primordialiter
2508 5920 2681 5982 sancti
2711 5919 2945 5992 Spiritus
2982 5922 3123 5985 dona
3166 5926 3535 5990 sumpserunt.

213 5648 452 5718 bilique
497 5646 806 5701 conditione
840 5645 1191 5716 deprimitur;
1235 5647 1330 5701 illa
1363 5647 1546 5718 utique
1586 5660 1833 5708 creatura

188 5728 287 5799 ide
322 5754 447 5813 qua
475 5738 617 5795 idem
644 5738 777 5794 dicit
798 5739 926 5794 alibi
953 5758 965 5792 :
1003 5739 1185 5812 Siqua
1221 5741 1381 5811 igitur
1414 5756 1542 5795 nora
1576 5754 1828 5811 creatura,

174 5828 410 5933 ‘ertera
439 5832 779 5892 transierunt:
801 5848 914 5887 ecce
933 5832 1071 5903 facta
1096 5842 1213 5888 sunt
1241 5834 1411 5888 omnia
1442 5849 1569 5888 nova
1601 5833 1688 5908 (II
1710 5833 1829 5892 Cor.

205 5928 310 6002 v);
355 5932 427 5985 et
455 5924 523 5984 de
566 5939 671 5997 qua
713 5925 855 5984 idem
898 5924 1025 5985 alibi
1067 5925 1229 5985 dicit:
1267 5924 1439 5995 Ipsius
1471 5929 1603 5985 enim
1651 5946 1827 5989 sumus
