  <div class='ocr_page' id='page_1' title='image "/cluster/home/n/w/nwhite01/storage/ocr_20150623/59/hvd.32044015471626/069.png"; bbox 0 0 4104 6356; ppageno 0'>
   <div class='ocr_carea' id='block_1_1' title="bbox 582 392 767 475">
    <p class='ocr_par' dir='ltr' id='par_1_1' title="bbox 582 392 767 475">
     <span class='ocr_line' id='line_1_1' title="bbox 582 392 767 475; baseline -0.022 -25"><span class='ocrx_word' id='word_1_1' title='bbox 582 456 595 475; x_wconf 39' lang='lat'><strong>,</strong></span> <span class='ocrx_word' id='word_1_2' title='bbox 666 392 767 453; x_wconf 74' lang='grc' dir='ltr'><strong>ηπ</strong></span> 
     </span>
    </p>
   </div>
   <div class='ocr_carea' id='block_1_2' title="bbox 2003 392 2575 453">
    <p class='ocr_par' dir='ltr' id='par_1_2' title="bbox 2003 392 2575 453">
     <span class='ocr_line' id='line_1_2' title="bbox 2003 392 2575 453; baseline 0.014 -8"><span class='ocrx_word' id='word_1_3' title='bbox 2003 392 2272 449; x_wconf 69' lang='lat' dir='ltr'><strong>GELASII</strong></span> <span class='ocrx_word' id='word_1_4' title='bbox 2310 392 2513 451; x_wconf 70' lang='grc' dir='ltr'><strong>ΡΑΡτΕ</strong></span> <span class='ocrx_word' id='word_1_5' title='bbox 2554 399 2575 453; x_wconf 89' lang='grc' dir='ltr'><strong><em>ι</em></strong></span> 
     </span>
    </p>
   </div>
   <div class='ocr_carea' id='block_1_3' title="bbox 3828 427 3937 483">
    <p class='ocr_par' dir='ltr' id='par_1_3' title="bbox 3828 427 3937 483">
     <span class='ocr_line' id='line_1_3' title="bbox 3828 427 3937 483; baseline 0.028 -3"><span class='ocrx_word' id='word_1_6' title='bbox 3828 427 3937 483; x_wconf 72' lang='grc'><strong>128</strong></span> 
     </span>
    </p>
   </div>
   <div class='ocr_carea' id='block_1_4' title="bbox 667 500 3939 607">
    <p class='ocr_par' dir='ltr' id='par_1_4' title="bbox 667 500 3939 607">
     <span class='ocr_line' id='line_1_4' title="bbox 667 500 3939 607; baseline 0.012 -48"><span class='ocrx_word' id='word_1_7' title='bbox 667 520 784 576; x_wconf 65' lang='lat' dir='ltr'><strong>qua:</strong></span> <span class='ocrx_word' id='word_1_8' title='bbox 826 502 1196 560; x_wconf 72' lang='lat' dir='ltr'><strong>ecclesiasticis</strong></span> <span class='ocrx_word' id='word_1_9' title='bbox 1247 500 1613 558; x_wconf 90' lang='lat' dir='ltr'><strong>ministrarent</strong></span> <span class='ocrx_word' id='word_1_10' title='bbox 1651 503 2002 572; x_wconf 87' lang='lat' dir='ltr'><strong>spiritualiter</strong></span> <span class='ocrx_word' id='word_1_11' title='bbox 2063 506 2234 561; x_wconf 84' lang='lat' dir='ltr'><strong>incre-</strong></span> <span class='ocrx_word' id='word_1_12' title='bbox 2264 509 2318 569; x_wconf 68' lang='grc' dir='ltr'>Α</span> <span class='ocrx_word' id='word_1_13' title='bbox 2345 508 2503 566; x_wconf 83' lang='lat' dir='ltr'><strong>Certe</strong></span> <span class='ocrx_word' id='word_1_14' title='bbox 2533 514 2674 569; x_wconf 91' lang='lat' dir='ltr'><strong>enim</strong></span> <span class='ocrx_word' id='word_1_15' title='bbox 2705 516 2817 584; x_wconf 88' lang='lat' dir='ltr'><strong>ipse</strong></span> <span class='ocrx_word' id='word_1_16' title='bbox 2843 522 2933 589; x_wconf 86' lang='lat' dir='ltr'><strong>qui</strong></span> <span class='ocrx_word' id='word_1_17' title='bbox 2964 519 3077 577; x_wconf 59' lang='lat' dir='ltr'><strong>haec</strong></span> <span class='ocrx_word' id='word_1_18' title='bbox 3096 521 3327 594; x_wconf 87' lang='lat' dir='ltr'><strong>dicebat,</strong></span> <span class='ocrx_word' id='word_1_19' title='bbox 3357 542 3421 584; x_wconf 81' lang='lat' dir='ltr'><strong>ex</strong></span> <span class='ocrx_word' id='word_1_20' title='bbox 3454 528 3565 586; x_wconf 90' lang='lat' dir='ltr'><strong>Deo</strong></span> <span class='ocrx_word' id='word_1_21' title='bbox 3604 533 3791 607; x_wconf 88' lang='lat' dir='ltr'><strong>utique</strong></span> <span class='ocrx_word' id='word_1_22' title='bbox 3830 557 3939 596; x_wconf 82' lang='lat' dir='ltr'><strong>na-</strong></span> 
     </span>
    </p>
   </div>
   <div class='ocr_carea' id='block_1_5' title="bbox 667 594 2234 671">
    <p class='ocr_par' dir='ltr' id='par_1_5' title="bbox 667 594 2234 671">
     <span class='ocr_line' id='line_1_5' title="bbox 667 594 2234 671; baseline 0.003 -20"><span class='ocrx_word' id='word_1_23' title='bbox 667 598 888 662; x_wconf 88' lang='lat' dir='ltr'><strong>mentis;</strong></span> <span class='ocrx_word' id='word_1_24' title='bbox 920 597 1009 652; x_wconf 90' lang='lat' dir='ltr'><strong>ubi</strong></span> <span class='ocrx_word' id='word_1_25' title='bbox 1042 596 1156 650; x_wconf 88' lang='lat' dir='ltr'><strong>sine</strong></span> <span class='ocrx_word' id='word_1_26' title='bbox 1182 594 1548 650; x_wconf 82' lang='lat' dir='ltr'><strong>controversia</strong></span> <span class='ocrx_word' id='word_1_27' title='bbox 1586 598 1905 666; x_wconf 85' lang='lat' dir='ltr'><strong>semetipsos</strong></span> <span class='ocrx_word' id='word_1_28' title='bbox 1943 614 2150 671; x_wconf 83' lang='lat' dir='ltr'><strong>quoque</strong></span> <span class='ocrx_word' id='word_1_29' title='bbox 2178 603 2234 657; x_wconf 92' lang='lat' dir='ltr'><strong>in</strong></span> 
     </span>
    </p>
   </div>
   <div class='ocr_carea' id='block_1_6' title="bbox 666 686 2239 759">
    <p class='ocr_par' dir='ltr' id='par_1_6' title="bbox 666 686 2239 759">
     <span class='ocr_line' id='line_1_6' title="bbox 666 686 2239 759; baseline 0.004 -16"><span class='ocrx_word' id='word_1_30' title='bbox 666 703 768 744; x_wconf 89' lang='lat' dir='ltr'><strong>una</strong></span> <span class='ocrx_word' id='word_1_31' title='bbox 793 688 1082 756; x_wconf 86' lang='lat' dir='ltr'><strong>eademque</strong></span> <span class='ocrx_word' id='word_1_32' title='bbox 1103 686 1346 755; x_wconf 84' lang='lat' dir='ltr'><strong>quamvis</strong></span> <span class='ocrx_word' id='word_1_33' title='bbox 1366 686 1571 757; x_wconf 86' lang='lat' dir='ltr'><strong>majore</strong></span> <span class='ocrx_word' id='word_1_34' title='bbox 1594 690 1761 757; x_wconf 86' lang='lat' dir='ltr'><strong>gratia</strong></span> <span class='ocrx_word' id='word_1_35' title='bbox 1786 690 2063 759; x_wconf 80' lang='lat' dir='ltr'><strong>praeditos,</strong></span> <span class='ocrx_word' id='word_1_36' title='bbox 2092 694 2239 751; x_wconf 89' lang='lat' dir='ltr'><strong>unde</strong></span> 
     </span>
    </p>
   </div>
   <div class='ocr_carea' id='block_1_7' title="bbox 664 778 2241 853">
    <p class='ocr_par' dir='ltr' id='par_1_7' title="bbox 664 778 2241 853">
     <span class='ocr_line' id='line_1_7' title="bbox 664 778 2241 853; baseline 0.003 -17"><span class='ocrx_word' id='word_1_37' title='bbox 664 790 718 836; x_wconf 93' lang='lat' dir='ltr'><strong>et</strong></span> <span class='ocrx_word' id='word_1_38' title='bbox 763 781 835 833; x_wconf 88' lang='lat' dir='ltr'><strong>ait</strong></span> <span class='ocrx_word' id='word_1_39' title='bbox 891 778 1141 847; x_wconf 75' lang='lat' dir='ltr'><strong>primitias</strong></span> <span class='ocrx_word' id='word_1_40' title='bbox 1192 779 1402 849; x_wconf 76' lang='lat' dir='ltr'><strong>spiritus</strong></span> <span class='ocrx_word' id='word_1_41' title='bbox 1474 780 1737 847; x_wconf 76' lang='lat' dir='ltr'><strong>habentes,</strong></span> <span class='ocrx_word' id='word_1_42' title='bbox 1786 785 1935 852; x_wconf 90' lang='lat' dir='ltr'><strong>quasi</strong></span> <span class='ocrx_word' id='word_1_43' title='bbox 1985 786 2241 853; x_wconf 83' lang='lat' dir='ltr'><strong>primates</strong></span> 
     </span>
    </p>
   </div>
   <div class='ocr_carea' id='block_1_8' title="bbox 661 869 2244 947">
    <p class='ocr_par' dir='ltr' id='par_1_8' title="bbox 661 869 2244 947">
     <span class='ocr_line' id='line_1_8' title="bbox 661 869 2244 947; baseline 0.004 -22"><span class='ocrx_word' id='word_1_44' title='bbox 661 871 842 941; x_wconf 54' lang='lat' dir='ltr'><strong>gratiae.</strong></span> <span class='ocrx_word' id='word_1_45' title='bbox 873 869 986 936; x_wconf 88' lang='lat' dir='ltr'><strong>Dei,</strong></span> <span class='ocrx_word' id='word_1_46' title='bbox 1017 870 1070 925; x_wconf 92' lang='lat' dir='ltr'><strong>in</strong></span> <span class='ocrx_word' id='word_1_47' title='bbox 1095 884 1197 924; x_wconf 91' lang='lat' dir='ltr'><strong>una</strong></span> <span class='ocrx_word' id='word_1_48' title='bbox 1222 879 1397 926; x_wconf 89' lang='lat' dir='ltr'><strong>tamen</strong></span> <span class='ocrx_word' id='word_1_49' title='bbox 1430 871 1725 942; x_wconf 89' lang='lat' dir='ltr'><strong>eademque</strong></span> <span class='ocrx_word' id='word_1_50' title='bbox 1755 888 1937 929; x_wconf 88' lang='lat' dir='ltr'><strong>secum</strong></span> <span class='ocrx_word' id='word_1_51' title='bbox 1971 885 2244 947; x_wconf 86' lang='lat' dir='ltr'><strong>totamque</strong></span> 
     </span>
    </p>
   </div>
   <div class='ocr_carea' id='block_1_9' title="bbox 661 960 2240 1031">
    <p class='ocr_par' dir='ltr' id='par_1_9' title="bbox 661 960 2240 1031">
     <span class='ocr_line' id='line_1_9' title="bbox 661 960 2240 1031; baseline 0.004 -16"><span class='ocrx_word' id='word_1_52' title='bbox 661 961 953 1017; x_wconf 82' lang='lat' dir='ltr'><strong>Ecclesiam</strong></span> <span class='ocrx_word' id='word_1_53' title='bbox 987 960 1221 1031; x_wconf 76' lang='lat' dir='ltr'><strong>generali</strong></span> <span class='ocrx_word' id='word_1_54' title='bbox 1257 961 1563 1017; x_wconf 90' lang='lat' dir='ltr'><strong>conditione</strong></span> <span class='ocrx_word' id='word_1_55' title='bbox 1591 966 1905 1019; x_wconf 86' lang='lat' dir='ltr'><strong>constituit:</strong></span> <span class='ocrx_word' id='word_1_56' title='bbox 1946 969 2035 1020; x_wconf 89' lang='lat' dir='ltr'><strong>sed</strong></span> <span class='ocrx_word' id='word_1_57' title='bbox 2080 970 2240 1022; x_wconf 87' lang='lat' dir='ltr'><strong>etiam</strong></span> 
     </span>
    </p>
   </div>
   <div class='ocr_carea' id='block_1_10' title="bbox 660 1054 2240 1125">
    <p class='ocr_par' dir='ltr' id='par_1_10' title="bbox 660 1054 2240 1125">
     <span class='ocr_line' id='line_1_10' title="bbox 660 1054 2240 1125; baseline 0.006 -18"><span class='ocrx_word' id='word_1_58' title='bbox 660 1055 971 1125; x_wconf 71' lang='lat' dir='ltr'><strong>nosmetipsi,</strong></span> <span class='ocrx_word' id='word_1_59' title='bbox 1006 1054 1209 1121; x_wconf 88' lang='lat' dir='ltr'><strong>dicens,</strong></span> <span class='ocrx_word' id='word_1_60' title='bbox 1254 1056 1505 1124; x_wconf 82' lang='lat' dir='ltr'><strong>primitias</strong></span> <span class='ocrx_word' id='word_1_61' title='bbox 1551 1058 1756 1125; x_wconf 81' lang='lat' dir='ltr'><strong>spiritus</strong></span> <span class='ocrx_word' id='word_1_62' title='bbox 1796 1058 2059 1125; x_wconf 83' lang='lat' dir='ltr'><strong>habentes,</strong></span> <span class='ocrx_word' id='word_1_63' title='bbox 2104 1064 2240 1116; x_wconf 88' lang='lat' dir='ltr'><strong>intra</strong></span> 
     </span>
    </p>
   </div>
   <div class='ocr_carea' id='block_1_11' title="bbox 662 1147 2243 1220">
    <p class='ocr_par' dir='ltr' id='par_1_11' title="bbox 662 1147 2243 1220">
     <span class='ocr_line' id='line_1_11' title="bbox 662 1147 2243 1220; baseline 0.006 -21"><span class='ocrx_word' id='word_1_64' title='bbox 662 1163 753 1200; x_wconf 86' lang='lat' dir='ltr'><strong>nos</strong></span> <span class='ocrx_word' id='word_1_65' title='bbox 779 1147 1024 1216; x_wconf 85' lang='lat' dir='ltr'><strong>gemimus</strong></span> <span class='ocrx_word' id='word_1_66' title='bbox 1057 1163 1071 1200; x_wconf 88' lang='lat'>:</span> <span class='ocrx_word' id='word_1_67' title='bbox 1107 1148 1316 1216; x_wconf 86' lang='lat' dir='ltr'><strong>aperuit</strong></span> <span class='ocrx_word' id='word_1_68' title='bbox 1335 1162 1558 1217; x_wconf 90' lang='lat' dir='ltr'><strong>quorum</strong></span> <span class='ocrx_word' id='word_1_69' title='bbox 1583 1148 1673 1203; x_wconf 90' lang='lat' dir='ltr'><strong>ille</strong></span> <span class='ocrx_word' id='word_1_70' title='bbox 1699 1153 1946 1220; x_wconf 82' lang='lat' dir='ltr'><strong>gemitus,</strong></span> <span class='ocrx_word' id='word_1_71' title='bbox 1980 1169 2136 1220; x_wconf 85' lang='lat' dir='ltr'><strong>quem</strong></span> <span class='ocrx_word' id='word_1_72' title='bbox 2154 1170 2243 1209; x_wconf 88' lang='lat' dir='ltr'><strong>su-</strong></span> 
     </span>
    </p>
   </div>
   <div class='ocr_carea' id='block_1_12' title="bbox 662 1237 2243 1310">
    <p class='ocr_par' dir='ltr' id='par_1_12' title="bbox 662 1237 2243 1310">
     <span class='ocr_line' id='line_1_12' title="bbox 662 1237 2243 1310; baseline 0.006 -19"><span class='ocrx_word' id='word_1_73' title='bbox 662 1252 757 1307; x_wconf 89' lang='lat' dir='ltr'><strong>pra</strong></span> <span class='ocrx_word' id='word_1_74' title='bbox 778 1237 1007 1305; x_wconf 78' lang='lat' dir='ltr'><strong>diserat,</strong></span> <span class='ocrx_word' id='word_1_75' title='bbox 1033 1252 1153 1293; x_wconf 84' lang='lat' dir='ltr'><strong>esse</strong></span> <span class='ocrx_word' id='word_1_76' title='bbox 1175 1246 1441 1305; x_wconf 88' lang='lat' dir='ltr'><strong>noscatur,</strong></span> <span class='ocrx_word' id='word_1_77' title='bbox 1474 1250 1526 1295; x_wconf 90' lang='lat' dir='ltr'><strong>et</strong></span> <span class='ocrx_word' id='word_1_78' title='bbox 1554 1241 1680 1310; x_wconf 90' lang='lat' dir='ltr'><strong>quid</strong></span> <span class='ocrx_word' id='word_1_79' title='bbox 1701 1252 1941 1310; x_wconf 85' lang='lat' dir='ltr'><strong>gemeret</strong></span> <span class='ocrx_word' id='word_1_80' title='bbox 1965 1243 2243 1301; x_wconf 85' lang='lat' dir='ltr'><strong>evidenter</strong></span> 
     </span>
    </p>
   </div>
   <div class='ocr_carea' id='block_1_13' title="bbox 662 1332 2240 1406">
    <p class='ocr_par' dir='ltr' id='par_1_13' title="bbox 662 1332 2240 1406">
     <span class='ocr_line' id='line_1_13' title="bbox 662 1332 2240 1406; baseline 0.004 -20"><span class='ocrx_word' id='word_1_81' title='bbox 662 1332 926 1401; x_wconf 81' lang='lat' dir='ltr'><strong>exposuit,</strong></span> <span class='ocrx_word' id='word_1_82' title='bbox 956 1333 1379 1401; x_wconf 75' lang='lat' dir='ltr'><strong>adoptiontmque</strong></span> <span class='ocrx_word' id='word_1_83' title='bbox 1394 1345 1741 1403; x_wconf 77' lang='lat' dir='ltr'><strong>exspectantes</strong></span> <span class='ocrx_word' id='word_1_84' title='bbox 1769 1352 1787 1389; x_wconf 89' lang='lat'><strong><em>:</em></strong></span> <span class='ocrx_word' id='word_1_85' title='bbox 1816 1346 1962 1392; x_wconf 89' lang='lat' dir='ltr'><strong>certe</strong></span> <span class='ocrx_word' id='word_1_86' title='bbox 1997 1337 2107 1406; x_wconf 89' lang='lat' dir='ltr'><strong>jam</strong></span> <span class='ocrx_word' id='word_1_87' title='bbox 2150 1354 2240 1393; x_wconf 84' lang='lat' dir='ltr'><strong>sa-</strong></span> 
     </span>
    </p>
   </div>
   <div class='ocr_carea' id='block_1_14' title="bbox 660 1425 2238 1500">
    <p class='ocr_par' dir='ltr' id='par_1_14' title="bbox 660 1425 2238 1500">
     <span class='ocr_line' id='line_1_14' title="bbox 660 1425 2238 1500; baseline 0.006 -23"><span class='ocrx_word' id='word_1_88' title='bbox 660 1431 931 1477; x_wconf 87' lang='lat' dir='ltr'><strong>cramento</strong></span> <span class='ocrx_word' id='word_1_89' title='bbox 983 1425 1401 1494; x_wconf 86' lang='lat' dir='ltr'><strong>regenerationis</strong></span> <span class='ocrx_word' id='word_1_90' title='bbox 1439 1427 1627 1496; x_wconf 86' lang='lat' dir='ltr'><strong>pignus</strong></span> <span class='ocrx_word' id='word_1_91' title='bbox 1665 1429 1969 1497; x_wconf 86' lang='lat' dir='ltr'><strong>adoptionis</strong></span> <span class='ocrx_word' id='word_1_92' title='bbox 2011 1433 2238 1500; x_wconf 90' lang='lat' dir='ltr'><strong>accepit.</strong></span> 
     </span>
    </p>
   </div>
   <div class='ocr_carea' id='block_1_15' title="bbox 658 1510 2239 1589">
    <p class='ocr_par' dir='ltr' id='par_1_15' title="bbox 658 1510 2239 1589">
     <span class='ocr_line' id='line_1_15' title="bbox 658 1510 2239 1589; baseline 0.009 -26"><span class='ocrx_word' id='word_1_93' title='bbox 658 1510 789 1577; x_wconf 68' lang='lat' dir='ltr'><strong>Quae</strong></span> <span class='ocrx_word' id='word_1_94' title='bbox 815 1521 897 1566; x_wconf 90' lang='lat' dir='ltr'><strong>est</strong></span> <span class='ocrx_word' id='word_1_95' title='bbox 921 1526 1049 1582; x_wconf 90' lang='lat' dir='ltr'><strong>ergo</strong></span> <span class='ocrx_word' id='word_1_96' title='bbox 1075 1514 1173 1567; x_wconf 88' lang='lat' dir='ltr'><strong>ista</strong></span> <span class='ocrx_word' id='word_1_97' title='bbox 1204 1514 1439 1584; x_wconf 89' lang='lat' dir='ltr'><strong>adoptio,</strong></span> <span class='ocrx_word' id='word_1_98' title='bbox 1466 1532 1581 1585; x_wconf 65' lang='lat' dir='ltr'><strong>qua:</strong></span> <span class='ocrx_word' id='word_1_99' title='bbox 1609 1528 1727 1586; x_wconf 89' lang='lat' dir='ltr'><strong>post</strong></span> <span class='ocrx_word' id='word_1_100' title='bbox 1758 1520 2102 1589; x_wconf 90' lang='lat' dir='ltr'><strong>ad0ptionum</strong></span> <span class='ocrx_word' id='word_1_101' title='bbox 2135 1522 2239 1577; x_wconf 88' lang='lat' dir='ltr'><strong>ini-</strong></span> 
     </span>
    </p>
   </div>
   <div class='ocr_carea' id='block_1_16' title="bbox 661 1604 2242 1686">
    <p class='ocr_par' dir='ltr' id='par_1_16' title="bbox 661 1604 2242 1686">
     <span class='ocr_line' id='line_1_16' title="bbox 661 1604 2242 1686; baseline 0.01 -29"><span class='ocrx_word' id='word_1_102' title='bbox 661 1604 731 1657; x_wconf 91' lang='lat' dir='ltr'><strong>tia</strong></span> <span class='ocrx_word' id='word_1_103' title='bbox 752 1605 1064 1671; x_wconf 87' lang='lat' dir='ltr'><strong>sustinetur,</strong></span> <span class='ocrx_word' id='word_1_104' title='bbox 1100 1622 1285 1676; x_wconf 83' lang='lat' dir='ltr'><strong>qua:ve</strong></span> <span class='ocrx_word' id='word_1_105' title='bbox 1314 1609 1613 1679; x_wconf 65' lang='lat' dir='ltr'><strong>redemptio</strong></span> <span class='ocrx_word' id='word_1_106' title='bbox 1644 1614 1881 1681; x_wconf 89' lang='lat' dir='ltr'><strong>corporis</strong></span> <span class='ocrx_word' id='word_1_107' title='bbox 1906 1615 2096 1682; x_wconf 85' lang='lat' dir='ltr'><strong>nostri,</strong></span> <span class='ocrx_word' id='word_1_108' title='bbox 2121 1631 2242 1686; x_wconf 69' lang='lat' dir='ltr'><strong>quas</strong></span> 
     </span>
    </p>
   </div>
   <div class='ocr_carea' id='block_1_17' title="bbox 630 1694 2241 1778">
    <p class='ocr_par' dir='ltr' id='par_1_17' title="bbox 630 1694 2241 1778">
     <span class='ocr_line' id='line_1_17' title="bbox 630 1694 2241 1778; baseline 0.013 -34"><span class='ocrx_word' id='word_1_109' title='bbox 630 1694 881 1749; x_wconf 75' lang='lat' dir='ltr'><strong>&#39;ventura</strong></span> <span class='ocrx_word' id='word_1_110' title='bbox 908 1696 1258 1771; x_wconf 83' lang='lat' dir='ltr'><strong>prOponitur?</strong></span> <span class='ocrx_word' id='word_1_111' title='bbox 1291 1700 1431 1768; x_wconf 86' lang='lat' dir='ltr'><strong>Ergo</strong></span> <span class='ocrx_word' id='word_1_112' title='bbox 1456 1717 1563 1755; x_wconf 93' lang='lat' dir='ltr'><strong>non</strong></span> <span class='ocrx_word' id='word_1_113' title='bbox 1591 1705 1865 1773; x_wconf 81' lang='lat' dir='ltr'><strong>accepisti,</strong></span> <span class='ocrx_word' id='word_1_114' title='bbox 1895 1722 2011 1773; x_wconf 76' lang='lat' dir='ltr'><strong>qua:</strong></span> <span class='ocrx_word' id='word_1_115' title='bbox 2049 1722 2241 1778; x_wconf 83' lang='lat' dir='ltr'><strong>exspe-</strong></span> 
     </span>
    </p>
   </div>
   <div class='ocr_carea' id='block_1_18' title="bbox 660 1790 2237 1869">
    <p class='ocr_par' dir='ltr' id='par_1_18' title="bbox 660 1790 2237 1869">
     <span class='ocr_line' id='line_1_18' title="bbox 660 1790 2237 1869; baseline 0.008 -24"><span class='ocrx_word' id='word_1_116' title='bbox 660 1798 803 1845; x_wconf 88' lang='lat' dir='ltr'><strong>ctare</strong></span> <span class='ocrx_word' id='word_1_117' title='bbox 832 1799 881 1844; x_wconf 92' lang='lat' dir='ltr'><strong>te</strong></span> <span class='ocrx_word' id='word_1_118' title='bbox 910 1790 1076 1847; x_wconf 89' lang='lat' dir='ltr'><strong>dicis?</strong></span> <span class='ocrx_word' id='word_1_119' title='bbox 1111 1794 1326 1863; x_wconf 85' lang='lat' dir='ltr'><strong>Accepi,</strong></span> <span class='ocrx_word' id='word_1_120' title='bbox 1360 1795 1546 1865; x_wconf 91' lang='lat' dir='ltr'><strong>inquit,</strong></span> <span class='ocrx_word' id='word_1_121' title='bbox 1581 1797 1674 1851; x_wconf 91' lang='lat' dir='ltr'><strong>sed</strong></span> <span class='ocrx_word' id='word_1_122' title='bbox 1707 1800 1974 1869; x_wconf 89' lang='lat' dir='ltr'><strong>mysteriis</strong></span> <span class='ocrx_word' id='word_1_123' title='bbox 1998 1816 2114 1856; x_wconf 88' lang='lat' dir='ltr'><strong>sum</strong></span> <span class='ocrx_word' id='word_1_124' title='bbox 2146 1819 2237 1857; x_wconf 88' lang='lat' dir='ltr'><strong>re-</strong></span> 
     </span>
    </p>
   </div>
   <div class='ocr_carea' id='block_1_19' title="bbox 660 1883 2927 1972">
    <p class='ocr_par' dir='ltr' id='par_1_19' title="bbox 660 1883 2927 1972">
     <span class='ocr_line' id='line_1_19' title="bbox 660 1883 2927 1972; baseline 0.015 -37"><span class='ocrx_word' id='word_1_125' title='bbox 660 1892 881 1961; x_wconf 65' lang='lat' dir='ltr'><strong>nogatus</strong></span> <span class='ocrx_word' id='word_1_126' title='bbox 910 1883 1254 1955; x_wconf 89' lang='lat' dir='ltr'><strong>initiatusque</strong></span> <span class='ocrx_word' id='word_1_127' title='bbox 1292 1887 1601 1944; x_wconf 68' lang='lat' dir='ltr'><strong>caelestibus</strong></span> <span class='ocrx_word' id='word_1_128' title='bbox 1639 1902 1910 1960; x_wconf 81' lang='lat' dir='ltr'><strong>superstes</strong></span> <span class='ocrx_word' id='word_1_129' title='bbox 1961 1903 2014 1949; x_wconf 91' lang='lat' dir='ltr'><strong>et</strong></span> <span class='ocrx_word' id='word_1_130' title='bbox 2053 1896 2106 1951; x_wconf 92' lang='lat' dir='ltr'><strong>in</strong></span> <span class='ocrx_word' id='word_1_131' title='bbox 2139 1894 2236 1953; x_wconf 83' lang='lat' dir='ltr'><strong>hac</strong></span> <span class='ocrx_word' id='word_1_132' title='bbox 2270 1892 2313 1954; x_wconf 84' lang='grc' dir='ltr'><strong>Β</strong></span> <span class='ocrx_word' id='word_1_133' title='bbox 2341 1901 2455 1972; x_wconf 90' lang='lat' dir='ltr'><strong>ipse</strong></span> <span class='ocrx_word' id='word_1_134' title='bbox 2480 1907 2638 1962; x_wconf 89' lang='lat' dir='ltr'><strong>etiam</strong></span> <span class='ocrx_word' id='word_1_135' title='bbox 2669 1898 2927 1968; x_wconf 78' lang='lat' dir='ltr'><strong>secutusa</strong></span> 
     </span>
    </p>
   </div>
   <div class='ocr_carea' id='block_1_20' title="bbox 657 1974 2234 2052">
    <p class='ocr_par' dir='ltr' id='par_1_20' title="bbox 657 1974 2234 2052">
     <span class='ocr_line' id='line_1_20' title="bbox 657 1974 2234 2052; baseline 0.011 -24"><span class='ocrx_word' id='word_1_136' title='bbox 657 1974 831 2029; x_wconf 91' lang='lat' dir='ltr'><strong>adhuc</strong></span> <span class='ocrx_word' id='word_1_137' title='bbox 861 1978 1185 2033; x_wconf 87' lang='lat' dir='ltr'><strong>mortalitate</strong></span> <span class='ocrx_word' id='word_1_138' title='bbox 1212 1981 1535 2046; x_wconf 80' lang='lat' dir='ltr'><strong>consistens,</strong></span> <span class='ocrx_word' id='word_1_139' title='bbox 1590 1998 1709 2052; x_wconf 77' lang='lat' dir='ltr'><strong>quze</strong></span> <span class='ocrx_word' id='word_1_140' title='bbox 1747 1999 1840 2038; x_wconf 83' lang='lat' dir='ltr'><strong>sua</strong></span> <span class='ocrx_word' id='word_1_141' title='bbox 1889 1997 2015 2041; x_wconf 89' lang='lat' dir='ltr'><strong>sunt</strong></span> <span class='ocrx_word' id='word_1_142' title='bbox 2047 1989 2098 2043; x_wconf 93' lang='lat' dir='ltr'><strong>in</strong></span> <span class='ocrx_word' id='word_1_143' title='bbox 2146 2006 2234 2047; x_wconf 89' lang='lat' dir='ltr'><strong>me</strong></span> 
     </span>
    </p>
   </div>
   <div class='ocr_carea' id='block_1_21' title="bbox 658 2071 2238 2151">
    <p class='ocr_par' dir='ltr' id='par_1_21' title="bbox 658 2071 2238 2151">
     <span class='ocr_line' id='line_1_21' title="bbox 658 2071 2238 2151; baseline 0.011 -31"><span class='ocrx_word' id='word_1_144' title='bbox 658 2075 1023 2135; x_wconf 87' lang='lat' dir='ltr'><strong>competenter</strong></span> <span class='ocrx_word' id='word_1_145' title='bbox 1038 2071 1404 2138; x_wconf 87' lang='lat' dir='ltr'><strong>operantibus,</strong></span> <span class='ocrx_word' id='word_1_146' title='bbox 1431 2072 1497 2127; x_wconf 85' lang='lat' dir='ltr'><strong>ad</strong></span> <span class='ocrx_word' id='word_1_147' title='bbox 1510 2088 1693 2128; x_wconf 90' lang='lat' dir='ltr'><strong>eorum</strong></span> <span class='ocrx_word' id='word_1_148' title='bbox 1717 2078 2099 2145; x_wconf 79' lang='lat' dir='ltr'><strong>plenitudinem</strong></span> <span class='ocrx_word' id='word_1_149' title='bbox 2124 2099 2238 2151; x_wconf 89' lang='lat' dir='ltr'><strong>per-</strong></span> 
     </span>
    </p>
   </div>
   <div class='ocr_carea' id='block_1_22' title="bbox 641 2160 2237 2238">
    <p class='ocr_par' dir='ltr' id='par_1_22' title="bbox 641 2160 2237 2238">
     <span class='ocr_line' id='line_1_22' title="bbox 641 2160 2237 2238; baseline 0.013 -28"><span class='ocrx_word' id='word_1_150' title='bbox 641 2160 1046 2230; x_wconf 70' lang='lat' dir='ltr'><strong>fectioxieinque</strong></span> <span class='ocrx_word' id='word_1_151' title='bbox 1089 2164 1310 2231; x_wconf 81' lang='lat' dir='ltr'><strong>valeam,</strong></span> <span class='ocrx_word' id='word_1_152' title='bbox 1342 2176 1501 2234; x_wconf 88' lang='lat' dir='ltr'><strong>atque</strong></span> <span class='ocrx_word' id='word_1_153' title='bbox 1550 2168 1634 2221; x_wconf 88' lang='lat' dir='ltr'><strong>hic</strong></span> <span class='ocrx_word' id='word_1_154' title='bbox 1670 2171 2014 2238; x_wconf 82' lang='lat' dir='ltr'><strong>pugnantium</strong></span> <span class='ocrx_word' id='word_1_155' title='bbox 2056 2175 2127 2229; x_wconf 89' lang='lat' dir='ltr'><strong>ibi</strong></span> <span class='ocrx_word' id='word_1_156' title='bbox 2167 2179 2237 2234; x_wconf 88' lang='lat' dir='ltr'><strong>sit</strong></span> 
     </span>
    </p>
   </div>
   <div class='ocr_carea' id='block_1_23' title="bbox 658 2248 2234 2337">
    <p class='ocr_par' dir='ltr' id='par_1_23' title="bbox 658 2248 2234 2337">
     <span class='ocr_line' id='line_1_23' title="bbox 658 2248 2234 2337; baseline 0.011 -34"><span class='ocrx_word' id='word_1_157' title='bbox 658 2261 1023 2306; x_wconf 88' lang='lat' dir='ltr'><strong>consummata</strong></span> <span class='ocrx_word' id='word_1_158' title='bbox 1054 2254 1296 2321; x_wconf 90' lang='lat' dir='ltr'><strong>victoria,</strong></span> <span class='ocrx_word' id='word_1_159' title='bbox 1325 2256 1412 2312; x_wconf 90' lang='lat' dir='ltr'><strong>ubi</strong></span> <span class='ocrx_word' id='word_1_160' title='bbox 1442 2248 1724 2313; x_wconf 84' lang='lat' dir='ltr'><strong>dicendum</strong></span> <span class='ocrx_word' id='word_1_161' title='bbox 1748 2272 1829 2316; x_wconf 90' lang='lat' dir='ltr'><strong>est</strong></span> <span class='ocrx_word' id='word_1_162' title='bbox 1851 2280 1865 2316; x_wconf 82' lang='lat'><strong>:</strong></span> <span class='ocrx_word' id='word_1_163' title='bbox 1889 2266 2136 2337; x_wconf 80' lang='lat' dir='ltr'><strong>Absorpta</strong></span> <span class='ocrx_word' id='word_1_164' title='bbox 2162 2275 2234 2321; x_wconf 85' lang='lat' dir='ltr'><strong>est</strong></span> 
     </span>
    </p>
   </div>
   <div class='ocr_carea' id='block_1_24' title="bbox 660 2344 2233 2422">
    <p class='ocr_par' dir='ltr' id='par_1_24' title="bbox 660 2344 2233 2422">
     <span class='ocr_line' id='line_1_24' title="bbox 660 2344 2233 2422; baseline 0.013 -28"><span class='ocrx_word' id='word_1_165' title='bbox 660 2359 793 2397; x_wconf 87' lang='lat' dir='ltr'><strong>mors</strong></span> <span class='ocrx_word' id='word_1_166' title='bbox 819 2345 871 2397; x_wconf 88' lang='lat' dir='ltr'><strong>in</strong></span> <span class='ocrx_word' id='word_1_167' title='bbox 898 2344 1108 2399; x_wconf 81' lang='lat' dir='ltr'><strong>victoria</strong></span> <span class='ocrx_word' id='word_1_168' title='bbox 1130 2362 1150 2401; x_wconf 92' lang='lat'><strong><em>:</em></strong></span> <span class='ocrx_word' id='word_1_169' title='bbox 1180 2349 1264 2401; x_wconf 88' lang='lat' dir='ltr'><strong>ubi</strong></span> <span class='ocrx_word' id='word_1_170' title='bbox 1295 2360 1387 2417; x_wconf 86' lang='lat' dir='ltr'><strong>est,</strong></span> <span class='ocrx_word' id='word_1_171' title='bbox 1420 2368 1574 2422; x_wconf 88' lang='lat' dir='ltr'><strong>mors,</strong></span> <span class='ocrx_word' id='word_1_172' title='bbox 1608 2354 1844 2409; x_wconf 84' lang='lat' dir='ltr'><strong>stimulus</strong></span> <span class='ocrx_word' id='word_1_173' title='bbox 1885 2360 2046 2412; x_wconf 89' lang='lat' dir='ltr'><strong>tuus?</strong></span> <span class='ocrx_word' id='word_1_174' title='bbox 2076 2358 2233 2415; x_wconf 84' lang='lat' dir='ltr'><strong>Nunc</strong></span> 
     </span>
    </p>
   </div>
   <div class='ocr_carea' id='block_1_25' title="bbox 656 2438 2229 2521">
    <p class='ocr_par' dir='ltr' id='par_1_25' title="bbox 656 2438 2229 2521">
     <span class='ocr_line' id='line_1_25' title="bbox 656 2438 2229 2521; baseline 0.013 -33"><span class='ocrx_word' id='word_1_175' title='bbox 656 2444 824 2490; x_wconf 81' lang='lat' dir='ltr'><strong>autent</strong></span> <span class='ocrx_word' id='word_1_176' title='bbox 862 2453 953 2507; x_wconf 85' lang='lat' dir='ltr'><strong>spe</strong></span> <span class='ocrx_word' id='word_1_177' title='bbox 987 2438 1113 2493; x_wconf 86' lang='lat' dir='ltr'><strong>salvi</strong></span> <span class='ocrx_word' id='word_1_178' title='bbox 1153 2443 1279 2510; x_wconf 90' lang='lat' dir='ltr'><strong>facti</strong></span> <span class='ocrx_word' id='word_1_179' title='bbox 1308 2459 1513 2510; x_wconf 88' lang='lat' dir='ltr'><strong>sumus;</strong></span> <span class='ocrx_word' id='word_1_180' title='bbox 1538 2462 1651 2514; x_wconf 85' lang='lat' dir='ltr'><strong>spes</strong></span> <span class='ocrx_word' id='word_1_181' title='bbox 1682 2457 1851 2503; x_wconf 89' lang='lat' dir='ltr'><strong>autem</strong></span> <span class='ocrx_word' id='word_1_182' title='bbox 1878 2468 1991 2521; x_wconf 72' lang='lat' dir='ltr'><strong>qua:</strong></span> <span class='ocrx_word' id='word_1_183' title='bbox 2011 2455 2229 2521; x_wconf 82' lang='lat' dir='ltr'><strong>videtur,</strong></span> 
     </span>
    </p>
   </div>
   <div class='ocr_carea' id='block_1_26' title="bbox 655 2540 2231 2616">
    <p class='ocr_par' dir='ltr' id='par_1_26' title="bbox 655 2540 2231 2616">
     <span class='ocr_line' id='line_1_26' title="bbox 655 2540 2231 2616; baseline 0.014 -32"><span class='ocrx_word' id='word_1_184' title='bbox 655 2548 753 2585; x_wconf 89' lang='lat' dir='ltr'><strong>non</strong></span> <span class='ocrx_word' id='word_1_185' title='bbox 782 2542 853 2587; x_wconf 82' lang='lat' dir='ltr'><strong>est</strong></span> <span class='ocrx_word' id='word_1_186' title='bbox 882 2550 1027 2604; x_wconf 85' lang='lat' dir='ltr'><strong>spes;</strong></span> <span class='ocrx_word' id='word_1_187' title='bbox 1048 2552 1167 2589; x_wconf 88' lang='lat' dir='ltr'><strong>nam</strong></span> <span class='ocrx_word' id='word_1_188' title='bbox 1196 2541 1331 2605; x_wconf 87' lang='lat' dir='ltr'><strong>quod</strong></span> <span class='ocrx_word' id='word_1_189' title='bbox 1361 2540 1489 2593; x_wconf 87' lang='lat' dir='ltr'><strong>videt</strong></span> <span class='ocrx_word' id='word_1_190' title='bbox 1524 2544 1653 2610; x_wconf 87' lang='lat' dir='ltr'><strong>quis,</strong></span> <span class='ocrx_word' id='word_1_191' title='bbox 1683 2546 1807 2615; x_wconf 87' lang='lat' dir='ltr'><strong>quid</strong></span> <span class='ocrx_word' id='word_1_192' title='bbox 1837 2551 2049 2616; x_wconf 81' lang='lat' dir='ltr'><strong>sperat?</strong></span> <span class='ocrx_word' id='word_1_193' title='bbox 2074 2554 2117 2604; x_wconf 89' lang='lat' dir='ltr'><strong>si</strong></span> <span class='ocrx_word' id='word_1_194' title='bbox 2136 2570 2231 2606; x_wconf 88' lang='lat' dir='ltr'><strong>au-</strong></span> 
     </span>
    </p>
   </div>
   <div class='ocr_carea' id='block_1_27' title="bbox 654 2625 2230 2710">
    <p class='ocr_par' dir='ltr' id='par_1_27' title="bbox 654 2625 2230 2710">
     <span class='ocr_line' id='line_1_27' title="bbox 654 2625 2230 2710; baseline 0.017 -37"><span class='ocrx_word' id='word_1_195' title='bbox 654 2630 753 2675; x_wconf 86' lang='lat' dir='ltr'><strong>tem</strong></span> <span class='ocrx_word' id='word_1_196' title='bbox 780 2625 917 2693; x_wconf 86' lang='lat' dir='ltr'><strong>quod</strong></span> <span class='ocrx_word' id='word_1_197' title='bbox 964 2643 1064 2680; x_wconf 89' lang='lat' dir='ltr'><strong>non</strong></span> <span class='ocrx_word' id='word_1_198' title='bbox 1094 2628 1319 2684; x_wconf 82' lang='lat' dir='ltr'><strong>videmus</strong></span> <span class='ocrx_word' id='word_1_199' title='bbox 1350 2648 1630 2699; x_wconf 86' lang='lat' dir='ltr'><strong>speramus.</strong></span> <span class='ocrx_word' id='word_1_200' title='bbox 1683 2654 1771 2707; x_wconf 88' lang='lat' dir='ltr'><strong>per</strong></span> <span class='ocrx_word' id='word_1_201' title='bbox 1810 2642 2113 2710; x_wconf 83' lang='lat' dir='ltr'><strong>patientiam</strong></span> <span class='ocrx_word' id='word_1_202' title='bbox 2142 2662 2230 2699; x_wconf 68' lang='lat' dir='ltr'><strong>ea:-</strong></span> 
     </span>
    </p>
   </div>
   <div class='ocr_carea' id='block_1_28' title="bbox 651 2718 2229 2807">
    <p class='ocr_par' dir='ltr' id='par_1_28' title="bbox 651 2718 2229 2807">
     <span class='ocr_line' id='line_1_28' title="bbox 651 2718 2229 2807; baseline 0.017 -39"><span class='ocrx_word' id='word_1_203' title='bbox 651 2726 933 2786; x_wconf 83' lang='lat' dir='ltr'><strong>spectamus</strong></span> <span class='ocrx_word' id='word_1_204' title='bbox 959 2718 1013 2789; x_wconf 91' lang='lat' dir='ltr'><strong>(I</strong></span> <span class='ocrx_word' id='word_1_205' title='bbox 1036 2720 1155 2777; x_wconf 85' lang='lat' dir='ltr'><strong>Cor.</strong></span> <span class='ocrx_word' id='word_1_206' title='bbox 1180 2738 1273 2788; x_wconf 80' lang='lat' dir='ltr'><strong>xv;</strong></span> <span class='ocrx_word' id='word_1_207' title='bbox 1291 2725 1441 2779; x_wconf 81' lang='lat' dir='ltr'><strong>Rom.</strong></span> <span class='ocrx_word' id='word_1_208' title='bbox 1458 2730 1591 2797; x_wconf 85' lang='lat' dir='ltr'><strong>vni).</strong></span> <span class='ocrx_word' id='word_1_209' title='bbox 1614 2730 1757 2785; x_wconf 86' lang='lat' dir='ltr'><strong>Satis</strong></span> <span class='ocrx_word' id='word_1_210' title='bbox 1777 2734 1916 2788; x_wconf 89' lang='lat' dir='ltr'><strong>clara</strong></span> <span class='ocrx_word' id='word_1_211' title='bbox 1940 2737 2054 2791; x_wconf 89' lang='lat' dir='ltr'><strong>luce</strong></span> <span class='ocrx_word' id='word_1_212' title='bbox 2079 2748 2229 2807; x_wconf 86' lang='lat' dir='ltr'><strong>pate-</strong></span> 
     </span>
    </p>
   </div>
   <div class='ocr_carea' id='block_1_29' title="bbox 651 2804 2230 2896">
    <p class='ocr_par' dir='ltr' id='par_1_29' title="bbox 651 2804 2230 2896">
     <span class='ocr_line' id='line_1_29' title="bbox 651 2804 2230 2896; baseline 0.018 -37"><span class='ocrx_word' id='word_1_213' title='bbox 651 2804 778 2861; x_wconf 84' lang='lat' dir='ltr'><strong>fecit</strong></span> <span class='ocrx_word' id='word_1_214' title='bbox 800 2808 891 2877; x_wconf 87' lang='lat' dir='ltr'><strong>qui</strong></span> <span class='ocrx_word' id='word_1_215' title='bbox 925 2812 997 2864; x_wconf 88' lang='lat' dir='ltr'><strong>sit</strong></span> <span class='ocrx_word' id='word_1_216' title='bbox 1024 2822 1194 2866; x_wconf 89' lang='lat' dir='ltr'><strong>status</strong></span> <span class='ocrx_word' id='word_1_217' title='bbox 1235 2814 1288 2867; x_wconf 90' lang='lat' dir='ltr'><strong>in</strong></span> <span class='ocrx_word' id='word_1_218' title='bbox 1321 2817 1418 2869; x_wconf 82' lang='lat' dir='ltr'><strong>liae</strong></span> <span class='ocrx_word' id='word_1_219' title='bbox 1447 2819 1551 2875; x_wconf 89' lang='lat' dir='ltr'><strong>vita</strong></span> <span class='ocrx_word' id='word_1_220' title='bbox 1592 2822 1846 2891; x_wconf 91' lang='lat' dir='ltr'><strong>ﬁdelium,</strong></span> <span class='ocrx_word' id='word_1_221' title='bbox 1881 2828 2005 2896; x_wconf 81' lang='lat' dir='ltr'><strong>quid</strong></span> <span class='ocrx_word' id='word_1_222' title='bbox 2035 2804 2094 2882; x_wconf 76' lang='lat' dir='ltr'><strong>in</strong></span> <span class='ocrx_word' id='word_1_223' title='bbox 2127 2832 2230 2887; x_wconf 90' lang='lat' dir='ltr'><strong>lide</strong></span> 
     </span>
    </p>
   </div>
   <div class='ocr_carea' id='block_1_30' title="bbox 652 2903 2226 2983">
    <p class='ocr_par' dir='ltr' id='par_1_30' title="bbox 652 2903 2226 2983">
     <span class='ocr_line' id='line_1_30' title="bbox 652 2903 2226 2983; baseline 0.018 -31"><span class='ocrx_word' id='word_1_224' title='bbox 652 2907 886 2968; x_wconf 89' lang='lat' dir='ltr'><strong>teneant,</strong></span> <span class='ocrx_word' id='word_1_225' title='bbox 916 2903 1041 2971; x_wconf 91' lang='lat' dir='ltr'><strong>quid</strong></span> <span class='ocrx_word' id='word_1_226' title='bbox 1068 2905 1120 2959; x_wconf 92' lang='lat' dir='ltr'><strong>in</strong></span> <span class='ocrx_word' id='word_1_227' title='bbox 1143 2920 1239 2974; x_wconf 86' lang='lat' dir='ltr'><strong>spe</strong></span> <span class='ocrx_word' id='word_1_228' title='bbox 1259 2911 1577 2979; x_wconf 90' lang='lat' dir='ltr'><strong>sustineant,</strong></span> <span class='ocrx_word' id='word_1_229' title='bbox 1612 2916 1739 2983; x_wconf 91' lang='lat' dir='ltr'><strong>quid</strong></span> <span class='ocrx_word' id='word_1_230' title='bbox 1762 2926 1868 2973; x_wconf 86' lang='lat' dir='ltr'><strong>tota</strong></span> <span class='ocrx_word' id='word_1_231' title='bbox 1892 2922 2112 2979; x_wconf 88' lang='lat' dir='ltr'><strong>caritate</strong></span> <span class='ocrx_word' id='word_1_232' title='bbox 2132 2926 2226 2980; x_wconf 89' lang='lat' dir='ltr'><strong>de-</strong></span> 
     </span>
    </p>
   </div>
   <div class='ocr_carea' id='block_1_31' title="bbox 650 2990 2226 3087">
    <p class='ocr_par' dir='ltr' id='par_1_31' title="bbox 650 2990 2226 3087">
     <span class='ocr_line' id='line_1_31' title="bbox 650 2990 2226 3087; baseline 0.02 -45"><span class='ocrx_word' id='word_1_233' title='bbox 650 2990 908 3056; x_wconf 85' lang='lat' dir='ltr'><strong>siderent;</strong></span> <span class='ocrx_word' id='word_1_234' title='bbox 940 2994 1081 3063; x_wconf 89' lang='lat' dir='ltr'><strong>quod</strong></span> <span class='ocrx_word' id='word_1_235' title='bbox 1105 3005 1270 3053; x_wconf 88' lang='lat' dir='ltr'><strong>totum</strong></span> <span class='ocrx_word' id='word_1_236' title='bbox 1300 3001 1671 3061; x_wconf 87' lang='lat' dir='ltr'><strong>incunctanter</strong></span> <span class='ocrx_word' id='word_1_237' title='bbox 1700 3007 1820 3063; x_wconf 83' lang='lat' dir='ltr'><strong>ideo</strong></span> <span class='ocrx_word' id='word_1_238' title='bbox 1846 3011 1922 3079; x_wconf 91' lang='lat' dir='ltr'><strong>ﬁt,</strong></span> <span class='ocrx_word' id='word_1_239' title='bbox 1949 3016 2226 3087; x_wconf 91' lang='lat' dir='ltr'><strong>sicutqui-</strong></span> 
     </span>
    </p>
   </div>
   <div class='ocr_carea' id='block_1_32' title="bbox 649 3082 2227 3172">
    <p class='ocr_par' dir='ltr' id='par_1_32' title="bbox 649 3082 2227 3172">
     <span class='ocr_line' id='line_1_32' title="bbox 649 3082 2227 3172; baseline 0.018 -37"><span class='ocrx_word' id='word_1_240' title='bbox 649 3082 770 3137; x_wconf 89' lang='lat' dir='ltr'><strong>dam</strong></span> <span class='ocrx_word' id='word_1_241' title='bbox 810 3086 1063 3153; x_wconf 82' lang='lat' dir='ltr'><strong>magister</strong></span> <span class='ocrx_word' id='word_1_242' title='bbox 1090 3084 1360 3145; x_wconf 77' lang='lat' dir='ltr'><strong>Ecclesiae</strong></span> <span class='ocrx_word' id='word_1_243' title='bbox 1390 3095 1754 3169; x_wconf 80' lang='lat' dir='ltr'><strong>(Augustinus)</strong></span> <span class='ocrx_word' id='word_1_244' title='bbox 1798 3103 2068 3172; x_wconf 86' lang='lat' dir='ltr'><strong>sapienter</strong></span> <span class='ocrx_word' id='word_1_245' title='bbox 2099 3109 2227 3163; x_wconf 88' lang='lat' dir='ltr'><strong>edo-</strong></span> 
     </span>
    </p>
   </div>
   <div class='ocr_carea' id='block_1_33' title="bbox 648 3179 2221 3259">
    <p class='ocr_par' dir='ltr' id='par_1_33' title="bbox 648 3179 2221 3259">
     <span class='ocr_line' id='line_1_33' title="bbox 648 3179 2221 3259; baseline 0.019 -30"><span class='ocrx_word' id='word_1_246' title='bbox 648 3180 775 3242; x_wconf 88' lang='lat' dir='ltr'><strong>cuit,</strong></span> <span class='ocrx_word' id='word_1_247' title='bbox 817 3179 1000 3236; x_wconf 88' lang='lat' dir='ltr'><strong>dicens</strong></span> <span class='ocrx_word' id='word_1_248' title='bbox 1034 3198 1046 3235; x_wconf 88' lang='lat'>:</span> <span class='ocrx_word' id='word_1_249' title='bbox 1091 3183 1170 3237; x_wconf 83' lang='lat' dir='ltr'><strong>Ad</strong></span> <span class='ocrx_word' id='word_1_250' title='bbox 1210 3201 1454 3256; x_wconf 83' lang='lat' dir='ltr'><strong>magnam</strong></span> <span class='ocrx_word' id='word_1_251' title='bbox 1492 3191 1630 3246; x_wconf 90' lang='lat' dir='ltr'><strong>enim</strong></span> <span class='ocrx_word' id='word_1_252' title='bbox 1676 3196 1954 3253; x_wconf 82' lang='lat' dir='ltr'><strong>utilitatem</strong></span> <span class='ocrx_word' id='word_1_253' title='bbox 1986 3202 2221 3259; x_wconf 88' lang='lat' dir='ltr'><strong>ﬁdelium</strong></span> 
     </span>
    </p>
   </div>
   <div class='ocr_carea' id='block_1_34' title="bbox 649 3273 2221 3365">
    <p class='ocr_par' dir='ltr' id='par_1_34' title="bbox 649 3273 2221 3365">
     <span class='ocr_line' id='line_1_34' title="bbox 649 3273 2221 3365; baseline 0.021 -44"><span class='ocrx_word' id='word_1_254' title='bbox 649 3273 870 3326; x_wconf 89' lang='lat' dir='ltr'><strong>materia</strong></span> <span class='ocrx_word' id='word_1_255' title='bbox 914 3285 994 3328; x_wconf 91' lang='lat' dir='ltr'><strong>est</strong></span> <span class='ocrx_word' id='word_1_256' title='bbox 1031 3288 1240 3332; x_wconf 86' lang='lat' dir='ltr'><strong>servata</strong></span> <span class='ocrx_word' id='word_1_257' title='bbox 1281 3287 1655 3355; x_wconf 89' lang='lat' dir='ltr'><strong>certaminum,</strong></span> <span class='ocrx_word' id='word_1_258' title='bbox 1696 3298 1753 3344; x_wconf 91' lang='lat' dir='ltr'><strong>ut</strong></span> <span class='ocrx_word' id='word_1_259' title='bbox 1788 3308 1894 3348; x_wconf 92' lang='lat' dir='ltr'><strong>non</strong></span> <span class='ocrx_word' id='word_1_260' title='bbox 1948 3299 2221 3365; x_wconf 87' lang='lat' dir='ltr'><strong>superbiat</strong></span> 
     </span>
    </p>
   </div>
   <div class='ocr_carea' id='block_1_35' title="bbox 571 3352 2231 3456">
    <p class='ocr_par' dir='ltr' id='par_1_35' title="bbox 571 3352 2231 3456">
     <span class='ocr_line' id='line_1_35' title="bbox 571 3352 2231 3456; baseline 0.021 -41"><span class='ocrx_word' id='word_1_261' title='bbox 571 3352 583 3360; x_wconf 63' lang='grc'><em>”</em></span> <span class='ocrx_word' id='word_1_262' title='bbox 647 3366 899 3421; x_wconf 83' lang='lat' dir='ltr'><strong>sanctitas</strong></span> <span class='ocrx_word' id='word_1_263' title='bbox 938 3368 1060 3423; x_wconf 91' lang='lat' dir='ltr'><strong>dum</strong></span> <span class='ocrx_word' id='word_1_264' title='bbox 1100 3373 1336 3439; x_wconf 90' lang='lat' dir='ltr'><strong>pulsatur</strong></span> <span class='ocrx_word' id='word_1_265' title='bbox 1387 3378 1691 3449; x_wconf 87' lang='lat' dir='ltr'><strong>inﬁrmitas,</strong></span> <span class='ocrx_word' id='word_1_266' title='bbox 1740 3402 1844 3456; x_wconf 89' lang='lat' dir='ltr'><strong>quo</strong></span> <span class='ocrx_word' id='word_1_267' title='bbox 1883 3390 2085 3447; x_wconf 88' lang='lat' dir='ltr'><strong>scilicet</strong></span> <span class='ocrx_word' id='word_1_268' title='bbox 2127 3411 2231 3450; x_wconf 85' lang='lat' dir='ltr'><strong>sua</strong></span> 
     </span>
    </p>
   </div>
   <div class='ocr_carea' id='block_1_36' title="bbox 647 3456 2222 3547">
    <p class='ocr_par' dir='ltr' id='par_1_36' title="bbox 647 3456 2222 3547">
     <span class='ocr_line' id='line_1_36' title="bbox 647 3456 2222 3547; baseline 0.022 -40"><span class='ocrx_word' id='word_1_269' title='bbox 647 3456 829 3511; x_wconf 87' lang='lat' dir='ltr'><strong>saltem</strong></span> <span class='ocrx_word' id='word_1_270' title='bbox 856 3456 1137 3530; x_wconf 78' lang='lat' dir='ltr'><strong>fragilitate</strong></span> <span class='ocrx_word' id='word_1_271' title='bbox 1165 3473 1487 3525; x_wconf 86' lang='lat' dir='ltr'><strong>commonita</strong></span> <span class='ocrx_word' id='word_1_272' title='bbox 1527 3485 1644 3542; x_wconf 86' lang='lat' dir='ltr'><strong>post</strong></span> <span class='ocrx_word' id='word_1_273' title='bbox 1684 3479 1912 3547; x_wconf 87' lang='lat' dir='ltr'><strong>ruinam,</strong></span> <span class='ocrx_word' id='word_1_274' title='bbox 1945 3498 2049 3537; x_wconf 92' lang='lat' dir='ltr'><strong>non</strong></span> <span class='ocrx_word' id='word_1_275' title='bbox 2082 3487 2133 3539; x_wconf 91' lang='lat' dir='ltr'><strong>in</strong></span> <span class='ocrx_word' id='word_1_276' title='bbox 2162 3502 2222 3543; x_wconf 91' lang='lat' dir='ltr'><strong>se</strong></span> 
     </span>
    </p>
   </div>
   <div class='ocr_carea' id='block_1_37' title="bbox 645 3548 2221 3634">
    <p class='ocr_par' dir='ltr' id='par_1_37' title="bbox 645 3548 2221 3634">
     <span class='ocr_line' id='line_1_37' title="bbox 645 3548 2221 3634; baseline 0.02 -31"><span class='ocrx_word' id='word_1_277' title='bbox 645 3548 774 3603; x_wconf 87' lang='lat' dir='ltr'><strong>ﬁdat</strong></span> <span class='ocrx_word' id='word_1_278' title='bbox 802 3562 982 3609; x_wconf 90' lang='lat' dir='ltr'><strong>nostra</strong></span> <span class='ocrx_word' id='word_1_279' title='bbox 1008 3558 1265 3627; x_wconf 91' lang='lat' dir='ltr'><strong>conditio,</strong></span> <span class='ocrx_word' id='word_1_280' title='bbox 1310 3564 1403 3618; x_wconf 89' lang='lat' dir='ltr'><strong>sed</strong></span> <span class='ocrx_word' id='word_1_281' title='bbox 1434 3567 1501 3621; x_wconf 88' lang='lat' dir='ltr'><strong>ad</strong></span> <span class='ocrx_word' id='word_1_282' title='bbox 1547 3568 1688 3624; x_wconf 87' lang='lat' dir='ltr'><strong>illius</strong></span> <span class='ocrx_word' id='word_1_283' title='bbox 1724 3570 2109 3631; x_wconf 78' lang='lat' dir='ltr'><strong>incessabiliter</strong></span> <span class='ocrx_word' id='word_1_284' title='bbox 2137 3595 2221 3634; x_wconf 87' lang='lat' dir='ltr'><strong>re-</strong></span> 
     </span>
    </p>
   </div>
   <div class='ocr_carea' id='block_1_38' title="bbox 644 3644 2219 3733">
    <p class='ocr_par' dir='ltr' id='par_1_38' title="bbox 644 3644 2219 3733">
     <span class='ocr_line' id='line_1_38' title="bbox 644 3644 2219 3733; baseline 0.02 -39"><span class='ocrx_word' id='word_1_285' title='bbox 644 3653 821 3695; x_wconf 90' lang='lat' dir='ltr'><strong>currat</strong></span> <span class='ocrx_word' id='word_1_286' title='bbox 847 3644 1265 3707; x_wconf 87' lang='lat' dir='ltr'><strong>misericordiam</strong></span> <span class='ocrx_word' id='word_1_287' title='bbox 1289 3655 1650 3726; x_wconf 86' lang='lat' dir='ltr'><strong>reformanda,</strong></span> <span class='ocrx_word' id='word_1_288' title='bbox 1684 3663 1833 3732; x_wconf 92' lang='lat' dir='ltr'><strong>cujus</strong></span> <span class='ocrx_word' id='word_1_289' title='bbox 1859 3670 2083 3733; x_wconf 78' lang='lat' dir='ltr'><strong>gratiam</strong></span> <span class='ocrx_word' id='word_1_290' title='bbox 2115 3686 2219 3725; x_wconf 91' lang='lat' dir='ltr'><strong>non</strong></span> 
     </span>
    </p>
   </div>
   <div class='ocr_carea' id='block_1_39' title="bbox 645 3736 2220 3819">
    <p class='ocr_par' dir='ltr' id='par_1_39' title="bbox 645 3736 2220 3819">
     <span class='ocr_line' id='line_1_39' title="bbox 645 3736 2220 3819; baseline 0.021 -33"><span class='ocrx_word' id='word_1_291' title='bbox 645 3736 951 3804; x_wconf 67' lang='lat' dir='ltr'><strong>quazrendo,</strong></span> <span class='ocrx_word' id='word_1_292' title='bbox 973 3758 1069 3796; x_wconf 91' lang='lat' dir='ltr'><strong>nec</strong></span> <span class='ocrx_word' id='word_1_293' title='bbox 1093 3743 1146 3797; x_wconf 86' lang='lat' dir='ltr'><strong>iii</strong></span> <span class='ocrx_word' id='word_1_294' title='bbox 1178 3746 1406 3813; x_wconf 72' lang='lat' dir='ltr'><strong>paradisi</strong></span> <span class='ocrx_word' id='word_1_295' title='bbox 1437 3753 1605 3816; x_wconf 88' lang='lat' dir='ltr'><strong>potuit</strong></span> <span class='ocrx_word' id='word_1_296' title='bbox 1630 3755 1940 3811; x_wconf 87' lang='lat' dir='ltr'><strong>intemerata</strong></span> <span class='ocrx_word' id='word_1_297' title='bbox 1968 3759 2220 3819; x_wconf 77' lang='lat' dir='ltr'><strong>felicitate</strong></span> 
     </span>
    </p>
   </div>
   <div class='ocr_carea' id='block_1_40' title="bbox 647 3836 2219 3923">
    <p class='ocr_par' dir='ltr' id='par_1_40' title="bbox 647 3836 2219 3923">
     <span class='ocr_line' id='line_1_40' title="bbox 647 3836 2219 3923; baseline 0.016 -37"><span class='ocrx_word' id='word_1_298' title='bbox 647 3848 673 3887; x_wconf 92' lang='lat' dir='ltr'><strong>c</strong></span> <span class='ocrx_word' id='word_1_299' title='bbox 696 3845 913 3904; x_wconf 59' lang='lat' dir='ltr'><strong>&#39;nstare,</strong></span> <span class='ocrx_word' id='word_1_300' title='bbox 942 3836 1215 3909; x_wconf 89' lang='lat' dir='ltr'><strong>discatque</strong></span> <span class='ocrx_word' id='word_1_301' title='bbox 1240 3841 1354 3895; x_wconf 91' lang='lat' dir='ltr'><strong>sine</strong></span> <span class='ocrx_word' id='word_1_302' title='bbox 1377 3844 1465 3897; x_wconf 88' lang='lat' dir='ltr'><strong>tali</strong></span> <span class='ocrx_word' id='word_1_303' title='bbox 1490 3848 1737 3914; x_wconf 81' lang='lat' dir='ltr'><strong>praesidio</strong></span> <span class='ocrx_word' id='word_1_304' title='bbox 1758 3851 1880 3905; x_wconf 91' lang='lat' dir='ltr'><strong>inde</strong></span> <span class='ocrx_word' id='word_1_305' title='bbox 1904 3854 2105 3921; x_wconf 86' lang='lat' dir='ltr'><strong>lapsam</strong></span> <span class='ocrx_word' id='word_1_306' title='bbox 2128 3873 2219 3923; x_wconf 92' lang='lat' dir='ltr'><strong>per</strong></span> 
     </span>
    </p>
   </div>
   <div class='ocr_carea' id='block_1_41' title="bbox 645 3928 2219 4016">
    <p class='ocr_par' dir='ltr' id='par_1_41' title="bbox 645 3928 2219 4016">
     <span class='ocr_line' id='line_1_41' title="bbox 645 3928 2219 4016; baseline 0.015 -38"><span class='ocrx_word' id='word_1_307' title='bbox 645 3928 785 3994; x_wconf 88' lang='lat' dir='ltr'><strong>quod</strong></span> <span class='ocrx_word' id='word_1_308' title='bbox 818 3929 1094 3985; x_wconf 89' lang='lat' dir='ltr'><strong>instruitur</strong></span> <span class='ocrx_word' id='word_1_309' title='bbox 1122 3942 1241 3999; x_wconf 84' lang='lat' dir='ltr'><strong>post</strong></span> <span class='ocrx_word' id='word_1_310' title='bbox 1268 3948 1531 3992; x_wconf 62' lang='lat' dir='ltr'><strong>aerumnas</strong></span> <span class='ocrx_word' id='word_1_311' title='bbox 1570 3941 1645 4015; x_wconf 90' lang='lat' dir='ltr'><strong>ad</strong></span> <span class='ocrx_word' id='word_1_312' title='bbox 1675 3945 1862 4010; x_wconf 74' lang='lat' dir='ltr'><strong>gaudia</strong></span> <span class='ocrx_word' id='word_1_313' title='bbox 1894 3946 2068 4000; x_wconf 87' lang='lat' dir='ltr'><strong>redire</strong></span> <span class='ocrx_word' id='word_1_314' title='bbox 2099 3963 2219 4016; x_wconf 91' lang='lat' dir='ltr'><strong>per-</strong></span> 
     </span>
    </p>
   </div>
   <div class='ocr_carea' id='block_1_42' title="bbox 647 4020 2216 4096">
    <p class='ocr_par' dir='ltr' id='par_1_42' title="bbox 647 4020 2216 4096">
     <span class='ocr_line' id='line_1_42' title="bbox 647 4020 2216 4096; baseline 0.015 -26"><span class='ocrx_word' id='word_1_315' title='bbox 647 4028 832 4085; x_wconf 90' lang='lat' dir='ltr'><strong>petua;</strong></span> <span class='ocrx_word' id='word_1_316' title='bbox 879 4020 1154 4092; x_wconf 90' lang='lat' dir='ltr'><strong>multoque</strong></span> <span class='ocrx_word' id='word_1_317' title='bbox 1183 4039 1241 4079; x_wconf 92' lang='lat' dir='ltr'><strong>se</strong></span> <span class='ocrx_word' id='word_1_318' title='bbox 1279 4027 1444 4096; x_wconf 87' lang='lat' dir='ltr'><strong>magis</strong></span> <span class='ocrx_word' id='word_1_319' title='bbox 1490 4031 1807 4088; x_wconf 90' lang='lat' dir='ltr'><strong>incolumem</strong></span> <span class='ocrx_word' id='word_1_320' title='bbox 1844 4034 1941 4089; x_wconf 88' lang='lat' dir='ltr'><strong>lioc</strong></span> <span class='ocrx_word' id='word_1_321' title='bbox 1981 4037 2216 4094; x_wconf 89' lang='lat' dir='ltr'><strong>subsidio</strong></span> 
     </span>
    </p>
   </div>
   <div class='ocr_carea' id='block_1_43' title="bbox 644 4102 2216 4187">
    <p class='ocr_par' dir='ltr' id='par_1_43' title="bbox 644 4102 2216 4187">
     <span class='ocr_line' id='line_1_43' title="bbox 644 4102 2216 4187; baseline 0.014 -22"><span class='ocrx_word' id='word_1_322' title='bbox 644 4109 841 4168; x_wconf 89' lang='lat' dir='ltr'><strong>durare</strong></span> <span class='ocrx_word' id='word_1_323' title='bbox 878 4102 1133 4182; x_wconf 86' lang='lat' dir='ltr'><strong>potuisse,</strong></span> <span class='ocrx_word' id='word_1_324' title='bbox 1165 4133 1270 4186; x_wconf 90' lang='lat' dir='ltr'><strong>quo</strong></span> <span class='ocrx_word' id='word_1_325' title='bbox 1300 4133 1407 4174; x_wconf 92' lang='lat' dir='ltr'><strong>non</strong></span> <span class='ocrx_word' id='word_1_326' title='bbox 1449 4122 1620 4178; x_wconf 91' lang='lat' dir='ltr'><strong>solum</strong></span> <span class='ocrx_word' id='word_1_327' title='bbox 1661 4125 1728 4180; x_wconf 89' lang='lat' dir='ltr'><strong>ad</strong></span> <span class='ocrx_word' id='word_1_328' title='bbox 1769 4122 2055 4185; x_wconf 89' lang='lat' dir='ltr'><strong>creationis</strong></span> <span class='ocrx_word' id='word_1_329' title='bbox 2102 4146 2216 4187; x_wconf 76' lang='lat' dir='ltr'><strong>suae</strong></span> 
     </span>
    </p>
   </div>
   <div class='ocr_carea' id='block_1_44' title="bbox 641 4203 2215 4292">
    <p class='ocr_par' dir='ltr' id='par_1_44' title="bbox 641 4203 2215 4292">
     <span class='ocr_line' id='line_1_44' title="bbox 641 4203 2215 4292; baseline 0.015 -36"><span class='ocrx_word' id='word_1_330' title='bbox 641 4203 914 4260; x_wconf 89' lang='lat' dir='ltr'><strong>reducitur</strong></span> <span class='ocrx_word' id='word_1_331' title='bbox 938 4206 1261 4276; x_wconf 91' lang='lat' dir='ltr'><strong>institutum,</strong></span> <span class='ocrx_word' id='word_1_332' title='bbox 1290 4214 1382 4268; x_wconf 92' lang='lat' dir='ltr'><strong>sed</strong></span> <span class='ocrx_word' id='word_1_333' title='bbox 1419 4216 1483 4270; x_wconf 90' lang='lat' dir='ltr'><strong>ad</strong></span> <span class='ocrx_word' id='word_1_334' title='bbox 1511 4218 1730 4274; x_wconf 83' lang='lat' dir='ltr'><strong>caeleste</strong></span> <span class='ocrx_word' id='word_1_335' title='bbox 1770 4235 2097 4292; x_wconf 75' lang='lat' dir='ltr'><strong>przeparatur</strong></span> <span class='ocrx_word' id='word_1_336' title='bbox 2123 4230 2215 4279; x_wconf 83' lang='lat' dir='ltr'><strong>lia-</strong></span> 
     </span>
    </p>
   </div>
   <div class='ocr_carea' id='block_1_45' title="bbox 641 4297 2216 4378">
    <p class='ocr_par' dir='ltr' id='par_1_45' title="bbox 641 4297 2216 4378">
     <span class='ocr_line' id='line_1_45' title="bbox 641 4297 2216 4378; baseline 0.015 -29"><span class='ocrx_word' id='word_1_337' title='bbox 641 4297 948 4354; x_wconf 87' lang='lat' dir='ltr'><strong>bitaculum.</strong></span> <span class='ocrx_word' id='word_1_338' title='bbox 997 4302 1129 4358; x_wconf 87' lang='lat' dir='ltr'><strong>Huic</strong></span> <span class='ocrx_word' id='word_1_339' title='bbox 1157 4315 1332 4361; x_wconf 90' lang='lat' dir='ltr'><strong>autem</strong></span> <span class='ocrx_word' id='word_1_340' title='bbox 1361 4308 1705 4378; x_wconf 89' lang='lat' dir='ltr'><strong>disputationi</strong></span> <span class='ocrx_word' id='word_1_341' title='bbox 1746 4315 2047 4372; x_wconf 86' lang='lat' dir='ltr'><strong>nullatenus</strong></span> <span class='ocrx_word' id='word_1_342' title='bbox 2075 4319 2216 4372; x_wconf 81' lang='lat' dir='ltr'><strong>aesti-</strong></span> 
     </span>
    </p>
   </div>
   <div class='ocr_carea' id='block_1_46' title="bbox 642 4400 2214 4473">
    <p class='ocr_par' dir='ltr' id='par_1_46' title="bbox 642 4400 2214 4473">
     <span class='ocr_line' id='line_1_46' title="bbox 642 4400 2214 4473; baseline 0.017 -33"><span class='ocrx_word' id='word_1_343' title='bbox 642 4400 815 4444; x_wconf 90' lang='lat' dir='ltr'><strong>metur</strong></span> <span class='ocrx_word' id='word_1_344' title='bbox 837 4408 956 4447; x_wconf 87' lang='lat' dir='ltr'><strong>esse</strong></span> <span class='ocrx_word' id='word_1_345' title='bbox 991 4400 1341 4464; x_wconf 89' lang='lat' dir='ltr'><strong>contrarium,</strong></span> <span class='ocrx_word' id='word_1_346' title='bbox 1363 4404 1504 4469; x_wconf 90' lang='lat' dir='ltr'><strong>quod</strong></span> <span class='ocrx_word' id='word_1_347' title='bbox 1536 4405 1588 4457; x_wconf 91' lang='lat' dir='ltr'><strong>in</strong></span> <span class='ocrx_word' id='word_1_348' title='bbox 1617 4404 1853 4473; x_wconf 88' lang='lat' dir='ltr'><strong>Epistola</strong></span> <span class='ocrx_word' id='word_1_349' title='bbox 1903 4425 1995 4464; x_wconf 91' lang='lat' dir='ltr'><strong>sua</strong></span> <span class='ocrx_word' id='word_1_350' title='bbox 2029 4412 2214 4466; x_wconf 90' lang='lat' dir='ltr'><strong>beatus</strong></span> 
     </span>
    </p>
   </div>
   <div class='ocr_carea' id='block_1_47' title="bbox 639 4478 2213 4571">
    <p class='ocr_par' dir='ltr' id='par_1_47' title="bbox 639 4478 2213 4571">
     <span class='ocr_line' id='line_1_47' title="bbox 639 4478 2213 4571; baseline 0.015 -40"><span class='ocrx_word' id='word_1_351' title='bbox 639 4478 874 4536; x_wconf 82' lang='lat' dir='ltr'><strong>Joannes</strong></span> <span class='ocrx_word' id='word_1_352' title='bbox 905 4487 1178 4553; x_wconf 81' lang='lat' dir='ltr'><strong>apostolus</strong></span> <span class='ocrx_word' id='word_1_353' title='bbox 1210 4497 1265 4542; x_wconf 91' lang='lat' dir='ltr'><strong>et</strong></span> <span class='ocrx_word' id='word_1_354' title='bbox 1290 4493 1614 4561; x_wconf 81' lang='lat' dir='ltr'><strong>evangelista</strong></span> <span class='ocrx_word' id='word_1_355' title='bbox 1639 4495 1918 4552; x_wconf 87' lang='lat' dir='ltr'><strong>disseruit:</strong></span> <span class='ocrx_word' id='word_1_356' title='bbox 1956 4500 2087 4565; x_wconf 84' lang='lat' dir='ltr'><strong>Quia</strong></span> <span class='ocrx_word' id='word_1_357' title='bbox 2126 4504 2213 4571; x_wconf 88' lang='lat' dir='ltr'><strong>qui</strong></span> 
     </span>
    </p>
   </div>
   <div class='ocr_carea' id='block_1_48' title="bbox 640 4576 2211 4657">
    <p class='ocr_par' dir='ltr' id='par_1_48' title="bbox 640 4576 2211 4657">
     <span class='ocr_line' id='line_1_48' title="bbox 640 4576 2211 4657; baseline 0.016 -33"><span class='ocrx_word' id='word_1_358' title='bbox 640 4582 791 4626; x_wconf 86' lang='lat' dir='ltr'><strong>natus</strong></span> <span class='ocrx_word' id='word_1_359' title='bbox 820 4586 893 4628; x_wconf 85' lang='lat' dir='ltr'><strong>est</strong></span> <span class='ocrx_word' id='word_1_360' title='bbox 927 4592 991 4628; x_wconf 81' lang='lat' dir='ltr'><strong>ea:</strong></span> <span class='ocrx_word' id='word_1_361' title='bbox 1020 4576 1147 4641; x_wconf 88' lang='lat' dir='ltr'><strong>Deo,</strong></span> <span class='ocrx_word' id='word_1_362' title='bbox 1177 4595 1275 4633; x_wconf 89' lang='lat' dir='ltr'><strong>non</strong></span> <span class='ocrx_word' id='word_1_363' title='bbox 1306 4593 1477 4649; x_wconf 86' lang='lat' dir='ltr'><strong>peccat</strong></span> <span class='ocrx_word' id='word_1_364' title='bbox 1504 4584 1554 4655; x_wconf 88' lang='grc' dir='ltr'><strong>(Ι</strong></span> <span class='ocrx_word' id='word_1_365' title='bbox 1585 4582 1739 4640; x_wconf 83' lang='grc' dir='ltr'><em>Ιοαη.</em></span> <span class='ocrx_word' id='word_1_366' title='bbox 1772 4588 1869 4657; x_wconf 84' lang='lat' dir='ltr'><strong>tv),</strong></span> <span class='ocrx_word' id='word_1_367' title='bbox 1901 4602 1955 4644; x_wconf 93' lang='lat' dir='ltr'><strong>ut</strong></span> <span class='ocrx_word' id='word_1_368' title='bbox 2004 4607 2069 4646; x_wconf 79' lang='lat' dir='ltr'><strong>ex</strong></span> <span class='ocrx_word' id='word_1_369' title='bbox 2112 4593 2211 4648; x_wconf 86' lang='lat' dir='ltr'><strong>hoc</strong></span> 
     </span>
    </p>
   </div>
   <div class='ocr_carea' id='block_1_49' title="bbox 639 4664 2209 4747">
    <p class='ocr_par' dir='ltr' id='par_1_49' title="bbox 639 4664 2209 4747">
     <span class='ocr_line' id='line_1_49' title="bbox 639 4664 2209 4747; baseline 0.017 -32"><span class='ocrx_word' id='word_1_370' title='bbox 639 4664 885 4721; x_wconf 87' lang='lat' dir='ltr'><strong>videlicet</strong></span> <span class='ocrx_word' id='word_1_371' title='bbox 914 4666 1004 4734; x_wconf 90' lang='lat' dir='ltr'><strong>qui</strong></span> <span class='ocrx_word' id='word_1_372' title='bbox 1029 4674 1324 4738; x_wconf 84' lang='lat' dir='ltr'><strong>regenerati</strong></span> <span class='ocrx_word' id='word_1_373' title='bbox 1354 4685 1497 4739; x_wconf 92' lang='lat' dir='ltr'><strong>sunt,</strong></span> <span class='ocrx_word' id='word_1_374' title='bbox 1518 4690 1621 4731; x_wconf 91' lang='lat' dir='ltr'><strong>non</strong></span> <span class='ocrx_word' id='word_1_375' title='bbox 1648 4694 1867 4747; x_wconf 89' lang='lat' dir='ltr'><strong>peccare</strong></span> <span class='ocrx_word' id='word_1_376' title='bbox 1891 4685 2209 4746; x_wconf 82' lang='lat' dir='ltr'><strong>credantur;</strong></span> 
     </span>
    </p>
   </div>
   <div class='ocr_carea' id='block_1_50' title="bbox 636 4757 2211 4848">
    <p class='ocr_par' dir='ltr' id='par_1_50' title="bbox 636 4757 2211 4848">
     <span class='ocr_line' id='line_1_50' title="bbox 636 4757 2211 4848; baseline 0.018 -43"><span class='ocrx_word' id='word_1_377' title='bbox 636 4757 777 4824; x_wconf 90' lang='lat' dir='ltr'><strong>quod</strong></span> <span class='ocrx_word' id='word_1_378' title='bbox 809 4760 989 4829; x_wconf 88' lang='lat' dir='ltr'><strong>utique</strong></span> <span class='ocrx_word' id='word_1_379' title='bbox 1018 4761 1061 4815; x_wconf 89' lang='lat' dir='ltr'><strong>si</strong></span> <span class='ocrx_word' id='word_1_380' title='bbox 1090 4759 1364 4833; x_wconf 75' lang='lat' dir='ltr'><strong>eo&#39;Sensu,</strong></span> <span class='ocrx_word' id='word_1_381' title='bbox 1392 4767 1529 4824; x_wconf 90' lang='lat' dir='ltr'><strong>sicut</strong></span> <span class='ocrx_word' id='word_1_382' title='bbox 1552 4771 1766 4840; x_wconf 90' lang='lat' dir='ltr'><strong>quidam</strong></span> <span class='ocrx_word' id='word_1_383' title='bbox 1810 4790 1912 4829; x_wconf 92' lang='lat' dir='ltr'><strong>non</strong></span> <span class='ocrx_word' id='word_1_384' title='bbox 1944 4787 2087 4833; x_wconf 89' lang='lat' dir='ltr'><strong>recte</strong></span> <span class='ocrx_word' id='word_1_385' title='bbox 2121 4780 2211 4848; x_wconf 89' lang='lat' dir='ltr'><strong>ju-</strong></span> 
     </span>
    </p>
   </div>
   <div class='ocr_carea' id='block_1_51' title="bbox 638 4846 2210 4939">
    <p class='ocr_par' dir='ltr' id='par_1_51' title="bbox 638 4846 2210 4939">
     <span class='ocr_line' id='line_1_51' title="bbox 638 4846 2210 4939; baseline 0.017 -40"><span class='ocrx_word' id='word_1_386' title='bbox 638 4846 880 4903; x_wconf 86' lang='lat' dir='ltr'><strong>dicantes</strong></span> <span class='ocrx_word' id='word_1_387' title='bbox 921 4855 1268 4922; x_wconf 88' lang='lat' dir='ltr'><strong>arbitrantur,</strong></span> <span class='ocrx_word' id='word_1_388' title='bbox 1314 4859 1393 4913; x_wconf 88' lang='lat' dir='ltr'><strong>vir</strong></span> <span class='ocrx_word' id='word_1_389' title='bbox 1432 4877 1652 4932; x_wconf 89' lang='lat' dir='ltr'><strong>magnus</strong></span> <span class='ocrx_word' id='word_1_390' title='bbox 1706 4864 1797 4921; x_wconf 92' lang='lat' dir='ltr'><strong>ille</strong></span> <span class='ocrx_word' id='word_1_391' title='bbox 1836 4871 2210 4939; x_wconf 87' lang='lat' dir='ltr'><strong>prompsisset,</strong></span> 
     </span>
    </p>
   </div>
   <div class='ocr_carea' id='block_1_52' title="bbox 639 4939 2213 5033">
    <p class='ocr_par' dir='ltr' id='par_1_52' title="bbox 639 4939 2213 5033">
     <span class='ocr_line' id='line_1_52' title="bbox 639 4939 2213 5033; baseline 0.02 -43"><span class='ocrx_word' id='word_1_392' title='bbox 639 4939 1008 4999; x_wconf 82' lang='lat' dir='ltr'><strong>univcrsaliter</strong></span> <span class='ocrx_word' id='word_1_393' title='bbox 1034 4946 1211 5017; x_wconf 78' lang='lat' dir='ltr'><strong>utique</strong></span> <span class='ocrx_word' id='word_1_394' title='bbox 1237 4954 1481 5023; x_wconf 90' lang='lat' dir='ltr'><strong>quisquis</strong></span> <span class='ocrx_word' id='word_1_395' title='bbox 1513 4966 1729 5012; x_wconf 88' lang='lat' dir='ltr'><strong>renatus</strong></span> <span class='ocrx_word' id='word_1_396' title='bbox 1766 4972 1908 5015; x_wconf 89' lang='lat' dir='ltr'><strong>esset</strong></span> <span class='ocrx_word' id='word_1_397' title='bbox 1948 4963 2057 5031; x_wconf 86' lang='lat' dir='ltr'><strong>jam</strong></span> <span class='ocrx_word' id='word_1_398' title='bbox 2095 4980 2213 5033; x_wconf 91' lang='lat' dir='ltr'><strong>pec-</strong></span> 
     </span>
    </p>
   </div>
   <div class='ocr_carea' id='block_1_53' title="bbox 634 5042 2214 5125">
    <p class='ocr_par' dir='ltr' id='par_1_53' title="bbox 634 5042 2214 5125">
     <span class='ocr_line' id='line_1_53' title="bbox 634 5042 2214 5125; baseline 0.02 -42"><span class='ocrx_word' id='word_1_399' title='bbox 634 5043 759 5086; x_wconf 85' lang='lat' dir='ltr'><strong>care</strong></span> <span class='ocrx_word' id='word_1_400' title='bbox 780 5048 883 5089; x_wconf 90' lang='lat' dir='ltr'><strong>non</strong></span> <span class='ocrx_word' id='word_1_401' title='bbox 908 5047 1105 5103; x_wconf 89' lang='lat' dir='ltr'><strong>posset.</strong></span> <span class='ocrx_word' id='word_1_402' title='bbox 1136 5042 1333 5099; x_wconf 92' lang='lat' dir='ltr'><strong>Deinde</strong></span> <span class='ocrx_word' id='word_1_403' title='bbox 1352 5056 1535 5102; x_wconf 90' lang='lat' dir='ltr'><strong>contra</strong></span> <span class='ocrx_word' id='word_1_404' title='bbox 1562 5050 1702 5105; x_wconf 86' lang='lat' dir='ltr'><strong>liunc</strong></span> <span class='ocrx_word' id='word_1_405' title='bbox 1726 5054 1972 5108; x_wconf 89' lang='lat' dir='ltr'><strong>eumdem</strong></span> <span class='ocrx_word' id='word_1_406' title='bbox 1997 5068 2214 5125; x_wconf 86' lang='lat' dir='ltr'><strong>aposto-</strong></span> 
     </span>
    </p>
   </div>
   <div class='ocr_carea' id='block_1_54' title="bbox 638 5125 2208 5210">
    <p class='ocr_par' dir='ltr' id='par_1_54' title="bbox 638 5125 2208 5210">
     <span class='ocr_line' id='line_1_54' title="bbox 638 5125 2208 5210; baseline 0.019 -34"><span class='ocrx_word' id='word_1_407' title='bbox 638 5125 746 5178; x_wconf 93' lang='lat' dir='ltr'><strong>lum</strong></span> <span class='ocrx_word' id='word_1_408' title='bbox 776 5128 976 5184; x_wconf 85' lang='lat' dir='ltr'><strong>sentire</strong></span> <span class='ocrx_word' id='word_1_409' title='bbox 1004 5135 1354 5203; x_wconf 86' lang='lat' dir='ltr'><strong>convincitur,</strong></span> <span class='ocrx_word' id='word_1_410' title='bbox 1398 5141 1441 5193; x_wconf 88' lang='lat' dir='ltr'><strong>si</strong></span> <span class='ocrx_word' id='word_1_411' title='bbox 1483 5143 1603 5210; x_wconf 87' lang='lat' dir='ltr'><strong>quis</strong></span> <span class='ocrx_word' id='word_1_412' title='bbox 1650 5143 1751 5197; x_wconf 88' lang='lat' dir='ltr'><strong>hoc</strong></span> <span class='ocrx_word' id='word_1_413' title='bbox 1794 5163 1912 5201; x_wconf 88' lang='lat' dir='ltr'><strong>cum</strong></span> <span class='ocrx_word' id='word_1_414' title='bbox 1957 5149 2208 5207; x_wconf 88' lang='lat' dir='ltr'><strong>deﬁnisse</strong></span> 
     </span>
    </p>
   </div>
   <div class='ocr_carea' id='block_1_55' title="bbox 635 5221 2210 5302">
    <p class='ocr_par' dir='ltr' id='par_1_55' title="bbox 635 5221 2210 5302">
     <span class='ocr_line' id='line_1_55' title="bbox 635 5221 2210 5302; baseline 0.02 -31"><span class='ocrx_word' id='word_1_415' title='bbox 635 5221 945 5287; x_wconf 69' lang='lat' dir='ltr'><strong>prietendit;</strong></span> <span class='ocrx_word' id='word_1_416' title='bbox 978 5223 1223 5295; x_wconf 91' lang='lat' dir='ltr'><strong>idemque</strong></span> <span class='ocrx_word' id='word_1_417' title='bbox 1261 5232 1455 5300; x_wconf 85' lang='lat' dir='ltr'><strong>quippe</strong></span> <span class='ocrx_word' id='word_1_418' title='bbox 1483 5234 1612 5289; x_wconf 90' lang='lat' dir='ltr'><strong>dicit</strong></span> <span class='ocrx_word' id='word_1_419' title='bbox 1643 5237 1767 5292; x_wconf 89' lang='lat' dir='ltr'><strong>alibi</strong></span> <span class='ocrx_word' id='word_1_420' title='bbox 1794 5257 1806 5293; x_wconf 90' lang='lat'>:</span> <span class='ocrx_word' id='word_1_421' title='bbox 1841 5240 1900 5295; x_wconf 87' lang='lat' dir='ltr'><strong>Si</strong></span> <span class='ocrx_word' id='word_1_422' title='bbox 1931 5243 2210 5302; x_wconf 76' lang='lat' dir='ltr'><strong>dixerimus</strong></span> 
     </span>
    </p>
   </div>
   <div class='ocr_carea' id='block_1_56' title="bbox 630 5315 2209 5403">
    <p class='ocr_par' dir='ltr' id='par_1_56' title="bbox 630 5315 2209 5403">
     <span class='ocr_line' id='line_1_56' title="bbox 630 5315 2209 5403; baseline 0.019 -38"><span class='ocrx_word' id='word_1_423' title='bbox 630 5315 751 5384; x_wconf 88' lang='lat' dir='ltr'><strong>quia</strong></span> <span class='ocrx_word' id='word_1_424' title='bbox 779 5327 1043 5385; x_wconf 69' lang='lat' dir='ltr'><strong>peccatum</strong></span> <span class='ocrx_word' id='word_1_425' title='bbox 1088 5336 1185 5374; x_wconf 85' lang='lat' dir='ltr'><strong>non</strong></span> <span class='ocrx_word' id='word_1_426' title='bbox 1214 5323 1470 5393; x_wconf 81' lang='lat' dir='ltr'><strong>habemus,</strong></span> <span class='ocrx_word' id='word_1_427' title='bbox 1509 5344 1600 5382; x_wconf 85' lang='lat' dir='ltr'><strong>nos</strong></span> <span class='ocrx_word' id='word_1_428' title='bbox 1638 5332 1775 5397; x_wconf 87' lang='lat' dir='ltr'><strong>ipsos</strong></span> <span class='ocrx_word' id='word_1_429' title='bbox 1814 5336 2121 5403; x_wconf 80' lang='lat' dir='ltr'><strong>seducimus,</strong></span> <span class='ocrx_word' id='word_1_430' title='bbox 2161 5350 2209 5394; x_wconf 90' lang='lat' dir='ltr'><strong>et</strong></span> 
     </span>
    </p>
   </div>
   <div class='ocr_carea' id='block_1_57' title="bbox 630 5409 2207 5492">
    <p class='ocr_par' dir='ltr' id='par_1_57' title="bbox 630 5409 2207 5492">
     <span class='ocr_line' id='line_1_57' title="bbox 630 5409 2207 5492; baseline 0.018 -33"><span class='ocrx_word' id='word_1_431' title='bbox 630 5409 811 5461; x_wconf 72' lang='lat' dir='ltr'><strong>veritas</strong></span> <span class='ocrx_word' id='word_1_432' title='bbox 846 5409 899 5462; x_wconf 85' lang='lat' dir='ltr'><strong>in</strong></span> <span class='ocrx_word' id='word_1_433' title='bbox 939 5409 1081 5465; x_wconf 88' lang='lat' dir='ltr'><strong>nobis</strong></span> <span class='ocrx_word' id='word_1_434' title='bbox 1112 5429 1210 5465; x_wconf 88' lang='lat' dir='ltr'><strong>non</strong></span> <span class='ocrx_word' id='word_1_435' title='bbox 1241 5426 1311 5468; x_wconf 88' lang='lat' dir='ltr'><strong>est</strong></span> <span class='ocrx_word' id='word_1_436' title='bbox 1343 5416 1391 5487; x_wconf 92' lang='grc' dir='ltr'><strong>(Ι</strong></span> <span class='ocrx_word' id='word_1_437' title='bbox 1440 5418 1594 5490; x_wconf 82' lang='lat' dir='ltr'><strong>J_oan.</strong></span> <span class='ocrx_word' id='word_1_438' title='bbox 1634 5424 1705 5492; x_wconf 88' lang='lat' dir='ltr'><strong>t):</strong></span> <span class='ocrx_word' id='word_1_439' title='bbox 1760 5426 1823 5479; x_wconf 89' lang='lat' dir='ltr'><strong>Et</strong></span> <span class='ocrx_word' id='word_1_440' title='bbox 1865 5429 2055 5484; x_wconf 86' lang='lat' dir='ltr'><strong>iterum</strong></span> <span class='ocrx_word' id='word_1_441' title='bbox 2094 5448 2107 5484; x_wconf 91' lang='lat'><strong>:</strong></span> <span class='ocrx_word' id='word_1_442' title='bbox 2146 5433 2207 5487; x_wconf 85' lang='lat' dir='ltr'><strong>Si</strong></span> 
     </span>
    </p>
   </div>
   <div class='ocr_carea' id='block_1_58' title="bbox 631 5500 2207 5593">
    <p class='ocr_par' dir='ltr' id='par_1_58' title="bbox 631 5500 2207 5593">
     <span class='ocr_line' id='line_1_58' title="bbox 631 5500 2207 5593; baseline 0.018 -42"><span class='ocrx_word' id='word_1_443' title='bbox 631 5500 906 5557; x_wconf 74' lang='lat' dir='ltr'><strong>dixerimus</strong></span> <span class='ocrx_word' id='word_1_444' title='bbox 946 5506 1070 5575; x_wconf 87' lang='lat' dir='ltr'><strong>quia</strong></span> <span class='ocrx_word' id='word_1_445' title='bbox 1118 5523 1220 5561; x_wconf 82' lang='lat' dir='ltr'><strong>non</strong></span> <span class='ocrx_word' id='word_1_446' title='bbox 1275 5524 1563 5579; x_wconf 87' lang='lat' dir='ltr'><strong>pcccantus,</strong></span> <span class='ocrx_word' id='word_1_447' title='bbox 1610 5520 1898 5573; x_wconf 86' lang='lat' dir='ltr'><strong>mendacem</strong></span> <span class='ocrx_word' id='word_1_448' title='bbox 1957 5525 2207 5593; x_wconf 82' lang='lat' dir='ltr'><strong>faciemus</strong></span> 
     </span>
    </p>
   </div>
   <div class='ocr_carea' id='block_1_59' title="bbox 630 5596 2205 5684">
    <p class='ocr_par' dir='ltr' id='par_1_59' title="bbox 630 5596 2205 5684">
     <span class='ocr_line' id='line_1_59' title="bbox 630 5596 2205 5684; baseline 0.02 -42"><span class='ocrx_word' id='word_1_449' title='bbox 630 5607 766 5656; x_wconf 87' lang='lat' dir='ltr'><strong>eum,</strong></span> <span class='ocrx_word' id='word_1_450' title='bbox 795 5602 844 5646; x_wconf 90' lang='lat' dir='ltr'><strong>et</strong></span> <span class='ocrx_word' id='word_1_451' title='bbox 865 5596 1066 5650; x_wconf 82' lang='lat' dir='ltr'><strong>verbum</strong></span> <span class='ocrx_word' id='word_1_452' title='bbox 1090 5601 1201 5670; x_wconf 86' lang='lat' dir='ltr'><strong>ejus</strong></span> <span class='ocrx_word' id='word_1_453' title='bbox 1235 5617 1334 5655; x_wconf 86' lang='lat' dir='ltr'><strong>non</strong></span> <span class='ocrx_word' id='word_1_454' title='bbox 1376 5604 1471 5657; x_wconf 87' lang='lat' dir='ltr'><strong>erit</strong></span> <span class='ocrx_word' id='word_1_455' title='bbox 1519 5606 1572 5658; x_wconf 84' lang='lat' dir='ltr'><strong>in</strong></span> <span class='ocrx_word' id='word_1_456' title='bbox 1601 5608 1744 5662; x_wconf 84' lang='lat' dir='ltr'><strong>nobis</strong></span> <span class='ocrx_word' id='word_1_457' title='bbox 1763 5627 1782 5675; x_wconf 88' lang='lat'><strong><em>;</em></strong></span> <span class='ocrx_word' id='word_1_458' title='bbox 1813 5621 1865 5666; x_wconf 90' lang='lat' dir='ltr'><strong>et</strong></span> <span class='ocrx_word' id='word_1_459' title='bbox 1893 5615 2069 5684; x_wconf 87' lang='lat' dir='ltr'><strong>utique</strong></span> <span class='ocrx_word' id='word_1_460' title='bbox 2103 5616 2205 5674; x_wconf 88' lang='lat' dir='ltr'><strong>lioc</strong></span> 
     </span>
    </p>
   </div>
   <div class='ocr_carea' id='block_1_60' title="bbox 632 5690 2204 5777">
    <p class='ocr_par' dir='ltr' id='par_1_60' title="bbox 632 5690 2204 5777">
     <span class='ocr_line' id='line_1_60' title="bbox 632 5690 2204 5777; baseline 0.02 -41"><span class='ocrx_word' id='word_1_461' title='bbox 632 5693 809 5739; x_wconf 81' lang='lat' dir='ltr'><strong>tantus</strong></span> <span class='ocrx_word' id='word_1_462' title='bbox 840 5698 892 5740; x_wconf 92' lang='lat' dir='ltr'><strong>et</strong></span> <span class='ocrx_word' id='word_1_463' title='bbox 923 5690 1040 5745; x_wconf 87' lang='lat' dir='ltr'><strong>talis</strong></span> <span class='ocrx_word' id='word_1_464' title='bbox 1070 5691 1281 5749; x_wconf 87' lang='lat' dir='ltr'><strong>dicebat</strong></span> <span class='ocrx_word' id='word_1_465' title='bbox 1312 5698 1789 5771; x_wconf 83' lang='lat' dir='ltr'><strong>apostolus;cujus</strong></span> <span class='ocrx_word' id='word_1_466' title='bbox 1810 5707 1852 5758; x_wconf 94' lang='lat' dir='ltr'><strong>si</strong></span> <span class='ocrx_word' id='word_1_467' title='bbox 1885 5709 2001 5775; x_wconf 91' lang='lat' dir='ltr'><strong>quis</strong></span> <span class='ocrx_word' id='word_1_468' title='bbox 2033 5710 2204 5777; x_wconf 87' lang='lat' dir='ltr'><strong>potio-</strong></span> 
     </span>
    </p>
   </div>
   <div class='ocr_carea' id='block_1_61' title="bbox 631 5785 2203 5864">
    <p class='ocr_par' dir='ltr' id='par_1_61' title="bbox 631 5785 2203 5864">
     <span class='ocr_line' id='line_1_61' title="bbox 631 5785 2203 5864; baseline 0.018 -31"><span class='ocrx_word' id='word_1_469' title='bbox 631 5795 740 5835; x_wconf 87' lang='lat' dir='ltr'><strong>rem</strong></span> <span class='ocrx_word' id='word_1_470' title='bbox 762 5794 822 5836; x_wconf 89' lang='lat' dir='ltr'><strong>se</strong></span> <span class='ocrx_word' id='word_1_471' title='bbox 843 5785 1044 5839; x_wconf 87' lang='lat' dir='ltr'><strong>meritis</strong></span> <span class='ocrx_word' id='word_1_472' title='bbox 1064 5792 1326 5846; x_wconf 71' lang='lat' dir='ltr'><strong>aestimare</strong></span> <span class='ocrx_word' id='word_1_473' title='bbox 1349 5796 1640 5862; x_wconf 88' lang='lat' dir='ltr'><strong>contendit,</strong></span> <span class='ocrx_word' id='word_1_474' title='bbox 1661 5801 1772 5864; x_wconf 79' lang='lat' dir='ltr'><strong>ipse</strong></span> <span class='ocrx_word' id='word_1_475' title='bbox 1798 5799 1967 5855; x_wconf 80' lang='lat' dir='ltr'><strong>videat</strong></span> <span class='ocrx_word' id='word_1_476' title='bbox 1990 5817 2203 5861; x_wconf 87' lang='lat' dir='ltr'><strong>caveat-</strong></span> 
     </span>
    </p>
   </div>
   <div class='ocr_carea' id='block_1_62' title="bbox 628 5875 2193 5966">
    <p class='ocr_par' dir='ltr' id='par_1_62' title="bbox 628 5875 2193 5966">
     <span class='ocr_line' id='line_1_62' title="bbox 628 5875 2193 5966; baseline 0.019 -38"><span class='ocrx_word' id='word_1_477' title='bbox 628 5886 734 5942; x_wconf 85' lang='lat' dir='ltr'><strong>que</strong></span> <span class='ocrx_word' id='word_1_478' title='bbox 764 5888 828 5932; x_wconf 89' lang='lat' dir='ltr'><strong>ne</strong></span> <span class='ocrx_word' id='word_1_479' title='bbox 843 5875 1040 5935; x_wconf 77' lang='lat' dir='ltr'><strong>incidat</strong></span> <span class='ocrx_word' id='word_1_480' title='bbox 1062 5882 1110 5936; x_wconf 88' lang='lat' dir='ltr'><strong>iu</strong></span> <span class='ocrx_word' id='word_1_481' title='bbox 1128 5885 1425 5955; x_wconf 74' lang='lat' dir='ltr'><strong>mortiferae</strong></span> <span class='ocrx_word' id='word_1_482' title='bbox 1442 5893 2193 5966; x_wconf 69' lang='lat' dir='ltr'><strong>praecipitationisabruptum.</strong></span> 
     </span>
    </p>
   </div>
   <div class='ocr_carea' id='block_1_63' title="bbox 2347 613 3936 697">
    <p class='ocr_par' dir='ltr' id='par_1_63' title="bbox 2347 613 3936 697">
     <span class='ocr_line' id='line_1_63' title="bbox 2347 613 3936 697; baseline 0.02 -38"><span class='ocrx_word' id='word_1_483' title='bbox 2347 613 2431 659; x_wconf 91' lang='lat' dir='ltr'><strong>tus</strong></span> <span class='ocrx_word' id='word_1_484' title='bbox 2454 617 2597 673; x_wconf 88' lang='lat' dir='ltr'><strong>erat;</strong></span> <span class='ocrx_word' id='word_1_485' title='bbox 2622 620 2674 662; x_wconf 91' lang='lat' dir='ltr'><strong>et</strong></span> <span class='ocrx_word' id='word_1_486' title='bbox 2702 619 2877 666; x_wconf 84' lang='lat' dir='ltr'><strong>tamen</strong></span> <span class='ocrx_word' id='word_1_487' title='bbox 2894 613 3121 672; x_wconf 86' lang='lat' dir='ltr'><strong>docebat</strong></span> <span class='ocrx_word' id='word_1_488' title='bbox 3149 630 3309 689; x_wconf 90' lang='lat' dir='ltr'><strong>atque</strong></span> <span class='ocrx_word' id='word_1_489' title='bbox 3332 625 3680 697; x_wconf 63' lang='lat' dir='ltr'><strong>praedicabat,</strong></span> <span class='ocrx_word' id='word_1_490' title='bbox 3710 630 3936 692; x_wconf 86' lang='lat' dir='ltr'><strong>dicens:</strong></span> 
     </span>
    </p>
   </div>
   <div class='ocr_carea' id='block_1_64' title="bbox 2346 697 3938 796">
    <p class='ocr_par' dir='ltr' id='par_1_64' title="bbox 2346 697 3938 796">
     <span class='ocr_line' id='line_1_64' title="bbox 2346 697 3938 796; baseline 0.019 -43"><span class='ocrx_word' id='word_1_491' title='bbox 2346 697 2408 753; x_wconf 90' lang='lat' dir='ltr'><strong>Si</strong></span> <span class='ocrx_word' id='word_1_492' title='bbox 2434 700 2713 757; x_wconf 74' lang='lat' dir='ltr'><strong>dixerimus</strong></span> <span class='ocrx_word' id='word_1_493' title='bbox 2736 707 2854 772; x_wconf 89' lang='lat' dir='ltr'><strong>quia</strong></span> <span class='ocrx_word' id='word_1_494' title='bbox 2885 720 3148 777; x_wconf 89' lang='lat' dir='ltr'><strong>peccatum</strong></span> <span class='ocrx_word' id='word_1_495' title='bbox 3170 730 3271 768; x_wconf 86' lang='lat' dir='ltr'><strong>non</strong></span> <span class='ocrx_word' id='word_1_496' title='bbox 3295 714 3560 789; x_wconf 79' lang='lat' dir='ltr'><strong>habemus,</strong></span> <span class='ocrx_word' id='word_1_497' title='bbox 3593 728 3938 796; x_wconf 84' lang='lat' dir='ltr'><strong>nosmetipsos</strong></span> 
     </span>
    </p>
   </div>
   <div class='ocr_carea' id='block_1_65' title="bbox 2343 793 3938 888">
    <p class='ocr_par' dir='ltr' id='par_1_65' title="bbox 2343 793 3938 888">
     <span class='ocr_line' id='line_1_65' title="bbox 2343 793 3938 888; baseline 0.022 -43"><span class='ocrx_word' id='word_1_498' title='bbox 2343 793 2663 863; x_wconf 78' lang='lat' dir='ltr'><strong>seducimus;</strong></span> <span class='ocrx_word' id='word_1_499' title='bbox 2715 809 2769 853; x_wconf 91' lang='lat' dir='ltr'><strong>et</strong></span> <span class='ocrx_word' id='word_1_500' title='bbox 2812 812 3027 870; x_wconf 84' lang='lat' dir='ltr'><strong>caetera,</strong></span> <span class='ocrx_word' id='word_1_501' title='bbox 3066 821 3187 875; x_wconf 80' lang='lat' dir='ltr'><strong>quae</strong></span> <span class='ocrx_word' id='word_1_502' title='bbox 3235 812 3483 880; x_wconf 89' lang='lat' dir='ltr'><strong>superius</strong></span> <span class='ocrx_word' id='word_1_503' title='bbox 3535 819 3938 888; x_wconf 79' lang='lat' dir='ltr'><strong>comprehensa</strong></span> 
     </span>
    </p>
   </div>
   <div class='ocr_carea' id='block_1_66' title="bbox 2345 890 3937 979">
    <p class='ocr_par' dir='ltr' id='par_1_66' title="bbox 2345 890 3937 979">
     <span class='ocr_line' id='line_1_66' title="bbox 2345 890 3937 979; baseline 0.021 -40"><span class='ocrx_word' id='word_1_504' title='bbox 2345 897 2505 943; x_wconf 84' lang='lat' dir='ltr'><strong>sunt:</strong></span> <span class='ocrx_word' id='word_1_505' title='bbox 2550 890 2643 945; x_wconf 90' lang='lat' dir='ltr'><strong>sed</strong></span> <span class='ocrx_word' id='word_1_506' title='bbox 2678 894 2909 962; x_wconf 86' lang='lat' dir='ltr'><strong>qualiter</strong></span> <span class='ocrx_word' id='word_1_507' title='bbox 2961 912 3181 967; x_wconf 83' lang='lat' dir='ltr'><strong>peccare</strong></span> <span class='ocrx_word' id='word_1_508' title='bbox 3222 917 3329 957; x_wconf 92' lang='lat' dir='ltr'><strong>non</strong></span> <span class='ocrx_word' id='word_1_509' title='bbox 3360 908 3547 975; x_wconf 90' lang='lat' dir='ltr'><strong>possit,</strong></span> <span class='ocrx_word' id='word_1_510' title='bbox 3575 915 3667 979; x_wconf 92' lang='lat' dir='ltr'><strong>qul</strong></span> <span class='ocrx_word' id='word_1_511' title='bbox 3704 928 3772 969; x_wconf 79' lang='lat' dir='ltr'><strong>ex</strong></span> <span class='ocrx_word' id='word_1_512' title='bbox 3821 916 3937 973; x_wconf 81' lang='lat' dir='ltr'><strong>Deo</strong></span> 
     </span>
    </p>
   </div>
   <div class='ocr_carea' id='block_1_67' title="bbox 2346 978 3933 1067">
    <p class='ocr_par' dir='ltr' id='par_1_67' title="bbox 2346 978 3933 1067">
     <span class='ocr_line' id='line_1_67' title="bbox 2346 978 3933 1067; baseline 0.021 -37"><span class='ocrx_word' id='word_1_513' title='bbox 2346 978 2601 1046; x_wconf 89' lang='lat' dir='ltr'><strong>nascitur,</strong></span> <span class='ocrx_word' id='word_1_514' title='bbox 2633 984 2744 1051; x_wconf 92' lang='lat' dir='ltr'><strong>ipse</strong></span> <span class='ocrx_word' id='word_1_515' title='bbox 2768 986 2940 1052; x_wconf 89' lang='lat' dir='ltr'><strong>potius</strong></span> <span class='ocrx_word' id='word_1_516' title='bbox 2961 990 3041 1045; x_wconf 89' lang='lat' dir='ltr'><strong>vir</strong></span> <span class='ocrx_word' id='word_1_517' title='bbox 3058 990 3167 1047; x_wconf 91' lang='lat' dir='ltr'><strong>Deo</strong></span> <span class='ocrx_word' id='word_1_518' title='bbox 3184 993 3371 1062; x_wconf 89' lang='lat' dir='ltr'><strong>plenus</strong></span> <span class='ocrx_word' id='word_1_519' title='bbox 3392 978 3659 1067; x_wconf 82' lang='lat' dir='ltr'><strong>exponat:</strong></span> <span class='ocrx_word' id='word_1_520' title='bbox 3694 1003 3756 1060; x_wconf 89' lang='lat' dir='ltr'><strong>Si</strong></span> <span class='ocrx_word' id='word_1_521' title='bbox 3775 1008 3933 1061; x_wconf 72' lang='lat' dir='ltr'><strong>dixe-</strong></span> 
     </span>
    </p>
   </div>
   <div class='ocr_carea' id='block_1_68' title="bbox 2331 1070 3930 1167">
    <p class='ocr_par' dir='ltr' id='par_1_68' title="bbox 2331 1070 3930 1167">
     <span class='ocr_line' id='line_1_68' title="bbox 2331 1070 3930 1167; baseline 0.021 -46"><span class='ocrx_word' id='word_1_522' title='bbox 2331 1070 2521 1136; x_wconf 60' lang='lat' dir='ltr'><strong>rimus,</strong></span> <span class='ocrx_word' id='word_1_523' title='bbox 2556 1073 2744 1143; x_wconf 88' lang='lat' dir='ltr'><strong>inquit,</strong></span> <span class='ocrx_word' id='word_1_524' title='bbox 2772 1080 2891 1147; x_wconf 91' lang='lat' dir='ltr'><strong>quia</strong></span> <span class='ocrx_word' id='word_1_525' title='bbox 2930 1096 3029 1135; x_wconf 85' lang='lat' dir='ltr'><strong>non</strong></span> <span class='ocrx_word' id='word_1_526' title='bbox 3063 1087 3399 1153; x_wconf 84' lang='lat' dir='ltr'><strong>peccavimus,</strong></span> <span class='ocrx_word' id='word_1_527' title='bbox 3428 1093 3723 1149; x_wconf 82' lang='lat' dir='ltr'><strong>mendacem</strong></span> <span class='ocrx_word' id='word_1_528' title='bbox 3763 1098 3930 1167; x_wconf 80' lang='lat' dir='ltr'><strong>facie-</strong></span> 
     </span>
    </p>
   </div>
   <div class='ocr_carea' id='block_1_69' title="bbox 2345 1172 3929 1261">
    <p class='ocr_par' dir='ltr' id='par_1_69' title="bbox 2345 1172 3929 1261">
     <span class='ocr_line' id='line_1_69' title="bbox 2345 1172 3929 1261; baseline 0.021 -48"><span class='ocrx_word' id='word_1_529' title='bbox 2345 1177 2457 1214; x_wconf 88' lang='lat' dir='ltr'><strong>mus</strong></span> <span class='ocrx_word' id='word_1_530' title='bbox 2485 1180 2632 1220; x_wconf 89' lang='lat' dir='ltr'><strong>eum:</strong></span> <span class='ocrx_word' id='word_1_531' title='bbox 2658 1172 2795 1237; x_wconf 88' lang='lat' dir='ltr'><strong>quod</strong></span> <span class='ocrx_word' id='word_1_532' title='bbox 2823 1172 2868 1223; x_wconf 90' lang='lat' dir='ltr'><strong>si</strong></span> <span class='ocrx_word' id='word_1_533' title='bbox 2893 1189 2983 1226; x_wconf 87' lang='lat' dir='ltr'><strong>con</strong></span> <span class='ocrx_word' id='word_1_534' title='bbox 2991 1177 3110 1243; x_wconf 89' lang='lat' dir='ltr'><strong>fessi</strong></span> <span class='ocrx_word' id='word_1_535' title='bbox 3141 1179 3386 1247; x_wconf 82' lang='lat' dir='ltr'><strong>fuerimus</strong></span> <span class='ocrx_word' id='word_1_536' title='bbox 3412 1184 3602 1238; x_wconf 83' lang='lat' dir='ltr'><strong>delicta</strong></span> <span class='ocrx_word' id='word_1_537' title='bbox 3633 1199 3834 1258; x_wconf 82' lang='lat' dir='ltr'><strong>nostra,</strong></span> <span class='ocrx_word' id='word_1_538' title='bbox 3868 1195 3929 1261; x_wconf 77' lang='lat' dir='ltr'><strong>ﬁ—</strong></span> 
     </span>
    </p>
   </div>
   <div class='ocr_carea' id='block_1_70' title="bbox 2344 1256 3946 1353">
    <p class='ocr_par' dir='ltr' id='par_1_70' title="bbox 2344 1256 3946 1353">
     <span class='ocr_line' id='line_1_70' title="bbox 2344 1256 3946 1353; baseline 0.024 -44"><span class='ocrx_word' id='word_1_539' title='bbox 2344 1256 2469 1311; x_wconf 85' lang='lat' dir='ltr'><strong>delis</strong></span> <span class='ocrx_word' id='word_1_540' title='bbox 2495 1271 2569 1314; x_wconf 89' lang='lat' dir='ltr'><strong>est</strong></span> <span class='ocrx_word' id='word_1_541' title='bbox 2598 1272 2641 1316; x_wconf 90' lang='lat' dir='ltr'><strong>et</strong></span> <span class='ocrx_word' id='word_1_542' title='bbox 2660 1265 2857 1333; x_wconf 86' lang='lat' dir='ltr'><strong>justus,</strong></span> <span class='ocrx_word' id='word_1_543' title='bbox 2888 1272 2972 1336; x_wconf 85' lang='lat' dir='ltr'><strong>qui</strong></span> <span class='ocrx_word' id='word_1_544' title='bbox 2992 1272 3215 1329; x_wconf 87' lang='lat' dir='ltr'><strong>dimittat</strong></span> <span class='ocrx_word' id='word_1_545' title='bbox 3235 1280 3376 1333; x_wconf 89' lang='lat' dir='ltr'><strong>nobis</strong></span> <span class='ocrx_word' id='word_1_546' title='bbox 3401 1293 3625 1353; x_wconf 87' lang='lat' dir='ltr'><strong>peccata,</strong></span> <span class='ocrx_word' id='word_1_547' title='bbox 3644 1297 3693 1341; x_wconf 86' lang='lat' dir='ltr'><strong>et</strong></span> <span class='ocrx_word' id='word_1_548' title='bbox 3716 1256 3946 1347; x_wconf 38' lang='lat' dir='ltr'><strong>mundat!</strong></span> 
     </span>
    </p>
   </div>
   <div class='ocr_carea' id='block_1_71' title="bbox 2344 1353 3924 1453">
    <p class='ocr_par' dir='ltr' id='par_1_71' title="bbox 2344 1353 3924 1453">
     <span class='ocr_line' id='line_1_71' title="bbox 2344 1353 3924 1453; baseline 0.025 -50"><span class='ocrx_word' id='word_1_549' title='bbox 2344 1366 2436 1404; x_wconf 87' lang='lat' dir='ltr'><strong>nos</strong></span> <span class='ocrx_word' id='word_1_550' title='bbox 2492 1353 2741 1433; x_wconf 35' lang='lat' dir='ltr'><strong>abromni</strong></span> <span class='ocrx_word' id='word_1_551' title='bbox 2787 1360 3049 1430; x_wconf 82' lang='lat' dir='ltr'><strong>iniquitate</strong></span> <span class='ocrx_word' id='word_1_552' title='bbox 3101 1366 3309 1439; x_wconf 66' lang='lat' dir='ltr'><strong>(Ibid).</strong></span> <span class='ocrx_word' id='word_1_553' title='bbox 3352 1372 3608 1433; x_wconf 76' lang='lat' dir='ltr'><strong>Patefecit</strong></span> <span class='ocrx_word' id='word_1_554' title='bbox 3654 1389 3924 1453; x_wconf 85' lang='lat' dir='ltr'><strong>quomodo</strong></span> 
     </span>
    </p>
   </div>
   <div class='ocr_carea' id='block_1_72' title="bbox 2344 1444 3925 1536">
    <p class='ocr_par' dir='ltr' id='par_1_72' title="bbox 2344 1444 3925 1536">
     <span class='ocr_line' id='line_1_72' title="bbox 2344 1444 3925 1536; baseline 0.026 -41"><span class='ocrx_word' id='word_1_555' title='bbox 2344 1444 2432 1511; x_wconf 94' lang='lat' dir='ltr'><strong>qui</strong></span> <span class='ocrx_word' id='word_1_556' title='bbox 2468 1459 2531 1499; x_wconf 81' lang='lat' dir='ltr'><strong>ex</strong></span> <span class='ocrx_word' id='word_1_557' title='bbox 2567 1445 2675 1502; x_wconf 91' lang='lat' dir='ltr'><strong>Deo</strong></span> <span class='ocrx_word' id='word_1_558' title='bbox 2716 1452 2971 1520; x_wconf 71' lang='lat' dir='ltr'><strong>nascitur,</strong></span> <span class='ocrx_word' id='word_1_559' title='bbox 3007 1473 3229 1524; x_wconf 90' lang='lat' dir='ltr'><strong>peccare</strong></span> <span class='ocrx_word' id='word_1_560' title='bbox 3262 1478 3367 1518; x_wconf 92' lang='lat' dir='ltr'><strong>non</strong></span> <span class='ocrx_word' id='word_1_561' title='bbox 3404 1469 3596 1536; x_wconf 87' lang='lat' dir='ltr'><strong>possit,</strong></span> <span class='ocrx_word' id='word_1_562' title='bbox 3622 1482 3695 1528; x_wconf 78' lang='lat' dir='ltr'><strong>ut‘</strong></span> <span class='ocrx_word' id='word_1_563' title='bbox 3722 1478 3925 1535; x_wconf 85' lang='lat' dir='ltr'><strong>scilicet</strong></span> 
     </span>
    </p>
   </div>
   <div class='ocr_carea' id='block_1_73' title="bbox 2346 1538 3923 1631">
    <p class='ocr_par' dir='ltr' id='par_1_73' title="bbox 2346 1538 3923 1631">
     <span class='ocr_line' id='line_1_73' title="bbox 2346 1538 3923 1631; baseline 0.025 -45"><span class='ocrx_word' id='word_1_564' title='bbox 2346 1538 2708 1608; x_wconf 90' lang='lat' dir='ltr'><strong>unusquisque</strong></span> <span class='ocrx_word' id='word_1_565' title='bbox 2736 1541 2967 1598; x_wconf 91' lang='lat' dir='ltr'><strong>fidelium</strong></span> <span class='ocrx_word' id='word_1_566' title='bbox 2986 1558 3267 1620; x_wconf 82' lang='lat' dir='ltr'><strong>postquam</strong></span> <span class='ocrx_word' id='word_1_567' title='bbox 3289 1570 3353 1610; x_wconf 81' lang='lat' dir='ltr'><strong>ex</strong></span> <span class='ocrx_word' id='word_1_568' title='bbox 3379 1557 3660 1617; x_wconf 64' lang='lat' dir='ltr'><strong>Deirnatus</strong></span> <span class='ocrx_word' id='word_1_569' title='bbox 3691 1577 3795 1631; x_wconf 86' lang='lat' dir='ltr'><strong>est,</strong></span> <span class='ocrx_word' id='word_1_570' title='bbox 3820 1571 3923 1625; x_wconf 84' lang='lat' dir='ltr'><strong>sic-</strong></span> 
     </span>
    </p>
   </div>
   <div class='ocr_carea' id='block_1_74' title="bbox 2345 1632 3918 1733">
    <p class='ocr_par' dir='ltr' id='par_1_74' title="bbox 2345 1632 3918 1733">
     <span class='ocr_line' id='line_1_74' title="bbox 2345 1632 3918 1733; baseline 0.026 -54"><span class='ocrx_word' id='word_1_571' title='bbox 2345 1635 2402 1679; x_wconf 92' lang='lat' dir='ltr'><strong>ut</strong></span> <span class='ocrx_word' id='word_1_572' title='bbox 2454 1642 2514 1683; x_wconf 91' lang='lat' dir='ltr'><strong>se</strong></span> <span class='ocrx_word' id='word_1_573' title='bbox 2554 1644 2663 1685; x_wconf 91' lang='lat' dir='ltr'><strong>non</strong></span> <span class='ocrx_word' id='word_1_574' title='bbox 2697 1632 3205 1707; x_wconf 69' lang='lat' dir='ltr'><strong>haberepeccatum</strong></span> <span class='ocrx_word' id='word_1_575' title='bbox 3233 1652 3581 1715; x_wconf 78' lang='lat' dir='ltr'><strong>pronuntiare</strong></span> <span class='ocrx_word' id='word_1_576' title='bbox 3608 1673 3718 1713; x_wconf 91' lang='lat' dir='ltr'><strong>non</strong></span> <span class='ocrx_word' id='word_1_577' title='bbox 3742 1662 3918 1733; x_wconf 83' lang='lat' dir='ltr'><strong>debet,</strong></span> 
     </span>
    </p>
   </div>
   <div class='ocr_carea' id='block_1_75' title="bbox 2346 1718 3920 1809">
    <p class='ocr_par' dir='ltr' id='par_1_75' title="bbox 2346 1718 3920 1809">
     <span class='ocr_line' id='line_1_75' title="bbox 2346 1718 3920 1809; baseline 0.025 -38"><span class='ocrx_word' id='word_1_578' title='bbox 2346 1718 2424 1773; x_wconf 85' lang='lat' dir='ltr'><strong>sic</strong></span> <span class='ocrx_word' id='word_1_579' title='bbox 2458 1722 2599 1791; x_wconf 93' lang='lat' dir='ltr'><strong>quod</strong></span> <span class='ocrx_word' id='word_1_580' title='bbox 2632 1723 2961 1783; x_wconf 78' lang='lat' dir='ltr'><strong>admittendo</strong></span> <span class='ocrx_word' id='word_1_581' title='bbox 2991 1740 3337 1798; x_wconf 81' lang='lat' dir='ltr'><strong>contraxerit.</strong></span> <span class='ocrx_word' id='word_1_582' title='bbox 3383 1745 3673 1803; x_wconf 81' lang='lat' dir='ltr'><strong>conﬁdenti</strong></span> <span class='ocrx_word' id='word_1_583' title='bbox 3718 1718 3920 1809; x_wconf 62' lang='lat' dir='ltr'><strong>relaxa:</strong></span> 
     </span>
    </p>
   </div>
   <div class='ocr_carea' id='block_1_76' title="bbox 2342 1812 3919 1910">
    <p class='ocr_par' dir='ltr' id='par_1_76' title="bbox 2342 1812 3919 1910">
     <span class='ocr_line' id='line_1_76' title="bbox 2342 1812 3919 1910; baseline 0.025 -45"><span class='ocrx_word' id='word_1_584' title='bbox 2342 1812 2489 1868; x_wconf 91' lang='lat' dir='ltr'><strong>tione</strong></span> <span class='ocrx_word' id='word_1_585' title='bbox 2537 1816 2842 1875; x_wconf 91' lang='lat' dir='ltr'><strong>submotum</strong></span> <span class='ocrx_word' id='word_1_586' title='bbox 2878 1837 3155 1905; x_wconf 84' lang='lat' dir='ltr'><strong>peccatum</strong></span> <span class='ocrx_word' id='word_1_587' title='bbox 3202 1830 3379 1889; x_wconf 88' lang='lat' dir='ltr'><strong>inesse</strong></span> <span class='ocrx_word' id='word_1_588' title='bbox 3422 1852 3527 1892; x_wconf 92' lang='lat' dir='ltr'><strong>non</strong></span> <span class='ocrx_word' id='word_1_589' title='bbox 3561 1845 3749 1910; x_wconf 85' lang='lat' dir='ltr'><strong>possit,</strong></span> <span class='ocrx_word' id='word_1_590' title='bbox 3788 1848 3919 1904; x_wconf 87' lang='lat' dir='ltr'><strong>sicut</strong></span> 
     </span>
    </p>
   </div>
   <div class='ocr_carea' id='block_1_77' title="bbox 2934 1915 3917 2001">
    <p class='ocr_par' dir='ltr' id='par_1_77' title="bbox 2934 1915 3917 2001">
     <span class='ocr_line' id='line_1_77' title="bbox 2934 1915 3917 2001; baseline 0.025 -33"><span class='ocrx_word' id='word_1_591' title='bbox 2934 1915 3165 1985; x_wconf 84' lang='lat' dir='ltr'><strong>djitnxit:</strong></span> <span class='ocrx_word' id='word_1_592' title='bbox 3200 1922 3329 1977; x_wconf 72' lang='lat' dir='ltr'><strong>Haec</strong></span> <span class='ocrx_word' id='word_1_593' title='bbox 3354 1929 3519 1983; x_wconf 87' lang='lat' dir='ltr'><strong>scribo</strong></span> <span class='ocrx_word' id='word_1_594' title='bbox 3547 1934 3703 2001; x_wconf 80' lang='lat' dir='ltr'><strong>vobis,</strong></span> <span class='ocrx_word' id='word_1_595' title='bbox 3736 1947 3791 1990; x_wconf 83' lang='lat' dir='ltr'><strong>ut</strong></span> <span class='ocrx_word' id='word_1_596' title='bbox 3822 1956 3917 1993; x_wconf 78' lang='lat' dir='ltr'><strong>non</strong></span> 
     </span>
    </p>
   </div>
   <div class='ocr_carea' id='block_1_78' title="bbox 2342 2000 3915 2087">
    <p class='ocr_par' dir='ltr' id='par_1_78' title="bbox 2342 2000 3915 2087">
     <span class='ocr_line' id='line_1_78' title="bbox 2342 2000 3915 2087; baseline 0.024 -39"><span class='ocrx_word' id='word_1_597' title='bbox 2342 2000 2595 2064; x_wconf 88' lang='lat' dir='ltr'><strong>peccetis;</strong></span> <span class='ocrx_word' id='word_1_598' title='bbox 2622 2005 2708 2055; x_wconf 85' lang='lat' dir='ltr'><strong>sed</strong></span> <span class='ocrx_word' id='word_1_599' title='bbox 2748 2005 2793 2057; x_wconf 87' lang='lat' dir='ltr'><strong>si</strong></span> <span class='ocrx_word' id='word_1_600' title='bbox 2834 2007 2945 2074; x_wconf 87' lang='lat' dir='ltr'><strong>quis</strong></span> <span class='ocrx_word' id='word_1_601' title='bbox 2993 2016 3291 2085; x_wconf 77' lang='lat' dir='ltr'><strong>peccaverit,</strong></span> <span class='ocrx_word' id='word_1_602' title='bbox 3337 2020 3636 2077; x_wconf 70' lang='lat' dir='ltr'><strong>advocatum</strong></span> <span class='ocrx_word' id='word_1_603' title='bbox 3683 2029 3915 2087; x_wconf 82' lang='lat' dir='ltr'><strong>habemus</strong></span> 
     </span>
    </p>
   </div>
   <div class='ocr_carea' id='block_1_79' title="bbox 2338 2090 3913 2185">
    <p class='ocr_par' dir='ltr' id='par_1_79' title="bbox 2338 2090 3913 2185">
     <span class='ocr_line' id='line_1_79' title="bbox 2338 2090 3913 2185; baseline 0.024 -44"><span class='ocrx_word' id='word_1_604' title='bbox 2338 2093 2479 2157; x_wconf 85' lang='lat' dir='ltr'><strong>apud</strong></span> <span class='ocrx_word' id='word_1_605' title='bbox 2506 2090 2713 2148; x_wconf 89' lang='lat' dir='ltr'><strong>Patrem</strong></span> <span class='ocrx_word' id='word_1_606' title='bbox 2732 2098 2956 2166; x_wconf 86' lang='lat' dir='ltr'><strong>justum,</strong></span> <span class='ocrx_word' id='word_1_607' title='bbox 2982 2112 3029 2156; x_wconf 87' lang='lat' dir='ltr'><strong>et</strong></span> <span class='ocrx_word' id='word_1_608' title='bbox 3049 2104 3156 2175; x_wconf 84' lang='lat' dir='ltr'><strong>ipse</strong></span> <span class='ocrx_word' id='word_1_609' title='bbox 3183 2120 3255 2161; x_wconf 85' lang='lat' dir='ltr'><strong>est</strong></span> <span class='ocrx_word' id='word_1_610' title='bbox 3281 2114 3574 2179; x_wconf 86' lang='lat' dir='ltr'><strong>propitiatio</strong></span> <span class='ocrx_word' id='word_1_611' title='bbox 3601 2133 3913 2185; x_wconf 83' lang='lat' dir='ltr'><strong>peccatorum</strong></span> 
     </span>
    </p>
   </div>
   <div class='ocr_carea' id='block_1_80' title="bbox 2340 2190 3912 2271">
    <p class='ocr_par' dir='ltr' id='par_1_80' title="bbox 2340 2190 3912 2271">
     <span class='ocr_line' id='line_1_80' title="bbox 2340 2190 3912 2271; baseline 0.024 -38"><span class='ocrx_word' id='word_1_612' title='bbox 2340 2190 2649 2253; x_wconf 87' lang='lat' dir='ltr'><strong>nostrorum,</strong></span> <span class='ocrx_word' id='word_1_613' title='bbox 2694 2204 2793 2241; x_wconf 90' lang='lat' dir='ltr'><strong>nou</strong></span> <span class='ocrx_word' id='word_1_614' title='bbox 2835 2199 3034 2246; x_wconf 87' lang='lat' dir='ltr'><strong>tantum</strong></span> <span class='ocrx_word' id='word_1_615' title='bbox 3078 2210 3386 2266; x_wconf 87' lang='lat' dir='ltr'><strong>nostrorum,</strong></span> <span class='ocrx_word' id='word_1_616' title='bbox 3421 2206 3512 2258; x_wconf 87' lang='lat' dir='ltr'><strong>sed</strong></span> <span class='ocrx_word' id='word_1_617' title='bbox 3556 2210 3709 2263; x_wconf 90' lang='lat' dir='ltr'><strong>totius</strong></span> <span class='ocrx_word' id='word_1_618' title='bbox 3746 2218 3912 2271; x_wconf 84' lang='lat' dir='ltr'><strong>mundi</strong></span> 
     </span>
    </p>
   </div>
   <div class='ocr_carea' id='block_1_81' title="bbox 2338 2272 3912 2368">
    <p class='ocr_par' dir='ltr' id='par_1_81' title="bbox 2338 2272 3912 2368">
     <span class='ocr_line' id='line_1_81' title="bbox 2338 2272 3912 2368; baseline 0.024 -43"><span class='ocrx_word' id='word_1_619' title='bbox 2338 2272 2393 2341; x_wconf 87' lang='lat'><strong>(1</strong></span> <span class='ocrx_word' id='word_1_620' title='bbox 2419 2274 2576 2334; x_wconf 87' lang='lat' dir='ltr'><strong>Joan.</strong></span> <span class='ocrx_word' id='word_1_621' title='bbox 2610 2280 2688 2349; x_wconf 84' lang='grc' dir='ltr'><strong>ιι).</strong></span> <span class='ocrx_word' id='word_1_622' title='bbox 2723 2280 2877 2348; x_wconf 74' lang='lat' dir='ltr'><strong>Quod</strong></span> <span class='ocrx_word' id='word_1_623' title='bbox 2910 2286 3145 2345; x_wconf 83' lang='lat' dir='ltr'><strong>breviter</strong></span> <span class='ocrx_word' id='word_1_624' title='bbox 3174 2292 3463 2355; x_wconf 90' lang='lat' dir='ltr'><strong>indicatum</strong></span> <span class='ocrx_word' id='word_1_625' title='bbox 3490 2302 3724 2368; x_wconf 88' lang='lat' dir='ltr'><strong>prudens</strong></span> <span class='ocrx_word' id='word_1_626' title='bbox 3754 2308 3912 2363; x_wconf 86' lang='lat' dir='ltr'><strong>lector</strong></span> 
     </span>
    </p>
   </div>
   <div class='ocr_carea' id='block_1_82' title="bbox 2339 2376 3913 2468">
    <p class='ocr_par' dir='ltr' id='par_1_82' title="bbox 2339 2376 3913 2468">
     <span class='ocr_line' id='line_1_82' title="bbox 2339 2376 3913 2468; baseline 0.023 -46"><span class='ocrx_word' id='word_1_627' title='bbox 2339 2384 2435 2437; x_wconf 88' lang='lat' dir='ltr'><strong>per</strong></span> <span class='ocrx_word' id='word_1_628' title='bbox 2458 2380 2622 2427; x_wconf 92' lang='lat' dir='ltr'><strong>totum</strong></span> <span class='ocrx_word' id='word_1_629' title='bbox 2656 2376 3051 2446; x_wconf 89' lang='lat' dir='ltr'><strong>Scripturarum</strong></span> <span class='ocrx_word' id='word_1_630' title='bbox 3075 2400 3266 2456; x_wconf 89' lang='lat' dir='ltr'><strong>corpus</strong></span> <span class='ocrx_word' id='word_1_631' title='bbox 3290 2391 3523 2460; x_wconf 88' lang='lat' dir='ltr'><strong>copiosis</strong></span> <span class='ocrx_word' id='word_1_632' title='bbox 3551 2400 3749 2468; x_wconf 84' lang='lat' dir='ltr'><strong>poterit</strong></span> <span class='ocrx_word' id='word_1_633' title='bbox 3773 2405 3913 2457; x_wconf 79' lang='lat' dir='ltr'><strong>testi-</strong></span> 
     </span>
    </p>
   </div>
   <div class='ocr_carea' id='block_1_83' title="bbox 2337 2464 3726 2557">
    <p class='ocr_par' dir='ltr' id='par_1_83' title="bbox 2337 2464 3726 2557">
     <span class='ocr_line' id='line_1_83' title="bbox 2337 2464 3726 2557; baseline 0.022 -41"><span class='ocrx_word' id='word_1_634' title='bbox 2337 2464 2672 2523; x_wconf 87' lang='lat' dir='ltr'><strong>ﬁcationibus</strong></span> <span class='ocrx_word' id='word_1_635' title='bbox 2701 2471 2941 2528; x_wconf 89' lang='lat' dir='ltr'><strong>invenire</strong></span> <span class='ocrx_word' id='word_1_636' title='bbox 2972 2487 3026 2530; x_wconf 92' lang='lat' dir='ltr'><strong>et</strong></span> <span class='ocrx_word' id='word_1_637' title='bbox 3047 2481 3379 2539; x_wconf 85' lang='lat' dir='ltr'><strong>manifestius</strong></span> <span class='ocrx_word' id='word_1_638' title='bbox 3405 2488 3726 2557; x_wconf 88' lang='lat' dir='ltr'><strong>approbare.</strong></span> 
     </span>
    </p>
   </div>
   <div class='ocr_carea' id='block_1_84' title="bbox 2404 2558 3910 2656">
    <p class='ocr_par' dir='ltr' id='par_1_84' title="bbox 2404 2558 3910 2656">
     <span class='ocr_line' id='line_1_84' title="bbox 2404 2558 3910 2656; baseline 0.021 -43"><span class='ocrx_word' id='word_1_639' title='bbox 2404 2558 2493 2614; x_wconf 90' lang='lat' dir='ltr'><strong>Sic</strong></span> <span class='ocrx_word' id='word_1_640' title='bbox 2524 2571 2874 2631; x_wconf 88' lang='lat' dir='ltr'><strong>temperatum</strong></span> <span class='ocrx_word' id='word_1_641' title='bbox 2904 2579 3101 2625; x_wconf 61' lang='lat' dir='ltr'><strong>nostra;</strong></span> <span class='ocrx_word' id='word_1_642' title='bbox 3131 2573 3317 2631; x_wconf 89' lang='lat' dir='ltr'><strong>salutis</strong></span> <span class='ocrx_word' id='word_1_643' title='bbox 3341 2580 3660 2653; x_wconf 86' lang='lat' dir='ltr'><strong>antidotum,</strong></span> <span class='ocrx_word' id='word_1_644' title='bbox 3690 2596 3751 2640; x_wconf 91' lang='lat' dir='ltr'><strong>ut</strong></span> <span class='ocrx_word' id='word_1_645' title='bbox 3770 2602 3910 2656; x_wconf 69' lang='lat' dir='ltr'><strong>omni</strong></span> 
     </span>
    </p>
   </div>
   <div class='ocr_carea' id='block_1_85' title="bbox 2334 2655 3908 2745">
    <p class='ocr_par' dir='ltr' id='par_1_85' title="bbox 2334 2655 3908 2745">
     <span class='ocr_line' id='line_1_85' title="bbox 2334 2655 3908 2745; baseline 0.021 -40"><span class='ocrx_word' id='word_1_646' title='bbox 2334 2655 2679 2722; x_wconf 73' lang='lat' dir='ltr'><strong>protervitate</strong></span> <span class='ocrx_word' id='word_1_647' title='bbox 2722 2660 2985 2732; x_wconf 78' lang='lat' dir='ltr'><strong>depasita,</strong></span> <span class='ocrx_word' id='word_1_648' title='bbox 3018 2666 3104 2734; x_wconf 87' lang='lat' dir='ltr'><strong>qui</strong></span> <span class='ocrx_word' id='word_1_649' title='bbox 3138 2670 3387 2738; x_wconf 86' lang='lat' dir='ltr'><strong>gloriatur</strong></span> <span class='ocrx_word' id='word_1_650' title='bbox 3408 2690 3507 2729; x_wconf 86' lang='lat' dir='ltr'><strong>non</strong></span> <span class='ocrx_word' id='word_1_651' title='bbox 3544 2677 3596 2731; x_wconf 85' lang='lat' dir='ltr'><strong>in</strong></span> <span class='ocrx_word' id='word_1_652' title='bbox 3626 2695 3698 2745; x_wconf 89' lang='lat' dir='ltr'><strong>se,</strong></span> <span class='ocrx_word' id='word_1_653' title='bbox 3746 2683 3835 2735; x_wconf 85' lang='lat' dir='ltr'><strong>sed</strong></span> <span class='ocrx_word' id='word_1_654' title='bbox 3860 2655 3908 2738; x_wconf 77' lang='lat' dir='ltr'><strong>its</strong></span> 
     </span>
    </p>
   </div>
   <div class='ocr_carea' id='block_1_86' title="bbox 2335 2745 3908 2843">
    <p class='ocr_par' dir='ltr' id='par_1_86' title="bbox 2335 2745 3908 2843">
     <span class='ocr_line' id='line_1_86' title="bbox 2335 2745 3908 2843; baseline 0.023 -45"><span class='ocrx_word' id='word_1_655' title='bbox 2335 2745 2552 2802; x_wconf 86' lang='lat' dir='ltr'><strong>Domino</strong></span> <span class='ocrx_word' id='word_1_656' title='bbox 2575 2753 2931 2822; x_wconf 66' lang='lat' dir='ltr'><strong>gloripturUI</strong></span> <span class='ocrx_word' id='word_1_657' title='bbox 2962 2756 3079 2813; x_wconf 86' lang='lat' dir='ltr'><strong>Cor.</strong></span> <span class='ocrx_word' id='word_1_658' title='bbox 3134 2761 3211 2832; x_wconf 70' lang='grc' dir='ltr'><strong>κ).</strong></span> <span class='ocrx_word' id='word_1_659' title='bbox 3252 2764 3424 2822; x_wconf 87' lang='lat' dir='ltr'><strong>Etiam</strong></span> <span class='ocrx_word' id='word_1_660' title='bbox 3470 2769 3604 2826; x_wconf 88' lang='lat' dir='ltr'><strong>illud</strong></span> <span class='ocrx_word' id='word_1_661' title='bbox 3647 2787 3908 2843; x_wconf 66' lang='lat' dir='ltr'><strong>praeterea</strong></span> 
     </span>
    </p>
   </div>
   <div class='ocr_carea' id='block_1_87' title="bbox 2330 2838 3906 2931">
    <p class='ocr_par' dir='ltr' id='par_1_87' title="bbox 2330 2838 3906 2931">
     <span class='ocr_line' id='line_1_87' title="bbox 2330 2838 3906 2931; baseline 0.022 -40"><span class='ocrx_word' id='word_1_662' title='bbox 2330 2838 2670 2909; x_wconf 87' lang='lat' dir='ltr'><strong>diligentibus</strong></span> <span class='ocrx_word' id='word_1_663' title='bbox 2721 2845 3037 2906; x_wconf 87' lang='lat' dir='ltr'><strong>intuendum</strong></span> <span class='ocrx_word' id='word_1_664' title='bbox 3083 2865 3186 2919; x_wconf 89' lang='lat' dir='ltr'><strong>est,</strong></span> <span class='ocrx_word' id='word_1_665' title='bbox 3220 2859 3361 2927; x_wconf 87' lang='lat' dir='ltr'><strong>quod</strong></span> <span class='ocrx_word' id='word_1_666' title='bbox 3395 2838 3664 2931; x_wconf 72' lang='lat' dir='ltr'><strong>quosdam</strong></span> <span class='ocrx_word' id='word_1_667' title='bbox 3694 2883 3906 2927; x_wconf 86' lang='lat' dir='ltr'><strong>movere</strong></span> 
     </span>
    </p>
   </div>
   <div class='ocr_carea' id='block_1_88' title="bbox 2333 2934 3987 3030">
    <p class='ocr_par' dir='ltr' id='par_1_88' title="bbox 2333 2934 3987 3030">
     <span class='ocr_line' id='line_1_88' title="bbox 2333 2934 3987 3030; baseline 0.023 -49"><span class='ocrx_word' id='word_1_668' title='bbox 2333 2934 2701 2997; x_wconf 82' lang='lat' dir='ltr'><strong>perSpeximus</strong></span> <span class='ocrx_word' id='word_1_669' title='bbox 2748 2938 2799 2992; x_wconf 89' lang='lat' dir='ltr'><strong>id</strong></span> <span class='ocrx_word' id='word_1_670' title='bbox 2840 2943 2981 3009; x_wconf 92' lang='lat' dir='ltr'><strong>quod</strong></span> <span class='ocrx_word' id='word_1_671' title='bbox 3015 2944 3085 2997; x_wconf 90' lang='lat' dir='ltr'><strong>ait</strong></span> <span class='ocrx_word' id='word_1_672' title='bbox 3109 2946 3415 3016; x_wconf 81' lang='lat' dir='ltr'><strong>Aposmlus,</strong></span> <span class='ocrx_word' id='word_1_673' title='bbox 3444 2968 3566 3009; x_wconf 89' lang='lat' dir='ltr'><strong>cum</strong></span> <span class='ocrx_word' id='word_1_674' title='bbox 3595 2959 3906 3030; x_wconf 86' lang='lat' dir='ltr'><strong>conjugibus</strong></span> <span class='ocrx_word' id='word_1_675' title='bbox 3986 2952 3987 2957; x_wconf 29' lang='grc'><em>“</em></span> 
     </span>
    </p>
   </div>
   <div class='ocr_carea' id='block_1_89' title="bbox 2330 3022 3902 3109">
    <p class='ocr_par' dir='ltr' id='par_1_89' title="bbox 2330 3022 3902 3109">
     <span class='ocr_line' id='line_1_89' title="bbox 2330 3022 3902 3109; baseline 0.022 -34"><span class='ocrx_word' id='word_1_676' title='bbox 2330 3022 2682 3097; x_wconf 90' lang='lat' dir='ltr'><strong>ﬁdelibusque</strong></span> <span class='ocrx_word' id='word_1_677' title='bbox 2722 3029 3051 3103; x_wconf 87' lang='lat' dir='ltr'><strong>loqueretur,</strong></span> <span class='ocrx_word' id='word_1_678' title='bbox 3088 3042 3407 3099; x_wconf 88' lang='lat' dir='ltr'><strong>sanctiﬁcari</strong></span> <span class='ocrx_word' id='word_1_679' title='bbox 3447 3048 3656 3105; x_wconf 88' lang='lat' dir='ltr'><strong>scilicet</strong></span> <span class='ocrx_word' id='word_1_680' title='bbox 3683 3022 3796 3107; x_wconf 69' lang='lat' dir='ltr'><strong>sive</strong></span> <span class='ocrx_word' id='word_1_681' title='bbox 3822 3055 3902 3109; x_wconf 79' lang='lat' dir='ltr'><strong>vi-</strong></span> 
     </span>
    </p>
   </div>
   <div class='ocr_carea' id='block_1_90' title="bbox 2328 3120 3903 3210">
    <p class='ocr_par' dir='ltr' id='par_1_90' title="bbox 2328 3120 3903 3210">
     <span class='ocr_line' id='line_1_90' title="bbox 2328 3120 3903 3210; baseline 0.022 -41"><span class='ocrx_word' id='word_1_682' title='bbox 2328 3132 2444 3172; x_wconf 89' lang='lat' dir='ltr'><strong>rum</strong></span> <span class='ocrx_word' id='word_1_683' title='bbox 2488 3120 2601 3176; x_wconf 86' lang='lat' dir='ltr'><strong>sive</strong></span> <span class='ocrx_word' id='word_1_684' title='bbox 2646 3124 2928 3181; x_wconf 90' lang='lat' dir='ltr'><strong>mulierem</strong></span> <span class='ocrx_word' id='word_1_685' title='bbox 2980 3129 3246 3205; x_wconf 82' lang='lat' dir='ltr'><strong>inﬁdelem</strong></span> <span class='ocrx_word' id='word_1_686' title='bbox 3296 3151 3392 3206; x_wconf 92' lang='lat' dir='ltr'><strong>per</strong></span> <span class='ocrx_word' id='word_1_687' title='bbox 3427 3139 3711 3210; x_wconf 88' lang='lat' dir='ltr'><strong>cujuslibet</strong></span> <span class='ocrx_word' id='word_1_688' title='bbox 3747 3161 3903 3203; x_wconf 79' lang='lat' dir='ltr'><strong>sexus</strong></span> 
     </span>
    </p>
   </div>
   <div class='ocr_carea' id='block_1_91' title="bbox 2332 3209 3903 3295">
    <p class='ocr_par' dir='ltr' id='par_1_91' title="bbox 2332 3209 3903 3295">
     <span class='ocr_line' id='line_1_91' title="bbox 2332 3209 3903 3295; baseline 0.023 -35"><span class='ocrx_word' id='word_1_689' title='bbox 2332 3209 2488 3265; x_wconf 85' lang='lat' dir='ltr'><strong>fidele</strong></span> <span class='ocrx_word' id='word_1_690' title='bbox 2530 3217 2894 3272; x_wconf 86' lang='lat' dir='ltr'><strong>consortium:</strong></span> <span class='ocrx_word' id='word_1_691' title='bbox 2928 3229 2983 3275; x_wconf 89' lang='lat' dir='ltr'><strong>et</strong></span> <span class='ocrx_word' id='word_1_692' title='bbox 3031 3223 3291 3293; x_wconf 89' lang='lat' dir='ltr'><strong>imprimis</strong></span> <span class='ocrx_word' id='word_1_693' title='bbox 3320 3244 3425 3284; x_wconf 89' lang='lat' dir='ltr'><strong>non</strong></span> <span class='ocrx_word' id='word_1_694' title='bbox 3467 3232 3903 3295; x_wconf 81' lang='lat' dir='ltr'><strong>inconvenienter</strong></span> 
     </span>
    </p>
   </div>
   <div class='ocr_carea' id='block_1_92' title="bbox 2328 3304 3900 3396">
    <p class='ocr_par' dir='ltr' id='par_1_92' title="bbox 2328 3304 3900 3396">
     <span class='ocr_line' id='line_1_92' title="bbox 2328 3304 3900 3396; baseline 0.021 -43"><span class='ocrx_word' id='word_1_695' title='bbox 2328 3304 2559 3357; x_wconf 91' lang='lat' dir='ltr'><strong>occurrit</strong></span> <span class='ocrx_word' id='word_1_696' title='bbox 2580 3307 2721 3373; x_wconf 91' lang='lat' dir='ltr'><strong>quod</strong></span> <span class='ocrx_word' id='word_1_697' title='bbox 2752 3308 2950 3367; x_wconf 91' lang='lat' dir='ltr'><strong>dictum</strong></span> <span class='ocrx_word' id='word_1_698' title='bbox 2981 3324 3062 3368; x_wconf 91' lang='lat' dir='ltr'><strong>est</strong></span> <span class='ocrx_word' id='word_1_699' title='bbox 3095 3315 3164 3371; x_wconf 90' lang='lat' dir='ltr'><strong>de</strong></span> <span class='ocrx_word' id='word_1_700' title='bbox 3205 3318 3404 3377; x_wconf 65' lang='lat' dir='ltr'><strong>findere</strong></span> <span class='ocrx_word' id='word_1_701' title='bbox 3432 3324 3728 3396; x_wconf 87' lang='lat' dir='ltr'><strong>conjugali;</strong></span> <span class='ocrx_word' id='word_1_702' title='bbox 3757 3342 3900 3385; x_wconf 80' lang='lat' dir='ltr'><strong>erunt</strong></span> 
     </span>
    </p>
   </div>
   <div class='ocr_carea' id='block_1_93' title="bbox 2326 3394 3903 3488">
    <p class='ocr_par' dir='ltr' id='par_1_93' title="bbox 2326 3394 3903 3488">
     <span class='ocr_line' id='line_1_93' title="bbox 2326 3394 3903 3488; baseline 0.025 -45"><span class='ocrx_word' id='word_1_703' title='bbox 2326 3394 2428 3444; x_wconf 89' lang='lat' dir='ltr'><strong>duo</strong></span> <span class='ocrx_word' id='word_1_704' title='bbox 2450 3395 2501 3447; x_wconf 89' lang='lat' dir='ltr'><strong>in</strong></span> <span class='ocrx_word' id='word_1_705' title='bbox 2529 3412 2677 3452; x_wconf 85' lang='lat' dir='ltr'><strong>carne</strong></span> <span class='ocrx_word' id='word_1_706' title='bbox 2700 3417 2802 3455; x_wconf 87' lang='lat' dir='ltr'><strong>una</strong></span> <span class='ocrx_word' id='word_1_707' title='bbox 2833 3401 2888 3471; x_wconf 87' lang='grc' dir='ltr'><strong>(Ι</strong></span> <span class='ocrx_word' id='word_1_708' title='bbox 2908 3403 3025 3461; x_wconf 85' lang='lat' dir='ltr'><strong>Cor.</strong></span> <span class='ocrx_word' id='word_1_709' title='bbox 3060 3407 3173 3477; x_wconf 78' lang='lat' dir='ltr'><strong>Vit).</strong></span> <span class='ocrx_word' id='word_1_710' title='bbox 3222 3408 3324 3466; x_wconf 85' lang='lat' dir='ltr'><strong>Per</strong></span> <span class='ocrx_word' id='word_1_711' title='bbox 3343 3416 3482 3484; x_wconf 92' lang='lat' dir='ltr'><strong>quod</strong></span> <span class='ocrx_word' id='word_1_712' title='bbox 3512 3394 3685 3488; x_wconf 77' lang='lat' dir='ltr'><strong>possit</strong></span> <span class='ocrx_word' id='word_1_713' title='bbox 3712 3394 3903 3481; x_wconf 49' lang='lat' dir='ltr'><strong>consuk</strong></span> 
     </span>
    </p>
   </div>
   <div class='ocr_carea' id='block_1_94' title="bbox 2324 3490 3902 3585">
    <p class='ocr_par' dir='ltr' id='par_1_94' title="bbox 2324 3490 3902 3585">
     <span class='ocr_line' id='line_1_94' title="bbox 2324 3490 3902 3585; baseline 0.023 -48"><span class='ocrx_word' id='word_1_714' title='bbox 2324 3497 2549 3555; x_wconf 86' lang='lat' dir='ltr'><strong>quenter</strong></span> <span class='ocrx_word' id='word_1_715' title='bbox 2576 3490 2820 3563; x_wconf 87' lang='lat' dir='ltr'><strong>intelligi,</strong></span> <span class='ocrx_word' id='word_1_716' title='bbox 2851 3505 2907 3550; x_wconf 91' lang='lat' dir='ltr'><strong>ut</strong></span> <span class='ocrx_word' id='word_1_717' title='bbox 2929 3501 3178 3568; x_wconf 90' lang='lat' dir='ltr'><strong>quoniam</strong></span> <span class='ocrx_word' id='word_1_718' title='bbox 3201 3506 3487 3573; x_wconf 90' lang='lat' dir='ltr'><strong>cujuslibet</strong></span> <span class='ocrx_word' id='word_1_719' title='bbox 3506 3514 3750 3585; x_wconf 84' lang='lat' dir='ltr'><strong>conjugis</strong></span> <span class='ocrx_word' id='word_1_720' title='bbox 3774 3517 3902 3573; x_wconf 82' lang='lat' dir='ltr'><strong>fide-</strong></span> 
     </span>
    </p>
   </div>
   <div class='ocr_carea' id='block_1_95' title="bbox 2327 3579 3890 3678">
    <p class='ocr_par' dir='ltr' id='par_1_95' title="bbox 2327 3579 3890 3678">
     <span class='ocr_line' id='line_1_95' title="bbox 2327 3579 3890 3678; baseline 0.022 -48"><span class='ocrx_word' id='word_1_721' title='bbox 2327 3579 2389 3631; x_wconf 89' lang='lat' dir='ltr'><strong>lis</strong></span> <span class='ocrx_word' id='word_1_722' title='bbox 2413 3595 2610 3649; x_wconf 87' lang='lat' dir='ltr'><strong>corpus</strong></span> <span class='ocrx_word' id='word_1_723' title='bbox 2637 3586 2891 3654; x_wconf 90' lang='lat' dir='ltr'><strong>templum</strong></span> <span class='ocrx_word' id='word_1_724' title='bbox 2921 3602 3002 3645; x_wconf 91' lang='lat' dir='ltr'><strong>est</strong></span> <span class='ocrx_word' id='word_1_725' title='bbox 3034 3592 3147 3659; x_wconf 92' lang='lat' dir='ltr'><strong>Dei,</strong></span> <span class='ocrx_word' id='word_1_726' title='bbox 3182 3605 3237 3650; x_wconf 88' lang='lat' dir='ltr'><strong>et</strong></span> <span class='ocrx_word' id='word_1_727' title='bbox 3266 3603 3674 3670; x_wconf 88' lang='lat' dir='ltr'><strong>regeneratione</strong></span> <span class='ocrx_word' id='word_1_728' title='bbox 3711 3623 3890 3678; x_wconf 79' lang='lat' dir='ltr'><strong>purga~</strong></span> 
     </span>
    </p>
   </div>
   <div class='ocr_carea' id='block_1_96' title="bbox 2326 3671 3874 3772">
    <p class='ocr_par' dir='ltr' id='par_1_96' title="bbox 2326 3671 3874 3772">
     <span class='ocr_line' id='line_1_96' title="bbox 2326 3671 3874 3772; baseline 0.022 -51"><span class='ocrx_word' id='word_1_729' title='bbox 2326 3678 2456 3735; x_wconf 90' lang='lat' dir='ltr'><strong>tum,</strong></span> <span class='ocrx_word' id='word_1_730' title='bbox 2492 3671 2769 3745; x_wconf 88' lang='lat' dir='ltr'><strong>divinique</strong></span> <span class='ocrx_word' id='word_1_731' title='bbox 2798 3681 3182 3741; x_wconf 88' lang='lat' dir='ltr'><strong>sanctiﬁcatum</strong></span> <span class='ocrx_word' id='word_1_732' title='bbox 3214 3702 3309 3756; x_wconf 91' lang='lat' dir='ltr'><strong>per</strong></span> <span class='ocrx_word' id='word_1_733' title='bbox 3332 3671 3755 3759; x_wconf 82' lang='lat' dir='ltr'><strong>puriﬁcationem</strong></span> <span class='ocrx_word' id='word_1_734' title='bbox 3785 3717 3874 3772; x_wconf 84' lang='lat' dir='ltr'><strong>my</strong></span> 
     </span>
    </p>
   </div>
   <div class='ocr_carea' id='block_1_97' title="bbox 2322 3762 3931 3861">
    <p class='ocr_par' dir='ltr' id='par_1_97' title="bbox 2322 3762 3931 3861">
     <span class='ocr_line' id='line_1_97' title="bbox 2322 3762 3931 3861; baseline 0.025 -50"><span class='ocrx_word' id='word_1_735' title='bbox 2322 3762 2493 3826; x_wconf 84' lang='lat' dir='ltr'><strong>stcrii,</strong></span> <span class='ocrx_word' id='word_1_736' title='bbox 2513 3766 2805 3822; x_wconf 88' lang='lat' dir='ltr'><strong>secundum</strong></span> <span class='ocrx_word' id='word_1_737' title='bbox 2820 3766 3361 3849; x_wconf 29' lang='lat' dir='ltr'><strong>quemdam‘inodum,</strong></span> <span class='ocrx_word' id='word_1_738' title='bbox 3379 3800 3472 3854; x_wconf 89' lang='lat' dir='ltr'><strong>per</strong></span> <span class='ocrx_word' id='word_1_739' title='bbox 3483 3789 3776 3861; x_wconf 84' lang='lat' dir='ltr'><strong>conjugalis</strong></span> <span class='ocrx_word' id='word_1_740' title='bbox 3791 3796 3899 3850; x_wconf 88' lang='lat' dir='ltr'><strong>uni-</strong></span> <span class='ocrx_word' id='word_1_741' title='bbox 3928 3812 3931 3815; x_wconf 75' lang='lat'><em>&#39;</em></span> 
     </span>
    </p>
   </div>
   <div class='ocr_carea' id='block_1_98' title="bbox 2323 3859 3899 3957">
    <p class='ocr_par' dir='ltr' id='par_1_98' title="bbox 2323 3859 3899 3957">
     <span class='ocr_line' id='line_1_98' title="bbox 2323 3859 3899 3957; baseline 0.025 -53"><span class='ocrx_word' id='word_1_742' title='bbox 2323 3859 2481 3907; x_wconf 90' lang='lat' dir='ltr'><strong>tatem</strong></span> <span class='ocrx_word' id='word_1_743' title='bbox 2494 3860 2669 3915; x_wconf 83' lang='lat' dir='ltr'><strong>carnis</strong></span> <span class='ocrx_word' id='word_1_744' title='bbox 2680 3860 2836 3915; x_wconf 88' lang='lat' dir='ltr'><strong>etiam</strong></span> <span class='ocrx_word' id='word_1_745' title='bbox 2850 3865 3088 3937; x_wconf 84' lang='lat' dir='ltr'><strong>conjugis</strong></span> <span class='ocrx_word' id='word_1_746' title='bbox 3104 3871 3329 3931; x_wconf 87' lang='lat' dir='ltr'><strong>inﬁdelis</strong></span> <span class='ocrx_word' id='word_1_747' title='bbox 3342 3859 3692 3939; x_wconf 85' lang='lat' dir='ltr'><strong>sanctiﬁcatio</strong></span> <span class='ocrx_word' id='word_1_748' title='bbox 3703 3899 3899 3957; x_wconf 88' lang='lat' dir='ltr'><strong>corpus</strong></span> 
     </span>
    </p>
   </div>
   <div class='ocr_carea' id='block_1_99' title="bbox 2319 3950 3898 4035">
    <p class='ocr_par' dir='ltr' id='par_1_99' title="bbox 2319 3950 3898 4035">
     <span class='ocr_line' id='line_1_99' title="bbox 2319 3950 3898 4035; baseline 0.023 -36"><span class='ocrx_word' id='word_1_749' title='bbox 2319 3950 2561 4018; x_wconf 83' lang='lat' dir='ltr'><strong>attingat,</strong></span> <span class='ocrx_word' id='word_1_750' title='bbox 2593 3952 2854 4025; x_wconf 85' lang='lat' dir='ltr'><strong>longeque</strong></span> <span class='ocrx_word' id='word_1_751' title='bbox 2879 3959 3045 4017; x_wconf 86' lang='lat' dir='ltr'><strong>distet</strong></span> <span class='ocrx_word' id='word_1_752' title='bbox 3072 3963 3173 4019; x_wconf 88' lang='lat' dir='ltr'><strong>ista</strong></span> <span class='ocrx_word' id='word_1_753' title='bbox 3195 3971 3424 4026; x_wconf 87' lang='lat' dir='ltr'><strong>societas</strong></span> <span class='ocrx_word' id='word_1_754' title='bbox 3451 3972 3517 4027; x_wconf 87' lang='lat' dir='ltr'><strong>ab</strong></span> <span class='ocrx_word' id='word_1_755' title='bbox 3546 3975 3639 4030; x_wconf 92' lang='lat' dir='ltr'><strong>illo</strong></span> <span class='ocrx_word' id='word_1_756' title='bbox 3676 3993 3898 4035; x_wconf 90' lang='lat' dir='ltr'><strong>consor-</strong></span> 
     </span>
    </p>
   </div>
   <div class='ocr_carea' id='block_1_100' title="bbox 2322 4042 3898 4140">
    <p class='ocr_par' dir='ltr' id='par_1_100' title="bbox 2322 4042 3898 4140">
     <span class='ocr_line' id='line_1_100' title="bbox 2322 4042 3898 4140; baseline 0.022 -46"><span class='ocrx_word' id='word_1_757' title='bbox 2322 4042 2394 4094; x_wconf 91' lang='lat' dir='ltr'><strong>tio</strong></span> <span class='ocrx_word' id='word_1_758' title='bbox 2438 4046 2578 4110; x_wconf 90' lang='lat' dir='ltr'><strong>quod</strong></span> <span class='ocrx_word' id='word_1_759' title='bbox 2615 4047 2669 4101; x_wconf 91' lang='lat' dir='ltr'><strong>in</strong></span> <span class='ocrx_word' id='word_1_760' title='bbox 2704 4050 2939 4121; x_wconf 88' lang='lat' dir='ltr'><strong>utrisque</strong></span> <span class='ocrx_word' id='word_1_761' title='bbox 2981 4056 3293 4127; x_wconf 89' lang='lat' dir='ltr'><strong>conjugibus</strong></span> <span class='ocrx_word' id='word_1_762' title='bbox 3335 4062 3489 4120; x_wconf 88' lang='lat' dir='ltr'><strong>idolis</strong></span> <span class='ocrx_word' id='word_1_763' title='bbox 3535 4071 3898 4140; x_wconf 85' lang='lat' dir='ltr'><strong>mancipatum</strong></span> 
     </span>
    </p>
   </div>
   <div class='ocr_carea' id='block_1_101' title="bbox 2318 4136 3897 4227">
    <p class='ocr_par' dir='ltr' id='par_1_101' title="bbox 2318 4136 3897 4227">
     <span class='ocr_line' id='line_1_101' title="bbox 2318 4136 3897 4227; baseline 0.021 -40"><span class='ocrx_word' id='word_1_764' title='bbox 2318 4142 2420 4201; x_wconf 91' lang='lat' dir='ltr'><strong>est,</strong></span> <span class='ocrx_word' id='word_1_765' title='bbox 2445 4144 2498 4190; x_wconf 90' lang='lat' dir='ltr'><strong>et</strong></span> <span class='ocrx_word' id='word_1_766' title='bbox 2540 4136 2794 4194; x_wconf 89' lang='lat' dir='ltr'><strong>immundi</strong></span> <span class='ocrx_word' id='word_1_767' title='bbox 2835 4144 3056 4210; x_wconf 84' lang='lat' dir='ltr'><strong>spiritus</strong></span> <span class='ocrx_word' id='word_1_768' title='bbox 3087 4146 3411 4210; x_wconf 82' lang='lat' dir='ltr'><strong>habitatione</strong></span> <span class='ocrx_word' id='word_1_769' title='bbox 3455 4136 3733 4227; x_wconf 69' lang='lat' dir='ltr'><strong>pollutum,</strong></span> <span class='ocrx_word' id='word_1_770' title='bbox 3767 4163 3897 4220; x_wconf 90' lang='lat' dir='ltr'><strong>dum</strong></span> 
     </span>
    </p>
   </div>
   <div class='ocr_carea' id='block_1_102' title="bbox 2318 4226 3895 4325">
    <p class='ocr_par' dir='ltr' id='par_1_102' title="bbox 2318 4226 3895 4325">
     <span class='ocr_line' id='line_1_102' title="bbox 2318 4226 3895 4325; baseline 0.022 -46"><span class='ocrx_word' id='word_1_771' title='bbox 2318 4227 2368 4280; x_wconf 91' lang='lat' dir='ltr'><strong>in</strong></span> <span class='ocrx_word' id='word_1_772' title='bbox 2394 4226 2484 4282; x_wconf 90' lang='lat' dir='ltr'><strong>illo</strong></span> <span class='ocrx_word' id='word_1_773' title='bbox 2504 4244 2697 4298; x_wconf 89' lang='lat' dir='ltr'><strong>genere</strong></span> <span class='ocrx_word' id='word_1_774' title='bbox 2719 4235 3021 4301; x_wconf 90' lang='lat' dir='ltr'><strong>nuptiarum</strong></span> <span class='ocrx_word' id='word_1_775' title='bbox 3038 4255 3129 4308; x_wconf 90' lang='lat' dir='ltr'><strong>per</strong></span> <span class='ocrx_word' id='word_1_776' title='bbox 3148 4242 3316 4313; x_wconf 88' lang='lat' dir='ltr'><strong>legem</strong></span> <span class='ocrx_word' id='word_1_777' title='bbox 3341 4246 3549 4320; x_wconf 67' lang='lat' dir='ltr'><strong>fmdusq</strong></span> <span class='ocrx_word' id='word_1_778' title='bbox 3560 4267 3625 4308; x_wconf 90' lang='lat' dir='ltr'><strong>ue</strong></span> <span class='ocrx_word' id='word_1_779' title='bbox 3638 4238 3895 4325; x_wconf 71' lang='lat' dir='ltr'><strong>conjugii,</strong></span> 
     </span>
    </p>
   </div>
   <div class='ocr_carea' id='block_1_103' title="bbox 2315 4320 3898 4404">
    <p class='ocr_par' dir='ltr' id='par_1_103' title="bbox 2315 4320 3898 4404">
     <span class='ocr_line' id='line_1_103' title="bbox 2315 4320 3898 4404; baseline 0.02 -32"><span class='ocrx_word' id='word_1_780' title='bbox 2315 4320 2380 4373; x_wconf 91' lang='lat' dir='ltr'><strong>ad</strong></span> <span class='ocrx_word' id='word_1_781' title='bbox 2410 4322 2637 4377; x_wconf 86' lang='lat' dir='ltr'><strong>alterum</strong></span> <span class='ocrx_word' id='word_1_782' title='bbox 2667 4329 2876 4382; x_wconf 87' lang='lat' dir='ltr'><strong>tametsi</strong></span> <span class='ocrx_word' id='word_1_783' title='bbox 2899 4333 3220 4389; x_wconf 89' lang='lat' dir='ltr'><strong>nescientem</strong></span> <span class='ocrx_word' id='word_1_784' title='bbox 3245 4336 3465 4395; x_wconf 89' lang='lat' dir='ltr'><strong>forsitan</strong></span> <span class='ocrx_word' id='word_1_785' title='bbox 3498 4356 3596 4397; x_wconf 91' lang='lat' dir='ltr'><strong>nec</strong></span> <span class='ocrx_word' id='word_1_786' title='bbox 3630 4346 3898 4404; x_wconf 88' lang='lat' dir='ltr'><strong>volentem</strong></span> 
     </span>
    </p>
   </div>
   <div class='ocr_carea' id='block_1_104' title="bbox 2316 4411 3897 4495">
    <p class='ocr_par' dir='ltr' id='par_1_104' title="bbox 2316 4411 3897 4495">
     <span class='ocr_line' id='line_1_104' title="bbox 2316 4411 3897 4495; baseline 0.022 -33"><span class='ocrx_word' id='word_1_787' title='bbox 2316 4411 2493 4465; x_wconf 79' lang='lat' dir='ltr'><strong>divina</strong></span> <span class='ocrx_word' id='word_1_788' title='bbox 2522 4415 2823 4473; x_wconf 89' lang='lat' dir='ltr'><strong>benedictio</strong></span> <span class='ocrx_word' id='word_1_789' title='bbox 2854 4436 2950 4490; x_wconf 92' lang='lat' dir='ltr'><strong>per</strong></span> <span class='ocrx_word' id='word_1_790' title='bbox 2970 4423 3187 4483; x_wconf 88' lang='lat' dir='ltr'><strong>alterius</strong></span> <span class='ocrx_word' id='word_1_791' title='bbox 3219 4432 3377 4485; x_wconf 57' lang='lat' dir='ltr'><strong>unitas</strong></span> <span class='ocrx_word' id='word_1_792' title='bbox 3396 4434 3496 4488; x_wconf 91' lang='lat' dir='ltr'><strong>sibi</strong></span> <span class='ocrx_word' id='word_1_793' title='bbox 3526 4439 3705 4493; x_wconf 87' lang='lat' dir='ltr'><strong>carnis</strong></span> <span class='ocrx_word' id='word_1_794' title='bbox 3738 4456 3897 4495; x_wconf 83' lang='lat' dir='ltr'><strong>acce-</strong></span> 
     </span>
    </p>
   </div>
   <div class='ocr_carea' id='block_1_105' title="bbox 2316 4502 3900 4601">
    <p class='ocr_par' dir='ltr' id='par_1_105' title="bbox 2316 4502 3900 4601">
     <span class='ocr_line' id='line_1_105' title="bbox 2316 4502 3900 4601; baseline 0.023 -47"><span class='ocrx_word' id='word_1_795' title='bbox 2316 4502 2414 4556; x_wconf 91' lang='lat' dir='ltr'><strong>dit.</strong></span> <span class='ocrx_word' id='word_1_796' title='bbox 2450 4505 2503 4558; x_wconf 92' lang='lat' dir='ltr'><strong>ln</strong></span> <span class='ocrx_word' id='word_1_797' title='bbox 2529 4506 2630 4561; x_wconf 92' lang='lat' dir='ltr'><strong>isto</strong></span> <span class='ocrx_word' id='word_1_798' title='bbox 2652 4524 2799 4575; x_wconf 87' lang='lat' dir='ltr'><strong>vero,</strong></span> <span class='ocrx_word' id='word_1_799' title='bbox 2833 4523 2886 4568; x_wconf 94' lang='lat' dir='ltr'><strong>et</strong></span> <span class='ocrx_word' id='word_1_800' title='bbox 2916 4518 3222 4589; x_wconf 88' lang='lat' dir='ltr'><strong>principalis</strong></span> <span class='ocrx_word' id='word_1_801' title='bbox 3246 4523 3335 4577; x_wconf 91' lang='lat' dir='ltr'><strong>illa</strong></span> <span class='ocrx_word' id='word_1_802' title='bbox 3355 4525 3637 4586; x_wconf 84' lang='lat' dir='ltr'><strong>fornicatio</strong></span> <span class='ocrx_word' id='word_1_803' title='bbox 3662 4548 3764 4601; x_wconf 78' lang='lat' dir='ltr'><strong>qua</strong></span> <span class='ocrx_word' id='word_1_804' title='bbox 3782 4537 3900 4589; x_wconf 79' lang='lat' dir='ltr'><strong>ani-</strong></span> 
     </span>
    </p>
   </div>
   <div class='ocr_carea' id='block_1_106' title="bbox 2238 4598 3897 4708">
    <p class='ocr_par' dir='ltr' id='par_1_106' title="bbox 2238 4598 3897 4708">
     <span class='ocr_line' id='line_1_106' title="bbox 2238 4598 3897 4708; baseline 0.022 -61"><span class='ocrx_word' id='word_1_805' title='bbox 2238 4645 2296 4708; x_wconf 76' lang='lat' dir='ltr'><strong><em>D</em></strong></span> <span class='ocrx_word' id='word_1_806' title='bbox 2319 4610 2402 4650; x_wconf 88' lang='lat' dir='ltr'><strong>ma</strong></span> <span class='ocrx_word' id='word_1_807' title='bbox 2433 4598 2690 4655; x_wconf 89' lang='lat' dir='ltr'><strong>alienatur</strong></span> <span class='ocrx_word' id='word_1_808' title='bbox 2719 4604 2888 4661; x_wconf 67' lang='lat' dir='ltr'><strong>a‘Deo</strong></span> <span class='ocrx_word' id='word_1_809' title='bbox 2917 4619 2969 4663; x_wconf 92' lang='lat' dir='ltr'><strong>et</strong></span> <span class='ocrx_word' id='word_1_810' title='bbox 3017 4612 3233 4679; x_wconf 89' lang='lat' dir='ltr'><strong>spiritus</strong></span> <span class='ocrx_word' id='word_1_811' title='bbox 3263 4620 3407 4686; x_wconf 88' lang='lat' dir='ltr'><strong>pravi</strong></span> <span class='ocrx_word' id='word_1_812' title='bbox 3446 4625 3753 4702; x_wconf 85' lang='lat' dir='ltr'><strong>contagium</strong></span> <span class='ocrx_word' id='word_1_813' title='bbox 3789 4638 3897 4684; x_wconf 87' lang='lat' dir='ltr'><strong>tam</strong></span> 
     </span>
     <span class='ocr_line' id='line_1_107' title="bbox 2319 4688 3154 4708; baseline 0.019 0"><span class='ocrx_word' id='word_1_814' title='bbox 2319 4702 2372 4708; x_wconf 79' lang='lat'><strong>_-</strong></span> <span class='ocrx_word' id='word_1_815' title='bbox 2389 4689 2410 4708; x_wconf 60' lang='grc' dir='ltr'><strong><em>λ</em></strong></span> <span class='ocrx_word' id='word_1_816' title='bbox 2432 4688 2500 4708; x_wconf 74' lang='grc' dir='ltr'><strong>ι-.</strong></span> <span class='ocrx_word' id='word_1_817' title='bbox 2939 4700 2950 4708; x_wconf 94' lang='grc'><strong>-</strong></span> <span class='ocrx_word' id='word_1_818' title='bbox 3143 4703 3154 4708; x_wconf 90' lang='grc'><strong>-</strong></span> 
     </span>
    </p>
   </div>
   <div class='ocr_carea' id='block_1_107' title="bbox 2319 4688 3899 4783">
    <p class='ocr_par' dir='ltr' id='par_1_107' title="bbox 2319 4688 3899 4783">
     <span class='ocr_line' id='line_1_108' title="bbox 2319 4688 3899 4783; baseline 0.023 -44"><span class='ocrx_word' id='word_1_819' title='bbox 2319 4688 2507 4743; x_wconf 89' lang='lat' dir='ltr'><strong>reddat</strong></span> <span class='ocrx_word' id='word_1_820' title='bbox 2524 4700 2811 4765; x_wconf 87' lang='lat' dir='ltr'><strong>utrumque</strong></span> <span class='ocrx_word' id='word_1_821' title='bbox 2830 4700 2950 4768; x_wconf 88' lang='lat' dir='ltr'><strong>conj</strong></span> <span class='ocrx_word' id='word_1_822' title='bbox 2960 4715 3110 4771; x_wconf 87' lang='lat' dir='ltr'><strong>ugem</strong></span> <span class='ocrx_word' id='word_1_823' title='bbox 3125 4703 3436 4765; x_wconf 82' lang='lat' dir='ltr'><strong>detestanda</strong></span> <span class='ocrx_word' id='word_1_824' title='bbox 3456 4688 3899 4783; x_wconf 70' lang='lat' dir='ltr'><strong>coinquinatione</strong></span> 
     </span>
    </p>
   </div>
   <div class='ocr_carea' id='block_1_108' title="bbox 2318 4783 3899 4878">
    <p class='ocr_par' dir='ltr' id='par_1_108' title="bbox 2318 4783 3899 4878">
     <span class='ocr_line' id='line_1_109' title="bbox 2318 4783 3899 4878; baseline 0.022 -44"><span class='ocrx_word' id='word_1_825' title='bbox 2318 4783 2660 4853; x_wconf 88' lang='lat' dir='ltr'><strong>maculatum,</strong></span> <span class='ocrx_word' id='word_1_826' title='bbox 2695 4805 2851 4856; x_wconf 90' lang='lat' dir='ltr'><strong>quam</strong></span> <span class='ocrx_word' id='word_1_827' title='bbox 2898 4794 2964 4846; x_wconf 84' lang='lat' dir='ltr'><strong>ab</strong></span> <span class='ocrx_word' id='word_1_828' title='bbox 3013 4796 3097 4851; x_wconf 87' lang='lat' dir='ltr'><strong>illa</strong></span> <span class='ocrx_word' id='word_1_829' title='bbox 3132 4798 3234 4854; x_wconf 88' lang='lat' dir='ltr'><strong>ﬁde</strong></span> <span class='ocrx_word' id='word_1_830' title='bbox 3287 4816 3405 4871; x_wconf 61' lang='lat' dir='ltr'><strong>qua:</strong></span> <span class='ocrx_word' id='word_1_831' title='bbox 3446 4805 3607 4861; x_wconf 86' lang='lat' dir='ltr'><strong>corda</strong></span> <span class='ocrx_word' id='word_1_832' title='bbox 3646 4810 3899 4878; x_wconf 86' lang='lat' dir='ltr'><strong>pitriﬁcat</strong></span> 
     </span>
    </p>
   </div>
   <div class='ocr_carea' id='block_1_109' title="bbox 2316 4879 3899 4983">
    <p class='ocr_par' dir='ltr' id='par_1_109' title="bbox 2316 4879 3899 4983">
     <span class='ocr_line' id='line_1_110' title="bbox 2316 4879 3899 4983; baseline 0.02 -56"><span class='ocrx_word' id='word_1_833' title='bbox 2316 4887 2538 4930; x_wconf 66' lang='lat' dir='ltr'><strong>summa:</strong></span> <span class='ocrx_word' id='word_1_834' title='bbox 2568 4879 2867 4937; x_wconf 85' lang='lat' dir='ltr'><strong>Divinitatis</strong></span> <span class='ocrx_word' id='word_1_835' title='bbox 2889 4897 3139 4943; x_wconf 82' lang='lat' dir='ltr'><strong>externus</strong></span> <span class='ocrx_word' id='word_1_836' title='bbox 3164 4892 3300 4961; x_wconf 87' lang='lat' dir='ltr'><strong>(sic).</strong></span> <span class='ocrx_word' id='word_1_837' title='bbox 3322 4894 3521 4952; x_wconf 91' lang='lat' dir='ltr'><strong>Deinde</strong></span> <span class='ocrx_word' id='word_1_838' title='bbox 3543 4914 3649 4983; x_wconf 52' lang='lat' dir='ltr'><strong>n.0n</strong></span> <span class='ocrx_word' id='word_1_839' title='bbox 3684 4902 3899 4958; x_wconf 84' lang='lat' dir='ltr'><strong>irratio-</strong></span> 
     </span>
    </p>
   </div>
   <div class='ocr_carea' id='block_1_110' title="bbox 2315 4965 3899 5055">
    <p class='ocr_par' dir='ltr' id='par_1_110' title="bbox 2315 4965 3899 5055">
     <span class='ocr_line' id='line_1_111' title="bbox 2315 4965 3899 5055; baseline 0.02 -36"><span class='ocrx_word' id='word_1_840' title='bbox 2315 4965 2493 5023; x_wconf 90' lang='lat' dir='ltr'><strong>biliter</strong></span> <span class='ocrx_word' id='word_1_841' title='bbox 2516 4970 2792 5041; x_wconf 89' lang='lat' dir='ltr'><strong>(quantum</strong></span> <span class='ocrx_word' id='word_1_842' title='bbox 2833 4977 3087 5050; x_wconf 86' lang='lat' dir='ltr'><strong>arbitror)</strong></span> <span class='ocrx_word' id='word_1_843' title='bbox 3112 4993 3165 5037; x_wconf 87' lang='lat' dir='ltr'><strong>et</strong></span> <span class='ocrx_word' id='word_1_844' title='bbox 3196 4984 3322 5038; x_wconf 92' lang='lat' dir='ltr'><strong>illud</strong></span> <span class='ocrx_word' id='word_1_845' title='bbox 3360 4965 3651 5055; x_wconf 76' lang='lat' dir='ltr'><strong>concuriit,</strong></span> <span class='ocrx_word' id='word_1_846' title='bbox 3687 5002 3744 5047; x_wconf 89' lang='lat' dir='ltr'><strong>ut</strong></span> <span class='ocrx_word' id='word_1_847' title='bbox 3773 5010 3899 5049; x_wconf 75' lang='lat' dir='ltr'><strong>ora-</strong></span> 
     </span>
    </p>
   </div>
   <div class='ocr_carea' id='block_1_111' title="bbox 2316 5064 3900 5147">
    <p class='ocr_par' dir='ltr' id='par_1_111' title="bbox 2316 5064 3900 5147">
     <span class='ocr_line' id='line_1_112' title="bbox 2316 5064 3900 5147; baseline 0.016 -30"><span class='ocrx_word' id='word_1_848' title='bbox 2316 5064 2463 5119; x_wconf 92' lang='lat' dir='ltr'><strong>tione</strong></span> <span class='ocrx_word' id='word_1_849' title='bbox 2492 5065 2662 5123; x_wconf 90' lang='lat' dir='ltr'><strong>ﬁdelis</strong></span> <span class='ocrx_word' id='word_1_850' title='bbox 2686 5070 2940 5141; x_wconf 88' lang='lat' dir='ltr'><strong>cujusque</strong></span> <span class='ocrx_word' id='word_1_851' title='bbox 2978 5077 3216 5147; x_wconf 84' lang='lat' dir='ltr'><strong>conjugis</strong></span> <span class='ocrx_word' id='word_1_852' title='bbox 3250 5079 3409 5135; x_wconf 89' lang='lat' dir='ltr'><strong>etiam</strong></span> <span class='ocrx_word' id='word_1_853' title='bbox 3441 5082 3641 5138; x_wconf 89' lang='lat' dir='ltr'><strong>inﬁdeli</strong></span> <span class='ocrx_word' id='word_1_854' title='bbox 3679 5086 3900 5141; x_wconf 82' lang='lat' dir='ltr'><strong>miscri-</strong></span> 
     </span>
    </p>
   </div>
   <div class='ocr_carea' id='block_1_112' title="bbox 2314 5160 3899 5251">
    <p class='ocr_par' dir='ltr' id='par_1_112' title="bbox 2314 5160 3899 5251">
     <span class='ocr_line' id='line_1_113' title="bbox 2314 5160 3899 5251; baseline 0.016 -40"><span class='ocrx_word' id='word_1_855' title='bbox 2314 5160 2495 5213; x_wconf 91' lang='lat' dir='ltr'><strong>cordia</strong></span> <span class='ocrx_word' id='word_1_856' title='bbox 2526 5172 2929 5236; x_wconf 89' lang='lat' dir='ltr'><strong>quantacunque</strong></span> <span class='ocrx_word' id='word_1_857' title='bbox 2976 5181 3285 5239; x_wconf 71' lang='lat' dir='ltr'><strong>pricstetur,</strong></span> <span class='ocrx_word' id='word_1_858' title='bbox 3316 5175 3397 5229; x_wconf 90' lang='lat' dir='ltr'><strong>vel</strong></span> <span class='ocrx_word' id='word_1_859' title='bbox 3446 5176 3561 5244; x_wconf 88' lang='lat' dir='ltr'><strong>ipsa</strong></span> <span class='ocrx_word' id='word_1_860' title='bbox 3599 5188 3747 5233; x_wconf 89' lang='lat' dir='ltr'><strong>certe</strong></span> <span class='ocrx_word' id='word_1_861' title='bbox 3773 5197 3899 5251; x_wconf 59' lang='lat' dir='ltr'><strong>qua</strong></span> 
     </span>
    </p>
   </div>
   <div class='ocr_carea' id='block_1_113' title="bbox 2313 5251 3899 5335">
    <p class='ocr_par' dir='ltr' id='par_1_113' title="bbox 2313 5251 3899 5335">
     <span class='ocr_line' id='line_1_114' title="bbox 2313 5251 3899 5335; baseline 0.016 -32"><span class='ocrx_word' id='word_1_862' title='bbox 2313 5253 2378 5304; x_wconf 90' lang='lat' dir='ltr'><strong>ad</strong></span> <span class='ocrx_word' id='word_1_863' title='bbox 2403 5251 2627 5307; x_wconf 88' lang='lat' dir='ltr'><strong>salutem</strong></span> <span class='ocrx_word' id='word_1_864' title='bbox 2656 5256 2918 5323; x_wconf 88' lang='lat' dir='ltr'><strong>pertineat</strong></span> <span class='ocrx_word' id='word_1_865' title='bbox 2951 5264 3296 5330; x_wconf 90' lang='lat' dir='ltr'><strong>temporalem</strong></span> <span class='ocrx_word' id='word_1_866' title='bbox 3328 5284 3338 5318; x_wconf 93' lang='lat'><strong>:</strong></span> <span class='ocrx_word' id='word_1_867' title='bbox 3368 5266 3417 5320; x_wconf 93' lang='lat' dir='ltr'><strong>in</strong></span> <span class='ocrx_word' id='word_1_868' title='bbox 3444 5284 3544 5335; x_wconf 84' lang='lat' dir='ltr'><strong>qua</strong></span> <span class='ocrx_word' id='word_1_869' title='bbox 3582 5269 3899 5328; x_wconf 79' lang='lat' dir='ltr'><strong>misericor-</strong></span> 
     </span>
    </p>
   </div>
   <div class='ocr_carea' id='block_1_114' title="bbox 2315 5342 3897 5429">
    <p class='ocr_par' dir='ltr' id='par_1_114' title="bbox 2315 5342 3897 5429">
     <span class='ocr_line' id='line_1_115' title="bbox 2315 5342 3897 5429; baseline 0.016 -35"><span class='ocrx_word' id='word_1_870' title='bbox 2315 5342 2398 5395; x_wconf 89' lang='lat' dir='ltr'><strong>dia</strong></span> <span class='ocrx_word' id='word_1_871' title='bbox 2432 5360 2534 5398; x_wconf 91' lang='lat' dir='ltr'><strong>non</strong></span> <span class='ocrx_word' id='word_1_872' title='bbox 2570 5360 2754 5414; x_wconf 88' lang='lat' dir='ltr'><strong>parum</strong></span> <span class='ocrx_word' id='word_1_873' title='bbox 2784 5350 2975 5405; x_wconf 69' lang='lat' dir='ltr'><strong>divina:</strong></span> <span class='ocrx_word' id='word_1_874' title='bbox 3026 5354 3240 5427; x_wconf 88' lang='lat' dir='ltr'><strong>pietatis</strong></span> <span class='ocrx_word' id='word_1_875' title='bbox 3277 5357 3537 5427; x_wconf 88' lang='lat' dir='ltr'><strong>acquirit:</strong></span> <span class='ocrx_word' id='word_1_876' title='bbox 3568 5368 3623 5414; x_wconf 90' lang='lat' dir='ltr'><strong>et</strong></span> <span class='ocrx_word' id='word_1_877' title='bbox 3660 5376 3757 5429; x_wconf 86' lang='lat' dir='ltr'><strong>per</strong></span> <span class='ocrx_word' id='word_1_878' title='bbox 3792 5362 3897 5419; x_wconf 85' lang='lat' dir='ltr'><strong>hoc</strong></span> 
     </span>
    </p>
   </div>
   <div class='ocr_carea' id='block_1_115' title="bbox 2312 5440 3897 5518">
    <p class='ocr_par' dir='ltr' id='par_1_115' title="bbox 2312 5440 3897 5518">
     <span class='ocr_line' id='line_1_116' title="bbox 2312 5440 3897 5518; baseline 0.015 -30"><span class='ocrx_word' id='word_1_879' title='bbox 2312 5440 2602 5492; x_wconf 91' lang='lat' dir='ltr'><strong>secundum</strong></span> <span class='ocrx_word' id='word_1_880' title='bbox 2627 5444 2907 5510; x_wconf 88' lang='lat' dir='ltr'><strong>quemdam</strong></span> <span class='ocrx_word' id='word_1_881' title='bbox 2945 5448 3156 5510; x_wconf 87' lang='lat' dir='ltr'><strong>modum</strong></span> <span class='ocrx_word' id='word_1_882' title='bbox 3184 5451 3450 5518; x_wconf 70' lang='lat' dir='ltr'><strong>particeps</strong></span> <span class='ocrx_word' id='word_1_883' title='bbox 3480 5451 3676 5507; x_wconf 72' lang='lat' dir='ltr'><strong>divina:</strong></span> <span class='ocrx_word' id='word_1_884' title='bbox 3704 5454 3897 5516; x_wconf 65' lang='lat' dir='ltr'><strong>diana-</strong></span> 
     </span>
    </p>
   </div>
   <div class='ocr_carea' id='block_1_116' title="bbox 2311 5531 3897 5615">
    <p class='ocr_par' dir='ltr' id='par_1_116' title="bbox 2311 5531 3897 5615">
     <span class='ocr_line' id='line_1_117' title="bbox 2311 5531 3897 5615; baseline 0.012 -31"><span class='ocrx_word' id='word_1_885' title='bbox 2311 5531 2471 5585; x_wconf 89' lang='lat' dir='ltr'><strong>tionis</strong></span> <span class='ocrx_word' id='word_1_886' title='bbox 2495 5531 2716 5588; x_wconf 77' lang='lat' dir='ltr'><strong>eﬂ’ectus</strong></span> <span class='ocrx_word' id='word_1_887' title='bbox 2739 5535 2984 5591; x_wconf 85' lang='lat' dir='ltr'><strong>edicitur.</strong></span> <span class='ocrx_word' id='word_1_888' title='bbox 3010 5538 3065 5593; x_wconf 91' lang='lat' dir='ltr'><strong>Si</strong></span> <span class='ocrx_word' id='word_1_889' title='bbox 3094 5541 3235 5595; x_wconf 88' lang='lat' dir='ltr'><strong>enim</strong></span> <span class='ocrx_word' id='word_1_890' title='bbox 3257 5542 3360 5598; x_wconf 90' lang='lat' dir='ltr'><strong>cibi</strong></span> <span class='ocrx_word' id='word_1_891' title='bbox 3381 5544 3471 5613; x_wconf 90' lang='lat' dir='ltr'><strong>qui</strong></span> <span class='ocrx_word' id='word_1_892' title='bbox 3495 5560 3590 5612; x_wconf 84' lang='lat' dir='ltr'><strong>per</strong></span> <span class='ocrx_word' id='word_1_893' title='bbox 3610 5549 3782 5615; x_wconf 87' lang='lat' dir='ltr'><strong>legem</strong></span> <span class='ocrx_word' id='word_1_894' title='bbox 3810 5564 3897 5602; x_wconf 83' lang='lat' dir='ltr'><strong>sa-</strong></span> 
     </span>
    </p>
   </div>
   <div class='ocr_carea' id='block_1_117' title="bbox 2307 5622 3893 5702">
    <p class='ocr_par' dir='ltr' id='par_1_117' title="bbox 2307 5622 3893 5702">
     <span class='ocr_line' id='line_1_118' title="bbox 2307 5622 3893 5702; baseline 0.011 -25"><span class='ocrx_word' id='word_1_895' title='bbox 2307 5637 2452 5677; x_wconf 85' lang='lat' dir='ltr'><strong>cram</strong></span> <span class='ocrx_word' id='word_1_896' title='bbox 2482 5622 2859 5680; x_wconf 89' lang='lat' dir='ltr'><strong>describuntur</strong></span> <span class='ocrx_word' id='word_1_897' title='bbox 2885 5627 3168 5697; x_wconf 90' lang='lat' dir='ltr'><strong>immundi,</strong></span> <span class='ocrx_word' id='word_1_898' title='bbox 3198 5648 3295 5702; x_wconf 88' lang='lat' dir='ltr'><strong>per</strong></span> <span class='ocrx_word' id='word_1_899' title='bbox 3315 5633 3533 5689; x_wconf 89' lang='lat' dir='ltr'><strong>verbum</strong></span> <span class='ocrx_word' id='word_1_900' title='bbox 3569 5635 3662 5692; x_wconf 86' lang='lat' dir='ltr'><strong>Dei</strong></span> <span class='ocrx_word' id='word_1_901' title='bbox 3691 5640 3893 5693; x_wconf 70' lang='lat' dir='ltr'><strong>sancti~</strong></span> 
     </span>
    </p>
   </div>
   <div class='ocr_carea' id='block_1_118' title="bbox 2308 5716 3894 5797">
    <p class='ocr_par' dir='ltr' id='par_1_118' title="bbox 2308 5716 3894 5797">
     <span class='ocr_line' id='line_1_119' title="bbox 2308 5716 3894 5797; baseline 0.012 -28"><span class='ocrx_word' id='word_1_902' title='bbox 2308 5716 2457 5771; x_wconf 86' lang='lat' dir='ltr'><strong>ﬁcari</strong></span> <span class='ocrx_word' id='word_1_903' title='bbox 2490 5726 2713 5775; x_wconf 89' lang='lat' dir='ltr'><strong>testatur</strong></span> <span class='ocrx_word' id='word_1_904' title='bbox 2738 5721 3051 5792; x_wconf 83' lang='lat' dir='ltr'><strong>Apostolus,</strong></span> <span class='ocrx_word' id='word_1_905' title='bbox 3077 5726 3216 5781; x_wconf 87' lang='lat' dir='ltr'><strong>unde</strong></span> <span class='ocrx_word' id='word_1_906' title='bbox 3242 5729 3402 5783; x_wconf 89' lang='lat' dir='ltr'><strong>etiam</strong></span> <span class='ocrx_word' id='word_1_907' title='bbox 3434 5730 3562 5785; x_wconf 90' lang='lat' dir='ltr'><strong>illud</strong></span> <span class='ocrx_word' id='word_1_908' title='bbox 3584 5740 3667 5786; x_wconf 84' lang='lat' dir='ltr'><strong>est</strong></span> <span class='ocrx_word' id='word_1_909' title='bbox 3692 5750 3705 5785; x_wconf 88' lang='lat'><strong>:</strong></span> <span class='ocrx_word' id='word_1_910' title='bbox 3739 5732 3894 5797; x_wconf 80' lang='lat' dir='ltr'><strong>Quod</strong></span> 
     </span>
    </p>
   </div>
   <div class='ocr_carea' id='block_1_119' title="bbox 2309 5808 3895 5894">
    <p class='ocr_par' dir='ltr' id='par_1_119' title="bbox 2309 5808 3895 5894">
     <span class='ocr_line' id='line_1_120' title="bbox 2309 5808 3895 5894; baseline 0.012 -33"><span class='ocrx_word' id='word_1_911' title='bbox 2309 5808 2444 5864; x_wconf 86' lang='lat' dir='ltr'><strong>Deus</strong></span> <span class='ocrx_word' id='word_1_912' title='bbox 2469 5812 2751 5878; x_wconf 86' lang='lat' dir='ltr'><strong>muttdavit,</strong></span> <span class='ocrx_word' id='word_1_913' title='bbox 2783 5822 2837 5867; x_wconf 91' lang='lat' dir='ltr'><strong>tu</strong></span> <span class='ocrx_word' id='word_1_914' title='bbox 2868 5830 3131 5872; x_wconf 84' lang='lat' dir='ltr'><strong>commune</strong></span> <span class='ocrx_word' id='word_1_915' title='bbox 3158 5836 3220 5873; x_wconf 85' lang='lat' dir='ltr'><strong>tte</strong></span> <span class='ocrx_word' id='word_1_916' title='bbox 3253 5821 3442 5876; x_wconf 76' lang='lat' dir='ltr'><strong>dixeris</strong></span> <span class='ocrx_word' id='word_1_917' title='bbox 3474 5824 3606 5894; x_wconf 77' lang='lat' dir='ltr'><strong>(Art.</strong></span> <span class='ocrx_word' id='word_1_918' title='bbox 3638 5822 3749 5891; x_wconf 75' lang='lat' dir='ltr'><strong>iii);</strong></span> <span class='ocrx_word' id='word_1_919' title='bbox 3786 5843 3895 5887; x_wconf 77' lang='lat' dir='ltr'><strong>non</strong></span> 
     </span>
    </p>
   </div>
   <div class='ocr_carea' id='block_1_120' title="bbox 2306 5904 3893 5986">
    <p class='ocr_par' dir='ltr' id='par_1_120' title="bbox 2306 5904 3893 5986">
     <span class='ocr_line' id='line_1_121' title="bbox 2306 5904 3893 5986; baseline 0.007 -25"><span class='ocrx_word' id='word_1_920' title='bbox 2306 5904 2409 5962; x_wconf 87' lang='lat' dir='ltr'><strong>erit</strong></span> <span class='ocrx_word' id='word_1_921' title='bbox 2437 5904 2725 5965; x_wconf 86' lang='lat' dir='ltr'><strong>absurdum</strong></span> <span class='ocrx_word' id='word_1_922' title='bbox 2749 5920 2849 5968; x_wconf 87' lang='lat' dir='ltr'><strong>nec</strong></span> <span class='ocrx_word' id='word_1_923' title='bbox 2876 5908 3256 5971; x_wconf 86' lang='lat' dir='ltr'><strong>inconveniens</strong></span> <span class='ocrx_word' id='word_1_924' title='bbox 3278 5916 3417 5985; x_wconf 88' lang='lat' dir='ltr'><strong>quod</strong></span> <span class='ocrx_word' id='word_1_925' title='bbox 3440 5930 3539 5986; x_wconf 88' lang='lat' dir='ltr'><strong>per</strong></span> <span class='ocrx_word' id='word_1_926' title='bbox 3563 5914 3737 5975; x_wconf 84' lang='lat' dir='ltr'><strong>ﬁdelis</strong></span> <span class='ocrx_word' id='word_1_927' title='bbox 3758 5932 3893 5979; x_wconf 83' lang='lat' dir='ltr'><strong>con-</strong></span> 
     </span>
    </p>
   </div>
  </div>
