4104 6356
576 296 670 356 ist
938 308 949 317 -
1116 246 1121 251 i
1256 272 1278 325 η’
1354 326 1363 331 -
1920 284 2162 344 GELASI

2269 285 2495 367 nouat,

3742 285 3850 343 I32

572 406 773 463 dictum
801 419 882 461 eSt
904 446 918 473 ,
949 414 1004 460 ιιι
1035 403 1143 474 jam
1179 401 1407 473 propriae
1459 399 1791 455 credulitatis
1840 396 2146 454 sanctiﬁca-
2174 399 2227 460 Α
2253 409 2325 454 est
2358 399 2529 471 (Joan.
2563 398 2625 472 ι),
2655 417 2795 473 quoa
2826 401 3023 457 diaboli
3052 410 3197 458 esset
3225 415 3521 473 Operartus.
3547 400 3733 457 Dictus
3758 411 3846 459 est

576 500 719 555 tione
761 514 866 554 non
914 502 1102 569 egeat,
1134 510 1198 549 ac
1228 509 1332 548 non
1359 493 1528 563 magis
1559 492 1680 547 ideo
1712 492 1834 563 quia
1868 508 1959 562 per
1998 491 2145 546 illam

575 592 985 646 familiaritatem
1002 587 1173 643 ﬁdelis
1196 586 1438 658 conjugis
1462 586 1817 657 percipiendae
1838 584 2156 641 sanctiﬁca-

576 684 707 739 tioni
754 683 1023 755 proximus
1053 680 1123 735 sit
1162 689 1217 736 et
1255 664 1586 751 propinquus
1614 678 1838 734 eﬁ'ectus
1864 677 1891 731 ἱ
1936 676 2067 733 Nam
2102 677 2147 731 si

574 777 681 846 jam
709 776 1070 832 sanctiﬁcatus
1091 774 1380 841 diceretur,
1408 784 1465 829 ut
1494 773 1916 830 sanctiﬁcatione
1934 773 2148 844 penitus

575 885 678 924 non
705 876 905 939 egeret,
931 884 1037 923 non
1062 868 1129 923 de
1154 867 1341 922 eodem
1366 868 1416 922 in
1440 850 1889 937 consequentibus
1904 864 2108 920 diceret
2137 879 2149 916 :

574 960 812 1032 lnﬁdslt‘s
856 962 901 1016 si
942 964 1047 1016 ruit
1086 962 1344 1016 discedere
1366 1003 1380 1027 ,
1410 960 1679 1025 discedat;
1711 959 1789 1014 sic
1815 974 1942 1029 ergo
1971 967 2024 1013 et
2057 958 2148 1011 ﬁlii

546 1090 547 1093 η
572 1070 756 1111 eorum
787 1056 1075 1123 nuncupati
1098 1066 1219 1109 sunt
1248 1053 1439 1120 sancti,
1464 1054 1584 1123 quia
1609 1068 1702 1123 per
1724 1052 1890 1106 sancti
1916 1051 2152 1121 parentis

573 1148 820 1204 allectum
842 1148 1114 1219 capienda:
1132 1149 1241 1203 sint
1266 1150 1492 1218 proximi
1521 1144 1848 1211 sanctitatis;
1878 1159 1981 1200 non
2010 1138 2154 1215 quod

516 1266 521 1273 κ
575 1242 681 1310 iam
714 1243 812 1311 ipsi
870 1242 1079 1312 propria
1133 1240 1555 1295 sanctificatione
1606 1254 1709 1294 non
1766 1246 1979 1309 egeant,
2030 1252 2150 1307 quas

576 1336 760 1404 utique
783 1372 797 1400 ,
842 1335 978 1389 sicut
1012 1334 1185 1389 nullus
1210 1334 1544 1390 Christianus
1573 1332 1868 1398 addubitat,
1901 1332 2021 1386 sine
2058 1344 2151 1386 rc-

576 1428 935 1499 generationis
981 1422 1149 1484 sacra:
1180 1429 1436 1498 mysterio
1464 1444 1563 1484 nec
1598 1427 1826 1483 sttmitttr
1873 1438 1972 1481 nec
1997 1425 2155 1491 halte-

578 1534 682 1590 tur;
699 1525 901 1578 sicutet
918 1538 1109 1593 parens
1122 1540 1308 1579 eorum
1326 1521 1579 1588 inlidelis,
1605 1520 1681 1575 sic
1697 1519 2058 1575 sanctiﬁcatus
2076 1519 2159 1573 di-

579 1617 717 1671 citur
745 1632 841 1685 per
856 1616 1090 1682 ﬁdelem,
1115 1615 1234 1671 utsi
1256 1627 1431 1669 tamen
1455 1616 1673 1685 ingesta:
1699 1610 1801 1668 sibi
1827 1624 1921 1683 per
1946 1611 2157 1667 ﬁdelem

578 1709 860 1779 conjugem
896 1707 1335 1762 sanctificationis
1372 1708 1484 1777 ipse
1512 1706 1805 1776 legitimum
1838 1718 1943 1759 non
1971 1714 2155 1759 susce-

2262 506 2437 552 tatncn
2481 494 2771 566 discipulus
2825 498 2986 552 etiam
3040 511 3159 553 cum
3215 510 3316 553 nec
3361 508 3520 553 verus
3564 504 3744 563 esset,
3788 504 3850 553 et

2259 598 2562 646 cessatores
2592 591 2694 645 hoc
2730 590 2856 646 dici.
2893 591 2988 646 Est
3020 598 3077 646 et
3120 590 3209 647 ille
3249 589 3439 646 modus
3464 628 3479 657 ,
3511 587 3655 661 quod
3695 602 3845 659 saepe

2259 683 2403 740 velut
2450 686 2769 755 generaliter
2800 689 2856 740 et
2888 684 3133 741 absolute
3159 683 3385 752 dicitur,
3405 697 3529 739 cum
3562 694 3743 740 tamen
3773 684 3843 739 ad

2261 790 2446 833 omnes
2470 776 2789 848 generaliter
2821 790 2927 833 non
2963 778 3231 847 pertinere
3273 776 3753 841 manifestum'est,
3787 783 3849 831 ut

2261 884 2381 925 cum
2424 870 2619 927 dicitur
2665 870 2895 925 Abrahut
2952 886 2965 923 :
3016 870 3083 924 In
3119 870 3310 925 semine
3353 876 3439 923 tuo
3484 869 3844 924 benedicentur

2260 975 2430 1017 omnes
2460 972 2629 1034 gentes
2660 960 2865 1033 (Gener.
2894 962 3053 1033 xxu),
3075 974 3265 1018 omnes
3287 960 3506 1033 quidem
3535 970 3726 1032 gentes
3748 960 3841 1017 be-

2261 1054 2611 1120 nedicentur;
2661 1069 2760 1111 nec
2813 1056 2916 1112 erit
2946 1054 3051 1111 ulla
3094 1055 3240 1111 natio
3277 1056 3379 1112 sub
3420 1055 3561 1111 ctelo
3600 1053 3690 1110 cui
3736 1066 3843 1112 non

2262 1146 2583 1215 praedicetur
2640 1145 3012 1218 Evangelium,
3059 1155 3113 1202 et
3161 1155 3287 1202 tunc
3337 1147 3516 1202 veniat
3558 1145 3714 1213 ﬁnis;
3750 1144 3842 1202 sed

2260 1238 2391 1309 ipsae
2434 1250 2618 1309 gentes
2669 1252 2775 1295 non
2819 1254 2889 1295 ex
2944 1240 3149 1310 Integra
3199 1252 3384 1296 omnes
3433 1238 3839 1308 benedicentur,

2262 1334 2384 1403 quia
2416 1348 2521 1388 non
2566 1333 2802 1388 omnium
2844 1342 2923 1389 est
2970 1328 3102 1389 fides
3136 1348 3148 1385 :
3190 1334 3276 1389 vel
3316 1334 3470 1388 sicuti
3524 1342 3629 1399 est,
3681 1333 3843 1387 omnis

2262 1422 2439 1496 lingua
2481 1426 2784 1495 conﬁteatur
2833 1425 2942 1481 Deo
2985 1425 3208 1497 (Philip.
3256 1428 3381 1496 tu);
3444 1426 3528 1482 cui
3589 1426 3843 1482 locutioni

2263 1533 2453 1574 sensus
2482 1518 2571 1574 ille
2599 1519 2967 1587 connectitur,
3000 1532 3120 1574 cum
3153 1532 3219 1575 ex
3259 1526 3411 1590 parte
3434 1524 3601 1575 totum
3648 1519 3843 1589 saepius

2267 1622 2641 1682 nuncupatur:
2691 1612 2830 1667 sicut
2876 1620 2931 1667 et
2982 1621 3107 1668 tunc
3152 1612 3313 1667 homo
3339 1612 3472 1667 luda
3522 1625 3644 1667 cum
3679 1622 3843 1668 totam

2263 1715 2475 1776 gentem
2522 1706 2706 1776 procul
2748 1704 2912 1761 dubio
2961 1706 3281 1761 nominaret.
3328 1706 3417 1761 Sic
3455 1712 3511 1761 et
3543 1704 3620 1760 illi
3663 1704 3845 1761 ﬁdeles

578 1802 655 1871 pit
683 1802 931 1856 eﬁectum
956 1838 972 1868 ,
1003 1801 1231 1855 inﬁdelis
1263 1801 1420 1855 fuerit
1461 1811 1817 1870 nuncupatus.
1849 1800 2001 1855 Sicut
2025 1811 2152 1869 ergo
2181 1798 2230 1859 B
2260 1799 2433 1853 sancti
2463 1797 2635 1854 videri
2680 1807 2903 1868 possunt
2930 1799 3104 1853 vocati
3124 1839 3138 1865 ,
3169 1797 3291 1869 quia
3316 1798 3491 1862 multi,
3522 1797 3604 1852 vel
3629 1793 3843 1867 plurimi

556 1909 719 1960 'eum,
743 1908 900 1964 quem
923 1908 1017 1965 per
1042 1893 1250 1948 ﬁdelem
1272 1893 1551 1964 conjugem
1576 1892 1966 1948 sanctiﬁcatum
1994 1892 2155 1960 dixit,

576 1999 760 2058 postea
788 1998 1057 2059 nuncupat
1082 1988 1372 2058 inﬁdelem,
1396 1991 1520 2058 quia
1546 1988 1761 2058 proprie
1784 1990 1897 2059 ipse
1930 1989 2011 2045 vel
2045 1990 2155 2058 ipsa

577 2098 685 2137 non
710 2081 957 2149 credidit,
987 2082 1067 2136 sic
1096 2092 1151 2136 et
1182 2080 1273 2135 ﬁlii
1305 2082 1394 2150 qui
1423 2095 1518 2150 per
1546 2082 1759 2136 fidelem
1788 2093 2063 2151 parentem
2095 2094 2161 2137 eo

578 2173 738 2228 modo
773 2166 1090 2228 saueiiﬁcati
1122 2188 1227 2242 quo
1262 2169 1492 2242 coniux,
1525 2173 1695 2228 sancti
1726 2172 1980 2242 appellati
2011 2178 2157 2241 sunt,

578 2266 684 2320 nisi
727 2267 825 2336 ipsi
873 2274 1090 2336 quoque
1141 2266 1354 2335 preprie
1397 2265 1652 2331 credant,
1699 2264 1943 2320 inﬁdeles
1972 2276 2163 2319 conse-

580 2367 805 2437 quenter
850 2360 1114 2413 existunt.
1164 2358 1306 2413 Satis
1350 2359 1495 2413 enim
1545 2369 1801 2429 apparet,
1861 2357 2158 2413 secundum

580 2454 861 2524 quemdam
910 2453 1125 2508 modum
1187 2452 1664 2509 sanctiﬁcatiouem
1726 2453 1864 2507 hanc
1918 2451 2162 2522 conjung

579 2547 917 2619 appellatam,
950 2548 1040 2616 qui
1071 2556 1255 2618 postea
1286 2547 1518 2602 inﬁdelis
1538 2547 1827 2613 asseritur;
1853 2546 1931 2601 sic
1960 2560 2086 2617 ergo
2109 2553 2163 2601 et

580 2638 649 2694 de
674 2639 796 2694 liliis
818 2639 1219 2710 intelligendum
1248 2650 1350 2696 est.
1373 2639 1620 2710 Nunquid
1642 2642 1823 2710 igitur,
1846 2641 1987 2709 quod
2018 2652 2163 2709 stupe

580 2732 928 2802 repetendum
984 2742 1088 2799 est,
1134 2734 1349 2789 soboles
1394 2733 1739 2804 profanorum
1792 2734 2162 2805 hujuscemodi

490 2856 497 2863 η
581 2826 873 2881 sanctitatis
901 2826 1076 2895 aliqua
1115 2827 1399 2896 cujuslibet
1436 2834 1673 2897 parentis
1705 2831 1949 2896 portione
1981 2834 2165 2882 conte-

580 2921 744 2991 gitur,
772 2921 854 2976 vel
886 2921 1152 2989 aliquibus
1186 2921 1491 2992 ltujttsmodi
1529 2922 1852 2991 disciplinis,
1889 2918 2162 2991 precibus,

583 3015 1048 3071 adhortationibus
1079 3016 1377 3086 cujuspiam
1410 3015 1873 3087 participationem
1905 3056 1920 3082 ,
1950 3014 2037 3070 vel
2066 3028 2166 3069 no-

583 3109 772 3173 titiam,
797 3108 879 3164 vel
910 3108 1169 3175 auditum,
1195 3108 1280 3163 vel
1311 3106 1663 3163 eruditionem
1685 3106 1985 3163 sanctitatis
2012 3116 2164 3161 assu-

581 3207 707 3271 mit,
737 3216 856 3271 quae
900 3211 981 3257 est
1024 3201 1125 3257 sub
1169 3201 1563 3257 immundorum
1596 3203 1878 3273 spirituum
1922 3177 2238 3256 domina-C

583 3299 727 3351 tione
752 3299 1050 3352 consistens
1075 3338 1089 3364 ,
1120 3304 1175 3352 et
1206 3296 1486 3352 diabolicis
1516 3296 2066 3369 prmvaricalionibus,
2112 3303 2166 3352 et

582 3391 840 3459 contagiis
860 3390 1200 3461 mancipata?
1224 3390 1336 3446 Hoc
1357 3391 1517 3447 modo
1540 3404 1750 3463 semper
1770 3391 2039 3448 immunda
2060 3402 2160 3457 est,

586 3492 691 3553 quo
723 3494 991 3553 parentes,
1037 3486 1270 3556 quandiu
1316 3486 1369 3542 in
1406 3485 1595 3543 eadem
1647 3488 2001 3558 perversitate
2034 3500 2164 3542 con-

582 3576 749 3642 sistit;
786 3577 1097 3649 plerumquc
1134 3586 1378 3635 autemet
1406 3596 1500 3649 per
1535 3580 1970 3650 anticipationem
2001 3579 2166 3650 (quod

585 3669 640 3725 in
670 3670 961 3739 Scriptura:
982 3682 1179 3727 Sancta:
1208 3681 1354 3727 textu
1384 3672 1717 3741 frequentius
1747 3672 2037 3739 invenitur)
2056 3671 2165 3740 jam

591 3773 712 3816 esse
744 3762 939 3816 dicitur
985 3765 1125 3830 quod
1178 3762 1409 3818 futurum
1451 3772 1554 3830 est,
1599 3764 1737 3818 sicut
1768 3764 1820 3818 in
1871 3760 2168 3833 Evangelio

592 3855 837 3923 legimus.
862 3855 994 3922 Quia
1012 3853 1169 3911 Jesus
1186 3858 1479 3911 moriturus
1509 3865 1626 3911 erat
1652 3872 1745 3926 pro
1775 3866 1957 3927 gente,
1987 3867 2040 3911 et
2062 3850 2167 3911 non

588 3946 789 4002 tantum
836 3963 931 4018 pro
959 3959 1117 4019 gente
1145 3994 1157 4017 ,
1188 3949 1283 4004 sed
1322 3957 1379 4003 ut
1421 3949 1557 4005 ﬁlios
1585 3951 1677 4005 Dei
1705 3993 1719 4017 ,
1750 3953 1839 4021 qui
1872 3959 2027 4006 erant
2052 3950 2167 4005 dis-

586 4043 746 4111 persi,
790 4050 1139 4114 congregaret
1183 4042 1235 4098 in
1280 4056 1464 4099 unum.
1507 4040 1668 4099 Filius
1726 4044 1820 4100 Dei
1869 4048 2013 4100 certe
2051 4045 2161 4116 jam

585 4147 898 4203 nuncupans
951 4136 1046 4206 qui
1076 4132 1252 4191 adhuc
1281 4145 1464 4192 essent
1490 4135 1679 4193 diffusa
1728 4136 1913 4208 gratiae
1972 4150 2166 4193 evoca-

584 4230 727 4286 tione
774 4240 869 4301 per
916 4231 1175 4287 mundum
1219 4232 1385 4288 Sacris
1439 4228 1727 4288 innovaudi
1789 4228 2075 4304 mysteriis,
2112 4230 2166 4288 in

591 4326 683 4380 Dei
716 4327 852 4380 ﬁlios
881 4326 1167 4395 adoptandi
1201 4344 1212 4377 :
1246 4327 1328 4380 vel
1354 4341 1475 4381 eum
1505 4326 1700 4382 dicitur
1730 4344 1743 4380 :
1770 4325 1919 4379 Beati
1951 4327 2038 4397 qui
2066 4343 2167 4380 non

585 4417 813 4471 uiderunt
840 4425 886 4471 et
909 4417 1231 4471 crediderunt
1261 4415 1419 4487 (Joan
1446 4419 1539 4486 xx)
1564 4458 1577 4484 ,
1610 4414 1717 4486 iam
1744 4417 1888 4471 beati
1916 4416 2168 4488 appellati

586 4517 712 4564 sunt
744 4508 831 4578 qui
854 4508 1027 4564 adhuc
1074 4517 1197 4562 tunc
1222 4508 1381 4563 futuri
1413 4508 1620 4564 fuerant
1649 4508 1807 4576 beati,
1840 4526 1959 4565 cum
1991 4520 2171 4567 essent

588 4617 707 4671 quae
732 4616 837 4658 non
879 4601 1125 4657 viderant
1157 4602 1412 4657 credituri
1439 4619 1452 4667 ;
1486 4605 1625 4657 sicut
1649 4613 1703 4659 et
1731 4606 2043 4675 plerumque
2072 4622 2169 4676 pro

589 4694 844 4751 faciendis
880 4692 991 4763 jam
1036 4691 1171 4747 facta
1217 4690 1556 4760 referuntur,
1596 4702 1652 4749 ut
1696 4695 1937 4765 [oderunt
1987 4713 2169 4752 manus

590 4800 729 4841 meas
757 4794 803 4839 et
825 4786 975 4857 pedes
1004 4800 1139 4839 meos
1181 4783 1334 4857 (Luc.
1364 4787 1534 4857 xxrv).
1576 4780 1706 4844 item
1753 4801 1998 4860 tauquam
2047 4806 2171 4861 pro-

589 4878 788 4934 ﬁtendo
827 4877 1080 4953 deﬁnitur
1116 4880 1255 4949 quod
1306 4896 1408 4935 nou
1446 4879 1515 4935 sit
1542 4896 1700 4937 causa
1732 4884 1966 4954 qualibet
1998 4883 2167 4942 inter-

591 4971 837 5027 veniente
867 4970 1168 5026 faciendum
1194 5014 1209 5039 ,
1248 4973 1388 5028 sicut
1413 4973 1598 5030 beatus
1626 4977 1914 5046 Apostolus
1948 4995 2043 5049 pro
2074 4980 2170 5036 de-

589 5062 804 5119 votione
836 5058 1228 5133 praedicationis
1264 5065 1513 5135 injunctae
1540 5070 1604 5124 ad
1645 5070 1929 5141 ,llispanias
1960 5089 2018 5129 se
2046 5089 2168 5144 pro-

587 5160 770 5213 ﬁtetur
799 5156 996 5212 iturum
1026 5155 1165 5229 quod
1206 5166 1382 5214 tamen
1424 5171 1567 5217 certa
1601 5163 1999 5232 dispensitiuuc
2044 5164 2167 5223 Dei-

586 5253 712 5307 tatis
764 5247 906 5321 quod
935 5245 1087 5305 ﬁeret
1140 5266 1246 5305 nun
1277 5253 1560 5321 provenit;
1604 5254 1740 5311 alter
1777 5272 1897 5311 cum
1925 5258 2165 5328 appella-

553 5341 673 5399 ‘tur
724 5343 924 5415 aliquid
956 5352 1076 5399 esse
1114 5342 1253 5413 quod
1312 5344 1416 5399 hoc
1437 5340 1608 5416 ipsum
1645 5364 1765 5406 esse
1790 5354 2051 5419 cessavit,
2084 5350 2171 5408 vel

555 5440 919 5496 'eessatumm
966 5447 1052 5496 est
1096 5436 1199 5494 hoc
1250 5434 1425 5510 ipsum
1464 5455 1587 5499 esse
1638 5444 1779 5515 quod
1822 5444 2058 5513 dicitur,
2112 5455 2168 5502 ut

592 5529 755 5583 Judas
783 5531 1054 5601 apostolus
1080 5531 1170 5603 qui
1194 5532 1626 5603 praevaricando,
1659 5534 1799 5606 quod
1828 5548 1911 5593 est
1931 5538 2169 5611 appella-

594 5631 678 5675 tus
727 5622 921 5690 amisit,
952 5624 1091 5679 sicut
1127 5624 1266 5680 idem
1294 5634 1349 5679 et
1377 5622 1667 5695 discipulus
1694 5628 1868 5684 dictus
1896 5641 1998 5698 est,
2042 5648 2163 5688 cum

593 5713 805 5784 quidem
837 5726 935 5769 nec
962 5714 1153 5771 Christi
1182 5716 1475 5789 discipulus
1505 5730 1677 5785 esset,
1711 5721 1804 5776 sed
1838 5723 2012 5792 ponus
2045 5720 2166 5779 dia-

593 5806 696 5865 boli
714 5850 727 5876 ,
755 5806 893 5865 sicut
919 5806 986 5864 de
1014 5821 1079 5866 eo
1106 5809 1304 5869 dictum
1334 5820 1418 5870 est
1450 5830 1463 5866 :
1501 5811 1643 5870 Unus
1667 5830 1731 5869 ea:
1758 5814 1894 5870 vobis
1923 5814 2154 5875 diabolus

2261 1909 2326 1947 ex
2356 1892 2457 1958 his,
2486 1908 2582 1960 per
2603 1906 2663 1946 ea
2686 1906 2806 1962 qua:
2828 1890 2970 1947 dicta
2997 1898 3139 1958 sunt,
3172 1890 3441 1961 mysteriis
3471 1890 3658 1944 imbuti
3685 1889 3845 1946 cccle-

2262 1986 2431 2043 stibus
2453 2027 2470 2054 ,
2525 1987 2697 2042 sancti
2739 1986 3041 2042 el‘ﬁcientur
3065 2025 3080 2053 ,
3112 1993 3166 2040 et
3215 1985 3407 2041 merito
3433 1983 3542 2054 jam
3567 1996 3691 2039 esse
3717 1982 3841 2037 dicti

2261 2092 2386 2139 sunt
2415 2083 2556 2153 quod
2590 2082 2754 2138 futuri
2785 2089 2948 2147 sunt,
2975 2081 3059 2137 vel
3089 2092 3155 2136 ex
3186 2094 3247 2137 ea
3285 2080 3533 2152 portiune
3557 2121 3570 2142 ,
3614 2093 3718 2149 qua
3750 2086 3843 2148 per

2264 2174 2572 2245 religiosum
2626 2180 2901 2244 parentem
2950 2182 3109 2229 erant
3163 2172 3451 2243 participes
3496 2168 3839 2233 sanctitatis,

2264 2277 2512 2339 tanquam
2534 2268 2640 2338 jam
2671 2281 2735 2323 ex
2761 2269 2968 2339 integro
2998 2267 3050 2322 id
3082 2275 3283 2331 essent,
3304 2266 3473 2320 sancti
3497 2275 3623 2320 sunt
3645 2274 3845 2318 nuncu-

2264 2363 2389 2432 pati,
2428 2362 2509 2415 vel
2537 2364 2658 2432 quia
2681 2375 2748 2416 ex
2782 2361 2978 2416 talibus
3005 2360 3129 2417 ﬁliis
3151 2359 3304 2414 multi
3335 2358 3495 2413 futuri
3523 2362 3713 2413 essent
3738 2355 3843 2427 plac

2264 2470 2346 2511 na
2372 2454 2810 2509 sanctiﬁcationis
2842 2455 3104 2510 lucredes.
3262 2494 3265 2496 -
3372 2458 3383 2463 ’
3568 2450 3581 2453 ”

2332 2548 2450 2604 Iam
2489 2556 2544 2603 et
2589 2549 2672 2602 isti
2714 2561 2781 2602 ex
2813 2558 2879 2603 eo
2917 2547 3060 2616 quod
3103 2546 3262 2601 futuri
3295 2546 3509 2601 fuerent
3560 2542 3844 2611 nuncupat!

2265 2650 2408 2705 sunt,
2434 2649 2488 2695 et
2516 2640 2640 2695 licet
2667 2641 2770 2695 hoc
2793 2647 2976 2695 essent
3004 2638 3221 2709 plurimi
3249 2639 3471 2693 forsitan
3495 2648 3638 2691 nunc
3665 2632 3843 2701 futuri,

2266 2754 2294 2789 a
2322 2745 2472 2806 parte
2498 2744 2803 2790 sanctorum
2835 2734 2928 2789 toti
2960 2734 3131 2789 sancti
3152 2733 3476 2805 generaliter
3495 2741 3624 2788 sunt
3648 2729 3845 2788 vocati.

2268 2829 2344 2883 De
2374 2826 2787 2883 resurrectionis
2814 2840 2943 2883 vero
2972 2828 3262 2898 qualitate,
3286 2828 3372 2884 vel
3402 2827 3469 2884 de
3493 2839 3557 2884 ea
3582 2839 3702 2898 qua:
3727 2832 3845 2897 post

2268 2920 2718 2976 resurrectionem
2746 2923 2950 2986 species
2971 2919 3043 2975 sit
3075 2919 3279 2986 futura,
3309 2919 3588 2975 audiamus
3616 2918 3847 2987 Aposto-

2269 3016 2376 3071 lum
2402 3016 2796 3084 pmdicantem,
2821 3015 2909 3069 ubi
2934 3015 3039 3070 ait:
3075 3014 3180 3071 Sed
3203 3014 3334 3070 dicet
3358 3015 3562 3089 aliquis,
3584 3013 3850 3083 Quomodo

2267 3118 2530 3180 resurgent
2560 3110 2795 3164 ntortui?
2825 3109 2976 3176 Quali
3001 3118 3168 3163 autem
3196 3124 3405 3179 corpore
3432 3110 3630 3164 venient
3654 3104 3710 3180 (Ι
3726 3106 3849 3165 Cor.

2269 3206 2401 3275 xv)?
2445 3214 2499 3261 et
2547 3205 2793 3260 humanm
2846 3204 3039 3261 mentis
3086 3203 3437 3260 difﬁdentiam
3496 3203 3850 3273 redarguens,

2269 3312 2426 3369 quam
2458 3299 2651 3354 merito
2678 3298 2894 3354 stultam
2923 3338 2938 3365 ,
2969 3312 3085 3369 quae
3107 3294 3221 3353 Deo
3269 3292 3558 3368 quidquam
3588 3296 3853 3368 iudicaret

2270 3393 2631 3464 impossibile,
2678 3390 3077 3461 nuncupando,
3121 3400 3494 3463 competenter
3553 3407 3620 3447 ex
3674 3403 3852 3446 rerum

2270 3485 2430 3541 etiam
2471 3484 2763 3540 visibilium
2807 3490 2862 3539 et
2888 3481 3136 3539 humanis
3164 3480 3661 3540 conversationibus
3691 3481 3855 3537 usita-

2271 3588 2378 3633 tam
2432 3578 2840 3634 similitudincm
2904 3581 3467 3650 comparationemque
3519 3574 3855 3647 magniﬁcam

2272 3658 2771 3743 prteclarusdoctor
2799 3670 3023 3740 inducit,
3052 3670 3240 3726 dicens
3273 3684 3286 3723 :
3314 3665 3571 3738 Insipiens
3604 3668 3715 3739 (qui
3748 3665 3855 3722 Deo

2272 3768 2387 3821 llaec
2409 3765 2758 3837 impossibilia
2780 3766 3036 3832 aestimas,
3056 3765 3139 3819 vel
3174 3764 3398 3835 ambigis
3419 3776 3538 3819 esse
3566 3760 3853 3833 facienda),

2272 3878 2325 3930 tu
2345 3860 2482 3932 quod
2500 3858 3034 3929 seminaseiviﬁcatur,
3065 3859 3166 3912 nisi
3192 3857 3335 3927 piius
3372 3856 3621 3910 moriatur
3642 3850 3857 3925 (lbid.)l

2270 3955 2438 4023 Quam
2470 3953 2875 4009 similitudinem
2901 3953 2966 4008 ad
2990 3952 3439 4008 resurrectionem
3462 3951 3707 4011 corporis
3738 3953 3858 4017 post

2269 4058 2494 4105 mortem
2530 4047 2759 4102 futuram
2805 4050 3186 4101 convenienter
3224 4043 3447 4114 aptavit.
3485 4041 3688 4097 Deinde
3713 4034 3856 4111 quod

2268 4150 2482 4197 secutus
2525 4139 2721 4210 adjecit
2753 4157 2766 4194 :
2793 4136 2862 4193 Et
2892 4138 3029 4210 quod
3062 4138 3311 4204 sentinae,
3345 4151 3446 4189 non
3492 4150 3679 4205 corpus
3718 4129 3857 4202 quod

2270 4241 2498 4310 futurum
2526 4247 2597 4290 est
2636 4236 2889 4301 sentinae,
2916 4235 3001 4288 sed
3034 4233 3228 4287 nudum
3255 4246 3489 4303 granum,
3524 4239 3579 4283 ut
3615 4234 3738 4297 puta
3767 4224 3859 4279 tri-

2271 4333 2357 4386 tici
2382 4341 2427 4385 et
2459 4340 2779 4385 ctrterorum.
2815 4329 2953 4383 Deus
2974 4336 3140 4381 autent
3154 4327 3241 4380 dat
3268 4324 3346 4379 illi
3374 4340 3557 4395 corpus
3590 4328 3741 4390 prout
3770 4336 3858 4374 ro-

2274 4424 2366 4477 luit
2396 4420 2667 4495 (Ibidem).
2716 4420 2797 4477 Ad
2836 4420 3147 4491 qualitatem
3188 4420 3298 4489 jam
3341 4424 3397 4472 ct
3446 4410 3705 4487 speciem,
3738 4427 3859 4484 quae

2275 4524 2396 4587 p051
2426 4516 2875 4572 resurrectionem
2909 4514 3082 4569 futura
3111 4520 3214 4577 est,
3247 4523 3417 4582 genus
3437 4505 3860 4579 comparationis

2275 4610 2531 4667 adhibere
2568 4611 2791 4681 curavit,
2842 4619 2989 4681 prout
3034 4604 3221 4675 voluit,
3251 4605 3440 4675 inquit.
3493 4598 3632 4671 Quid
3682 4596 3860 4653 adhuc

2274 4705 2510 4776 quieris?
2553 4713 2709 4775 prout
2762 4701 2993 4759 voluerit
3046 4700 3204 4765 Deus,
3256 4698 3332 4754 sic
3378 4693 3524 4753 dabit
3572 4693 3861 4763 unicuique

2274 4809 2467 4866 corpus
2513 4793 2766 4850 ineffabili
2812 4790 3046 4861 potentia
3102 4788 3416 4844 suscitatum
3452 4804 3464 4839 :
3501 4782 3595 4840 sed
3630 4781 3860 4839 forsitan

2275 4888 2550 4945 arbitreris
2582 4888 2702 4943 ideo
2730 4886 2898 4957 magis
2923 4882 3212 4955 signiﬁcari
3238 4897 3345 4936 non
3385 4877 3675 4947 unicuique
3705 4890 3861 4929 suum

2276 4980 2673 5039 reformandum
2709 4980 2923 5050 proprie
2968 4990 3198 5047 corpus,
3245 4989 3366 5030 cum
3398 4980 3674 5027 astruatur
3705 4978 3863 5039 prout

2276 5076 2415 5131 Deus
2448 5073 2679 5128 voluerit
2705 5086 2824 5127 esse
2851 5069 3207 5141 reparandum

2346 5162 2637 5238 Diligenter
2668 5181 2793 5237 ergo
2823 5179 3041 5221 sensum
3076 5160 3284 5232 plenius
3316 5159 3434 5215 haec
3463 5154 3745 5213 tractantis
3777 5149 3864 5209 in-
3891 5220 3898 5236 λ

2279 5259 2465 5324 tende,
2497 5254 2543 5315 si
2582 5258 2721 5314 scire
2749 5242 2959 5312 conaris
3008 5248 3308 5325 cujusmodi
3346 5261 3540 5321 corpus
3571 5244 3865 5317 unicuique
3898 5329 3902 5333 ‘

2278 5353 2349 5410 sit
2374 5348 2517 5409 Deus
2533 5350 2633 5406 hoc
2659 5348 2834 5421 ipsum
2863 5358 3021 5419 prout
3046 5345 3277 5402 voluerit
3308 5342 3637 5407 redditurus,
3662 5347 3719 5396 et
3747 5346 3865 5393 tan-
3894 5420 3899 5423 _

2278 5461 2433 5515 quam
2483 5443 2576 5499 tibi
2612 5444 2719 5513 jam
2766 5450 2893 5497 tunc
2941 5438 3006 5495 ad
3053 5434 3157 5493 ista
3205 5428 3584 5508 respondentis
3618 5428 3901 5515 Apostoli,’

2276 5534 2436 5595 verba
2466 5536 2755 5609 perpende.
2805 5530 2975 5591 Nosse
3000 5528 3278 5588 desideras
3326 5542 3491 5599 quare
3530 5522 3864 5581 resuscitatis

2276 5630 2581 5687 hominibus
2625 5646 2820 5701 corpus
2866 5636 3025 5700 prout
3055 5627 3197 5683 Deus
3235 5622 3468 5682 voluerit
3506 5621 3579 5676 sit
3617 5619 3865 5683 daturus,

2277 5740 2506 5797 agnosce
2559 5724 2867 5795 prudenter,
2913 5731 2959 5776 et
3014 5721 3287 5791 unicuique
3316 5717 3565 5772 seminum
3594 5713 3863 5783 prapriunt

2277 5836 2459 5876 corpus
2486 5816 2709 5889 (Ibid),
2741 5817 2881 5886 quod
2912 5817 3096 5887 utique
3138 5828 3245 5872 non
3290 5812 3407 5870 sine
3446 5820 3609 5865 causa
3640 5804 3723 5862 vir
3755 5806 3863 5861 Deo
