4104 6356
219 257 316 313 155

1420 237 1774 297 EPISTOL/E
1815 236 1904 291 ΕΤ
1947 233 2290 295 DECRETA.

3383 233 3481 290 154

215 341 393 437 plenus
420 366 687 434 adnectit,
723 364 819 420 nisi
848 371 903 418 ut
943 363 1148 418 futuras
1172 358 1445 413 hominum
1474 345 1787 426 hujusmodi
1816 349 1869 411 Α
1896 349 2162 406 sentinutn
2202 353 2484 409 diversitas
2508 351 2787 419 indicaret,
2818 351 3288 437 suppeditaretque
3317 353 3484 422 plenze

213 458 570 513 dubitationes
598 453 914 527 expelleret.
950 451 1104 518 Audi,
1131 452 1364 522 inquam,
1399 443 1541 518 quod
1570 445 1788 515 sapiena

213 563 290 609 ter
311 545 527 622 adjecit,
561 557 613 605 et
644 560 706 605 ex
744 546 1088 603 similitudine
1117 555 1228 599 rem
1261 545 1427 613 ipsam
1460 539 1544 595 cui
1573 542 1799 608 comptis

183 655 358 702 "ratur
405 647 678 716 agnasce:
723 651 770 696 et
798 642 1100 712 unicuique,
1149 637 1336 708 inquit,
1382 631 1634 690 seminum
1666 641 1790 702 pro~

148 781 153 785 .
213 738 380 809 prium
419 741 645 804 corpus;
696 734 738 789 si
784 733 836 788 in
877 729 1225 787 similitudine
1265 726 1540 800 proprium
1573 731 1794 794 corpus,

212 845 340 897 ergo
368 839 422 885 et
454 829 509 883 in
539 843 628 894 re,
661 826 814 897 cujus
835 825 1129 881 similitudo
1153 831 1268 891 est,
1297 823 1570 892 prapriutn
1599 825 1796 887 corpus

214 933 415 979 certum
458 929 542 978 est
570 935 691 976 esse
733 917 1097 984 reddendum;
1134 915 1342 972 semina
1371 913 1514 969 enim
1546 913 1651 967 ista
1681 911 1799 965 sine

214 1014 578 1070 controversia
620 1012 922 1068 hominibus
961 1009 1316 1081 comparavit,
1340 1006 1407 1062 de
1438 1013 1662 1078 quorum
1684 1003 1795 1058 utic

141 1167 151 1176 ,
213 1119 316 1178 que
369 1116 544 1162 morte
585 1111 640 1161 et
659 1104 1062 1170 resurreetiOne
1095 1101 1457 1173 loquebatur:
1491 1105 1651 1168 atque
1679 1095 1801 1150 ideo

196 1199 424 1268 “singula
454 1198 678 1267 singulis
723 1194 1009 1250 eonferens
1031 1234 1045 1258 ,
1079 1197 1337 1263 qnantUm
1387 1190 1453 1244 ad
1485 1186 1803 1244 vivificanda

196 1223 335 1360 ﬁlost
365 1296 592 1345 mortem
621 1299 845 1357 corpora
881 1286 1173 1355 pertineret
1201 1329 1214 1351 ,
1246 1284 1312 1338 de
1339 1282 1488 1352 grani
1522 1291 1625 1335 non
1655 1279 1802 1350 prius

249 1301 335 1345 ost
365 1296 592 1345 mortem
621 1299 845 1357 corpora
881 1286 1173 1355 pertineret
1201 1329 1214 1351 ,
1246 1284 1312 1338 de
1339 1282 1488 1352 grani
1522 1291 1625 1335 non
1655 1279 1802 1350 prius

214 1385 464 1439 Vivifieati
495 1396 652 1454 quam
685 1382 877 1436 mortui
907 1380 1312 1450 comparatione
1346 1374 1603 1446 singulari
1633 1375 1798 1428 mirae

214 1476 396 1533 bililer
441 1476 748 1547 explicavit.
783 1474 984 1530 Dehine
1013 1471 1153 1543 quali
1187 1479 1310 1541 post
1348 1471 1800 1524 resurrectionem

217 1579 441 1637 corpore
470 1575 786 1624 censeretur
814 1577 935 1621 esse
978 1566 1208 1634 quisque
1249 1567 1507 1616 venturus
1536 1602 1550 1626 ,
1595 1558 1646 1613 id
1678 1565 1760 1613 est
1785 1599 1800 1625 ,

216 1671 394 1715 utrum
427 1665 526 1715 liae
553 1660 890 1719 conditione.
944 1673 1102 1724 quant
1136 1655 1418 1710 moriendo
1461 1655 1800 1723 gestaverat,

1903 445 2290 514 comparationi
2347 441 2570 500 facultas
2624 457 2718 514 per
2774 435 3047 512 quam-ad
3097 437 3484 514 specialitatem

1902 551 2188 607 corporum
2225 537 2609 609 designandam
2655 535 3168 595 convenientissime
3194 533 3483 608 diceretur,

1904 637 1951 685 et
1972 629 2244 700 unicuique
2263 631 2518 684 seminum
2548 625 2813 701 praprium
2836 647 3020 705 corpus
3048 629 3103 700 (1
3133 629 3252 689 Cor.
3279 631 3368 704 xv)
3391 675 3404 698 ,
3432 641 3489 687 ut

1903 719 2045 794 quod
2107 735 2207 778 una
2240 723 2452 793 species
2499 719 2791 792 cujuslibet
2831 721 3002 793 grani,
3050 723 3282 781 discreto
3333 739 3486 793 sexu,

1903 815 1992 887 qui
2025 815 2073 871 ei
2104 808 2282 871 nullus
2323 815 2593 870 :rstimare
2635 829 2740 870 non
2775 823 2956 885 pesset
2983 817 3346 887 exprimenda:
3372 835 3491 876 cor.

1904 918 2094 980 porum
2123 902 2433 978 proprietati
2461 948 2474 969 ,
2509 905 2648 964 sicut
2677 921 2820 978 saepe
2839 903 2949 979 iam
2973 907 3176 966 dictum
3203 918 3304 980 est,
3329 909 3492 971 semi-

1905 1008 2030 1055 ntJm
2070 999 2356 1056 diversitas
2387 997 2791 1071 intelligentiam
2812 999 3171 1059 ministraret.

1973 1085 2196 1165 Triplex,
2238 1091 2400 1164 igitur
2457 1095 2508 1148 in
2563 1089 2662 1148 hac
2712 1090 3118 1167 comparatione
3171 1091 3493 1166 proiiositio,

1903 1188 2215 1257 dtSptllath,
2245 1185 2488 1244 definitio
2511 1197 2593 1244 est
2609 1179 2628 1252 ς’
2649 1198 2700 1242 et
2723 1197 2979 1258 quantum
3001 1188 3066 1243 ad
3086 1187 3492 1260 intelligendam

1905 1279 2356 1336 resurrectionem
2387 1279 2619 1351 pertinet
2649 1277 2984 1351 corporalem
3027 1296 3091 1337 ex
3142 1279 3495 1341 similitudine

1905 1375 2054 1444 grani
2088 1387 2193 1428 non
2225 1374 2372 1442 prius
2415 1369 2667 1428 vivificati
2717 1387 2875 1443 quam
2939 1371 3137 1429 mortui
3186 1384 3496 1444 competens

1906 1464 2199 1519 similitudo
2254 1461 2638 1534 sufficiensque
2693 1461 3010 1535 deprompta
3067 1471 3169 1521 est.
3230 1464 3496 1533 Quantum

1907 1567 2035 1610 vero
2063 1556 2126 1610 ad
2158 1555 2207 1611 id
2238 1555 2451 1620 attinet,
2476 1558 2599 1638 quia
2627 1569 2727 1610 non
2752 1556 2805 1610 id
2831 1569 3019 1627 corpus
3052 1557 3330 1613 seminatur
3364 1557 3498 1632 quod

1910 1651 2140 1714 futurum
2189 1656 2300 1713 est,
2353 1647 2441 1701 sed
2497 1645 2633 1702 Deus
2686 1648 2775 1700 dat
2832 1647 2909 1702 iiii
2959 1659 3144 1720 corpus
3197 1658 3347 1718 prout
3394 1647 3499 1705 rufi

216 1765 284 1808 an
313 1753 473 1822 longe
504 1752 752 1817 meliote,
782 1751 1128 1804 nihilominus
1156 1750 1242 1802 illa
1270 1747 1624 1800 similitudine
1655 1753 1803 1814 pate-
1835 1741 1880 1800 Β
1907 1740 2107 1810 ibid),
2148 1741 2201 1796 in
2249 1740 2489 1810 ejusdem
2539 1740 2866 1794 continentia
2909 1741 3154 1796 lectionis
3197 1742 3500 1797 necessario

218 1845 379 1909 fecit,
408 1860 566 1914 quam
596 1854 814 1898 scentus
847 1842 1092 1910 exposuit
1123 1857 1136 1895 :
1171 1839 1233 1893 Et
1261 1850 1312 1893 tu
1338 1841 1424 1910 qui
1444 1841 1686 1906 seminus,
1711 1853 1812 1890 una»

225 1939 348 1991 dum
379 1951 596 2008 granum
625 1938 842 1990 seminus
866 1978 878 1999 ,
925 1945 979 1987 ut
1009 1943 1131 2003 puta
1161 1934 1317 1986 tritici
1343 1941 1434 1985 aut
1459 1933 1681 2002 alicujus
1719 1943 1816 1984 rw-

222 2038 496 2095 terorum;
548 2037 594 2082 et
634 2028 774 2081 Deus
804 2027 893 2079 dat
937 2025 1017 2079 illi
1064 2035 1251 2095 corpus
1278 2032 1428 2095 prout
1475 2023 1578 2077 ltuit
1609 2021 1664 2092 (ι
1692 2021 1813 2076 Cor.

223 2122 340 2191 ιν).
394 2121 451 2174 1η
485 2120 582 2174 liac
615 2129 744 2188 ergo
777 2119 944 2173 forma
975 2129 1169 2188 corpus
1211 2117 1379 2172 Deum
1407 2116 1561 2181 dare,
1617 2114 1817 2169 decen-

219 2210 332 2264 tius
361 2225 520 2280 quam
551 2209 778 2275 obierat,
804 2209 1084 2263 evidenter
1106 2207 1405 2277 expressit;
1439 2207 1580 2261 sicut
1608 2206 1658 2259 in
1688 2207 1811 2260 sub-

219 2303 572 2374 sequentibus
601 2303 797 2357 dicilur
824 2319 835 2356 :
872 2302 1167 2357 Seminatnr
1193 2297 1626 2371 incorruptione,
1651 2302 1814 2374 surgit

216 2399 273 2451 in
304 2397 780 2466 incorruptionem;
807 2396 1087 2448 seminatur
1113 2396 1166 2448 in
1189 2393 1532 2465 ignobilitate,
1560 2395 1727 2465 surgit
1757 2394 1812 2447 in

217 2493 485 2561 gloriam;
515 2491 795 2545 seminatur
819 2491 873 2544 in
908 2490 1234 2560 inﬁrmitate,
1265 2491 1426 2560 surgit
1452 2491 1504 2543 in
1535 2490 1772 2543 virtutem
1797 2500 1817 2555 ;

220 2586 505 2638 seminatur
565 2599 747 2655 corpus
788 2583 1042 2647 animale,
1101 2584 1262 2655 surgit
1314 2595 1499 2654 corpus
1549 2582 1820 2652 spirituaie

219 2677 448 2749 (Ibid).
478 2679 612 2733 Ecce
642 2677 1090 2748 quemadmodum
1131 2676 1361 2730 hominis
1396 2677 1675 2730 morientis
1711 2689 1816 2730 non

220 2772 331 2826 hoc
357 2771 655 2825 seminatur
697 2770 840 2840 quod
871 2779 1068 2840 corpus
1097 2778 1177 2824 est
1210 2777 1330 2839 post
1373 2768 1630 2823 futurum.
1678 2767 1820 2823 Ecce

223 2873 395 2933 prout
418 2863 529 2917 vult
558 2864 698 2918 Deus
747 2863 1063 2934 intelligitur
1101 2863 1486 2918 resurrecturis
1514 2873 1711 2932 corpus
1735 2875 1818 2918 re-

226 2955 475 3012 formare
510 2961 632 3027 post
675 2966 902 3011 mortetn
932 2965 1051 3011 eum
1084 2957 1441 3011 inaestimabili
1472 2967 1583 3012 sua:
1610 2957 1822 3012 miseri-

215 3048 434 3103 cordia:
461 3049 737 3104 voluntate
769 3065 784 3102 :
815 3049 956 3117 quod
999 3049 1174 3103 fuerat
1203 3050 1255 3102 in
1287 3050 1630 3118 corruptione
1659 3049 1819 3103 semi-

1919 1849 2076 1892 Cansa
2110 1845 2401 1905 reseratur,
2431 1851 2548 1891 cum
2579 1834 2930 1904 corruptibile
2955 1849 3148 1905 corpus
3183 1838 3501 1891 seminatnm

1922 1927 2231 1999 perhibetur
2253 1928 2656 1999 incorruptibile
2687 1925 3042 1996 redditurum,
3070 1936 3126 1984 et
3147 1937 3361 1997 caetera,
3386 1939 3504 2000 quin

1920 2022 2042 2078 huic
2070 2024 2249 2089 sensui
2279 2021 2574 2092 probantur
2600 2021 2897 2075 adhmrere.

1988 2113 2254 2182 thntum
2284 2123 2463 2168 autem
2491 2111 2558 2167 ad
2591 2111 2972 2184 proprietatem
3019 2125 3302 2184 corporum
3333 2113 3503 2184 respi-

1919 2204 1990 2260 cit
2027 2203 2378 2270 edoceudam,
2425 2197 2734 2274 plenissime
2779 2205 3083 2261 declaratur
3127 2203 3268 2278 quod
3319 2205 3505 2263 beatus

1919 2302 2209 2371 Apostolus
2260 2319 2591 2374 nequaquam
2643 2303 2864 2360 seminis
2909 2305 3066 2360 unius
3107 2305 3504 2377 comparatione

1919 2399 2236 2462 cantemus,
2300 2409 2396 2466 per
2441 2393 2585 2466 quod
2636 2398 3018 2466 proprietatem
3067 2411 3353 2469 corporum
3400 2416 3506 2458 non

1923 2494 2104 2560 posset
2134 2489 2442 2555 ostendere,
2494 2505 2613 2543 eum
2652 2489 2703 2544 id
2735 2503 2838 2543 una
2865 2489 3094 2560 species,
3126 2500 3180 2545 ut
3207 2507 3367 2562 supra
3398 2509 3506 2548 mc-

1924 2593 2184 2640 ntoratum
2217 2593 2320 2652 est,
2351 2583 2571 2640 seminis
2603 2597 2707 2639 non
2739 2581 2980 2651 haberet,
3011 2581 3214 2639 studuit
3241 2601 3308 2641 ex
3345 2587 3507 2640 sctni-

1924 2693 2048 2733 num
2097 2677 2408 2734 diversitate
2457 2688 2761 2735 monstrare
2807 2677 3092 2749 unicuique
3155 2683 3506 2749 surgentium,

1923 2774 2014 2845 qtti
2042 2783 2167 2828 sunt
2196 2775 2380 2844 utique
2412 2773 2706 2829 seminibus
2734 2772 3050 2844 comparati,
3083 2773 3358 2843 proprium
3384 2789 3509 2828 cor-

1927 2883 2022 2937 pus
2046 2883 2163 2923 esse
2191 2864 2541 2923 reddendum.
2577 2867 2640 2922 Et
2669 2859 2952 2938 resurgeht
2979 2880 3108 2936 ergo
3157 2863 3400 2921 homines
3434 2867 3508 2920 νὶ-

1924 2957 2118 3021 vifieati
2154 2973 2273 3032 post
2313 2972 2560 3028 mortem,
2609 2962 2697 3030 qui
2743 2961 2927 3031 utique
2958 2959 3106 3032 prius
3159 2957 3508 3016 morientibus

1925 3055 1979 3109 et
1997 3051 2339 3125 postmodum
2365 3055 2540 3109 vivific
2560 3053 2696 3109 indis
2722 3051 3016 3108 seminibus
3039 3055 3332 3123 comparati
3354 3062 3505 3120 sunt;

214 3148 423 3194 natum
449 3177 463 3203 ,
493 3139 882 3210 incorruptiliili
910 3140 1184 3194 nobilitate
1210 3149 1502 3207 restant-at;
1534 3141 1678 3212 quod
1708 3140 1821 3196 fue-
1845 3127 1894 3194 (ἶ
1925 3155 2104 3202 etnon
2133 3141 2404 3217 hoc-quod
2454 3147 2754 3202 moriuntur
2775 3189 2790 3213 ,
2844 3147 2894 3200 id
2941 3157 3020 3201 est
3053 3156 3297 3217 tanquam
3348 3143 3510 3202 semi-

212 3223 322 3287 αι’
353 3237 587 3294 terrena:
635 3229 962 3286 conditionis
1003 3231 1053 3284 in
1100 3230 1431 3300 ignobilitate
1466 3232 1700 3299 stipitum
1728 3271 1743 3297 ,
1767 3231 1822 3288 in

213 3323 407 3394 gloria
464 3324 672 3378 caelesti
724 3326 1038 3389 resuscitat;
1089 3323 1233 3392 quod
1278 3323 1453 3378 fuerat
1483 3323 1828 3378 mortalitatis

214 3417 549 3473 infirmitate
583 3418 874 3471 resolutum
897 3457 911 3482 ,
947 3417 1274 3486 redintegrat
1316 3418 1366 3469 in
1417 3415 1828 3470 immortalitatis

214 3510 434 3565 deo-ire
465 3510 746 3574 vestitum;
785 3521 1056 3577 postremo
1081 3510 1222 3578 quod
1267 3509 1437 3564 fuerat
1479 3510 1712 3565 animale
1734 3511 1830 3565 de-

214 3607 499 3668 functum,
551 3615 746 3672 corpus
787 3604 1065 3672 spirituale
1116 3605 1390 3674 restituit,
1437 3613 1493 3660 et
1524 3605 1822 3661 reformat:

213 3712 350 3770 qua:
379 3707 571 3754 cuneta
595 3697 660 3751 ad
685 3707 881 3751 statum
913 3698 1301 3753 meliorationis
1324 3698 1826 3768 sublltnationisque

214 3791 552 3861 respiciunt.
583 3791 676 3845 illa
712 3805 837 3845 vero
883 3798 1001 3862 qua:
1051 3801 1212 3847 restat
1245 3805 1369 3862 pars
1402 3792 1826 3862 comparationis

212 3886 460 3941 adnexae
475 3885 775 3953 specialiter
796 3887 859 3938 ad
886 3889 1268 3956 proprietatem
1283 3887 1527 3957 corporis
1543 3887 1826 3957 unicuique

211 3978 626 4035 redhibendam
675 3983 944 4046 pertinere
985 3981 1254 4047 firmatur,
1300 3995 1403 4050 qua
1434 3989 1828 4050 consequenter

209 4074 433 4129 dicitur
465 4089 480 4127 ε
516 4071 579 4127 Et
617 4074 888 4158 unicuique
915 4075 1164 4128 seminum
1197 4074 1462 4151 prqpriuut
1487 4089 1713 4144 corpus;
1736 4073 1827 4128 ubi

210 4167 362 4221 satis
411 4177 638 4236 apparet
669 4167 722 4221 in
765 4166 954 4237 quavis
985 4165 1381 4235 resurgentium
1425 4164 1670 4219 claritate
1700 4173 1828 4232 pro-

209 4263 526 4331 prietatem
583 4261 825 4330 corporis
878 4273 998 4316 esse
1049 4267 1389 4325 mansuram;
1442 4269 1542 4314 nec
1595 4257 1826 4313 otiosum

207 4356 371 4426 quod
409 4356 603 4410 beatus
625 4357 912 4424 Apostolus
949 4370 1068 4410 cum
1101 4353 1168 4410 de
1205 4355 1322 4410 solo
1349 4351 1580 4410 humano
1601 4367 1826 4424 genere,

206 4448 370 4518 quod
403 4449 583 4504 solum
608 4456 689 4503 est
711 4450 893 4518 utique
915 4446 1304 4513 suscitaudum,
1330 4463 1426 4502 nec
1443 4447 1544 4501 alia
1569 4455 1825 4518 quaecun-

206 4555 323 4611 que
380 4541 688 4594 substantia
738 4542 839 4596 ltoc
883 4543 966 4596 est
1015 4551 1238 4596 munere
1281 4540 1606 4607 decoranda,
1661 4549 1824 4612 atque

207 4633 346 4690 ideo
377 4632 662 4688 sufficeret
709 4633 777 4710 ad
814 4649 974 4688 unum
1019 4649 1188 4705 genus
1217 4631 1492 4689 hominum
1515 4644 1673 4690 unam
1701 4651 1824 4706 spe-

205 4729 361 4784 eie'm
384 4727 619 4783 seminis
643 4727 808 4798 gratia
827 4728 1238 4799 comparationis
1255 4728 1532 4794 adhibere,
1553 4736 1647 4798 per
1665 4741 1824 4800 quam

1851 4506 1906 4568 D

1928 3249 2142 3306 nantur,
2175 3249 2490 3308 resurgunt,
2539 3240 2628 3294 sed
2664 3238 2796 3308 Deus
2838 3237 2909 3294 eis
2952 3239 3041 3292 dat
3077 3256 3262 3308 corpus
3304 3247 3359 3294 ut
3407 3242 3510 3294 ruit

1929 3329 2178 3404 (Ibid.),
2239 3339 2298 3387 ut
2343 3331 2412 3386 sit
2457 3331 2524 3388 de
2569 3331 2902 3401 eorruptibili
2951 3331 3390 3402 incorruptibile,
3442 3331 3510 3389 de

1929 3421 2146 3479 mortali
2198 3421 2529 3486 immortale,
2599 3423 2667 3478 de
2725 3407 3046 3492 inspirituaii
3092 3424 3403 3492 Spirituaie;
3454 3433 3511 3479 ut

1929 3517 2070 3586 quod
2106 3515 2292 3570 mortis
2324 3515 2496 3570 fuerat
2520 3513 2829 3590 conditione
2861 3511 3251 3583 decoloratum,
3286 3515 3510 3570 immor-

1929 3609 2032 3667 tale
2063 3621 2117 3666 et
2161 3609 2412 3666 decorum
2463 3609 2767 3682 integritate
2813 3608 3088 3675 reddatur,
3137 3617 3193 3664 et
3237 3610 3508 3679 preprium

1928 3717 2124 3772 corpus
2153 3704 2292 3760 sicut
2323 3704 2738 3775 unumquodque
2768 3705 3029 3759 seminum
3067 3703 3182 3761 sine
3208 3701 3370 3762 dubio
3419 3721 3507 3762 re-

1928 3797 2132 3867 cepturi
2162 3806 2288 3852 sunt
2311 3814 2324 3850 :
2347 3791 2489 3867 quod
2521 3797 2641 3867 quia
2666 3795 2879 3853 diverso
2909 3797 3064 3852 sexui
3092 3795 3142 3851 in
3175 3813 3280 3852 uno
3307 3792 3509 3852 semine

1928 3891 2224 3959 comparari
2257 3905 2364 3944 non
2395 3899 2625 3958 poterat,
2673 3904 2740 3943 ex
2769 3890 3036 3944 seminum
3065 3887 3374 3944 diversitate
3401 3887 3511 3944 col-

1929 3982 2094 4036 latutn
2121 3992 2225 4049 eSI,
2260 3987 2314 4036 ut
2346 3997 2409 4037 ex
2443 3983 2754 4036 diversitate
2780 3982 3042 4036 seminum
3071 3997 3351 4050 corporum
3383 3997 3508 4049 pro-
3539 3981 3541 3983 ’

1931 4075 2129 4143 prietas
2160 4074 2480 4142 signaretur.
2514 4073 2571 4128 Si
2600 4087 2728 4127 vero
2759 4073 3030 4140 proprium
3060 4086 3254 4138 corpus
3285 4073 3506 4124 resusci-

1934 4173 2075 4220 tatus
2099 4165 2326 4234 quisque
2353 4163 2629 4232 suscipiet,
2661 4162 3029 4216 indubitanter
3057 4171 3139 4216 est
3177 4175 3513 4231 consequens

1933 4269 1990 4315 ut
2011 4257 2294 4328 unicuique
2313 4258 2463 4312 sexui
2487 4269 2682 4327 corpus
2702 4239 2973 4326 proprium
2989 4253 3335 4320 reformatur;
3365 4254 3510 4326 quia,

1933 4354 2067 4411 sicut
2089 4355 2288 4411 dictum
2310 4357 2410 4420 est,
2436 4359 2489 4409 et
2512 4351 2796 4422 unicuique
2817 4352 3082 4407 seminum
3109 4349 3376 4422 proprium
3397 4339 3515 4406 cor-

1931 4465 2030 4521 pus
2052 4447 2353 4506 restituitur
2394 4445 2728 4502 attributum.
2764 4446 2827 4500 Et
2855 4443 2900 4501 si
2937 4441 3223 4516 unicuique
3251 4445 3513 4502 seminum

1933 4545 2206 4616 proprium
2231 4557 2423 4614 corpus
2447 4541 2764 4607 restituitur,
2784 4555 2876 4610 per
2896 4555 3012 4610 quae
3035 4541 3216 4610 utique
3235 4539 3438 4598 semina
3464 4539 3516 4597 itt

1932 4647 2161 4709 utroque
2189 4653 2319 4693 seru
2347 4650 2507 4690 omne
2541 4649 2707 4706 genus
2746 4631 3020 4688 hominum
3051 4631 3383 4703 designatum
3412 4637 3512 4698 ρει,

1933 4733 2176 4802 sequitur
2205 4740 2261 4785 ttt
2289 4741 2448 4786 omne
2470 4743 2638 4800 genus
2665 4721 2982 4793 humanum,
3024 4723 3163 4795 quod
3197 4725 3246 4780 itt
3291 4733 3516 4796 utroque

1934 4839 2065 4880 sexu
2085 4821 2202 4879 istis
2219 4835 2300 4878 est
2323 4821 2616 4877 seminibus
2638 4817 2997 4889 designatum,
3016 4819 3286 4887 proprium
3311 4817 3376 4872 sit
3399 4832 3520 4872 cor-

1935 4925 2033 4988 pus
2056 4924 2476 4985 resumpturum.
2505 4911 2614 4966 Hoc
2638 4925 2735 4966 nos
2757 4926 2822 4966 ex
2847 4907 3024 4964 verbis
3046 4907 3288 4978 ApOstoli
3314 4902 3393 4964 ins
3435 4915 3518 4964 e~t

1934 5009 2111 5065 sobria
2145 5007 2575 5063 consideratione
2621 5004 2816 5070 metiri,
2869 5004 3004 5059 ultra
3055 5019 3176 5074 qua:
3218 5005 3512 5059 carentum

1936 5111 2017 5159 est
2058 5101 2337 5156 temeraria
2366 5099 2676 5154 curiositate
2708 5105 3085 5168 prorumpere;
3129 5109 3346 5166 propter
3373 5094 3515 5163 quo-tl

1935 5194 2098 5250 etiam
2123 5203 2527 5248 commonemur
2574 5208 2587 5245 :
2618 5187 2818 5244 Altiora
2848 5197 2894 5244 te
2921 5204 2982 5243 ne
3022 5183 3304 5258 qutesieris,
3332 5195 3377 5239 et
3406 5186 3515 5251 [or-
3583 5253 3586 5256 π

1937 5290 2073 5343 tiora
2102 5288 2148 5341 te
2174 5293 2236 5340 ne
2265 5283 2423 5355 fueris
2447 5289 2699 5340 scrutatus
2739 5281 2935 5355 (Eccie.
2967 5281 3067 5353 ιιι).
3127 5281 3217 5347 Ει,
3261 5272 3380 5332 Non
3411 5281 3518 5330 ulta

1934 5363 2212 5450 sapientes,
2239 5377 2329 5433 sed
2357 5375 2628 5431 humilibus
2649 5375 3016 5431 consentientes
3037 5371 3211 5446 (Rom.
3230 5368 3344 5437 xu).
3369 5361 3518 5424 Post-

1925 5487 2074 5532 remo
2102 5472 2435 5528 attendentes
2469 5469 2620 5538 illud,
2646 5465 2788 5540 quod
2817 5467 3108 5538 apostolica
3141 5478 3353 5533 quoque
3378 5481 3517 5536 prte-

1924 5570 2194 5626 dicatidne
2225 5567 2490 5622 ﬁrmatum
2524 5572 2624 5629 est,
2675 5563 2814 5633 quod
2868 5552 3047 5612 oculus
3087 5574 3189 5610 non
3232 5557 3378 5630 vidit,
3429 5575 3517 5613 nec

1924 5665 2065 5721 auris
2105 5661 2318 5730 audivit,
2349 5675 2440 5714 nec
2466 5659 2521 5713 in
2552 5672 2638 5711 cor
2675 5649 2891 5706 hominis
2918 5644 3144 5705 ascendit
3171 5670 3284 5724 quw
3312 5671 3514 5724 ρνωρη-

1924 5759 2055 5817 ravit
2086 5753 2226 5812 Deus
2253 5750 2548 5808 timentibus
2575 5763 2628 5801 se
2650 5741 2698 5801 (1
2723 5739 2844 5797 Cor.
2872 5738 2954 5814 tt),
3006 5741 3244 5820 quisquis
3273 5746 3516 5818 superius

202 4831 263 4879 et
279 4831 407 4879 non
437 4822 591 4894 prius
613 4819 862 4877 vivificari
881 4831 1038 4894 quam
1061 4823 1220 4890 mori,
1242 4831 1298 4878 et
1318 4821 1688 4878 honorabilius
1703 4837 1826 4879 cor-

152 4968 155 4970 _
202 4931 317 4986 pus
349 4925 532 4986 quam
568 4915 922 4971 seminaretur
961 4926 1250 4988 exsurgere
1276 4917 1626 4988 perduceret:
1651 4913 1744 4973 sed
1767 4925 1828 4972 ut

199 5010 426 5066 diversi
467 5015 629 5062 sexus
661 5009 930 5078 proprium
961 5021 1157 5080 corpus
1183 5022 1385 5067 asseret
1412 5009 1504 5084 [F.
1530 5011 1820 5085 assereret]

148 5070 164 5172 ξ
196 5100 604 5159 innovandum
629 5144 643 5170 ,
678 5102 820 5173 quod
860 5105 911 5160 in
944 5116 1045 5158 una
1088 5107 1266 5174 specie
1305 5107 1522 5162 seminis
1564 5070 1823 5177 quantuni

152 5188 156 5192 ’
193 5202 266 5257 ad
292 5198 729 5257 similitudinem
754 5201 1068 5270 respiceret,
1104 5213 1210 5254 non
1233 5199 1482 5270 habebat,
1507 5217 1575 5258 ne
1596 5213 1690 5272 per
1721 5203 1822 5258 hoc

192 5305 251 5350 et
283 5307 476 5350 unam
511 5292 880 5350 tantummodo
917 5293 1149 5363 speciem
1174 5289 1668 5350 resuscitandorum
1699 5310 1822 5351 cor-

193 5401 411 5460 porum
451 5384 758 5440 i‘utt‘trarum
785 5385 1114 5457 significasse
1135 5393 1409 5457 putaretur
1434 5371 1818 5459 proprietatum

191 5476 581 5537 distinctione
607 5477 854 5534 submdta
873 5521 887 5544 ,
919 5477 1149 5534 discreta
1179 5487 1512 5549 quaecunque
1545 5483 1818 5538 seminum

186 5583 416 5647 genera
484 5569 904 5640 Comparationis
949 5581 1062 5626 suae
1120 5575 1277 5627 caute
1329 5572 1819 5645 convenienterque

186 5668 350 5723 duxit
396 5659 719 5719 adhibenda
749 5703 763 5728 ,
813 5661 872 5722 ut
900 5664 1277 5733 preprietatem
1321 5671 1607 5736 carporum
1635 5708 1650 5734 ,
1682 5669 1822 5724 sicut

186 5761 415 5819 dictum
445 5761 732 5822 est,ouam
755 5769 860 5811 una
887 5747 1092 5827 species
1112 5758 1418 5818 discernere
1442 5771 1549 5816 non
1579 5759 1812 5832 valebat,
