4104 6356
614 378 717 437 155

1967 355 2236 415 GELAS“
2272 354 2477 414 PAPIE
2516 357 2538 411 l

3807 352 3913 409 156

617 481 905 545 inoremati
936 492 1127 540 sensus
1152 474 1411 546 ,Apostoli
1455 486 1563 530 non
1610 479 1694 527 est
1736 470 2089 542 intelligentia
2124 470 2210 525 vel
2240 472 2295 533 Α
2320 470 2437 539 ejus
2464 468 2702 526 conditio
2734 468 2785 524 in
2816 467 2921 524 illis
2950 480 3161 538 quoque
3189 465 3450 523 claritatis
3476 466 3677 523 decore
3699 480 3921 538 perma-
3968 460 3974 465 ’

619 580 1014 652 comparatione
1057 578 1362 629 contentus,
1414 566 1481 621 ad
1526 565 1629 620 hoc
1662 574 1834 629 certe,
1895 565 2019 618 velit
2052 563 2205 629 nolit,

618 678 734 731 sine
764 670 1095 728 dubitatione
1131 661 1539 731 constringitur,
1594 666 1653 713 ut
1701 673 1819 728 qua:
1865 655 2053 711 oculus
2097 669 2205 708 non

620 768 769 833 vidit,
800 780 896 820 nec
924 762 1070 816 auris
1099 756 1325 824 audivit,
1354 770 1465 811 nec
1486 754 1538 808 in
1558 768 1654 807 cor
1684 750 1919 806 hominis
1945 747 2205 812 ascendit,

617 858 852 930 qualibet
888 853 1083 908 audeat
1129 849 1229 903 sibi
1279 846 1607 902 mediatione
1653 856 2000 914 componere,
2056 838 2210 909 quasi

614 949 781 1005 verbo
809 946 1026 1002 humani
1056 942 1299 1013 corporis
1320 941 1496 1010 aliqua
1522 937 1761 994 membra
1788 934 2098 1005 culpabilia,
2122 931 2209 987 vel

615 1043 833 1107 decora,
889 1038 975 1095 vel
1021 1033 1463 1108 reprehensibilia
1513 1031 1624 1086 sint
1667 1037 1867 1094 creata,
1916 1041 2037 1081 cum
2070 1026 2212 1080 Deus

615 1116 806 1191 fecerit
825 1131 1002 1188 omnia
1027 1130 1163 1184 bona
1184 1126 1339 1181 valde
1378 1124 1587 1196 (Cenes.
1616 1125 1678 1193 ι),
1705 1131 1759 1177 et
1780 1131 2212 1190 unamquamque

616 1226 853 1295 Speciem
881 1225 933 1278 in
964 1238 1061 1278 suo
1089 1235 1288 1291 genere
1313 1218 1635 1287 competenti
1667 1217 1863 1270 decore
1894 1213 2206 1275 subnixam,

616 1319 721 1375 nisi
743 1318 884 1390 quod
916 1318 1053 1382 haec,
1084 1330 1205 1385 quas
1229 1302 1511 1368 inhonesta
1546 1319 1729 1365 nostra
1755 1316 1878 1363 sunt
1903 1307 2063 1375 dicta,
2089 1320 2211 1361 con-

616 1413 963 1484 cupiscentiae
987 1407 1345 1480 primordialis
1366 1406 1739 1462 decolorasset
1768 1416 2029 1458 excessus
2055 1418 2067 1454 ε
2092 1413 2211 1469 quae

618 1508 803 1577 utique
833 1505 912 1559 sic
938 1503 1146 1557 fuerant
1187 1501 1448 1565 instituta,
1482 1508 1541 1554 ut
1573 1498 1638 1552 ad
1670 1506 1857 1551 nutum
1888 1492 2084 1549 mentis
2114 1491 2213 1545 hu-

618 1615 791 1655 manae
817 1597 1150 1661 famulantia,
1199 1593 1567 1649 tantummodo
1598 1607 1663 1647 ex
1710 1591 1903 1644 anima:
1935 1586 2212 1643 rationalis

618 1694 844 1749 arbitrio
874 1692 940 1747 ad
987 1688 1333 1762 procreandis
1363 1688 1567 1743 sobolis
1612 1699 1831 1741 causam
1880 1682 1992 1737 suis
2021 1681 2212 1759 ofﬁciis

618 1789 993 1859 fungerentur.
1048 1785 1253 1841 Praeter
1283 1783 1421 1836 hanc
1446 1795 1575 1835 vero
1620 1794 1833 1834 causam
1866 1776 1997 1831 nihil
2024 1783 2211 1830 contra

2314 573 2461 629 neat,
2498 564 2601 619 nisi
2633 563 2772 617 forte
2812 562 2901 618 isti
2930 564 3091 618 etiam
3123 563 3231 617 illic
3256 562 3433 617 adhuc
3458 562 3770 617 existiment
3798 577 3922 618 mo-

2315 666 2397 712 tus
2424 671 2719 729 corporeos
2750 656 3005 721 orituros,
3057 656 3144 710 ubi
3174 656 3338 726 (sicut
3380 656 3494 726 ipse
3524 656 3785 711 Dominus
3816 656 3917 727 ait)

2312 768 2474 820 neque
2517 753 2702 806 nubent
2749 768 2908 822 neque
2936 751 3219 820 nubentur,
3262 751 3351 803 sed
3395 759 3512 804 sunt
3561 752 3695 805 sicut
3742 751 3922 819 angeli

2315 848 2515 918 (Marc.
2548 848 2666 918 xu).
2698 847 2852 914 Quod
2882 848 3063 916 utique
3092 846 3138 900 si
3166 847 3218 899 in
3247 860 3408 900 unam
3455 843 3693 915 speciem
3720 859 3919 913 corpo-

2312 941 2389 994 ris
2432 955 2703 1010 unumque
2742 955 2930 996 sexum
2974 953 3164 995 omnes
3206 939 3421 995 fuerant
3450 938 3771 1002 suscitandi,
3819 952 3919 992 cur

2313 1032 2583 1088 diceretur
2608 1047 2769 1088 causa
2795 1033 3009 1103 penitus
3036 1046 3144 1086 non
3176 1030 3384 1087 fuisset.
3407 1030 3549 1098 Quin
3576 1032 3753 1101 potius
3781 1045 3906 1085 cum

2314 1127 2545 1183 femineo
2597 1142 2727 1183 sexu
2780 1128 2951 1199 magis
3015 1116 3307 1197 competat
3340 1125 3586 1192 nubere,
3640 1141 3752 1179 non
3802 1123 3913 1179 illic

2311 1219 2643 1289 defuturum,
2692 1219 2788 1275 sed
2836 1228 3169 1275 cessaturum
3218 1231 3438 1288 prorsus
3466 1233 3498 1271 a
3529 1217 3729 1286 nuptiis
3762 1215 3909 1271 indi-

2312 1323 2483 1368 catur.
2534 1313 2667 1368 Cum
2698 1321 2877 1368 autem
2907 1310 3258 1366 nihilominus
3300 1310 3557 1379 scriptum
3598 1312 3688 1375 sit,
3741 1318 3795 1361 ut
3826 1324 3914 1362 ca-

2313 1406 2421 1477 piat
2470 1407 2820 1477 unusquisque
2876 1405 3090 1475 propria
3142 1419 3359 1474 corpora
3399 1418 3516 1474 quae
3565 1402 3761 1473 gessit,
3810 1402 3913 1455 sire

2314 1499 2464 1564 bona,
2516 1500 2621 1552 sive
2669 1497 2807 1551 mala
2855 1500 2872 1565 (
2884 1497 2941 1550 11
2970 1497 3087 1551 Cor.
3120 1497 3202 1567 v),
3248 1495 3519 1567 quomodo
3562 1494 3615 1549 id
3662 1496 3774 1561 fiet,
3809 1495 3911 1550 nisi

2313 1599 2541 1660 uterque
2564 1603 2725 1644 sexus
2747 1589 2801 1643 in
2823 1570 2905 1644 sui
2932 1589 3173 1659 corporis
3196 1587 3523 1659 proprietate
3542 1586 3626 1641 vel
3647 1585 3907 1655 judicium

2314 1684 2522 1752 subeat,
2558 1685 2643 1740 vel
2674 1682 2959 1755 praemium
2992 1683 3163 1737 beatae
3193 1681 3602 1737 resurrectionis
3634 1680 3909 1748 accipiat?

2316 1777 2587 1839 Falluntur
2620 1786 2794 1835 autem
2814 1777 2906 1849 qui
2922 1785 3109 1847 putant
3133 1777 3264 1831 illud
3284 1775 3524 1845 Apostoli
3545 1775 3906 1831 testimonium

616 1881 813 1935 mentis
844 1876 1152 1945 imperium,
1204 1890 1324 1946 quas
1360 1872 1740 1944 pra‘veniendo
1772 1868 2088 1924 insolentius
2116 1883 2213 1922 vo-
2239 1858 2291 1921 Β
2315 1872 2533 1928 sibimet
2562 1871 2867 1943 suffragari,
2895 1886 3002 1941 quo
3033 1870 3280 1926 videntur
3308 1882 3553 1925 asserere
3602 1868 3657 1923 in
3703 1867 3907 1923 virilem

615 1972 895 2034 luntatem,
926 1970 1007 2024 vel
1037 1982 1159 2025 cum
1188 1968 1238 2021 id
1269 1967 1518 2021 voluntas
1560 1971 1859 2034 expeteret,
1918 1962 2206 2032 quidquam

615 2062 926 2117 rebellionis
974 2059 1220 2115 alierent.
1271 2057 1375 2112 Sed
1426 2064 1708 2125 postquam
1756 2053 1933 2107 anima
1982 2052 2209 2107 summis

617 2156 729 2211 suis
757 2154 995 2223 subjecta
1046 2166 1151 2207 non
1195 2148 1456 2214 constitit,
1512 2148 1625 2217 pari
1675 2148 1726 2200 in
1777 2146 1955 2214 seipsa
2005 2153 2211 2198 natura:

618 2248 950 2303 contumacis
974 2246 1089 2315 lege
1121 2246 1308 2313 punita
1337 2241 1585 2311 superbia
1607 2248 1711 2307 est,
1746 2249 1805 2293 ut
1832 2238 1954 2293 huic
1974 2251 2207 2308 quoque,

618 2341 672 2396 id
702 2348 787 2396 est
823 2340 1016 2394 anima:
1063 2336 1300 2393 dominio
1330 2335 1570 2402 subjecta
1602 2340 1999 2403 consequenter
2048 2331 2210 2385 obse-

619 2433 741 2504 quia
770 2439 1153 2501 repugnarent,
1196 2436 1250 2483 et
1284 2427 1425 2498 quod
1454 2426 1602 2481 vetiti
1636 2424 2053 2495 praesumptione
2080 2438 2212 2495 con-

620 2524 915 2580 tradixerat
963 2522 1211 2577 humana:
1244 2520 1437 2575 mentis
1472 2518 1789 2574 inobediens
1817 2518 2106 2588 appetitus,
2146 2517 2209 2570 in

616 2633 680 2675 ea
706 2625 855 2688 parte
884 2615 1126 2685 corporis
1154 2613 1433 2678 indicaret,
1485 2626 1590 2679 qua
1621 2611 1925 2681 degeneris,
1961 2624 2021 2664 ac
2049 2608 2210 2664 deco-

615 2709 801 2765 lorata:
829 2707 1181 2777 superbteque
1205 2706 1401 2760 radicis
1426 2705 1611 2774 procul
1637 2704 1799 2758 dubio
1820 2702 2010 2758 vitiosa
2035 2702 2211 2757 fuerat

615 2800 892 2871 generatio
921 2796 1263 2868 pr0paganda
1306 2815 1317 2849 :
1351 2810 1471 2863 qua:
1497 2795 1679 2863 utique
1706 2796 1750 2847 si
1782 2794 1868 2847 hic
1900 2795 1999 2847 nisi
2028 2800 2213 2847 essent

616 2897 717 2950 hac
761 2893 1153 2949 exorbitationc
1200 2890 1395 2945 foedata
1442 2896 1729 2958 potucrant
1759 2886 1952 2941 decore
2004 2894 2207 2940 tantum

618 2988 852 3042 humano
880 2988 1067 3056 generi
1099 2982 1443 3055 propagando
1481 2994 1588 3036 tam
1618 2980 1845 3035 honesta
1891 2996 2048 3049 quam
2096 2994 2211 3034 mo-

619 3084 802 3139 derata
839 3082 1127 3151 persistere
1164 3078 1321 3133 etiam
1359 3077 1411 3131 in
1443 3090 1673 3145 corpore
1704 3076 1819 3129 sine
1866 3074 2211 3129 dubitatione

620 3165 857 3239 terreno,
910 3181 1112 3243 quanto
1154 3171 1321 3240 magis
1364 3169 1690 3224 credendum
1734 3168 1895 3222 estin
1947 3165 2207 3237 spirituali

2314 1969 2542 2023 formam
2578 1982 2768 2022 omnes
2796 1965 3041 2021 homines
3068 1963 3492 2028 resuscitandos,
3531 1960 3622 2016 ubi
3657 1962 3732 2016 ait
3769 1979 3781 2011 :
3810 1960 3907 2015 Do.

2313 2073 2402 2112 nec
2432 2075 2761 2113 occurramus
2790 2059 2845 2112 in
2874 2073 3035 2111 unum
3058 2057 3222 2110 uirum
3254 2056 3530 2127 perfectum
3564 2052 3783 2124 (Ephcs.
3814 2052 3905 2121 tv).

2313 2150 2449 2219 Quid
2480 2165 2608 2220 ergo
2639 2149 2837 2205 facient
2862 2164 2982 2204 cum
3024 2162 3209 2203 rursus
3252 2147 3393 2202 idem
3421 2145 3565 2201 dicat
3592 2158 3611 2200 :
3638 2144 3901 2213 Despondi

2313 2260 2401 2298 vos
2430 2244 2523 2298 uni
2550 2244 2658 2297 viro
2680 2244 2928 2313 uirginem
2959 2252 3147 2296 castam
3176 2241 3409 2295 exhibere
3440 2238 3647 2294 Christo
3671 2237 3763 2309 (II
3791 2238 3902 2293 Cor.

2314 2338 2435 2406 xt)?
2468 2337 2612 2404 quod
2640 2338 2763 2392 huic
2786 2336 2969 2407 utique
2998 2334 3236 2406 opinioni
3266 2348 3449 2390 eorum
3480 2332 3583 2388 erit
3613 2333 3734 2387 sine
3756 2330 3905 2385 dubi-

2313 2430 2515 2485 tatione
2556 2430 2906 2497 contrarium,
2958 2427 3061 2482 nisi
3108 2428 3364 2498 mysterio
3409 2433 3784 2496 competenter
3830 2426 3907 2478 in-

2313 2532 2499 2593 specto
2552 2522 2801 2578 modesta
2855 2531 3037 2577 mente
3086 2529 3413 2591 cognoscant
3454 2520 3689 2591 qualiter
3735 2528 3902 2575 utrum

2313 2617 2619 2681 conveniat,
2669 2614 2794 2683 quid
2847 2615 3027 2683 itaque
3074 2612 3201 2667 velit
3243 2611 3367 2677 sibi,
3412 2610 3556 2682 quod
3600 2613 3655 2669 in
3682 2620 3906 2680 utroque

2313 2728 2442 2767 sexu
2470 2711 2743 2767 describat
2772 2710 3037 2774 Ecclesia,
3087 2716 3347 2777 quantum
3377 2707 3603 2761 Domino
3637 2714 3906 2761 reserante

2313 2804 2597 2872 sentimus,
2645 2805 2981 2874 exponimus.
3030 2803 3113 2856 Ab
3157 2800 3310 2855 initio
3339 2800 3612 2855 Christum
3644 2808 3699 2854 et
3726 2799 3905 2855 Eccle-

2312 2898 2446 2951 siam
2480 2898 2711 2952 humana
2741 2912 2903 2951 carne
2928 2892 3281 2949 similitudine
3309 2892 3543 2962 conjugii
3574 2891 3903 2963 designatam

2314 3002 2493 3048 sancta
2525 2991 2805 3060 Scriptura
2836 2999 3080 3045 testatur.
3112 2987 3347 3044 Proinde
3374 3001 3495 3041 cum
3524 2986 3763 3042 femineo
3782 3000 3903 3041 sexu

2313 3098 2570 3141 censetur
2602 3084 2867 3149 Ecclesia,
2904 3083 3189 3138 infirmitas
3231 3081 3447 3153 quidem
3489 3080 3744 3135 humanm
3785 3094 3905 3134 con-

2315 3180 2533 3234 ditionis
2562 3178 2887 3245 ostenditur,
2912 3193 3033 3248 qua:
3057 3186 3306 3247 tanquam
3332 3176 3385 3230 in
3413 3175 3653 3230 Ecclesia
3679 3176 3905 3245 conjuge

620 3284 849 3340 corpore
883 3265 1225 3323 ineffabilitcr
1269 3263 1547 3318 decentius
1581 3263 1691 3315 haec
1739 3274 1896 3330 posse
1924 3269 2205 3326 constare;
2234 3243 2281 3307 C
2316 3271 2516 3326 Christi
2542 3271 2923 3325 εοηνεηίθηιειι
2944 3268 3293 3339 exprimitur;
3322 3267 3413 3323 sed
3444 3267 3662 3323 nomine
3689 3243 3904 3337 νίτέίιίί-

621 3365 889 3434 praecipue
909 3376 1031 3417 cum
1063 3358 1192 3413 nihil
1221 3357 1332 3426 jam
1363 3354 1611 3425 genitalis
1628 3353 1786 3409 ofﬁcii
1820 3353 1872 3407 in
1904 3353 1993 3408 illa
2023 3368 2208 3422 perpe~

620 3468 710 3512 tua
738 3455 981 3510 claritate
1030 3462 1245 3523 gestura
1290 3451 1437 3503 sint:
1471 3448 1567 3503 sed
1617 3447 1681 3503 ad
1715 3447 1815 3502 hoc
1865 3458 2069 3502 tantum
2098 3463 2211 3503 sua:

616 3552 814 3621 speciei
848 3550 1142 3616 formaeque
1194 3560 1299 3600 non
1330 3543 1579 3608 deerunt,
1633 3553 1693 3599 ut
1742 3558 1847 3597 non
1880 3544 2057 3610 aliqua
2104 3542 2208 3596 alia

616 3645 785 3701 forma
817 3658 977 3714 quam
1006 3641 1260 3705 humana,
1312 3639 1398 3694 cui
1449 3637 1717 3707 promissa
1751 3634 2075 3691 resurrectio
2104 3643 2206 3701 est,

616 3738 931 3794 resuscitata
964 3733 1255 3802 iudicetur,
1285 3745 1387 3785 nec
1413 3729 1612 3797 aliquid
1655 3730 1725 3782 sit
1753 3729 1895 3797 quod
1951 3729 2002 3781 in
2033 3728 2210 3781 carnis

617 3836 899 3897 perspecta
932 3822 1325 3879 resurrectione
1354 3835 1461 3875 non
1497 3829 1728 3885 maneat,
1754 3830 1809 3874 et
1834 3818 2079 3873 videatur
2104 3819 2205 3873 alia

618 3918 828 3989 species
866 3914 1118 3971 suscitata
1167 3928 1324 3984 quam
1371 3915 1595 3981 integras
1639 3913 1818 3967 carnis
1849 3912 2094 3967 humanae
2147 3914 2211 3968 li-

621 4020 904 4068 neamenta
935 4008 1216 4078 designant
1246 4024 1259 4061 :
1285 4022 1405 4078 qua:
1435 4006 1663 4077 quisque
1701 4020 1805 4061 non
1838 4006 1952 4061 vult
1981 4004 2208 4062 fortasse

616 4110 890 4165 niodetata
939 4110 1147 4166 ratione
1177 4109 1398 4173 librare,
1447 4108 1577 4163 velit
1600 4107 1754 4173 nolit,
1782 4116 1839 4161 ut
1867 4106 2067 4161 dictum
2102 4114 2204 4174 est,

614 4212 706 4258 aut
729 4204 795 4259 ad
826 4204 957 4260 illud
988 4205 1234 4274 superius
1263 4209 1586 4268 revertetur,
1631 4210 1683 4255 ut
1723 4201 1859 4271 quod
1894 4200 2070 4269 octt(us
2102 4217 2204 4254 non

614 4296 761 4360 uidit,
814 4312 902 4349 nec
930 4299 1072 4349 auris
1113 4296 1326 4359 audivit,
1377 4311 1469 4350 nec
1512 4295 1565 4347 in
1610 4310 1698 4347 cor
1734 4292 1951 4347 hominis
1978 4292 2206 4346 ascendit

615 4384 668 4456 (Ι
700 4384 817 4438 Cor.
856 4387 940 4456 ιι),
970 4402 1076 4441 non
1108 4388 1339 4439 aestimet
1365 4384 1833 4453 perscrutandum,
1860 4391 1954 4437 alit
1980 4384 2023 4436 si
2066 4384 2203 4436 ultra

616 4487 840 4531 conatur
886 4491 1193 4546 erumpere,
1238 4478 1354 4546 ipse
1399 4476 1580 4530 videat
1624 4490 1732 4529 sum
1767 4475 2084 4529 temeritatis
2114 4475 2206 4528 ab-

617 4580 855 4639 ruptum.
886 4570 1057 4635 Quam
1084 4576 1261 4623 autem
1290 4568 1505 4623 condita
1536 4577 1659 4621 sunt
1691 4566 1917 4641 honesta
1956 4566 2204 4622 hutnanze
2234 4592 2255 4641 _-

2321 3364 2466 3431 tatis,
2502 3363 2586 3419 vel
2616 3364 2961 3418 continentia:
2992 3363 3109 3433 ejus
3140 3361 3470 3431 propositum
3500 3360 3603 3415 vel
3632 3361 3903 3430 integritas

2317 3459 2462 3526 fidei,
2497 3459 2564 3513 de
2591 3473 2692 3529 qua
2717 3466 2772 3513 et
2800 3457 2917 3528 ipse
2940 3457 3001 3510 Β.
3028 3455 3316 3524 Apostolus
3343 3453 3581 3519 disserit,
3607 3454 3900 3508 intimatur.

2315 3549 2448 3606 Cum
2480 3565 2610 3605 vero
2638 3550 2854 3613 dicitur,
2900 3547 3075 3602 Donec
3102 3563 3430 3602 occurramus
3460 3562 3635 3601 omnes
3665 3547 3716 3599 in
3743 3547 3904 3599 cirum

2313 3643 2611 3713 perfectum,
2628 3656 2725 3696 nec
2741 3641 3010 3696 diversum
3028 3649 3130 3709 est,
3148 3654 3248 3695 nec
3264 3639 3503 3694 divinum
3518 3635 3610 3709 με.
3626 3637 3902 3707 divisum];

2314 3736 2568 3804 quoniam
2584 3733 2839 3803 quidquid
2860 3733 2912 3789 in
2929 3732 3185 3788 Ecclesia:
3203 3747 3431 3802 corpore
3448 3731 3779 3799 continetur,
3792 3744 3905 3801 qua

2313 3842 2435 3883 cum
2467 3827 2684 3883 Christo
2708 3842 2811 3881 una
2842 3840 2969 3882 caro
3010 3836 3095 3881 est
3133 3825 3270 3881 sacri
3313 3824 3429 3894 lege
3456 3823 3715 3893 conjugii,
3748 3825 3903 3878 etiam

2312 3921 2479 3990 ipsius
2503 3934 2631 3975 caro
2654 3918 2828 3973 modis
2856 3918 3104 3974 omnibus
3128 3918 3183 3971 in
3209 3932 3339 3972 sexti
3366 3916 3484 3972 fieri
3514 3925 3745 3987 utroque
3767 3912 3903 3985 quod

2312 4013 2514 4069 dictum
2544 4022 2629 4068 est
2654 4014 2767 4068 sive
2797 4012 2903 4066 illic
2920 4012 3179 4081 virginem
3206 4010 3558 4075 castam,sive
3582 4008 3710 4064 huic
3735 4007 3903 4062 virum

2311 4108 2629 4178 perfectum,
2675 4116 2732 4161 ut
2762 4107 2834 4161 ita
2866 4106 2974 4161 sint
3006 4105 3059 4160 itt
3094 4104 3336 4159 Ecclesia
3376 4102 3637 4159 catholica
3682 4103 3905 4158 inteme-

2312 4211 2424 4257 rata
2458 4201 2563 4257 ﬁde
2592 4192 2961 4266 viventesfet
3002 4206 3190 4254 sancto
3221 4197 3497 4268 proposito
3540 4200 3901 4253 continentes.

2311 4294 2459 4349 Licet
2478 4293 2653 4348 adhuc
2678 4293 2849 4363 possit
2870 4292 2922 4346 in
2948 4290 3259 4346 infirmitate
3286 4289 3610 4344 conditionis
3631 4288 3901 4355 humanm,

2309 4397 2368 4439 ut
2396 4395 2575 4440 tamen
2629 4401 2724 4455 per
2764 4399 2924 4440 unam
2965 4398 3182 4439 carnem
3216 4382 3472 4437 Ecclesiae
3502 4391 3559 4436 et
3596 4380 3824 4446 Christi,
3852 4379 3904 4435 id

2310 4486 2391 4531 est
2428 4476 2670 4547 conjugis
2698 4487 2751 4532 et
2781 4476 2900 4542 viri,
2954 4476 3005 4530 in
3036 4476 3155 4545 ipso
3187 4489 3399 4546 quoque
3436 4473 3646 4529 virilem
3679 4473 3905 4542 accipiat

2314 4573 2615 4628 firmitatem
2647 4573 2993 4643 vigoremque
3024 4572 3341 4642 perlectum,
3389 4570 3544 4639 cujus
3595 4583 3692 4639 per
3721 4567 3905 4622 Eccle-

619 4658 861 4717 membra
910 4660 1219 4716 substantia:
1239 4701 1252 4725 ,
1304 4658 1465 4714 ctiam
1512 4674 1600 4713 res
1649 4658 1738 4713 illa
1788 4674 1885 4714 nos
1929 4658 2201 4727 admonet,
2231 4639 2287 4703 Ῑ)
2310 4664 2401 4718 site
2432 4665 2723 4733 virgineam
2750 4664 2871 4719 fidei
2898 4664 3223 4728 castitatem,
3254 4676 3414 4732 quam
3438 4676 3557 4716 cum
3585 4660 3779 4715 eodem
3804 4670 3904 4714 una

618 4756 903 4825 quodcum
935 4755 987 4809 in
1030 4753 1277 4824 paradiso
1322 4754 1449 4807 nudi
1494 4762 1676 4808 essent
1720 4753 1879 4823 primi
1930 4762 2201 4823 parentes,

618 4848 752 4905 nihil
782 4850 835 4904 in
881 4848 963 4903 bis
990 4848 1318 4903 confusionis
1361 4846 1681 4903 habuerunt.
1719 4846 1868 4901 Unde
1915 4857 2035 4915 post
2080 4862 2202 4916 pec-

619 4950 795 4996 catum
820 4950 876 4997 et
899 4940 1347 5009 concupiscentia:
1372 4940 1519 4996 virus
1550 4939 1874 5009 ingressum,
1916 4954 2201 5010 corporum

617 5050 840 5091 suorum
873 5034 1174 5089 inordinata
1206 5033 1607 5103 perturbatione
1628 5032 1834 5089 confusi
1858 5042 2002 5087 sunt.
2027 5034 2204 5102 Atque

616 5130 739 5186 ideo
765 5129 897 5184 satis
926 5113 1169 5197 apparet,
1216 5126 1358 5196 quod
1408 5128 1450 5181 si
1483 5126 1535 5180 in
1581 5126 1671 5205 illa
1719 5127 1905 5196 quavis
1950 5126 2201 5182 felicitate

616 5219 852 5293 paradisi
897 5218 1080 5291 positi,
1133 5226 1351 5273 terreno
1398 5224 1577 5273 tamen
1627 5232 1853 5287 corpore
1901 5220 2199 5285 constituti,
2238 5220 2247 5231 ’

615 5313 853 5387 conspici
864 5318 983 5369 sine
994 5310 1311 5366 confusione
1326 5319 1631 5380 potuerunt,
1648 5313 1817 5366 multo
1840 5313 2009 5382 magis
2034 5312 2088 5365 in
2111 5312 2202 5366 illo

615 5407 878 5477 spirituali
905 5418 1153 5474 corpore,
1206 5411 1365 5471 atque
1397 5405 1451 5458 in
1483 5402 1572 5458 illa
1604 5404 1817 5459 sublimi
1850 5405 2199 5473 beatitudine,

615 5514 735 5569 quae
760 5499 1162 5555 similitudinem
1193 5504 1408 5568 gestura
1437 5504 1521 5551 est
1562 5497 1895 5567 angelorum,
1944 5506 1998 5552 et
2026 5505 2088 5552 ut
2110 5498 2202 5553 ho-

616 5591 747 5645 mini
776 5593 827 5645 in
855 5593 1034 5647 carnis
1061 5591 1456 5648 resurrectione
1488 5590 1616 5645 nihil
1668 5590 1828 5657 desit,
1879 5591 2087 5661 integer
2116 5606 2204 5649 re—

616 5684 898 5742 formelur.
931 5687 998 5741 Et
1043 5703 1112 5743 ne
1151 5685 1349 5758 aliquid
1394 5682 1639 5744 deforme
1682 5685 1941 5739 Conditor
1988 5701 2203 5743 creasse

616 5781 880 5846 videatur,
910 5780 957 5835 si
983 5780 1109 5850 quid
1138 5782 1205 5838 de
1231 5781 1549 5845 resuscitato
1576 5795 1813 5854 corpore
1856 5780 2203 5837 subtrahatur

577 5907 595 5916 -
616 5875 839 5944 bonum,
867 5872 1044 5945 potius
1062 5874 1179 5943 ejus
1207 5888 1340 5945 Opus
1366 5873 1488 5935 inde
1504 5884 1672 5947 etiam
1698 5874 2102 5947 comprobetur,
2136 5884 2196 5933 ut

2308 4772 2433 4814 caro
2466 4760 2618 4823 fiunt,
2650 4767 2705 4814 ct
2734 4757 2834 4811 viri
2865 4757 3105 4812 membra
3142 4756 3407 4824 perfecta;
3449 4753 3538 4808 ubi
3569 4752 3661 4807 illa
3691 4764 3905 4823 quoque

2308 4852 2449 4906 beati
2478 4851 2704 4921 apostoli
2731 4848 2879 4903 Pauli
2909 4850 3069 4904 verba
3102 4846 3379 4903 tractanda
3404 4855 3553 4911 sunt,
3577 4845 3774 4913 quibus
3798 4844 3901 4897 ait:

2312 4944 2499 4999 Omnes
2524 4960 2613 4998 nos
2640 4944 2691 4996 in
2724 4958 2883 4995 unum
2908 4957 3091 5011 corpus
3122 4939 3366 5011 baptizati
3396 4953 3577 4993 sumus
3615 4937 3672 4991 in
3699 4934 3905 4991 Christo

2311 5036 2364 5108 (I
2389 5038 2507 5092 Cor.
2538 5038 2659 5105 xit).
2707 5036 2973 5101 Quantum
3022 5033 3090 5105 ad
3137 5034 3394 5087 unitatem
3439 5032 3623 5101 utique
3673 5030 3908 5099 pertinet

2310 5128 2633 5184 sacramenti
2665 5142 2829 5181 unum
2872 5141 3067 5196 corpus
3110 5140 3294 5180 sumus
3338 5125 3394 5179 in
3432 5123 3678 5186 Christo;
3738 5137 3910 5191 quan-

2310 5231 2418 5277 tum
2456 5222 2525 5276 ad
2563 5235 2793 5277 sexuum
2840 5219 3204 5275 diversitatem
3254 5218 3368 5288 ipse
3418 5216 3544 5271 alibi
3591 5216 3757 5270 dicit:
3786 5215 3908 5269 Sive

2307 5315 2403 5382 vir,
2430 5314 2533 5368 sive
2580 5312 2787 5378 mulier,
2836 5327 3007 5391 omnes
3039 5327 3199 5364 unum
3253 5326 3429 5365 sumus
3455 5311 3510 5363 in
3540 5308 3744 5363 Christo
3781 5306 3908 5378 (fia-

2310 5405 2401 5461 lat.
2433 5408 2515 5476 tu)
2553 5424 2567 5460 :
2610 5421 2733 5461 cum
2779 5420 2878 5461 suo
2929 5404 3071 5459 enim
3122 5413 3234 5458 toto
3280 5416 3536 5472 corpore,
3595 5400 3740 5472 quod
3793 5400 3907 5468 ejus

2309 5508 2391 5554 est
2418 5499 2714 5569 plenitudo,
2762 5497 3028 5568 perfectus
3054 5504 3138 5551 est
3182 5495 3462 5559 Christus;
3512 5502 3566 5548 et
3616 5492 3741 5547 ideo
3782 5491 3905 5561 quia

2310 5609 2406 5665 per
2435 5608 2599 5648 unum
2646 5593 2894 5661 idemque
2935 5590 3275 5661 mysterium,
3324 5588 3451 5643 licet
3493 5585 3692 5642 diversi
3721 5598 3910 5647 sexus,

2308 5705 2470 5743 unum
2514 5698 2694 5744 tanien
2730 5700 2928 5756 corpus
2973 5684 3255 5754 accipitur,
3314 5696 3411 5752 per
3454 5680 3608 5751 cujus
3660 5676 3909 5748 corporis

2310 5780 2697 5854 plenitudinem
2744 5778 3019 5848 perfectus
3047 5784 3133 5831 est
3160 5773 3429 5831 Christus.
3479 5770 3615 5828 Cum
3667 5785 3799 5841 ergo
3826 5768 3910 5823 vir

2310 5875 2556 5932 Christus
2585 5870 2861 5930 Ecclesiae.
2890 5879 3142 5941 tanquam
3196 5865 3440 5937 conjugis
3480 5878 3592 5920 sure
3638 5872 3697 5919 et
3744 5869 3907 5931 caput
