4104 6356
270 323 367 377 157

1471 295 1824 365 EPISTOL/E
1864 301 1949 359 ΕΤ
1993 294 2335 360 necne“.

3434 297 3537 358 153

267 447 333 500 sit
361 448 416 497 et
444 440 615 495 virtus
656 447 816 508 atque
843 434 1119 506 perfectio,
1163 433 1353 488 merito
1382 430 1558 487 omnis
1604 426 1846 485 Ecclesia
1873 422 1926 481 Α
1955 422 2228 491 portiones
2255 439 2267 474 :
2296 435 2524 491 quarum
2551 430 2712 478 unam
2754 418 2855 480 sibi
2882 419 2984 494 ipsi
3017 420 3267 489 retineat,
3311 421 3535 503 alterum
3595 415 3599 419 ’

270 541 317 594 in
350 538 493 593 hunc
515 549 675 589 unum
707 533 879 587 virum
908 529 1228 603 perfectum,
1260 526 1411 598 cujus
1439 534 1521 582 est
1561 539 1664 580 una
1695 535 1844 588 caro,

269 633 579 703 perhibetur
604 641 912 686 occurrere.

802 716 1116 775 DECRETA
1154 715 1312 772 DUO.

338 817 440 888 (Ex
472 815 697 884 epistola
724 814 791 869 ad
821 811 1099 868 Dardania:
1128 808 1411 879 episcopos
1438 801 1764 875 desumpta.)

949 920 1167 960 PRIMUM.

271 1006 452 1079 Repeti
488 1022 592 1061 non
629 1011 841 1075 possunt
884 1017 997 1126 qua;
1037 999 1252 1069 triginta
1287 998 1435 1052 annis
1477 995 1645 1064 quiete
1683 991 1851 1062 possi-

987 1082 1155 1126 entur.

987 1082 1155 1127 entur.

343 1172 471 1229 Post
497 1171 814 1242 quingentos
845 1182 1012 1223 annos
1037 1164 1326 1222 constituta
1353 1162 1555 1219 Christi
1596 1159 1855 1232 quosdam

274 1264 434 1322 audio
451 1264 590 1321 velle
616 1263 947 1327 subvertere,
968 1275 1089 1315 cum
1116 1258 1330 1329 triginta
1356 1270 1617 1311 annorum
1650 1254 1735 1309 lex
1760 1251 1856 1308 ho-

258 1360 476 1423 ,minum
507 1372 613 1412 non
646 1354 815 1427 possit
839 1353 1103 1422 abrumpi.

910 1460 1206 1501 SECUNDUI.
1290 1476 1293 1477 ν

274 1533 399 1600 Non
426 1551 623 1622 Oportet
655 1544 716 1596 ab
734 1558 915 1622 eorum
934 1539 1278 1622 'eleemosgm’s
1305 1538 1564 1622 abstinere
1576 1541 1694 1622 post
1721 1548 1859 1587 nter-

370 1609 489 1683 tem,
519 1616 698 1685 quibus
728 1617 781 1669 in
806 1615 907 1669 vita
931 1609 1305 1666 communicare
1328 1626 1431 1663 non
1458 1609 1767 1663 destitimus.

349 1706 460 1762 Nec
488 1706 773 1775 quisquam
821 1704 971 1759 vobis
1013 1703 1233 1757 omnino
1280 1700 1617 1769 persuadeat,
1666 1696 1862 1751 Acacio

1954 512 2163 567 clericis
2194 527 2290 583 pro
2328 511 2631 570 officiorum
2669 529 2890 572 suorum
2916 512 3200 571 sedulitate
3228 513 3532 583 distribuat,
3584 534 3591 541 ο

1957 606 2165 663 tertiam
2215 605 2541 677 pauperibus
2567 614 2622 662 et
2657 607 2978 679 peregrinis,
3009 616 3253 680 quartam
3280 606 3540 663 ecclesia-

1955 698 2103 755 sticis
2131 696 2349 754 fabricis
2374 698 2586 755 noverit
2610 699 3011 756 reservandam.
3038 700 3117 758 De
3146 701 3338 773 quibus
3358 699 3538 755 divino

1955 791 2059 847 erit
2084 790 2393 848 redditurus
2423 790 2625 862 judicio
2666 793 2951 849 rationem.
2998 793 3379 851 Ordinationes
3408 806 3542 849 vero

1957 885 2392 957 presbyterorum
2420 899 2516 941 seu
2542 884 2893 955 diaconorum
2922 902 3031 943 non
3076 887 3179 945 nisi
3205 888 3407 959 quarti,
3458 902 3546 943 se-

1957 978 2131 1048 ptimi,
2165 987 2219 1034 et
2244 978 2438 1034 decimi
2467 977 2731 1033 mensium
2763 976 3013 1048 jejuniis;
3063 978 3158 1034 sed
3203 990 3258 1035 et
3300 980 3546 1051 ingressu
3611 974 3627 993 "

1959 1072 2404 1144 quadragesimali
2425 1079 2586 1143 atque
2602 1072 2623 1102 ⁸
2643 1069 2843 1139 medio,
2867 1085 3088 1142 vespere
3108 1071 3317 1129 sabbati
3337 1076 3549 1129 noverit

1961 1166 2333 1222 celebrandas.
2363 1166 2704 1224 Sacrosancti
2746 1174 2928 1222 autem
2956 1165 3207 1237 baptismi
3241 1181 3547 1223 sacramen—

1962 1271 2072 1317 tum
2118 1276 2225 1317 non
2268 1261 2373 1317 nisi
2422 1261 2476 1317 in
2516 1260 2765 1317 Paschali
2813 1260 3101 1318 festivitate
3148 1269 3204 1317 et
3232 1260 3550 1319 Pentecoste

1960 1356 2268 1412 meminerit
2292 1370 2413 1411 esse
2443 1354 2812 1426 praebendum,
2844 1355 3083 1424 exceptis
3115 1355 3200 1410 his
3229 1356 3320 1427 qui
3360 1357 3550 1412 mortis

1964 1457 2219 1518 urgentur
2246 1448 2503 1518 periculo,
2556 1463 2625 1503 ne
2671 1448 2725 1503 in
2764 1456 3025 1503 :eternum
3064 1456 3304 1519 pereant,
3357 1448 3550 1505 talibus

1962 1550 2178 1611 oportet
2207 1541 2461 1598 remediis
2488 1539 2783 1597 subveniri.
2837 1539 2972 1595 Huic
3014 1556 3145 1610 ergo
3182 1541 3325 1597 sedis
3350 1550 3552 1597 nostra:

1966 1645 2235 1706 praecepta
2266 1635 2501 1690 servanti
2532 1634 2741 1689 devotis
2771 1633 2966 1688 animis
3012 1634 3234 1703 obsequi
3265 1648 3359 1691 vos
3387 1649 3552 1705 Opor-

1970 1736 2079 1794 tet,
2137 1738 2195 1783 ut
2247 1726 2718 1797 irreprehensibile
2784 1725 3158 1797 placidumque
3213 1726 3307 1781 fiat
3359 1738 3556 1797 corpus

242 1876 245 1877 7
283 1796 751 1871 praevaricationis
772 1810 883 1851 suae
898 1785 1101 1890 crimen
1133 1793 1295 1847 fuisse
1325 1792 1565 1890 laxatum
1592 1788 1750 1890 z-quia
1773 1785 1865 1857 qui
1895 1813 1946 1876 Β
1973 1785 2249 1885 Ecc'lesm’
2282 1785 2379 1890 per:
2407 1818 2678 1874 Christum
2711 1785 2997 1873 Do'minum
3039 1785 3305 1885 n'ostmm’
3353 1785 3555 1889 φή·νί-

281 1901 569 1964 postquam
598 1891 653 1946 in
681 1888 968 1960 collegium
993 1886 1236 1943 recidens
1271 1884 1567 1955 pravitatis,
1598 1881 1719 1951 jure
1746 1895 1864 1937 me-

281 1989 392 2042 ruit
422 1987 491 2046 ab
514 1984 805 2055 apostolica
820 1982 1197 2039 communione
1223 1980 1449 2048 secludi,
1473 1980 1523 2033 in
1555 1978 1653 2032 hac
1675 1976 1862 2032 eadem

282 2080 577 2148 persistens
607 2078 951 2133 damnatione
980 2075 1266 2132 defunctus
1301 2082 1403 2141 est,
1450 2071 1861 2133 absolutionem,

278 2186 439 2240 quam
480 2178 753 2239 superstes
800 2184 905 2223 non
947 2166 1192 2238 quaesivit
1237 2165 1458 2221 omnino
1496 2176 1614 2220 nec'
1642 2163 1861 2228 meruit,

278 2275 380 2317 nec
406 2270 649 2317 mortuus
695 2261 806 2329 jam
836 2268 1015 2331 potest
1062 2261 1368 2329 impetrare.
1420 2257 1693 2328 Siquidem
1734 2256 1865 2325 ipsis

277 2354 538 2424 apostolis
563 2352 760 2409 Christi
787 2368 919 2410 voce
948 2352 1253 2423 delegatum
1298 2360 1376 2407 est
1408 2368 1420 2405 :
1459 2352 1584 2416 Qua:
1629 2349 1865 2422 ligaveri-

278 2447 345 2501 tt's
392 2463 545 2517 super
600 2456 787 2501 terram
839 2445 1055 2516 (Matth.
1102 2444 1276 2517 xvm),
1324 2454 1379 2500 et
1425 2443 1651 2515 reliqua.
1694 2442 1868 2499 Caete-

278 2554 402 2594 rum
433 2539 501 2595 de
530 2554 598 2596 eo
622 2539 715 2610 qui
743 2540 797 2594 in
823 2539 1010 2595 divino
1041 2538 1247 2607 judicio
1275 2548 1357 2594 est
1382 2536 1724 2605 constitutus,
1768 2552 1867 2593 no-

280 2632 369 2689 bis
400 2631 481 2688 fas
506 2649 615 2689 non
645 2642 727 2689 est
771 2632 915 2688 aliud
959 2634 1273 2698 decernere,
1321 2640 1517 2703 praeter
1565 2631 1618 2687 id
1665 2632 1722 2687 in
1763 2646 1871 2703 quo

277 2718 419 2784 enni
456 2728 571 2783 dies
617 2744 901 2797 supremus
953 2728 1154 2784 invenit
1196 2735 1401 2797 :atque
1450 2726 1573 2782 ideo
1621 2726 1723 2781 nisi
1754 2724 1870 2796 ejus

281 2821 506 2877 nomine
532 2821 782 2888 refutato,
813 2822 1132 2893 ueterisque
1160 2820 1501 2877 consortibus
1535 2820 1695 2890 hujus
1721 2833 1872 2876 erro—

279 2912 383 2980 ris,
433 2927 556 2968 cum
602 2914 748 2969 nullo
798 2928 1017 2983 prorsus
1062 2929 1248 2969 eorum
1299 2914 1618 2985 participare
1667 2913 1873 2969 debetis

280 3018 493 3060 mensas
520 3003 800 3059 dominica:
851 3005 1167 3073 puritatem,
1218 3021 1375 3075 quam
1427 3006 1659 3076 majores
1703 3004 1875 3062 nostri

280 3112 509 3167 semper
537 3098 604 3151 ab
652 3096 901 3153 haeretica
945 3113 1266 3167 magnopere
1304 3108 1658 3157 servaverunt
1703 3100 1876 3168 pollu-

282 3191 445 3246 tione
473 3189 782 3247 discretam.

862 3266 877 3294 ί
918 3263 1347 3321 CONSTITUTA

279 3372 502 3415 GELASII
542 3374 713 3427 ΡΔΡΒ,
755 3375 871 3423 ρυλε
910 3373 1143 3413 EPISCOPI
1184 3374 1233 3412 ΙΝ
1273 3372 1369 3412 SUA
1408 3370 1763 3413 ORDINATIONE
1791 3370 1886 3411 Ασ-

968 3445 1215 3495 CIPIUNT;

281 3525 543 3597 (,Quibus
578 3524 829 3580 Afrorum
877 3523 1417 3597 ordinationesinter
1445 3522 1547 3597 alia
1595 3522 1887 3597 prohiben—

361 3604 454 3650 tur
483 3611 550 3651 cs
593 3597 793 3651 Diurno
826 3597 1157 3666 pontificum,
1190 3595 1416 3663 aliisque
1456 3596 1561 3651 fide
1588 3594 1764 3663 dignis
1794 3609 1887 3651 co-

361 3666 576 3747 dicibus
603 3668 782 3738 mss.).

364 3781 511 3850 Papa
540 3780 628 3837 ille
652 3782 821 3849 clero,
866 3782 1065 3847 ordini,
1091 3791 1145 3837 et
1173 3782 1314 3852 plebi
1345 3781 1768 3838 consistentibus
1808 3782 1885 3838 ci-

278 3874 465 3929 vitate
497 3873 611 3943 illa,
645 3874 1010 3930 dilectissimis
1038 3873 1159 3929 filiis
1189 3876 1209 3905 ²
1242 3876 1295 3930 in
1326 3875 1552 3931 Domino
1577 3874 1825 3941 salutem.

362 3967 745 4023 Probabilibus
773 3967 1059 4023 desideriis
1084 3967 1104 3997 ⁸
1127 3967 1259 4021 nihil
1290 3967 1565 4023 attulimus
1593 3965 1883 4021 tarditatis.

278 4063 547 4117 Fratrem
577 4061 599 4092 δ
623 4061 735 4131 jam
765 4069 820 4116 et
860 4060 1237 4130 coepiscopum
1268 4070 1508 4117 nostrum
1559 4061 1708 4115 illum
1736 4059 1891 4115 vobis

274 4153 665 4210 ordinavimus
700 4154 1059 4209 sacerdotem.
1111 4152 1210 4207 Cui
1256 4153 1499 4208 dedimus
1529 4154 1583 4207 in
1624 4151 1891 4207 mandatis

275 4266 355 4307 ne
396 4266 638 4320 unquam
669 4240 1033 4307 ordinationes
1070 4257 1357 4320 praesumat
1402 4248 1643 4314 illicitas;
1692 4261 1761 4302 ne
1807 4244 1892 4301 bi-

271 4362 540 4420 gamum,
574 4356 663 4402 aut
691 4347 779 4418 qui
805 4346 1065 4417 virginem
1109 4360 1217 4401 non
1258 4354 1341 4400 est
1386 4343 1605 4399 sortitus
1636 4355 1888 4405 uxorem;

270 4442 376 4510 qui
406 4455 592 4511 neque
619 4438 975 4506 illitteratum,
1007 4437 1092 4494 vel
1120 4438 1174 4493 in
1207 4435 1442 4509 qualibet
1469 4433 1713 4505 corporis
1743 4440 1893 4503 parte

270 4535 573 4601 vitiatum,
604 4540 695 4588 aut
718 4526 1161 4601 exptenitentem,
1205 4530 1291 4586 vel
1318 4531 1505 4595 curiae,
1551 4537 1643 4584 aut
1670 4526 1893 4584 cuilibet

1971 1916 2047 1971 vit
2102 1923 2157 1971 et
2185 1924 2373 1985 regnat
2401 1928 2521 1970 cum
2551 1913 2663 1969 Deo
2693 1911 2853 1969 Patre
2882 1912 3251 1983 omnipotente
3277 1920 3333 1969 et
3356 1911 3561 1985 Spiritu

1970 2020 2156 2065 sancto
2188 2025 2286 2081 per
2315 2009 2493 2065 omnia
2526 2008 2720 2064 sarcula
2744 2008 3082 2065 saeculorum.
3114 2010 3306 2064 Amen.
3346 2006 3415 2061 Et
3442 2006 3560 2060 sub-

1967 2104 2182 2174 scriptio
2206 2108 2338 2175 ejus.
2383 2104 2523 2159 Deus
2543 2116 2639 2159 vos
2670 2102 2967 2158 incolumes
2989 2100 3279 2167 custodiat,
3323 2098 3559 2157 dilectis-

1967 2197 2089 2252 simi
2122 2195 2236 2251 filii.

2527 2265 2857 2323 EPISTOLA
2902 2264 3015 2320 XV.

1971 2384 2169 2439 Narrat
2189 2399 2303 2455 qua:
2316 2400 2346 2437 a
2370 2384 2579 2439 Rustico
2596 2383 2818 2454 Lugdun
2826 2384 2933 2437 ensi
2955 2384 3109 2454 episc.
3126 2382 3379 2455 acceperit
3399 2379 3562 2436 sabaia

2042 2458 2129 2511 dia
2159 2453 2211 2511 et
2233 2465 2449 2526 quantas
2488 2457 2549 2509 ab
2580 2453 2767 2509 Acacio
2806 2453 3052 2509 sustineat
3097 2453 3491 2523 persecutiones.

2192 2551 2295 2624 (Ex
2325 2550 2539 2607 schedis
2560 2550 2623 2605 li.
2650 2550 2726 2604 P.-
2742 2548 2974 2606 Hieron.
2996 2548 3284 2619 Vignerii.)

2046 2666 2407 2723 Dilectissimo
2434 2664 2587 2720 fratri
2616 2664 2838 2720 Rustico
2870 2662 3133 2719 Gelasius.

1948 2811 1953 2815 .
2047 2763 2190 2818 Inter
2218 2760 2582 2832 ingruentium
2629 2758 2895 2814 malorum
2938 2757 3182 2814 turbines
3219 2764 3275 2813 et
3303 2754 3568 2816 variarum

1979 2855 2330 2911 tentationum
2379 2852 2572 2922 quibus
2620 2866 2758 2921 pene
2806 2849 3100 2921 mergimur
3151 2847 3565 2915 afflictationes,

1977 2959 2064 3003 tua
2095 2948 2249 3003 nobis
2293 2947 2508 3012 caritas,
2540 2944 2909 3000 amantissime
2958 2944 3148 3009 frater,
3185 2941 3395 3014 grande
3426 2943 3569 2997 sola-

1978 3044 2109 3099 tium
2140 3042 2465 3113 propinavit.
2490 3038 2627 3107 Quid
2668 3040 2811 3094 enim
2845 3037 3172 3095 consolatius
3204 3045 3386 3108 posset
3430 3037 3570 3093 acci-

1982 3138 2110 3192 dere
2140 3152 2297 3207 quam
2328 3135 2511 3190 videre
2554 3133 2750 3189 fratres
2793 3132 3102 3188 carissimos
3150 3132 3381 3187 invicem
3426 3146 3571 3187 com-

1905 3198 1954 3263 ο
1988 3231 2255 3301 patientes
2307 3238 2362 3283 et
2412 3235 2617 3295 partem
2673 3226 2855 3305 oneris
2906 3225 3173 3290 ferentes,
3231 3224 3422 3294 quibus
3465 3238 3573 3279 non

1989 3323 2211 3379 minima
2257 3320 2645 3396 benedictionis
2674 3321 2849 3389 portio
2880 3318 3073 3374 collata
3116 3327 3215 3373 est.
3250 3316 3573 3373 Benedictus

1991 3419 2153 3481 Deus,
2187 3416 2274 3484 qui
2301 3423 2391 3468 tua
2426 3428 2549 3483 erga
2595 3426 2694 3467 nos
2732 3413 2908 3467 taliter
2942 3411 3118 3467 affecit
3158 3410 3448 3479 praecordia
3472 3451 3487 3475 ,
3520 3417 3578 3463 ut

1991 3524 2097 3564 non
2144 3515 2344 3562 tantum
2391 3519 2511 3576 quae
2558 3504 2814 3574 patimur,
2864 3502 3043 3557 animo
3094 3500 3325 3566 sentias,
3375 3500 3470 3555 sed
3515 3514 3580 3554 ea

1989 3613 2258 3659 monstres
2292 3602 2345 3656 in
2372 3608 2571 3655 sanctae
2600 3597 2901 3654 tributionis
2934 3593 3249 3652 exhibendo
3276 3593 3580 3649 misericor-

1990 3697 2166 3764 diam,
2199 3695 2410 3766 qualem
2455 3692 2655 3748 habeas
2703 3690 2759 3745 in
2806 3688 3144 3760 compassivo
3187 3685 3351 3743 corde
3380 3685 3580 3741 carita-

1990 3806 2128 3864 tem,
2161 3804 2215 3851 et
2260 3793 2517 3864 adiungas
2552 3790 2619 3845 ad
2671 3786 2997 3845 dulcissimae
3034 3782 3421 3842 consolationis
3466 3796 3580 3837 ser-

1993 3904 2180 3945 mones
2200 3901 2319 3957 qucc
2336 3892 2462 3941 sunt
2480 3884 2767 3954 praecipuas
2788 3884 2928 3936 inter
2949 3877 3153 3933 amicos
3174 3875 3578 3946 opitulatioues.

1996 3983 2192 4038 Verum
2223 3980 2568 4035 dilectionem
2602 3987 2745 4030 tuam
2773 3990 2878 4029 non
2913 3971 3253 4040 fatigabimus
3284 3967 3583 4024 scribentes

1995 4091 2155 4147 quam
2186 4074 2238 4127 in
2274 4081 2425 4127 arcto
2466 4070 2745 4124 fuerimus.
2788 4066 2901 4123 Scit
2931 4065 3095 4119 frater
3135 4070 3319 4117 noster
3359 4070 3413 4115 et
3456 4075 3581 4115 coe-

1999 4168 2250 4238 piscopus
2280 4164 2508 4219 IEonius
2542 4158 2926 4232 (Arelatensis)
2970 4170 3128 4226 quam
3169 4153 3299 4208 utile
3338 4153 3499 4208 fuerit
3531 4162 3587 4207 et

1996 4261 2136 4332 quod
2170 4259 2346 4324 misit,
2373 4266 2425 4313 et
2454 4253 2596 4326 quod
2622 4253 2686 4308 ad
2732 4265 2831 4308 nos
2876 4249 3069 4304 misisti
3117 4246 3436 4303 subsidium.
3468 4246 3584 4301 Ca:-

1997 4361 2168 4408 terum
2213 4351 2377 4407 frater
2421 4355 2601 4401 noster
2632 4341 2962 4415 Epiphanius
2997 4336 3365 4411 (Ticinensis),
3398 4336 3488 4409 qui
3519 4336 3589 4392 ad

1996 4444 2170 4515 gentis
2209 4457 2321 4499 sua:
2371 4436 2695 4495 relevandos
2742 4444 2798 4491 et
2847 4431 3193 4489 redimendos
3237 4430 3479 4500 captivos
3520 4429 3588 4483 ad

1999 4546 2180 4611 partes
2220 4544 2430 4592 vestras
2470 4532 2790 4593 destinatur,
2839 4526 3232 4582 fraternitatem
3284 4532 3427 4579 tuam
3472 4538 3589 4579 cer-

270 4626 600 4685 conditioni
630 4626 941 4690 obnoxium,
990 4633 1338 4694 notatumque
1367 4623 1430 4678 ad
1460 4637 1645 4678 sacros
1673 4621 1891 4676 ordines
1918 4589 1974 4652 D
2000 4589 2190 4690 {iorem
2220 4629 2380 4685 faciet
2408 4634 2662 4699 quantam
2707 4622 2777 4677 ob
2805 4619 3108 4690 impiissimi
3148 4616 3332 4672 Acacii
3373 4630 3591 4672 causam

272 4719 584 4793 permittat
612 4718 890 4774 accedere.
937 4716 1042 4773 Sed
1070 4716 1113 4771 si
1141 4730 1276 4787 quos
1308 4714 1607 4785 huiusmodi
1640 4714 1776 4769 forte
1805 4728 1891 4769 re-

272 4810 531 4883 pererit,
579 4824 685 4864 non
733 4808 929 4865 audeat
983 4822 1318 4879 promovere.
1371 4807 1529 4863 Afros
1576 4806 1774 4877 passim
1824 4805 1892 4861 ad

268 4902 701 4961 ecclesiasticos
757 4889 976 4956 ordines
1032 4900 1426 4969 pratendentes
1481 4900 1627 4954 nulla
1684 4899 1892 4955 ratione

266 4994 584 5064 suscipiat,
618 4995 739 5064 quia
770 4994 934 5065 aliqui
973 5008 1155 5048 eorum
1198 4994 1497 5060 Manichtei,
1547 4992 1712 5064 aliqui
1738 4993 1895 5049 reba-

266 5088 486 5160 ptizati
516 5086 711 5155 saepius
739 5096 862 5142 sunt
889 5086 1119 5155 probati.
1140 5085 1432 5141 Ministeria
1455 5093 1612 5155 atque
1642 5094 1888 5142 ornatum

268 5179 589 5244 Ecclesiae,
624 5180 709 5234 vel
751 5177 1010 5250 quidquid
1038 5177 1167 5231 ilfud
1198 5188 1280 5232 est
1309 5178 1361 5232 in
1400 5178 1722 5247 patrimonio
1747 5178 1895 5247 ejus-

266 5274 411 5330 dem
466 5286 601 5327 non
644 5272 887 5329 minuere
930 5271 1159 5337 studeat,
1210 5269 1309 5326 sed
1346 5286 1561 5340 augere.
1596 5269 1676 5327 De
1722 5272 1898 5328 reditu

266 5384 417 5426 vero
449 5364 709 5423 ecclesiae
735 5367 823 5423 vel
866 5366 1140 5425 oblatione
1184 5364 1421 5423 fidelium
1467 5377 1695 5437 quatuor
1741 5370 1903 5429 faciat

351 5553 373 5583 ³
402 5550 473 5606 In
505 5544 659 5620 libro
685 5547 885 5603 Diurno
913 5548 1069 5604 Rom.
1094 5556 1244 5618 pont.
1264 5546 1575 5620 inscribitur
1602 5566 1615 5603 :
1642 5550 1908 5620 Synodale

1999 4722 2431 4794 persecutionem
2480 4716 2831 4772 sustinemus.
2880 4710 2987 4769 Sed
3033 4726 3139 4765 non
3182 4708 3495 4773 deficimus,
3538 4718 3591 4763 et

2001 4818 2140 4874 inter
2172 4824 2249 4870 tot
2277 4826 2559 4885 pressuras
2601 4824 2699 4867 nec
2744 4806 2887 4864 cedit
2914 4806 3148 4873 animus,
3192 4819 3292 4860 nec
3324 4805 3592 4860 relaxatur

2004 4911 2181 4975 zelus,
2225 4923 2325 4963 nec
2367 4905 2635 4961 subvertit
2674 4910 2875 4959 metus.
2909 4901 3016 4957 Sed
3046 4901 3174 4957 licet
3203 4901 3508 4971 aporiantes
3539 4908 3593 4953 et

1991 5001 2290 5074 _angustiati
2312 5044 2326 5068 ,
2356 4996 2686 5066 confidimus:
2709 4997 2762 5051 in
2804 5012 2925 5052 eum
2968 4997 3057 5065 qui
3087 4994 3235 5050 dabit
3267 5010 3388 5049 cum
3420 5000 3593 5048 tenta-

2004 5097 2152 5151 tione
2180 5101 2494 5164 proventum
2522 5108 2534 5145 :
2563 5098 2618 5145 et
2646 5090 2690 5145 si
2713 5089 2781 5144 ad
2812 5098 3025 5159 tempus
3052 5087 3178 5143 sinit
3208 5084 3456 5156 deprimi,
3488 5096 3596 5139 non

2007 5186 2239 5259 patietur
2296 5182 2551 5254 opprimi.
2604 5180 2742 5247 Fac,
2791 5179 3073 5235 carissime
3129 5178 3321 5243 frater,
3366 5181 3425 5227 ut
3474 5179 3595 5226 tuus

2011 5292 2332 5349 tuorumque
2357 5277 2411 5330 in
2443 5290 2563 5341 nos,
2590 5274 2676 5330 vel
2706 5274 2884 5343 potius
2921 5272 2977 5328 in
3020 5270 3205 5327 sedem
3243 5262 3597 5337 apostolicam

2012 5388 2121 5430 non
2162 5379 2341 5427 cesset
2374 5367 2619 5425 ah‘ectus.
2650 5366 2753 5435 Qui
2790 5365 2934 5425 enim
2962 5363 3016 5420 in
3045 5370 3197 5432 petra
3223 5354 3598 5413 solidabuntur
3656 5354 3659 5359 ’

2015 5551 2137 5607 dice
2162 5536 2548 5605 vetustissimo.
2581 5546 2769 5602 MANSI.
2795 5538 2803 5549 ’

2084 5624 2105 5654 ³
2134 5620 2191 5677 1η
2225 5620 2345 5676 cod.
2376 5620 2508 5675 Luc.
2533 5617 2640 5675 490
2665 5617 2819 5671 deest
2847 5615 2901 5667 in
2932 5607 3155 5667 Domina
3178 5608 3413 5667 salutem.

303 5616 669 5693 uadiaccipit
700 5622 982 5693 episcopus.
1016 5616 1111 5675 Est
1136 5628 1190 5675 et
1215 5620 1363 5693 inter:
1387 5616 1903 5693 epistolasGregorii

835 5637 982 5745 ἕρεις.
1016 5637 1111 5675 nsr
1136 5637 1190 5675 et
1215 5637 1352 5674 inter
1387 5637 1903 5693 eptswtasuregorn
2084 5637 2105 5654 ι
2134 5637 2191 5677 tn
2225 5637 2345 5676 con.
2376 5637 2508 5675 Luc.
2533 5637 2640 5675 suo
2665 5637 2819 5671 deest
2847 5637 2901 5667 ιη

881 5692 1039 5746 itatur
1068 5702 1123 5746 et
1155 5690 1292 5748 apud
1325 5689 1563 5745 Gratian.
1596 5706 1663 5745 ex
1684 5691 1903 5748 Gelasio
2086 5694 2105 5725 ³
2134 5692 2213 5748 ld.
2238 5694 2357 5747 cod.
2380 5691 2510 5745 Luc.
2538 5688 2685 5743 addit
2707 5685 2906 5743 vestris.

338 5690 573 5751 ordine
600 5702 805 5757 quarta.
835 5689 1039 5746 Citatur
1068 5702 1123 5746 et
1155 5690 1292 5759 apud
1325 5689 1563 5745 Gratian.
1596 5706 1663 5745 ex
1684 5689 1903 5751 Gelasio

261 5766 364 5831 26,
403 5759 548 5827 ΧΗ,
598 5760 873 5832 quaestﬂ,
901 5761 1064 5827 clero,
1115 5760 1304 5832 ordini
1328 5774 1380 5816 et
1430 5760 1571 5832 plebi
1598 5760 1896 5820 Brendesii.
2067 5763 2103 5824 λδ
2133 5763 2209 5818 ld.
2239 5762 2387 5829 cod.,
2416 5760 2588 5832 etiarn.

261 5827 580 5892 iisunum.
616 5827 689 5869 '-
710 5827 921 5887 Gelasio
942 5834 1101 5889 etiam
1127 5827 1442 5889 inscribitur
1466 5832 1520 5889 in
1549 5832 1774 5893 Lucensi
1810 5850 1874 5891 co

2085 5836 2103 5865 ⁵
2136 5834 2212 5889 ld.
2234 5827 2380 5893 cod.,
2414 5828 2679 5883 medianae.

548 5919 833 5981 Panos.
881 5919 1038 5983 LIX.
3278 5911 3325 5973 5
