4104 6356
514 376 547 453 ‘1
589 389 693 444 MS

589 502 877 562 ambientis
901 500 1053 571 (forte
1076 478 1338 571 ambiens)
1354 491 1564 571 interim
1590 506 1656 544 ne
1672 490 1791 571 quis
1809 489 1910 543 hoe
1925 499 2165 571 unquam
2194 481 2244 543 Α

589 560 783 633 audeat
810 560 1083 639 usurpare,
1119 565 1257 639 quod
1300 560 1423 617 ante
1457 563 1615 639 istum
1650 562 1829 639 nullus
1855 560 1961 613 est'
1985 570 2165 639 ausus,

590 630 656 703 ab
681 646 856 704 officio
879 630 1015 711 qn'od
1038 630 1277 705 gerebat,
1305 642 1485 689 nostra
1501 636 1586 711 _sit
1607 633 1922 711 auctoritate
1950 630 2169 683 submo-

592 732 695 784 tus,
722 703 1110 781 donec'qnidin
1140 716 1455 784 perpetuum
1483 705 1549 760 de
1575 706 1667 757 tali
1691 703 1924 784 ordinari
1953 714 2173 784 censea-

589 771 709 843 nio;
741 771 942 855 plenius
986 771 1326 855 retractetur.
1360 780 1545 855 Siqua
1589 792 1716 829 sane
1735 774 1876 855 juris
1913 771 2171 855 ecclesia-

589 861 707 915 stici
736 844 1025 911 subtulisse
1047 850 1383 908 convincitur
1408 844 1580 902 modis
1603 849 1852 901 omnibus
1880 844 2173 900 reformare

689 938 826 984 ailll'.

724 946 826 982 illl'.

589 946 717 1000 casa
989 1011 1239 1052 GELASIUS
1262 1008 1467 1048 ELPIDIO
1496 1005 1760 1046 EPISCOPO.

658 1095 1011 1150 Saerosancta
1054 1089 1261 1156 religio,
1294 1102 1413 1156 quae
1454 1086 1772 1156 catholicam
1821 1088 1965 1134 tenet
2010 1077 2176 1156 disci-

584 1167 808 1236 plinam,
835 1170 1037 1217 tantam
1061 1151 1181 1213 sibi.
1197 1151 1549 1236 reverentiam
1584 1153 1842 1236 vindicat,
1876 1163 1935 1205 ut
1966 1151 2032 1203 ad
2059 1164 2174 1236 eam

588 1226 814 1306 quilibet
851 1235 1114 1306 nisi_pura
1143 1230 1469 1306 conscientia
1499 1242 1605 1306 non
1642 1226 1855 1306 audeat
1868 1226 2175 1305 pervenire.

590 1295 720 1362 Nam
749 1295 1017 1374 quomodo
1038 1301 1103 1355 ad
1127 1300 1289 1354 divini
1320 1299 1556 1374 mystcrii
1584 1295 2176 1374 consecrati-onemcm:

591 1380 742 1433 lestis
770 1365 1001 1443 Spiritus
1028 1374 1305 1426 invocatus
1335 1370 1601 1443 adveniet,
1631 1370 1680 1443 si
1706 1365 1983 1443 sacerdos,
2011 1373 2064 1443 et
2087 1365 2177 1443 qui

591 1465 715 1503 eum
742 1436 932 1501 adesse
960 1447 1301 1511 deprecatur,
1333 1454 1385 1494 et
1408 1441 1713 1496 criminosis
1739 1438 1925 1506 plenus
1955 1436 2178 1492 actioni-

592 1522 692 1577 bus
722 1516 1073 1588 reprobetur?

769 1622 1019 1664 GELASIUS
1049 1620 1292 1659 Πειρη)ιο
1324 1618 1567 1657 EPISCOPO
1598 1613 1997 1655 VOLATERRANO.

596 1706 790 1775 Absque
838 1703 1138 1775 auctoritate
1198 1699 1435 1775 Βοιχιιιηί⁵
1465 1696 1720 1775 pontificis
1770 1694 1835 1775 ad
1888 1692 2179 1745 comitatum

896 1764 909 1779 ’
929 1774 1147 1842 episwpi
1179 1769 1435 1839 proﬁcisci
1464 1764 1565 1820 non
1597 1767 1840 1819 audeant.

664 1869 780 1934 Quo
812 1880 962 1927 ausu,
993 1878 1094 1932 qua
1139 1862 1433 1915 temeritate
1483 1856 1736 1934 rescribis
1776 1859 2083 1934 Ravennam
2124 1864 2174 1908 te
2206 1858 2253 1917 Β

593 1928 781 2010 parare
815 1928 1100 2010 proficisci,
1132 1944 1514 2010 etintncanones.
1548 1928 1826 2010 evidenter
1856 1928 2179 2010 praecipiant

592 1999 1057 2064 itullutu'ontnino
1108 2002 1413 2072 pontificem
1466 2000 1566 2054 nisi
1623 2000 1775 2072 nobis
1820 1999 1969 2062 visis,
2019 2008 2179 2072 atque

593 2078 872 2141 consultis,
893 2076 957 2129 ad
974 2068 1282 2129 comitatum
1306 2073 1503 2126 debere
1518 2070 1846 2125 contendere
1873 2068 2034 2137 (quod
2056 2083 2177 2121 cum

596 2150 819 2220 longzevi
848 2140 930 2203 vel
957 2157 1115 2220 regite
1144 2146 1228 2220 vel
1262 2146 1463 2196 honore
1496 2142 1773 2210 pontiﬁces
1808 2140 2174 2220 Pistouiensis,

594 2210 873 2283 Lucensis,
920 2228 974 2273 et
1002 2216 1300 2271 Fesulanns
1351 2230 1518 2281 nuper
1549 2222 1917 2267 monstrentur
1964 2210 2175 2283 fecisse,

595 2302 651 2347 tu
688 2294 776 2361 qui
809 2282 1338 2361 paucorumudierum
1372 2284 1532 2361 fungi
1582 2282 2178 2361 sacerdotiouviderij),

592 2353 1041 2433 quemadmodum
1068 2357 1158 2412 tibi
1191 2365 1344 2433 putas
1372 2356 1555 2433 licere,
1584 2354 1725 2433 quod
1758 2370 1859 2433 non
1891 2353 2044 2416 iicet;
2065 2354 2177 2433 nisi

593 2425 733 2504 quod
761 2431 1063 2504 hocuolficio
1086 2425 1276 2504 carere
1316 2428 1557 2495 festinas,
1586 2425 1728 2495 quod
1761 2425 1843 2480 his
1870 2425 2181 2479 excessibus

596 2498 649 2561 te
677 2502 917 2559 ostendis
947 2498 1264 2570 indignum?

833 2609 1081 2652 GELASIUS
1106 2606 1307 2647 MAXIMO
1331 2608 1399 2646 ΕΤ
1423 2606 1643 2646 EUSEBIO
1668 2604 1949 2646 EPISCOPIS.

664 2692 814 2747 Licet
836 2689 1033 2759 regulis
1053 2688 1388 2759 contineatur
1410 2686 1642 2752 antiquis
1672 2686 1951 2759 parochias
1974 2684 2180 2759 unicui-

592 2779 697 2835 que
746 2757 989 2835 ecclesiae
1040 2759 1262 2835 pristina
1304 2758 1656 2826 dispositione
1705 2758 1985 2835 deputatas
2034 2757 2180 2835 nulla

592 2826 753 2905 posse
781 2832 992 2905 ratione
1015 2826 1263 2905 convelli,
1298 2844 1379 2905 ne_
1402 2844 1497 2896 per
1528 2826 1970 2905 consuetudinem
2011 2828 2183 2905 peSsi-

593 2898 737 2959 rnam
766 2903 995 2970 exempli
1030 2901 1155 2954 tnali
1195 2900 1495 2954 temeritate
1533 2910 1808 2953 crescente
1840 2898 2033 2970 ubique
2066 2899 2182 2952 uni-

592 2975 818 3031 versalis
864 2969 1109 3027 confusio
1152 2979 1483 3032 nasceretur,
1522 2980 1697 3023 tamen
1742 2973 1899 3023 etiam
1949 2969 2182 3024 decretis

593 3046 794 3101 nostris
835 3053 957 3099 ante
991 3059 1096 3097 non
1127 3042 1351 3096 multum
1387 3040 1643 3105 temporis
1674 3040 1956 3094 destinatis
2003 3043 2180 3094 omnia

594 3118 869 3187 iussimus,
915 3131 1033 3185 quae
1082 3114 1256 3187 taliter
1297 3112 1520 3187 fuerant
1554 3113 1773 3187 invasa,
1800 3111 2054 3187 restitui;
2087 3113 2181 3167 sed

594 3182 720 3258 quia
750 3182 1024 3241 temeritas
1063 3185 1465 3258 pervadentium
1510 3184 1679 3258 legem
1712 3182 1811 3234 sibi
1845 3190 2007 3258 putat
2026 3199 2183 3258 posse

1504 374 1596 428 AD
1632 371 1864 428 OPERA
1904 364 2174 426 CELASII
2215 362 2419 421 PAPIE
2461 360 2914 418 APPENDICES.

3753 358 3860 416 ιιι

2272 493 2366 534 sua
2391 478 2732 547 suggestione
2760 475 3049 547 patefecit,
3065 474 3256 530 merito
3284 472 3528 542 indignos
3546 486 3675 547 esse
3694 488 3863 547 sacra

2280 544 2659 605 communione
2691 544 2971 617 judicavit.
3016 546 3083 599 Et
3114 547 3157 599 si
3199 560 3382 600 revera
3427 545 3556 598 tanti
3605 544 3865 617 facinoris

2288 616 2854 682 constat'admiSsum,
2908 625 3085 673 nostra
3129 617 3289 673 etiam
3329 617 3617 670 auctoritas
3661 618 3713 669 in
3768 616 3867 671 hac

2280 703 2437 761 parte
2470 691 2759 747 consentit.
2793 688 2902 746 Nec
2932 691 3075 744 enim
3104 687 3170 742 ad
3193 685 3747 761 supplicandumjure
3766 687 3866 761 de-

2280 758 2373 819 bet
2393 764 2625 826 admitti,
2653 762 2743 816 ubi
2773 761 3058 816 admittere
3084 758 3417 826 sacrilegium
3450 772 3558 812 non
3579 758 3863 812 dubitavit.

2280 835 2465 890 Nullus
2492 835 2633 887 enim
2668 835 2804 886 intra
2848 833 3031 887 limina
3063 841 3222 885 tanta:
3250 829 3581 884 venerationi
3613 828 3867 898 deputata

2280 917 2565 974 utrumque
2596 905 2696 958 sibi
2728 904 2885 958 licere
2911 904 3182 974 existimet
3212 918 3307 974 pro
3333 917 3442 954 sua)
3465 900 3757 974 voluntatis
3781 915 3869 974 ar-

2280 970 2560 1039 bitrio,'nt
2596 975 2946 1029 humilitatem
2989 975 3088 1029 sibi
3122 971 3358 1026 vindicet
3398 984 3451 1025 et
3492 970 3755 1027 furorem.
3802 970 3870 1024 Et

2282 1047 2426 1111 ideo,
2456 1050 2646 1101 fratres
2677 1045 2960 1110 carissimi,
2986 1043 3341 1113 supradictos,
3374 1042 3418 1113 si
3442 1042 3722 1096 manifesta
3747 1056 3871 1096 reos

2281 1120 2408 1172 faci-t
2429 1119 2761 1187 conquestio,
2794 1117 2861 1171 ab
2891 1112 3139 1171 omnibus
3171 1112 3541 1187 parochiarum
3570 1124 3868 1187 vestrarum

2281 1189 2522 1244 ecclesiis
2552 1183 2751 1242 nostrae
2793 1187 3163 1256 przeceptionis
3198 1185 3514 1239 auctoritate
3565 1183 3877 1256 prohibete,

2283 1270 2341 1314 ut
2365 1276 2467 1313 non
2508 1260 2679 1311 solum
2719 1258 2769 1311 hi
2796 1255 2890 1325 qui
2926 1258 2979 1311 in
3014 1257 3260 1326 injuriam
3290 1262 3598 1310 sanctorum
3632 1255 3869 1309 locorum

2286 1332 2599 1399 prosiluisse
2657 1330 3025 1399 probabuntur
3080 1328 3274 1382 merito
3326 1334 3728 1395 consequantur
3774 1340 3870 1392 pro

2287 1402 2413 1455 facti
2449 1402 2527 1456 sui
2559 1402 2815 1467 qualitate
2851 1400 3162 1463 vindictam,
3195 1412 3382 1452 verum
3423 1399 3585 1452 etiam
3619 1399 3801 1451 creteri
3838 1412 3868 1449 a

2283 1473 2376 1526 tali
2412 1474 2826 1539 praesumptione
2868 1472 3083 1525 ultionis
3112 1470 3263 1523 istius
3289 1470 3482 1523 timore
3524 1480 3865 1522 revocentur.

2358 1542 2431 1595 De
2466 1544 2756 1596 sinceritate
2798 1542 2951 1611 hujus
2985 1543 3211 1611 epistola’
3258 1540 3313 1593 in
3352 1550 3621 1611 utramque
3664 1550 3864 1611 partem

2282 1615 2509 1679 disputat
2535 1612 2819 1675 Berardus,
2845 1608 2889 1665 et
2926 1608 3031 1667 rent
3056 1613 3110 1665 in
3139 1612 3302 1665 medio
3331 1610 3611 1676 relinquit;
3638 1608 3760 1663 milli
3795 1610 3870 1662 ni-

2281 1685 2354 1738 hil
2377 1701 2489 1739 rere
2515 1686 2857 1753 suspiciosum
2878 1685 3119 1737 occurrit.

2703 1811 2950 1851 GELASIUS
2978 1810 3135 1851 JUSTO
3162 1809 3427 1850 EPISCOPO.

2360 1891 2584 1945 Dilectio
2614 1900 2703 1945 tua
2737 1889 2950 1945 studeat
2982 1890 3202 1959 quiesita
3241 1890 3480 1942 omnium
3523 1887 3755 1943 fideliter
3788 1904 3868 1941 re-

2287 1979 2402 2017 rum
2435 1964 2678 2025 veritate,
2717 1970 2772 2014 ιιι
2816 1962 2857 2013 si
2890 1961 2956 2014 de
2998 1964 3164 2027 spatis
3200 1960 3267 2014 de
3305 1960 3497 2028 quibus
3542 1967 3866 2013 memoratur

2285 2045 2398 2087 orta
2424 2034 2695 2087 contentio
2726 2031 2967 2085 definitio
2991 2030 3189 2085 dudum
3232 2041 3376 2085 certa
3408 2031 3689 2096 processit,
3726 2030 3856 2084 inte-

2287 2114 2488 2158 merata
2517 2114 2775 2158 servetur.
2809 2102 3059 2171 Alioquin
3081 2103 3123 2155 si
3152 2102 3281 2156 nihil
3313 2118 3546 2171 unquam
3569 2102 3867 2156 constiterit

2286 2176 2647 2233 terminatum,
2680 2185 2803 2227 tunc
2824 2174 2889 2228 de
2921 2173 3332 2243 prtcScriptione
3363 2183 3663 2241 temporum
3697 2175 3742 2226 si
3769 2188 3865 2241 qua

2285 2262 2408 2308 pars
2433 2247 2449 2276 ¹
2469 2245 2689 2299 dissidet
2717 2246 2952 2312 prmbeat
2973 2255 3397 2308 sacramentum;
3423 2246 3442 2275 ²
3470 2254 3524 2297 ιιι
3553 2254 3732 2311 tamen
3754 2260 3866 2313 qua:

2288 2317 2545 2441 hiarctenus
2575 2316 2879 2387 possedisse
2910 2316 3238 2385 perhibetur,
3264 2314 3637 2386 jusjurandum
3667 2316 3867 2369 sinatur

2288 2403 2317 2441 o
2362 2404 2503 2441 erre.

2286 2403 2503 2444 ouerre.

2517 2494 2765 2535 GELASIUS
2785 2494 3048 2534 MARTYRIO
3075 2496 3140 2533 ET
3170 2495 3329 2534 JUS'I‘O
3357 2494 3639 2534 EPISCOPIS.

2414 2572 2489 2626 De
2510 2573 2663 2626 servis
2684 2573 2791 2626 sine
2821 2589 3071 2627 consensu
3112 2574 3437 2627 dominorum
3473 2574 3739 2626 ordinatis.

2360 2682 2435 2735 Ex
2467 2684 2699 2751 antiquis
2742 2684 2936 2754 regulis
2964 2696 3017 2739 et
3051 2685 3260 2739 novella
3291 2687 3311 2717 ³
3342 2685 3584 2755 synodali
3614 2688 3862 2755 explana.

2287 2753 2430 2807 tione
2458 2753 2906 2821 comprehensum
2938 2768 3018 2809 est
3052 2772 3311 2824 personas
3339 2753 3598 2811 obnoxias
3625 2753 3867 2812 servituti

2286 2824 2511 2897 cingulo
2548 2825 2782 2879 caelestis
2829 2827 3031 2881 militize
3074 2844 3179 2881 non
3225 2829 3494 2897 przecingi.
3537 2829 3643 2882 Sed
3690 2830 3868 2883 nescio

2287 2905 2461 2949 utrum
2501 2895 2795 2964 ignorantia
2838 2914 2903 2950 an
2949 2895 3547 2967 volttntate'rapiamini,
3595 2900 3665 2953 ita
3699 2910 3758 2953 ut
3803 2915 3862 2954 ex

2287 2966 2387 3020 hac
2409 2981 2565 3021 causa
2594 2969 2770 3021 nullus
2795 2983 2931 3036 pene
2951 2966 3324 3038 episcoporum
3351 2971 3595 3025 videatur
3616 2972 3863 3038 extorris.

2288 3039 2362 3091 Ita
2407 3039 2547 3092 enim
2588 3053 2683 3093 nos
2722 3034 3069 3109 frequens—et
3114 3034 3464 3109 plurimorum
3510 3034 3731 3109 querela
3768 3044 3869 3095 cir-

2287 3109 2620 3177 cumstrepit,
2647 3120 2701 3163 ut
2725 3126 2790 3163 ex
2818 3113 2915 3164 hac
2940 3121 3086 3179 parte
3107 3112 3235 3165 nihil
3267 3114 3476 3181 penitus
3500 3123 3718 3181 putetur
3744 3129 3869 3167 con—

2289 3182 2550 3233 stitutum.
2596 3182 2820 3235 Actores
2846 3182 3106 3249 siquidem
3139 3183 3362 3237 illustris
3395 3184 3519 3247 viri,
3565 3184 3657 3237 lilii
3698 3186 3866 3239 nostri

595 3240 933 3326 generari,si
965 3240 1156 3310 seeieri
1202 3271 1300 3309 suo
1332 3240 1679 3321 pertinaciam
1725 3240 2040 3307 reteittionis
2085 3256 2180 3309 ad-
2208 3240 2254 3303 C
2288 3251 2605 3326 Amandiani
2632 3256 2865 3326 graviter
2893 3240 3328 3326 conquerantur,
3348 3240 3589 3308 homines
3620 3271 3717 3309 suo
3762 3256 3868 3324 juri

594 3330 813 3398 jungat;
840 3344 901 3382 ea
925 3343 1042 3397 quae
1074 3328 1212 3380 inter
1236 3326 1907 3398 fratremetcoepiscopum
1941 3336 2179 3380 nostrum

596 3396 963 3455 Con—stantium
991 3398 1315 3452 Camiscanae
1346 3396 1596 3449 Ecclesiae
1629 3396 1983 3461 sacerdotem,
2010 3405 2064 3451 et
2098 3399 2181 3452 di-

596 3479 774 3526 rectos
803 3470 869 3524 ab
911 3469 1249 3523 Anconitano
1296 3466 1544 3536 pontiﬁce
1576 3466 1932 3533 decrevimus,
1968 3484 2062 3535 per
2089 3485 2183 3525 vos

596 3541 807 3610 impleri
839 3542 1103 3609 cupimus.
1135 3540 1287 3594 Tunc
1334 3537 1640 3610 formamin
1673 3542 1882 3610 caeteris
1918 3542 2182 3610 cognitio-

597 3608 778 3679 nibus,
810 3627 929 3681 qute
958 3612 1029 3666 sit
1060 3610 1329 3679 sequenda
1362 3608 1811 3681 prteseripsimus.
1836 3608 2003 3663 Nulla
2026 3611 2184 3679 igitur

598 3679 1017 3753 praesumptione
1071 3691 1268 3753 statum
1320 3679 1724 3753 parochiarum,
1778 3682 1867 3753 qui
1916 3693 2185 3748 perpetuae

598 3751 774 3808 aetatis
800 3753 1047 3806 firmitate
1078 3752 1307 3814 duravit,
1340 3752 1568 3817 patimur
1602 3751 1894 3815 immutari,
1922 3755 2047 3818 quia
2092 3770 2185 3809 ne-

600 3825 856 3893 gligentia
902 3821 1169 3889 pontificis
1218 3836 1390 3887 neque
1426 3823 1733 3888 temporalis
1773 3821 2025 3890 objectio,
2068 3842 2185 3893 qua:

602 3892 699 3961 per
738 3894 997 3947 incuriam
1051 3892 1186 3947 forte
1227 3902 1531 3957 generatur,
1576 3908 1672 3947 nec
1709 3894 1915 3960 ignavia
1958 3892 2186 3951 faciente

601 3978 919 4027 consensus,
958 3979 1053 4017 nec
1100 3964 1427 4036 subripiente
1468 3964 1853 4032 supplicatione
1900 3969 2186 4036 praeceptio

601 4036 861 4089 divellere
890 4042 1065 4103 potest
1095 4035 1561 4107 semeldieecesim
1594 4036 1963 4101 constitutam,
1997 4052 2060 4091 ex
2078 4035 2183 4107 qua

601 4122 817 4176 semper
874 4107 940 4160 ad
988 4106 1469 4175 regenerationem.
1523 4116 1682 4175 atque
1728 4106 2183 4175 consignationcm

602 4180 752 4251 plebs
780 4178 972 4233 devota
1000 4178 1282 4251 convenit;
1316 4178 1390 4247 (in
1414 4176 1667 4251 Gratiano
1683 4177 1921 4251 additur,
1947 4182 2034 4232 sed
2057 4182 2187 4251 forte

597 4236 744 4304 uerba
772 4260 890 4304 sunt
920 4251 1147 4320 ejusdem
1185 4236 1422 4302 Gratiani
1465 4266 1566 4302 non
1597 4247 1822 4318 Gelasii)
1856 4236 2185 4307 territorium
2228 4274 2231 4275 ν

599 4321 743 4376 enim
769 4337 875 4377 non
903 4324 1081 4375 facere
1114 4320 1389 4375 dioecesim
1421 4321 1550 4372 olim
1589 4322 1829 4375 noscitur
1856 4321 2183 4379 ordinatum.

968 4427 1218 4467 GELASIUS
1250 4428 1525 4465 ΕΡΙΡΠΑΝΙΟ
1552 4426 1813 4467 EPISCOPO.

672 4502 755 4557 Ad
788 4502 1069 4571 episcopos
1094 4512 1319 4556 cancros
1349 4502 1649 4557 direximus
1670 4503 1989 4572 jussionem,
2018 4518 2073 4562 ut
2092 4525 2188 4567 eos

598 4574 690 4642 qui
742 4573 1000 4628 ecclesias
1043 4574 1277 4628 violasse
1325 4573 1693 4640 perhibentur,
1731 4590 1955 4631 accessu
1998 4594 2181 4638 earum

599 4644 843 4715 judicent
868 4660 988 4699 esse
1018 4660 1123 4698 non
1151 4644 1362 4713 dignos.

600 4754 852 4795 ceusrus
866 4754 1098 4803 VICTORI,
1126 4753 1506 4807 cousnu'rnvo,
1538 4758 1820 4809 MAR'I‘YRIO,
1839 4761 2179 4821 reucrssmo,

932 4826 1134 4867 SORANO
1164 4826 1231 4865 ET
1263 4828 1533 4867 TIHOTHEO
1563 4828 1842 4871 EPISCOPIS.

672 4905 861 4960 Frater
888 4914 945 4960 et
971 4905 1321 4975 coepiscopus
1344 4916 1527 4961 noster
1548 4907 1873 4977 Epiphanius
1902 4927 1995 4967 sua
2029 4917 2179 4974 nobis

600 4978 863 5031 relatione
891 4977 1173 5045 suggessit,
1204 4979 1527 5032 Beneuatum
1554 4991 1607 5034 et
1638 4981 1874 5036 Maurum
1900 4984 2175 5043 Beneven-

602 5056 741 5127 tante
797 5049 1089 5127 municipes
1125 5048 1370 5127 civitatis
1398 5050 1449 5102 in
1488 5053 1862 5127 contumeliam
1908 5058 2178 5127 religionis

601 5119 978 5199 accubanimis
1004 5129 1059 5172 et
1080 5119 1338 5199 plectibili
1364 5124 1697 5199 eonluntacia
1721 5119 2057 5199 prosiluisse,
2083 5133 2174 5199 qui

600 5191 994 5264 confugienlem
1028 5190 1092 5242 ad
1119 5190 1360 5264 ecclesia;
1392 5205 1539 5264 septa
1569 5195 1822 5249 curialem
1862 5190 2050 5264 suum,
2075 5190 2174 5257 n'ec

598 5261 707 5315 illic
738 5262 951 5331 quidem
988 5270 1177 5325 tutum,
1207 5272 1299 5313 aut
1329 5261 1395 5315 de
1432 5263 1617 5331 injuria
1657 5281 1901 5320 securum
1940 5261 2059 5324 esse
2103 5274 2177 5325 si-

599 5344 812 5411 Verunt,
842 5332 955 5385 ausi
980 5334 1277 5411 temerariae
1303 5334 1463 5411 metui
1482 5336 1773 5411 admittere
1795 5340 1933 5407 quod
1960 5356 2056 5395 nec
2082 5358 2176 5411 p0-

600 5404 875 5459 testatibus
903 5403 1115 5480 quidem
1140 5408 1234 5480 _vel
1270 5403 1596 5480 principibus
1626 5403 1861 5478 unquam
1896 5412 2041 5464 licuit
2061 5403 2179 5480 per-

600 5484 839 5541 petrare,
899 5484 954 5528 ιιι
1009 5473 1276 5549 hominem
1335 5476 1385 5549 in
1437 5473 1751 5534 sanctuarii's
1804 5473 2175 5549 constitutum,

599 5553 809 5612 captata
847 5546 1141 5616 sacerdotis
1167 5546 1427 5610 absentia.
1474 5549 1844 5617 reluctantem,
1883 5546 2182 5609 reclaman-

597 5620 816 5684 temque
845 5617 1102 5673 violenter
1131 5618 1523 5687 abstraherent,
1548 5636 1709 5689 quos,
1741 5633 1997 5691 quantum
2025 5627 2179 5684 nobis

671 5801 689 5873 ξ
719 5799 1087 5873 μθεθᾲάὶηῐάὶι.
1112 5802 1349 5859 Gratian.
1370 5802 1531 5862 habet
1558 5805 1783 5873 conﬁdit.

672 5872 691 5901 '
719 5869 815 5926 Ms.
846 5869 1109 5933 Gratiam.
1138 5875 1208 5928 ita
1237 5886 1309 5929 ut.

2288 3323 2516 3386 deditos,
2541 3322 2673 3377 alios
2696 3323 2868 3377 adhuc
2893 3324 3289 3389 elericos,alios
3314 3325 3422 3393 jam
3446 3326 3702 3379 diaconos
3725 3322 3871 3379 ordi-

2287 3403 2461 3458 natos,
2490 3408 2612 3447 cum
2655 3411 2758 3448 non
2789 3396 2960 3449 solum
3004 3405 3121 3464 post
3148 3396 3483 3459 modernum,
3525 3397 3669 3464 quod
3695 3406 3867 3451 tanto-

2289 3480 2405 3517 rutn
2432 3465 2742 3528 pontificum
2775 3467 3095 3520 collectione
3113 3466 3211 3520 sub
3232 3469 3467 3521 omnium
3495 3467 3867 3522 saluberrima:

2288 3536 2609 3602 provisionis
2624 3550 2845 3590 assensu
2862 3545 3072 3590 constat
3086 3552 3207 3591 esse
3228 3538 3546 3605 perfectum,
3566 3539 3868 3606 hujusmodi

2289 3619 2546 3678 personas
2567 3608 2762 3675 suscipi
2794 3621 2895 3661 non
2922 3608 3140 3674 debere,
3159 3623 3339 3662 verum
3368 3610 3525 3662 etiam
3547 3609 3593 3663 si
3618 3610 3710 3678 qui
3732 3610 3868 3663 forte

2289 3677 2341 3749 in
2370 3676 2563 3729 divinae
2591 3677 2791 3749 cultum
2834 3678 3037 3732 militiae
3069 3688 3193 3733 ante
3233 3680 3426 3733 fuerint
3460 3676 3760 3749 ignorantia
3790 3680 3865 3733 fa-

2290 3746 2465 3819 ciente
2506 3747 2757 3819 suscepti,
2797 3749 3075 3804 eliminare
3124 3765 3362 3819 prorsus,
3416 3746 3701 3805 et'exutos
3744 3752 3868 3806 reli-

2291 3818 2439 3890 gioso
2485 3818 2761 3890 privilegio
2810 3820 2874 3873 ad
2925 3818 3262 3874 dominerum
3314 3822 3681 3888 possessiones
3725 3822 3870 3890 justa

2290 3886 2576 3959 debuerint
2604 3886 2966 3945 admonitione
2996 3892 3264 3959 compelli.
3297 3886 3359 3945 Et
3389 3891 3525 3955 ideo,
3560 3886 3755 3946 fratres
3785 3908 3872 3947 ca-

2291 3958 2524 4030 rissimi,
2571 3975 2706 4027 quos
2746 3961 3031 4030 supradicti
3085 3958 3182 4016 viri
3227 3974 3436 4018 actores
3484 3964 3531 4015 in
3587 3964 3871 4017 clericatus

2293 4027 2471 4082 officio
2521 4027 2900 4085 monstraverit
2937 4034 3170 4097 attineri,
3213 4033 3481 4089 discussos
3525 4042 3580 4087 et
3609 4036 3872 4089 obnoxios

2292 4113 2353 4173 ac
2398 4100 2649 4173 probatos
2692 4103 2956 4156 custodito
2995 4103 3168 4173 legum
3210 4107 3420 4159 tramite
3454 4106 3571 4158 sine
3601 4105 3873 4161 intermis-

2291 4169 2441 4252 sione
2469 4172 2750 4252 restituite,
2776 4174 2844 4227 ita
2869 4182 2925 4227 ut
2945 4169 3132 4252 siquis
3148 4174 3257 4243 jam
3281 4176 3557 4252 presbyter
3584 4176 3873 4245 reperitur,

2290 4242 2351 4315 i_n_
2390 4242 2577 4296 eodem
2618 4244 2782 4312 gradu
2818 4245 3012 4314 peculii
3036 4242 3165 4299 sola
3210 4242 3499 4301 amissione
3536 4242 3869 4315 permaneat.

2293 4309 2555 4385 Diaconus
2586 4309 2712 4385 vero
2742 4309 2835 4369 aut
2870 4316 3124 4370 vicarium
3156 4326 3394 4385 praestet,
3427 4327 3518 4371 aut
3537 4309 3591 4371 'si
3633 4334 3740 4372 non
3774 4319 3874 4372 ha-

2294 4383 2495 4443 buerit,
2543 4384 2819 4439 reddatur.
2871 4386 3099 4441 llesidua
3148 4383 3325 4442 officia
3382 4383 3552 4442 Sciant
3600 4390 3875 4444 neminem

2295 4466 2451 4519 posse
2487 4454 2941 4527 abgobuoxietate,
2986 4458 3029 4511 si
3063 4460 3397 4513 convincitur
3432 4459 3713 4525 vindicari,
3742 4476 3877 4527 qua-

2296 4530 2449 4601 tenus
2479 4524 2665 4601 ordine
2691 4528 2965 4601 custodito,
2982 4544 3080 4583 nec
3107 4530 3445 4586 dominorum
3468 4530 3611 4599 jura,
3636 4524 3736 4586 nec
3758 4524 3875 4601 pri-

2210 4624 2264 4685 D
2292 4593 2481 4665 vilegia
2510 4596 2600 4650 illa
2628 4598 2834 4654 ratione
2865 4600 3166 4656 turbentur.

2520 4707 2767 4749 ceusws
2800 4694 2820 4725 ⁸⁵
2845 4710 3037 4750 annuo
3068 4712 3133 4751 ετ
3162 4711 3321 4752 wsro
3348 4710 3628 4752 EPISCOPIS.

2321 4783 2713 4866 .Honoratinet
2759 4787 2998 4866 primarii
3037 4789 3372 4866 Varulanzei
3393 4790 3523 4859 forte
3555 4789 3877 4866 Verulaute)

2286 4856 2514 4930 civitatis
2545 4858 2711 4930 fusius
2741 4856 2895 4914 nobis
2928 4860 3173 4928 precibus
3195 4856 3585 4930 supplicarunt,
3607 4863 3747 4917 sicut
3782 4856 3878 4916 ha-

2285 4926 2443 5002 betur
2473 4928 2526 4981 in
2549 4929 2793 5002 subditis,
2839 4926 3028 4999 quibus
3058 4934 3217 4985 etiam
3261 4926 3705 4998 subscriptionem
3750 4948 3878 5002 pro-

2289 4999 2456 5066 priam
2494 5000 2931 5072 commodarum,
2975 5015 3033 5055 se
3074 5002 3141 5054 ab
3186 5002 3410 5069 Agnello
3453 5004 3683 5058 diacono
3719 4999 3879 5072 gravi

2285 5070 2731 5140 contumeliarum,
2756 5085 2953 5138 genere
2982 5072 3143 5126 fuisse
3172 5084 3486 5140 maceratos,
3521 5083 3577 5127 ut
3606 5070 3767 5129 etiam
3790 5090 3879 5131 res

2287 5138 2501 5218 perjurii
2534 5138 2696 5205 (sicut
2723 5139 2825 5218 ipsi
2844 5142 3062 5218 dicunt)
3098 5158 3157 5198 se
3182 5154 3426 5218 asserant
3456 5138 3740 5218 inclinatos
3768 5163 3785 5211 ;
3827 5153 3880 5201 et

2285 5208 2429 5283 ideo,
2455 5210 2644 5283 fratres
2670 5211 2956 5273 carissimi,
3001 5208 3291 5269 secundum
3319 5214 3551 5283 petitorii
3580 5214 3740 5270 ﬁdem
3770 5208 3881 5271 Vsu-

2284 5280 2531 5354 pradicto
2567 5280 2795 5354 djacono
2835 5283 2902 5337 ad
2938 5294 3173 5354 vestrum
3217 5280 3510 5354 judicium,
3559 5287 3880 5342 imminente

2285 5350 2571 5405 Laurentio
2600 5352 2849 5408 Romanae
2896 5353 3151 5408 Ecclesia:
3188 5350 3506 5423 defensore,
3537 5372 3662 5411 mox
3706 5358 3880 5413 dedu~

2282 5429 2390 5503 cto,
2422 5425 2663 5503 veritatis
2687 5426 2983 5503 assertione
3009 5426 3252 5503 diseussa
3278 5469 3292 5493 ,
3324 5429 3383 5503 si_
3401 5428 3705 5503 constiterit
3736 5429 3881 5485 inte—

2284 5494 2449 5567 gritas
2482 5494 2929 5567 supplicantium,
2979 5505 3070 5550 aut
3110 5497 3313 5553 intenta
3353 5498 3544 5553 doceat
3586 5498 3875 5567 diaconus,

2287 5570 2377 5614 aut
2404 5561 2470 5616 de
2491 5561 2607 5632 ejus
2632 5568 2984 5633 protervitate
3028 5569 3284 5624 noveritis
3314 5583 3436 5624 esse
3466 5561 3874 5631 vindicandum.

2286 5640 2549 5702 quatenus
2580 5634 2647 5691 de
2689 5638 2851 5694 tantis
2896 5639 3206 5696 excessibus
3248 5652 3558 5698 memoratae
3612 5641 3876 5711 improbis

2362 5814 2570 5889 prist.
2601 5816 2666 5873 ad
2690 5820 2855 5888 episc.
2881 5820 3106 5883 Lucam,
3133 5834 3250 5889 cap.
3286 5818 3369 5875 l4.

2368 5886 2387 5917 δ
2419 5888 2472 5942 1η
2498 5889 2618 5944 cod.
2652 5886 2969 5947 Laborantis
3003 5906 3101 5945 ms.
3135 5886 3232 5948 bro
3267 5890 3454 5947 Ruﬁno
