4104 6356
334 418 437 493 ita

1053 420 1394 475 APPENDIX
1434 420 1771 478 SECUNDA.
1814 416 2124 477 CANONES
2162 425 2456 481 CELASIO
2497 427 2826 485 ASCHIPTI.

3501 430 3598 487 150

329 540 679 620 respicicntes
708 544 1059 620 quiaateruo
1104 542 1270 597 iudici
1307 543 1701 620 rationemtam
1728 542 1794 598 de
1818 555 1910 597 ca-
1936 544 1987 605 Α
2016 543 2461 620 daturAAentliecis
2515 557 2575 620 ut
2619 550 2662 604 si
2711 550 2881 620 major
2929 555 3210 606 emerserit
3262 552 3489 614 fabrica.
3525 554 3590 605 sit

329 610 538 683 tbolica:
556 614 875 669 sinceritatis
900 614 1111 682 injuria,
1137 629 1293 681 quam
1311 613 1377 668 de
1403 612 1743 668 Iraditiouum
1768 629 1903 683 prce-

324 682 538 753 judiciis
564 695 907 752 paternarum
940 700 1044 739 non
1075 685 1193 741 sine
1235 694 1504 752 perpetuae
1551 687 1658 740 sint
1686 682 1902 740 damna-

327 753 490 810 tionis
519 754 732 815 interitu
763 756 1042 821 reddituri,
1090 756 1133 809 si
1169 755 1219 810 iu
1253 756 1353 810 hac
1394 756 1751 813 obstinatione
1774 773 1897 825 per-

325 826 642 891 manserint,
674 830 949 883 caritatem
985 838 1212 882 vestram
1244 826 1490 882 duximus
1514 828 1902 895 instruendam,

325 904 384 948 ut
410 910 505 951 vos
532 912 718 953 omnes
749 899 798 951 in
827 914 1111 953 commune
1139 897 1332 953 fratres
1363 899 1405 952 si
1439 913 1534 968 per
1565 900 1900 966 Dardaniam,

322 968 438 1041 Sive
466 983 559 1037 per
588 983 851 1041 quamque
878 970 1178 1039 contiguam
1228 968 1554 1039 provinciam
1609 972 1900 1038 constituti,

323 1038 415 1105 qui
439 1053 534 1111 vos
562 1038 661 1094 sub
700 1038 1126 1111 metropolitanis
1170 1041 1365 1095 vestris
1394 1056 1513 1095 esse
1562 1043 1899 1105 meministis,

322 1117 379 1162 et
407 1110 475 1164 ab
501 1111 702 1166 eisdem
731 1110 999 1167 substituti
1029 1112 1403 1175 decernentes,
1438 1112 1573 1168 sicut
1603 1122 1754 1167 vetus
1778 1128 1903 1167 con-

322 1181 553 1235 suetudo
602 1184 867 1252 deposcit,
902 1182 1225 1237 unanimiter
1258 1184 1502 1239 statuatis
1533 1182 1820 1251 antistites,
1852 1192 1905 1239 et

322 1251 559 1321 vicissim
586 1252 629 1307 si
663 1251 1104 1321 metropolitanus
1137 1255 1381 1307 bumauze
1414 1254 1736 1309 conditionis
1770 1258 1903 1310 torte

320 1320 636 1389 decesst'rit,
669 1340 694 1377 τι
723 1320 1260 1395 comprovincialibus
1286 1324 1579 1392 episcopis,
1612 1326 1750 1380 sicut
1793 1326 1901 1379 for-

318 1406 407 1446 ms
437 1396 727 1449 transmisit
753 1396 949 1450 sacrari
982 1397 1152 1449 modis
1182 1396 1429 1449 omnibus
1460 1397 1722 1450 censeatis
1750 1417 1762 1453 :
1806 1412 1904 1453 nec

319 1479 642 1532 quemquam
670 1467 791 1529 sibi,
815 1483 970 1536 quam
995 1467 1143 1521 vobis
1167 1467 1378 1535 antiqua
1405 1468 1753 1534 ἀίςροςὶιίυηθ
1775 1484 1904 1523 con-

319 1549 529 1607 cessum
578 1545 678 1604 est,
713 1538 982 1605 patiamini
1015 1537 1325 1593 vindicare:
1361 1548 1622 1607 quatenus
1666 1548 1719 1594 et
1763 1542 1900 1594 inter

318 1606 464 1673 ipsas
504 1607 899 1662 adversantium
945 1610 1277 1662 voluntatum
1327 1606 1626 1677 procellas,
1661 1620 1901 1665 veterum

320 1677 533 1749 regulas
574 1680 879 1733 nullatenus
909 1680 1178 1733 custodire
1211 1680 1455 1740 ccssetis,
1486 1680 1621 1733 sicut
1653 1696 1903 1749 persecu-

320 1747 527 1819 tionum
550 1758 786 1815 tempore
809 1750 1138 1805 diversarum
1162 1758 1340 1819 patres
1361 1759 1573 1804 nostros
1600 1747 1905 1805 constanter

322 1817 517 1875 fecisse
540 1835 644 1872 nou
675 1820 894 1874 dubium
924 1830 1027 1875 est.

679 1928 929 1967 GELASIUS
962 1927 1245 1968 ΑΝΑετΑςιο
1285 1928 1551 1968 εριςεορο.

404 1999 741 2073 Defensionis
770 2006 999 2072 propriae
1041 2005 1293 2059 desolatis
1340 2005 1554 2070 auxilio,
1588 2014 1642 2060 et
1676 2006 1765 2073 qui
1799 2006 1909 2062 suis

319 2071 527 2127 aetibus
552 2073 741 2129 adesse
769 2071 880 2143 pro
910 2077 1080 2130 anatis
1132 2076 1440 2130 infirmitate
1485 2092 1590 2129 non
1640 2071 1863 2143 possunt
1888 2120 1901 2140 ,

318 2150 597 2215 exoratum
651 2148 954 2212 pontificem
984 2147 1135 2200 decet
1183 2148 1502 2209 subvenire,
1533 2147 1653 2213 quia
1690 2148 1904 2215 pupillis

318 2213 597 2285 tuitionem
646 2218 807 2268 etiam
856 2218 1107 2270 divinitas
1160 2218 1315 2281 jussit
1359 2218 1613 2285 impendi.
1670 2218 1734 2270 Et
1764 2213 1902 2269 ideo

316 2282 546 2338 Maximo
573 2293 631 2340 et
672 2285 927 2341 Januario
957 2288 1219 2343 clericalis
1265 2282 1571 2357 ofti‘ciitqui
1611 2304 1668 2342 se
1712 2287 1902 2341 solatio

316 2364 596 2429 parentum
611 2358 692 2411 vel
720 2360 1137 2428 propinquorum
1159 2368 1407 2412 asserunt
1426 2360 1730 2429 destitutos)
1748 2362 1902 2411 auxi-

314 2425 441 2499 lium
486 2443 550 2481 ex
583 2425 763 2482 nostra
805 2425 1142 2499 delegatione
1183 2432 1491 2499 praestabis,
1543 2441 1601 2483 ut
1642 2425 1901 2483 adversus

315 2496 688 2565 improbitates
739 2496 1442 2555 adversariorum'suorum
1498 2502 1750 2567 protecti,
1798 2510 1902 2555 tuac

312 2571 680 2625 essecutionis
710 2572 933 2638 annixu,
967 2574 1124 2626 noxia
1148 2581 1449 2626 commenta
1476 2586 1577 2625 non
1605 2573 1859 2627 sentiant.

651 2679 903 2720 GELASIUS
945 2680 1257 2719 FORTUN'ATO
1299 2680 1562 2719 EPISCOPO.

401 2754 631 2811 Tueatur
660 2746 888 2812 Ecclesia
918 2774 1043 2826 quos
1074 2760 1126 2810 in
1153 2757 1231 2811 sui
1262 2758 1558 2827 defensione
1584 2760 1823 2826 suscepit.

383 2849 741 2919 irreligiosum
779 2864 997 2917 prorsus
1038 2861 1089 2904 et
1120 2850 1451 2904 exsecrabile
1494 2850 1824 2917 judicamus,
1853 2850 1897 2903 si

312 2921 592 2989 quisquam
616 2922 699 2976 vel
726 2934 1013 2976 extraneos
1041 2922 1090 2974 iu
1119 2922 1196 2973 sui
1231 2922 1455 2974 tuitione
1482 2930 1759 2986 susceptos
1793 2936 1895 2974 non

312 2992 458 3044 omni
492 2993 594 3045 lide
617 3004 665 3046 et
695 3002 801 3046 tota
835 2992 995 3045 animi
1028 2992 1108 3045 sui
1158 2992 1466 3046 cducavcrit
1496 2993 1794 3044 sanctitate.
1830 2995 1899 3045 At

313 3078 433 3115 cum
482 3064 759 3131 Olympius
807 3064 1062 3117 diaconus
1105 3063 1411 3115 dilectionis
1458 3072 1559 3115 tua:
1612 3063 1804 3115 Felicis
1846 3071 1899 3116 et

314 3134 528 3200 Olympi
557 3143 871 3198 suggeratur
909 3134 1223 3198 avnnculus,
1252 3147 1452 3201 eosque
1485 3133 1735 3200 parvulos
1760 3142 1899 3187 tute-

315 3203 381 3272 ιω
406 3205 520 3255 vice
544 3204 838 3272 susceperit
868 3203 1204 3265 nutriendos,
1235 3203 1373 3257 ultra
1410 3203 1747 3267 latrocinium
1778 3218 1899 3258 esse

312 3271 637 3341 judicamus,
670 3271 809 3343 quod
856 3288 949 3327 eos
978 3272 1270 3326 bouisculis
1303 3284 1603 3343 parentum,
1638 3276 1772 3325 sicut
1810 3288 1895 3326 as-

255 3385 259 3388 .
310 3352 523 3408 serunt,
554 3342 768 3412 reliquit
796 3353 1061 3408 extorres,
1098 3346 1199 3396 alia
1249 3342 1549 3409 retinendo,
1582 3343 1682 3397 alia
1715 3352 1900 3397 contra

309 3414 460 3484 leges
488 3424 541 3467 ct
566 3414 685 3483 jura
720 3415 1022 3468 vendendo.

438 3521 692 3564 GELASIUS
730 3522 944 3562 JUSTINO
985 3522 1373 3562 ARCIIIDIAGONO
1412 3522 1479 3560 ΕΤ
1521 3521 1782 3571 FAUSTINO

952 3592 1261 3633 DEFENSORI.

422 3666 499 3723 De
536 3668 683 3723 rebus
720 3670 947 3723 ecclesia:
976 3686 1078 3722 non
1103 3679 1177 3723 est
1204 3670 1401 3738 aliquid
1439 3670 1791 3724 alienandum.

383 3758 548 3814 Vobis
575 3762 716 3812 enim
747 3768 799 3812 et
822 3760 977 3814 famae
999 3768 1193 3814 vestrae
1215 3760 1520 3815 consultum
1548 3760 1815 3825 duximus,
1843 3770 1902 3818 ut

309 3830 581 3899 pontiﬁcis
632 3830 797 3883 vestri
850 3833 999 3894 loco,
1032 3830 1305 3885 vobiscum
1357 3830 1435 3885 ab.
1473 3832 1661 3886 eodem
1708 3830 1901 3895 alituis

308 3902 653 3970 subrogetur,
682 3902 771 3971 qui
812 3903 927 3969 ejus
950 3901 1168 3957 nomine
1200 3903 1399 3971 pariter
1433 3904 1680 3957 tntiversa
1715 3903 1899 3973 dispo-

309 3982 447 4045 nat:
487 3980 752 4041 quatenus
802 3974 979 4045 omnia
1028 3974 1225 4045 praedia
1258 3974 1322 4027 ad
1356 3983 1590 4027 vestrum
1639 3974 1901 4030 revocctis

308 4044 569 4114 studium,
624 4058 722 4097 nec
749 4043 995 4113 cuiquam
1028 4043 1243 4098 'clerico
1268 4059 1367 4114 pro
1398 4045 1643 4113 portione
1668 4059 1761 4099 sua
1800 4045 1899 4099 ali-

308 4113 453 4182 quod
506 4116 679 4168 solum
735 4114 977 4168 ecclesiae
1006 4116 1200 4184 putetis
1239 4113 1358 4168 esse
1401 4114 1798 4185 deputandum:
1833 4130 1901 4170 ne

309 4199 410 4253 per
438 4185 698 4239 incuriam
729 4194 783 4240 et
823 4185 1201 4254 negligentiam
1248 4186 1548 4249 minuatur;
1602 4185 1693 4237 sed
1727 4185 1902 4238 omnis

307 4255 590 4324 pensionis
615 4271 878 4309 summam
917 4271 980 4310 ex
1010 4256 1258 4309 omnibus
1309 4255 1525 4325 praediis
1548 4255 1782 4325 rusticis,
1813 4270 1903 4308 ur-

310 4326 575 4395 banisque
624 4327 907 4383 collectam
940 4326 1003 4381 ad
1036 4324 1326 4381 antistitem
1369 4326 1641 4381 deieratis.
1677 4324 1754 4379 Ex
1800 4342 1899 4393 qua

311 4407 495 4451 tamen
520 4398 839 4452 collectione
871 4396 1127 4451 habeatur
1152 4399 1307 4462 ratio,
1335 4396 1459 4465 quid
1498 4400 1562 4450 ad
1597 4411 1783 4450 causas
1819 4398 1901 4450 vel

305 4481 574 4534 expensas
600 4469 954 4523 accidentium
984 4469 1363 4523 necessitatum
1393 4481 1527 4536 opus
1552 4481 1671 4522 esse
1697 4468 1902 4535 perSpi-

306 4538 471 4603 citur,
502 4549 558 4591 ut
580 4538 647 4593 de
674 4540 850 4594 medio
875 4548 1273 4609 sequestretur;
1298 4549 1352 4593 et
1374 4548 1603 4609 quatuor
1625 4539 1899 4605 portiones

1942 1923 1992 1984 Β

1929 3308 1976 3371 C

2014 615 2263 693 subsidio
2284 617 2425 686 quod
2447 635 2511 673 ex
2540 619 2738 675 diversi
2768 615 3025 690 temporis
3052 623 3323 693 diligentis
3354 624 3589 691 potuerit

2009 686 2289 769 custodiri,
2323 699 2411 741 aut
2443 698 2588 745 certe
2614 702 2823 749 ematur
2855 686 3300 765 possessiofqum
3336 686 3589 749 utilitates

2012 767 2266 826 respiciat
2295 773 2632 819 communes.

2079 868 2329 912 GELASIUS
2379 869 2550 913 ειεκο
2589 872 2655 913 ΕΤ
2695 870 2871 913 OBDINI
2913 875 2978 914 ΕΤ
3020 876 3168 917 Ριειι
3225 875 3516 919 Βηυκιιιιειι.

2156 950 2433 1004 Redituum
2453 960 2501 1004 et
2522 940 2830 1033 oblationttm
2851 952 2968 1005 duae
2995 954 3252 1021 portiones
3272 954 3467 1007 clericis

2601 1030 2995 1077 committantur.

2079 1116 2351 1171 Concesso
2402 1115 2582 1176 vobis,
2629 1129 2789 1183 quem
2840 1114 3076 1182 petistis,
3136 1116 3377 1170 antistite
3424 1116 3589 1173 fratre

2003 1188 2117 1255 jam
2161 1196 2214 1240 et
2256 1186 2575 1254 coepiscopo
2622 1200 2745 1239 meo
2795 1185 3038 1245 Juliano.
3085 1189 3442 1241 necessarium
3495 1187 3591 1242 fuit

2008 1259 2219 1327 (eodem
2251 1258 2315 1310 ad
2341 1258 2622 1313 ecclesiam
2665 1272 2813 1310 suam
2846 1272 2966 1310 mox
2998 1258 3245 1327 remisso)
3276 1257 3339 1310 ad
3370 1272 3463 1309 vos
3496 1274 3587 1310 un.

2007 1326 2117 1384 Stra
2160 1328 2359 1395 scripta
2416 1328 2615 1395 pariter
2658 1328 2951 1382 destinati:
2998 1326 3191 1394 quibus
3229 1330 3590 1393 agnosceretis

2006 1401 2182 1455 eidem
2236 1396 2400 1454 fuisse
2440 1406 2802 1467 praeceptum,
2844 1414 2911 1453 ne
2955 1414 3187 1467 unquam
3225 1397 3589 1453 ordinationes

2007 1479 2296 1540 praesumat
2326 1470 2555 1529 illicitas.
2593 1479 2640 1524 et
2670 1471 2829 1537 infra.
2881 1470 3102 1524 Reditus
3130 1479 3184 1523 et
3215 1468 3501 1522 oblationis
3532 1469 3580 1540 ii-

2006 1538 2203 1596 iielium
2250 1541 2300 1595 in
2343 1550 2571 1606 quatuor
2599 1550 2776 1609 partes
2803 1540 3005 1595 dividat
3033 1556 3258 1609 quarum
3302 1556 3458 1593 unam
3488 1538 3589 1594 sibi

2013 1612 2126 1681 ipse
2157 1613 2403 1672 retineat.
2430 1612 2653 1665 alteram
2688 1612 2899 1665 clericis
2927 1627 3021 1681 pro
3048 1611 3345 1664 ofﬁciorum
3371 1624 3589 1663 suorum

2010 1683 2295 1737 sedulitate
2325 1683 2647 1737 distribuat:
2682 1683 2895 1735 fabricis
2918 1683 3161 1743 tertiam;
3194 1691 3436 1750 quartam
3461 1695 3573 1749 pau

2009 1756 2225 1821 peribus
2275 1763 2327 1807 et
2375 1754 2669 1819 peregrinis
2718 1753 2909 1805 habeat
2957 1754 3184 1806 lideliter
3229 1752 3588 1818 erogandam:

2012 1840 2237 1893 quarum
2268 1826 2526 1877 rationem
2554 1823 2735 1876 divino
2762 1832 2846 1876 est
2868 1822 3174 1877 redditurus
3194 1822 3449 1877 esai'uiui.

2093 1930 2341 1973 GELASIUS
2380 1929 2637 1970 EPISCOPIS
2676 1929 3052 1969 ORIENTMJBUS
3088 1929 3156 1968 OB
3193 1927 3525 1968 DAIVA'HONE

2684 2000 2918 2041 DIOSCORI
2929 2028 2941 2040 .

2158 2081 2280 2134 Non
2310 2080 2528 2146 petenda
2558 2088 2627 2134 est
2657 2080 2928 2161 absolutio,
2971 2095 3085 2133 cum
3114 2080 3282 2149 inique
3316 2078 3470 2132 fertur

2675 2159 2943 2204 sententia.

2084 2252 2109 2279 ει
2141 2241 2233 2296 Cui
2267 2251 2349 2296 est
2376 2242 2517 2294 illata
2547 2242 2809 2296 sententia
2857 2239 3090 2308 deponat
3126 2254 3386 2303 errorem,
3422 2247 3473 2293 et
3499 2254 3587 2291 va.

2009 2329 2105 2368 cua
2129 2322 2244 2377 est;
2278 2312 2369 2365 sed
2399 2316 2441 2365 si
2473 2312 2668 2379 injusta
2696 2320 2777 2365 est
2795 2357 2808 2379 ,
2841 2320 2991 2365 tanto
3017 2326 3134 2365 eam
3160 2325 3348 2364 curare
3371 2326 3475 2363 non
3500 2310 3589 2365 de~

2008 2386 2121 2448 bet,
2149 2393 2348 2453 quanto
2373 2383 2515 2453 apud
2564 2384 2733 2438 Deum
2763 2392 2818 2437 et
2846 2383 3138 2437 Ecclesium
3179 2383 3296 2450 ejus
3326 2382 3591 2437 neminem

2010 2465 2190 2525 potest
2223 2456 2399 2523 iniqua
2443 2468 2668 2521 gravare
2697 2455 2983 2508 sententia.
3019 2454 3090 2506 Ita
3126 2468 3255 2523 ergo
3284 2467 3340 2525 se
3362 2468 3469 2525 non
3494 2453 3568 2525 ab

2008 2522 2144 2581 solvi
2194 2522 2498 2590 desideret,
2540 2540 2644 2594 qua
2698 2540 2757 2581 se
2810 2525 3111 2580 nullatenus
3161 2522 3415 2593 perspicit
3458 2522 3565 2578 obii

2006 2607 2208 2666 gutum.

2189 2705 2439 2746 CELASIUB
2471 2691 2487 2721 ί
2518 2703 2783 2745 οειιοκτιο
2817 2704 2882 2743 er
2919 2702 3088 2743 PETRO
3125 2700 3405 2742 snseons.

2079 2781 2478 2854 Implorantibtts
2500 2781 2843 2851 patrocinium
2872 2781 3094 2850 episc0pi
3119 2780 3294 2837 debent
3317 2779 3513 2839 adesse.

2079 2875 2226 2930 Licet
2256 2875 2507 2930 omnibus
2528 2876 2594 2929 de
2614 2874 2765 2928 nobis
2787 2873 3129 2941 sperantibus
3152 2888 3255 2927 non
3277 2872 3592 2941 debeamus,

2007 2948 2059 2999 in
2091 2956 2346 3015 quantum
2396 2960 2721 3014 possumus,
2752 2960 2850 2999 nos
2882 2960 3116 3013 negare;
3147 2943 3266 3013 plus
3308 2954 3484 3015 tamen
3514 2944 3593 2995 vi—

2006 3014 2230 3071 duarum
2256 3027 2307 3071 et
2340 3018 2705 3085 orpbanorum
2729 3031 2940 3079 causas,
2958 3023 3013 3070 et
3038 3016 3331 3083 impensius
3345 3014 3591 3085 ducimus

2003 3084 2418 3155 exsequendas,
2437 3104 2571 3156 quas
2593 3088 2728 3142 tueri
2753 3102 2785 3143 ι
2815 3086 2991 3157 nobis,
3032 3087 3117 3142 vel
3146 3086 3214 3140 ab
3234 3084 3481 3141 omnibus
3509 3085 3591 3139 di-

2006 3158 2124 3212 vina
2159 3157 2471 3214 manifestat
2497 3160 2742 3214 assertio.

2240 3286 2490 3327 GELASIUS
2519 3285 2745 3326 LEONTIO
2773 3286 2839 3326 E‘l‘
2874 3284 3043 3327 PETRO
3071 3280 3356 3326 EPISCOPIS.

2083 3363 2335 3431 Quisquis
2360 3364 2411 3415 in
2434 3362 2659 3432 negotiis
2699 3362 2811 3418 suis
2858 3364 3023 3418 nostri
3055 3363 3289 3417 nominis
3335 3361 3593 3417 interces-

2013 3433 2167 3488 sione
2192 3441 2371 3502 sperat
2400 3434 2501 3486 sibi
2532 3434 2767 3488 remedia
2800 3449 2958 3501 posse
2999 3434 3252 3499 conferri,
3284 3448 3450 3503 prona
3494 3446 3592 3487 nos

2013 3508 2267 3560 convenit
2293 3504 2633 3558 animositate
2657 3504 2916 3571 przestari.
3204 3522 3209 3527 τ

2138 3608 2392 3651 θειλοιυς
2422 3609 2615 3655 (ῑιιιιο.
2648 3609 2846 3659 οιωικι,
2874 3610 2943 3647 ΒΤ
2964 3608 3115 3648 Ριῑιιι
3146 3595 3165 3625 ⁸
3190 3608 3483 3649 ΒΒΒΝΒΕΜΙ.

2082 3686 2111 3725 δ
2142 3688 2414 3742 Concesso
2443 3687 2593 3741 vobis
2615 3700 2772 3755 quem
2800 3685 3008 3756 petistis
3028 3685 3264 3741 antistite
3291 3685 3455 3741 fratre
3479 3685 3590 3756 jam

2009 3769 2064 3815 et
2093 3760 2415 3827 coepiscopo
2462 3773 2580 3812 meo
2606 3758 2843 3821 Juliano,
2879 3758 3237 3812 necessarium
3279 3757 3377 3811 fuit
3402 3757 3591 3812 eodem

2008 3831 2075 3885 ad
2108 3829 2402 3885 Ecclesiam
2425 3844 2575 3883 suam
2608 3845 2731 3885 mox
2764 3830 3013 3896 remisso,
3037 3829 3102 3885 ad
3125 3844 3219 3883 vos
3246 3838 3430 3885 nostra
3460 3828 3593 3883 scri-

2008 3912 2095 3971 pta
2145 3903 2349 3970 pariter
2395 3899 2699 3961 destinare.
2756 3900 2949 3971 quibus
2984 3900 3388 3971 agnosceretis,
3420 3899 3591 3954 eidem

2008 3969 2173 4026 fuisse
2196 3981 2520 4042 praeceptum
2544 3987 2610 4025 ne
2641 3969 2875 4041 unquam
2903 3969 3268 4024 ordinationes
3301 3978 3593 4040 presumat

2009 4040 2243 4096 illicitas.
2275 4040 2352 4095 Ne
2382 4042 2673 4110 bigamum,
2704 4040 2758 4095 et
2796 4042 2884 4109 qui
2931 4042 3189 4111 virginem
3238 4056 3340 4095 non
3368 4049 3450 4094 est
3479 4055 3592 4094 sor-

2008 4115 2137 4169 titus
2187 4124 2408 4165 uxorem
2432 4155 2445 4179 ,
2480 4120 2637 4180 atque
2667 4110 3031 4180 illitteratum,
3072 4112 3157 4163 vel
3199 4111 3509 4172 obnoxium,
3532 4110 3591 4180 in

2012 4182 2185 4250 aliqua
2240 4189 2389 4250 parte
2434 4178 2698 4250 corporis
2732 4179 2992 4250 debilem_
3021 4186 3372 4250 notatumque
3421 4178 3594 4250 modis

2010 4246 2261 4307 omnibus
2287 4250 2351 4303 ad
2380 4246 2562 4303 sacros
2586 4248 2801 4303 ordines
2826 4246 3101 4315 permittat
3129 4246 3408 4301 accedere.
3440 4247 3595 4313 Quod

2010 4323 2171 4377 etiam
2197 4322 2259 4376 de
2285 4319 2583 4389 peregrinis
2614 4328 2774 4387 atque
2804 4314 3089 4385 incognitis
3112 4318 3195 4373 vel
3220 4314 3593 4389 expetentibus

2010 4406 2201 4448 cavere
2229 4386 2466 4455 debebit,
2499 4392 2621 4461 quia
2655 4386 2954 4461 bujusmodi
2981 4404 3009 4443 a
3036 4386 3432 4461 venerabilibus
3464 4402 3594 4458 pro-

2011 4465 2267 4519 hibentur
2288 4461 2497 4525 ofﬁciis,
2518 4460 2592 4516 ac
2624 4460 2754 4515 nihil
2783 4475 2845 4514 ex
2877 4460 3185 4514 ministeriis
3210 4468 3369 4531 atque
3399 4469 3593 4531 ornatu

2009 4544 2280 4605 postremo
2312 4534 2377 4586 de
2406 4546 2722 4605 quacunque
2738 4547 2807 4605 _re
2838 4546 2997 4605 quam
3052 4540 3263 4605 constat
3288 4530 3375 4583 ad
3420 4530 3592 4605 eccle-
3634 4584 3645 4595 _

294 4602 396 4662 ’vel
428 4601 496 4663 die
522 4610 755 4665 fidelium
783 4601 1072 4674 oblatione,
1098 4612 1178 4665 vel
1203 4601 1270 4665 de
1303 4601 1404 4665 hac
1431 4612 1556 4663 fiant
1582 4601 1755 4664 modis
1785 4624 1899 4663 om-
1926 4611 1981 4674 D
2008 4601 2142 4662 siam
2177 4601 2468 4675 pertinere,
2502 4604 2696 4658 audeat
2737 4602 2789 4655 in
2843 4604 3069 4657 alterum
3102 4601 3339 4724 qualibet
3384 4603 3592 4657 ratione

312 4679 475 4725 nihilst
499 4681 786 4725 nensinnm
812 4682 881 4725 ita
906 4690 965 4725 ιιι
985 4696 1143 4725 unam
1175 4680 1272 4725 eihi
1300 4682 1451 4725 tnllat
1476 4682 1698 4725 antistes
1740 4680 1895 4725 aliam
2008 4678 2324 4725 transferre.
2362 4675 2583 4725 lieditus
2606 4682 2660 4725 et
2687 4674 2983 4725 oblationes
3012 4672 3112 4725 fide
3138 4674 3245 4725 illm
3279 4673 3330 4725 in
3363 4680 3592 4725 quatuor

310 4679 475 4733 nibus
499 4681 788 4743 pensione:
812 4682 882 4735 ita
906 4690 965 4735 ut
985 4696 1144 4735 unam
1175 4680 1272 4735 sibi
1300 4682 1451 4734 tollat
1476 4682 1718 4744 antistes,
1740 4680 1895 4734 aliam

307 4750 523 4805 clericis
551 4766 649 4822 pro
696 4768 794 4805 suo
820 4753 1020 4821 judicio
1064 4761 1119 4806 et
1148 4752 1413 4806 electione
1463 4752 1762 4819 dispertiat,
1792 4761 1899 4806 ter-

309 4822 443 4874 tiam
475 4823 793 4891 pauperibus
822 4826 921 4877 sub
950 4825 1092 4877 omni
1116 4824 1445 4877 conscientia
1476 4822 1632 4876 faciat
1655 4824 1893 4891 erogari:

306 4892 532 4947 fabricis
560 4908 690 4949 vero
729 4902 973 4963 quartam
993 4935 1007 4959 ,
1040 4910 1159 4965 quae
1189 4895 1478 4963 competit,
1511 4894 1574 4947 ad
1607 4893 1898 4965 ordinatio-

305 4976 435 5017 nem
489 4966 788 5031 pontilicis,
842 4965 1149 5031 erogatione
1200 4976 1378 5019 vestra
1410 4964 1749 5019 decernimus
1779 4977 1897 5017 esse

306 5034 664 5099 pensandum.
702 5036 758 5089 Si
788 5034 917 5105 quid
952 5034 1091 5089 forte
1121 5036 1222 5089 sub
1263 5051 1436 5090 annua
1467 5036 1768 5089 remanebit
1793 5048 1894 5088 ex-

306 5119 503 5174 pensa,
532 5107 707 5161 electo
736 5106 934 5161 idoneo
962 5107 1028 5161 ab
1055 5115 1278 5176 utraque
1310 5116 1459 5175 parte
1497 5106 1752 5173 custode,
1788 5113 1895 5159 tra-

386 5271 411 5298 ι
444 5260 669 5315 Exstant
697 5261 811 5321 hare
834 5261 993 5316 verba
1022 5262 1075 5316 in
1101 5270 1325 5315 tractatu
1360 5262 1551 5315 Felicis
1578 5261 1641 5315 ill
1668 5261 1733 5316 de
1761 5261 1895 5317 Aca-

306 5334 401 5387 cio
419 5333 524 5385 rite
552 5332 827 5394 damnato,
864 5332 949 5386 hic
978 5333 1103 5387 dato
1131 5347 1195 5386 ex
1225 5331 1451 5387 Malieio.
1496 5332 1680 5386 Mausr.

383 5403 412 5441 δ
443 5401 709 5473 Integram
749 5404 880 5458 hanc
920 5405 1189 5473 epistolam
1227 5403 1509 5457 Gratianus
1547 5403 1599 5455 in
1638 5404 1768 5456 duas
1799 5402 1903 5457 dis-

309 5474 486 5537 tinxit,
515 5472 716 5527 diverso
754 5477 917 5545 etiam.
945 5476 1095 5529 titulo
1137 5476 1382 5545 prtrfiro;
1412 5489 1529 5526 nam
1558 5473 1619 5527 ab
1649 5474 1751 5529 illis
1796 5490 1902 5545 ver-

309 5548 410 5607 bis,
452 5544 723 5599 Concesso
748 5546 902 5600 vobis
924 5563 1083 5616 usque
1099 5546 1167 5597 ad
1190 5547 1282 5600 izla
1309 5545 1614 5616 redditurus
1644 5544 1899 5609 examini,

310 5616 521 5669 titulum
547 5616 770 5683 pre/imit
796 5616 953 5678 clero,
992 5614 1038 5669 et
1065 5616 1255 5682 ordini,
1284 5626 1329 5668 et
1356 5616 1488 5686 plebi
1528 5614 1811 5669 Brundusii
1835 5618 1903 5668 ita

312 5686 402 5749 12,
429 5695 619 5753 quaest.
643 5687 697 5749 2,
724 5701 845 5739 can.
871 5686 974 5741 ‘26:
1001 5688 1074 5739 Ab
1096 5688 1197 5741 illis
1219 5689 1378 5741 verbis
1402 5687 1720 5740 venerabilis
1742 5688 1901 5740 ctiaut

312 5758 567 5825 baptismi
608 5772 765 5824 usque
807 5757 857 5810 in
888 5758 1042 5827 ﬁnem
1084 5759 1258 5812 relatis
1298 5758 1365 5815 de
1392 5770 1635 5814 consecr.
1688 5758 1816 5814 dist.
1847 5757 1901 5826 6,

392 5896 408 5926 ‘
442 5894 604 5952 Forte
633 5893 867 5953 Leontio.

2008 4672 2324 4732 transferre.
2362 4675 2583 4729 licditus
2606 4682 2660 4728 et
2687 4674 2983 4727 oblationes
3012 4672 3245 4727 fidelium
3279 4673 3330 4726 in
3363 4680 3592 4741 quatuor

2010 4758 2188 4819 partes
2217 4746 2437 4809 dividat,
2472 4760 2694 4819 quarum
2727 4744 2828 4797 sibi
2857 4758 3017 4797 unam
3047 4744 3148 4813 ipsi
3182 4744 3592 4819 retineat,__alte-

2009 4812 2122 4876 ram
2152 4820 2359 4874 clericis
2392 4812 2501 4884 pro
2516 4816 2814 4868 officiorum
2860 4812 3090 4884 suorum:
3110 4812 3390 4868 sedulitate
3410 4813 3591 4867 distri-

2009 4890 2155 4953 buat,
2214 4887 2426 4941 fabricis
2459 4887 2699 4943 tertiam,
2731 4899 2952 4950 «piarum
2997 4883 3256 4938 rationem
3302 4884 3483 4939 divino
3507 4891 3590 4938 est

2008 4960 2314 5014 redditurus
2359 4957 2613 5009 examini.
2660 4956 2843 5009 Sacris
2871 4970 3083 5025 quoque
3112 4955 3389 5010 ordinibus
3413 4954 3586 5023 appli-
3662 4978 3667 4983 ι

2007 5031 2227 5094 candos,
2255 5031 2352 5081 hac
2371 5027 2743 5080 observatione
2762 5034 3094 5095 promoveat,
3124 5026 3403 5095 utjejunio
3430 5039 3589 5095 quar-

2007 5104 2071 5167 ti,
2102 5101 2313 5171 septimi
2338 5107 2391 5153 et
2416 5095 2610 5153 decimi
2643 5099 2843 5153 mensis
2872 5110 3099 5167 vespere
3128 5094 3335 5152 sabbati
3366 5094 3589 5166 presby-

2005 5272 2129 5315 can.
2163 5258 2251 5324 l7,
2277 5257 2455 5325 incipit
2478 5272 2823 5320 uovuspauoa
2852 5271 2969 5309 cum
2991 5256 3137 5309 titqu
3158 5252 3429 5311 :Gelasius
3452 5265 3587 5325 papa
3626 5298 3635 5308 .

2009 5331 2159 5384 clero
2184 5322 2245 5384 et»
2263 5322 2401 5396 plebi
2430 5324 2756 5382 Terentium.
2790 5325 3033 5391 Profecto
3053 5325 3160 5381 lucc
3190 5325 3423 5396 leguntur
3449 5322 3502 5375 in
3524 5325 3588 5378 li-

2012 5403 2098 5454 bro
2148 5392 2348 5453 Diurno
2392 5398 2754 5451 Romanorum
2791 5396 3118 5464 pontificum,
3164 5405 3209 5447 et
3242 5392 3333 5447 cst
3360 5392 3588 5464 formula

2009 5473 2293 5543 litterarum
2319 5485 2445 5543 qute
2470 5462 2801 5523 tradebantur
2825 5468 3073 5534 episwpis
3103 5462 3585 5543 recens_or_dinatis.

2010 5542 2073 5596 At
2102 5542 2232 5595 hanc
2255 5533 2530 5611 fortitulam
2552 5550 2813 5611 acceptant
2832 5554 2938 5592 esse
2965 5533 3026 5611 ea:
3053 5534 3256 5596 scriptis
3278 5533 3471 5611 Gelasii
3497 5556 3586 5591 sa-

2012 5615 2074 5665 tis
2114 5605 2306 5665 indicat
2331 5620 2555 5671 vetustus
2601 5605 2842 5665 Lucensis
2892 5607 3053 5659 codex
3096 5605 3491 5674 manuscriptus,
3536 5611 3587 5661 in

2007 5700 2106 5753 quo
2148 5684 2252 5737 ha’c
2284 5682 2397 5753 ipsa
2425 5681 2649 5753 formula
2686 5682 2775 5733 sub
2807 5676 3217 5753 Gelasiinomine
3262 5678 3462 5753 legitur.
3501 5680 3587 5734 list
3635 5685 3639 5688 ’

2009 5748 2179 5809 autem
2200 5748 2360 5807 codex
2390 5753 2478 5805 ille
2496 5748 2682 5804 seculo
2703 5755 2913 5802 exeunte
2938 5749 3029 5802 Vtit
3051 5749 3290 5821 scriptus.
3324 5750 3512 5805 MANSI.

2075 5897 2095 5929 '
2122 5894 2212 5955 Al.
2246 5887 2551 5947 Brundusii.
