4104 6356
569 421 669 476 455

1078 547 1327 595 ςειλειυε
1355 548 1626 591 JANUABIO.

634 636 751 709 Sed.
768 663 954 705 causas
996 648 1186 716 quibus
1237 647 1493 702 beneﬁcia
1541 647 1681 702 beati
1730 645 1875 701 Petri
1915 645 2143 714 apostoli

561 725 863 779 continuata
896 720 1197 789 pereupias,
1224 718 1455 775 ﬁdenter
1503 719 1740 786 injungo.
1774 718 2021 789 Praestet
2045 717 2143 785 igi.

560 804 649 848 tur
682 804 768 847 tua
800 788 1072 855 nobilitas,
1101 798 1159 843 ut
1200 792 1361 845 rebus
1405 804 1696 859 pauperum
1741 790 1857 857 ejus
1887 788 2141 842 auxilium

558 867 1031 931 defensionemque
1055 863 1335 921 concedat.
1369 872 1422 915 et
1446 861 1802 914 conductores
1832 873 2016 914 earum
2054 859 2143 929 pio

520 992 523 1001 λ
557 936 983 1001 favoretuvatur,
1015 944 1069 986 ut
1097 933 1518 986 vicissitudinem
1556 931 1917 994 praestiterunt
1949 931 2017 984 ab
2045 944 2140 985 eo-

555 1006 676 1061 dem
706 1006 965 1074 percipiat
1007 1014 1446 1071 consentientem,
1495 1003 1646 1072 cujus
1675 1003 1905 1068 meritis,
1947 1010 2002 1057 et
2049 1002 2145 1056 lto-

555 1076 673 1134 nori
698 1077 921 1137 devotus
953 1076 1051 1131 ista
1080 1076 1350 1144 dependit.
1429 1099 1437 1108 α

806 1184 1055 1227 GELASIUS
1101 1184 1329 1225 ΙιΊΗΙΙΙΝίΕ
1378 1184 1618 1225 ιιιυεῖιιι
1662 1184 1892 1222 Ρ-ΕΙΙΝᾸΞ.

630 1281 709 1335 Ad
740 1282 1010 1335 cumulum
1041 1296 1170 1333 vero
1211 1281 1471 1334 mercedis
1501 1289 1694 1335 vestrae
1735 1270 2005 1347 pertinere
2026 1294 2144 1334 cer-

557 1354 819 1406 tissimum
869 1362 983 1419 est,
1042 1352 1084 1406 si
1128 1352 1323 1419 praadia
1374 1368 1493 1419 qure
1542 1352 1623 1407 vel
1668 1366 1694 1402 a
1726 1351 1968 1404 barbaris
1995 1351 2142 1404 vela

555 1425 812 1479 Romanis
839 1424 1278 1476 incoavenienter
1302 1424 1482 1475 invasa
1514 1432 1667 1486 sunt,
1693 1423 1886 1476 vestris
1917 1423 2144 1490 disposi-

558 1496 791 1548 tionibus
822 1494 1088 1561 egentium
1115 1494 1273 1546 victui
1305 1494 1683 1547 reformentur.
1712 1492 1877 1560 Cuius
1906 1502 2051 1546 tanta
2077 1494 2144 1547 de

555 1566 846 1631 provinciis
868 1565 1115 1629 diversis,
1137 1580 1256 1634 qua:
1289 1564 1547 1617 bellorum
1575 1564 1725 1616 clade
1747 1571 1967 1617 vastata!
1995 1574 2141 1624 sunt,

554 1634 777 1691 Romam
810 1635 1091 1688 multitudo
1121 1636 1405 1696 confluxit,
1432 1645 1486 1691 ut
1510 1637 1594 1687 vix
1620 1635 1700 1699 ei,
1728 1635 1833 1689 Deo
1857 1643 2009 1699 teste,
2036 1636 2145 1689 suf-

554 1708 717 1760 ﬁcere
746 1707 1037 1759 valeamus.
1066 1705 1388 1771 (Ιοηενὶρίιὶε
1420 1721 1548 1771 ergo
1570 1717 1824 1769 quantum
1865 1705 1989 1761 lmni
2022 1720 2147 1774 ope-

553 1778 629 1831 ris
660 1778 969 1842 acquiratis,
1004 1777 1047 1831 si
1080 1778 1136 1829 B.
1189 1777 1344 1830 Petro
1380 1778 1623 1844 apostolo
1651 1777 1871 1845 prmdia,
1899 1792 2017 1843 qua
2048 1792 2145 1845 pro

552 1862 647 1901 sua
674 1848 900 1914 quisque
931 1850 1105 1899 anima
1136 1848 1381 1908 contulit,
1413 1857 1591 1900 vestro
1621 1858 1739 1914 post
1768 1848 1937 1901 Deum
1959 1849 2142 1911 prasi-

1486 411 1577 467 AD
1619 410 1847 466 OPERA
1888 408 2163 465 causa
2200 386 2406 465 PANE
2446 405 2886 463 APPENDICES.

3740 400 3831 455 156

2172 529 2224 587 Α
2253 528 2378 580 tius
2412 525 2711 597 augmentis
2738 524 3024 597 “egentium
3071 535 3261 580 causas
3304 522 3491 593 iuvare
3518 516 3827 590 dignemini.

2254 599 2384 651 Data
2413 613 2441 648 v
2467 598 2572 652 cal.
2596 596 2767 651 Martii

2463 691 2753 745 'ceustus
2791 704 2964 744 PETBO
3008 702 3252 744 smscoro
3306 700 3623 742 POTENTINO.

2319 780 2626 853 Secundum
2654 780 2791 851 quod
2823 781 2986 845 vestri
3031 780 3303 853 portitoris
3341 776 3657 853 significavit
3686 776 3832 853 Iibelo

2251 852 2359 917 Ius,
2393 847 2728 923 compertum
2774 847 3152 907 liabemus'vos
3185 866 3295 923 pra:
3350 851 3598 904 manibus
3641 847 3835 923 habere

2251 918 2533 993 negotium
2578 924 2868 978 insolitum.
2920 918 3200 985 Pertulit,'
3225 922 3504 977 diaeonem
3540 918 3827 993 quemdam

2247 991 2865 1051 commisisseincestum
2892 994 3076 1048 multis
3098 995 3310 1049 indiciis
3334 995 3389 1048 in
3404 991 3599 1047 vicinia
3625 999 3833 1045 notum.

2248 1065 2355 1120 Sed
2386 1067 2508 1136 quia
2538 1081 2694 1120 nemo
2721 1075 2896 1134 potest
2946 1066 3203 1121 canonice
3245 1064 3373 1119 illud
3422 1072 3667 1133 stuprum
3711 1075 3832 1130 pro-

2247 1136 2411 1201 bare,
2462 1146 2786 1192 memoratus
2830 1138 3086 1191 diaconus
3131 1152 3288 1191 omne
3329 1136 3577 1190 meritum
3625 1140 3836 1187 recusat

2251 1208 2377 1279 inde
2408 1209 2588 1262 subire
2609 1209 2889 1277 judicium.
2923 1208 3005 1264 Ad
3034 1208 3173 1279 quod
3197 1222 3297 1277 ego
3340 1207 3525 1279 multis
3557 1204 3836 1279 inevitabi-

2251 1278 2560 1351 libuscuris
2584 1274 2849 1337 iuV'olutus
2872 1274 3065 1351 quanta
3110 1274 3324 1351 possum
3351 1278 3612 1351 brevitate
3639 1274 3715 1329 sic
3738 1290 3836 1351 _t'a-

2252 1349 2581 1403 tionabiliter
2614 1344 2931 1415 respondeo.
2963 1344 3331 1419 Nullaquippe
3356 1347 3558 1417 judicia
3582 1347 3720 1401 inter
3738 1344 3837 1419 bo-

2252 1423 2422 1476 mines
2471 1423 2771 1475 necessaria
2810 1430 2989 1477 essent
3011 1464 3024 1484 ,
3058 1421 3102 1475 si
3132 1416 3319 1474 omnes
3347 1416 3601 1475 veritates
3631 1416 3835 1472 cunctis

2250 1492 2565 1559 patuissent.
2613 1492 2865 1561 Sequitur
2901 1508 3029 1559 ergo
3084 1492 3316 1561 perquiri
3345 1506 3374 1544 a
3416 1490 3595 1559 judice
3637 1489 3837 1543 debere

2251 1564 2618 1629 probationem
2664 1563 2846 1631 judicii
2876 1564 3084 1628 ordine,
3131 1564 3273 1617 unde
3300 1564 3454 1617 aliter
3501 1578 3607 1615 non
3634 1573 3833 1629 cogno-

2250 1633 2418 1687 scitur
2442 1636 2641 1689 veritas
2663 1636 2854 1703 cuipaz.
2885 1634 2992 1689 Sed
3015 1649 3136 1689 cum
3185 1638 3338 1701 culpa
3392 1648 3499 1687 non
3531 1632 3827 1703 ignoratur,

2250 1719 2351 1758 nec
2377 1705 2638 1776 synodum
2666 1720 2730 1760 ex
2756 1702 2879 1759 ’hoc
2900 1705 3216 1775 congregari
3248 1715 3521 1776 oportere,
3554 1718 3655 1757 nee
3696 1702 3836 1776 judi-

2249 1775 2390 1829 cium
2408 1772 2611 1845 'agitari
2654 1776 2925 1843 jubemus.
2967 1772 3071 1833 Séd
3102 1772 3216 1831 Sola
3260 1775 3528 1830 modulata
3571 1772 3836 1845 sententia

2251 1846 2302 1899 in
2335 1843 2566 1901 concilio
2598 1855 2879 1914 tractetur,
2920 1862 3040 1917 qua
3069 1849 3315 1902 meritum
3362 1846 3537 1915 culpa
3575 1843 3837 1899 excedere

551 1918 640 1971 dio
667 1918 885 1971 liberata
919 1918 1228 1972 reddantur.
1264 1918 1427 1987 Cujus
1461 1917 1847 1973 benedictiottis
1877 1918 2135 1988 eulogias,
2171 1918 2219 1979 Β
2249 1932 2353 1973 neu
2384 1918 2651 1973 videatur.
2692 1918 2842 1973 Sicut
2869 1919 3070 1976 dictum
3104 1928 3189 1974 est
3224 1918 3479 1988 antiquis,
3512 1918 3716 1971 oculum
3744 1930 3836 1988 pro

550 2003 681 2057 quas
710 2004 806 2057 pro
854 1989 1134 2043 affectione
1164 1989 1371 2057 direxi,
1419 1998 1540 2058 peto
1572 2000 1627 2043 ut
1670 2000 1822 2059 grata
1865 1992 2140 2059 suscipere

552 2068 735 2114 mente
753 2060 1008 2129 digneris.

936 2168 1184 2209 GELASIL'S
1223 2170 1285 2209 AC
1295 2169 1511 2209 TORIBUS
1552 2170 1725 2221 UBBICI
1738 2199 1748 2209 .

622 2244 843 2318 Constat
867 2261 965 2299 vos
1007 2248 1251 2302 intulisse
1300 2249 1596 2303 actionibus
1643 2249 1887 2304 ecclesiae
1912 2266 1973 2303 cx
2006 2267 2143 2318 prte-

552 2319 781 2371 statione
810 2316 955 2370 fundi
998 2318 1252 2383 claculas,
1288 2336 1445 2388 quem
1481 2321 1851 2375 conductinnis
1875 2316 2027 2377 titulo
2061 2334 2140 2377 te-

552 2403 670 2460 nes,
698 2388 782 2460 de,
815 2389 1086 2460 fructibus
1116 2392 1229 2452 (an.
1262 2391 1391 2460 ΜΔ)
1434 2392 1555 2445 anni
1588 2392 1897 2447 consulatus
1945 2394 2141 2449 Asterii

553 2470 601 2515 et
626 2459 865 2517 Ρηιιςίάίὶ
902 2458 1010 2513 VV.
1055 2460 1160 2515 CC.
1182 2501 1198 2527 ,
1231 2461 1297 2515 de
1329 2458 1620 2519 indictione
1660 2479 1746 2528 ut,
1779 2466 1895 2519 auri
1936 2465 2142 2521 solidos

552 2540 677 2595 lxx,
712 2529 895 2587 Notati
929 2546 957 2583 v
985 2532 1089 2587 cal.
1122 2533 1345 2602 Augusti
1370 2542 1394 2569 ⁸
1429 2533 1613 2589 Flavio
1638 2533 1702 2589 V.
1741 2534 1801 2589 (ἰ.
1826 2536 2070 2597 consule.

867 2658 1116 2699 causws
1154 2644 1182 2683 δ
1220 2661 1551 2702 ultumum;
1603 2664 1828 2705 REGINE.

620 2753 717 2821 Qui
747 2770 843 2823 pro
864 2756 1004 2809 victu
1025 2771 1316 2824 pauperum
1340 2760 1537 2814 domno
1562 2761 1670 2814 lilio
1692 2761 2141 2819 excellentissimo

552 2828 660 2895 regi
696 2840 815 2879 cum
844 2827 977 2881 meis
1004 2828 1197 2882 litteris
1239 2832 1579 2897 supplicaret,
1640 2833 1852 2886 Petrum
1889 2834 2141 2891 Ecclesize

552 2898 891 2951 defensorem
924 2897 1154 2967 dirigere
1190 2903 1496 2969 properavi.
1536 2902 1653 2968 Quo
1681 2906 1930 2960 veniente
1969 2908 2139 2961 subli-

554 2969 787 3047 mitatem
844 2984 1054 3037 quoque
1094 2978 1234 3023 tuam
1282 2973 1514 3027 salutare
1564 2990 1668 3047 non
1711 2974 1924 3039 destiti,
1964 2978 2127 3047 pluri-

554 3054 696 3092 mum
742 3040 1057 3106 deprecans,
1104 3050 1160 3097 ut
1200 3057 1297 3111 pro
1323 3055 1514 3099 vestra:
1541 3044 1749 3112 salutis,
1780 3055 1834 3100 et
1863 3040 2129 3117 prosperi-

626 3183 650 3210 ι
692 3173 745 3227 Id
776 3181 858 3229 est
890 3172 1071 3229 Flavio
1112 3174 1343 3243 Viatore,
1381 3178 1469 3245 qui
1502 3177 1597 3233 fuit
1645 3181 1851 3235 consul.
1887 3196 1977 3236 an.
2014 3181 2141 3238 495.

525 3245 534 3255 ‘
557 3244 671 3323 Alia
694 3246 870 3323 cautio
892 3246 1131 3323 ejusdem
1148 3248 1374 3323 _diei__ac
1402 3244 1592 3305 iisdem
1616 3250 1814 3305 verbis
1859 3254 2142 3323 subjicitur

557 3318 620 3369 ab
669 3317 855 3370 eodem
888 3316 1101 3373 Gelasio
1130 3317 1250 3375 data
1275 3318 1612 3387 Vincomalo,
1657 3324 1741 3378 ubi
1775 3316 1973 3378 solum'
1998 3326 2144 3380 fundi

559 3402 747 3439 nomen
780 3388 809 3439 d
850 3399 948 3441 est.
996 3389 1155 3443 BALL.

2247 1988 2428 2052 oculo,
2450 1989 2647 2042 dentem
2676 2007 2768 2057 pro
2791 1990 2968 2055 dente,
2999 1999 3053 2045 et
3077 1989 3263 2045 librata
3296 1986 3566 2055 mensura,
3592 1988 3716 2041 ideo
3742 1986 3836 2039 fuit

2243 2059 2391 2131 iussa
2418 2060 2473 2115 in
2509 2061 2644 2128 lege,
2678 2061 2893 2131 utjuxta
2922 2063 3167 2115 meritum
3192 2062 3363 2131 culpa:
3392 2060 3667 2115 damnatio
3699 2072 3835 2125 pon-

2246 2130 2463 2193 deretur
2487 2130 2759 2187 vindictm.
2802 2131 2858 2187 Si
2883 2132 3100 2199 quidam
3151 2130 3377 2186 fortasse
3412 2133 3590 2186 minus
3616 2143 3835 2198 capaces

2248 2203 2301 2261 in
2334 2200 2417 2257 his
2442 2218 2561 2271 qua:
2587 2203 2942 2271 praemisimus
2974 2213 3253 2272 promerea
3266 2204 3541 2265 vacillant,
3562 2202 3684 2272 quia
3705 2202 3834 2255 scri-

2249 2282 2399 2343 ptum
2426 2272 2625 2331 habent
2654 2276 2705 2328 in
2735 2274 2938 2345 legibus
2969 2278 3186 2341 nostris,
3215 2274 3290 2331 De
3312 2274 3547 2329 occultis
3574 2288 3731 2326 nemo
3752 2274 3835 2343 ju-

2249 2345 2457 2399 dicetur
2485 2355 2535 2399 ct
2563 2345 2785 2417 iudicet.
2836 2345 2937 2401 Sed
2971 2346 3023 2399 hi
3060 2346 3191 2417 tales
3221 2346 3364 2417 vigili
3411 2356 3590 2417 mente
3634 2355 3834 2417 pertra-

2250 2424 2414 2478 ctent,
2448 2418 2568 2484 quia
2593 2416 2734 2487 quod
2764 2416 2829 2470 de
2875 2416 3389 2487 occultisnegatur,
3440 2416 3540 2469 sub
3570 2417 3732 2467 tacito
3760 2416 3835 2469 in-

2250 2486 2468 2547 tellectu
2502 2488 2569 2543 de
2598 2486 2896 2543 manifestis
2932 2486 3262 2542 conceditur.
3295 2489 3513 2541 Constat
3552 2501 3682 2554 ergo
3712 2501 3837 2540 con-

2252 2569 2540 2627 sequenter
2572 2558 2673 2613 hoc
2702 2559 2803 2613 dici
2831 2559 2897 2613 de
2930 2559 3057 2627 ipsis
3102 2559 3347 2628 occultis,
3380 2574 3495 2625 qum
3528 2556 3835 2611 scandalum

2254 2628 2509 2687 Ecclesia:
2540 2629 2745 2685 nullum
2796 2630 3072 2684 inducunt.
3115 2629 3171 2684 Si
3212 2640 3489 2698 postquam
3532 2628 3659 2681 miri
3678 2643 3833 2681 scan-

2252 2699 2431 2757 dalum
2462 2701 2741 2771 contigerit
2786 2716 2879 2769 pro
2907 2700 3153 2766 crimine,
3206 2701 3353 2754 nullo
3399 2701 3559 2753 modo
3588 2709 3672 2753 est
3703 2714 3810 2767 pra)

2249 2772 2566 2828 tereundum
2588 2773 2707 2840 quia
2736 2773 2975 2827 Ecclesia
2995 2781 3047 2827 et
3073 2771 3434 2826 satisfactione
3459 2780 3641 2840 pacata
3668 2771 3836 2836 quies-

2249 2853 2363 2904 cat,
2400 2852 2453 2899 et
2480 2843 2663 2897 sedata
2689 2853 2965 2899 remaneat
2995 2844 3149 2913 culpa
3192 2844 3269 2897 sic
3310 2843 3593 2911 publiciter
3630 2844 3834 2910 punita,

2249 2921 2308 2969 ut
2336 2915 2495 2968 etiam
2531 2914 2761 2973 habeant
2805 2915 3073 2971 timorem.
3128 2913 3435 2968 Satisfactio
3478 2928 3708 2984 namque
3754 2915 3835 2968 illa

2252 2995 2368 3053 est,
2417 3000 2526 3061 qua
2566 2988 2830 3061 innocens
2872 2988 3101 3061 quisque
3148 2986 3537 3061 manifestatur,
3571 3000 3598 3038 a
3648 2986 3836 3056 quibus

2252 3070 2378 3110 reus
2402 3056 2745 3115 credebatur.
2892 3056 2905 3061 ⁷
3016 3056 3027 3058 ἡ
3322 3058 3325 3061 ’

2317 3184 2357 3260 υλ
2379 3186 2691 3260 Anonymus
2726 3202 2756 3243 a
2789 3188 3002 3260 Valesio
3032 3188 3208 3260 editus
3237 3188 3301 3243 de
3330 3187 3492 3257 gestis
3521 3186 3822 3241 Tlteodnr'e

2250 3258 2390 3327 regis
2424 3258 2561 3323 banc
2591 3260 2828 3329 reginam
2860 3259 3101 3324 ejusdem
3156 3259 3473 3312 Theudorici
3524 3260 3837 3325 genitricem

2252 3340 2532 3385 memorat.
2569 3331 2734 3393 Mater
2769 3330 2969 3385 Erelit'a
3001 3331 3137 3383 dicta
3174 3328 3420 3393 Gothica,
3454 3331 3709 3382 catholica
3735 3335 3841 3399 qui-

2257 3400 2366 3461 dem
2397 3411 2537 3469 erat,
2568 3419 2680 3473 qum
2700 3404 2749 3456 in
2780 3404 3026 3473 baptismo
3051 3401 3270 3455 Eusebia
3299 3403 3453 3455 dicta.
3486 3401 3647 3454 BALL.

629 3518 643 3549 ¹
683 3518 753 3571 Ex
811 3533 912 3571 ms.
948 3520 1067 3573 cod.
1102 3520 1467 3576 univcrsitatis
1498 3521 1869 3589 Taurinensis,
1924 3525 2011 3591 fol.
2042 3527 2109 3587 ι,
2146 3542 2262 3597 pag.
2299 3531 2353 3582 7.

2156 4772 2204 4823 ξ
