  <div class='ocr_page' id='page_1' title='image "/cluster/home/n/w/nwhite01/storage/ocr_20150623/59/hvd.32044015471626/085.png"; bbox 0 0 4104 6356; ppageno 0'>
   <div class='ocr_carea' id='block_1_1' title="bbox 533 372 636 429">
    <p class='ocr_par' dir='ltr' id='par_1_1' title="bbox 533 372 636 429">
     <span class='ocr_line' id='line_1_1' title="bbox 533 372 636 429; baseline 0.01 -1"><span class='ocrx_word' id='word_1_1' title='bbox 533 372 636 429; x_wconf 75' lang='grc'><strong>159</strong></span> 
     </span>
    </p>
   </div>
   <div class='ocr_carea' id='block_1_2' title="bbox 534 484 1509 548">
    <p class='ocr_par' dir='ltr' id='par_1_2' title="bbox 534 484 1509 548">
     <span class='ocr_line' id='line_1_2' title="bbox 534 484 1509 548; baseline -0.012 -1"><span class='ocrx_word' id='word_1_2' title='bbox 534 489 836 548; x_wconf 87' lang='lat' dir='ltr'><strong>Secundum</strong></span> <span class='ocrx_word' id='word_1_3' title='bbox 859 487 1160 543; x_wconf 70' lang='lat' dir='ltr'><strong>Matthaeum</strong></span> <span class='ocrx_word' id='word_1_4' title='bbox 1187 484 1322 538; x_wconf 87' lang='lat' dir='ltr'><strong>liber</strong></span> <span class='ocrx_word' id='word_1_5' title='bbox 1352 494 1509 535; x_wconf 92' lang='lat' dir='ltr'><strong>unus.</strong></span> 
     </span>
    </p>
   </div>
   <div class='ocr_carea' id='block_1_3' title="bbox 533 555 1451 618">
    <p class='ocr_par' dir='ltr' id='par_1_3' title="bbox 533 555 1451 618">
     <span class='ocr_line' id='line_1_3' title="bbox 533 555 1451 618; baseline -0.012 -2"><span class='ocrx_word' id='word_1_6' title='bbox 533 561 836 618; x_wconf 88' lang='lat' dir='ltr'><strong>Secundum</strong></span> <span class='ocrx_word' id='word_1_7' title='bbox 866 559 1095 614; x_wconf 84' lang='lat' dir='ltr'><strong>Marcum</strong></span> <span class='ocrx_word' id='word_1_8' title='bbox 1129 555 1264 609; x_wconf 90' lang='lat' dir='ltr'><strong>liber</strong></span> <span class='ocrx_word' id='word_1_9' title='bbox 1291 566 1451 611; x_wconf 89' lang='lat' dir='ltr'><strong>unus.</strong></span> 
     </span>
    </p>
   </div>
   <div class='ocr_carea' id='block_1_4' title="bbox 533 626 1409 687">
    <p class='ocr_par' dir='ltr' id='par_1_4' title="bbox 533 626 1409 687">
     <span class='ocr_line' id='line_1_4' title="bbox 533 626 1409 687; baseline -0.013 0"><span class='ocrx_word' id='word_1_10' title='bbox 533 631 835 687; x_wconf 85' lang='lat' dir='ltr'><strong>Secundum</strong></span> <span class='ocrx_word' id='word_1_11' title='bbox 866 630 1059 683; x_wconf 85' lang='lat' dir='ltr'><strong>Lucam</strong></span> <span class='ocrx_word' id='word_1_12' title='bbox 1090 626 1224 681; x_wconf 89' lang='lat' dir='ltr'><strong>liber</strong></span> <span class='ocrx_word' id='word_1_13' title='bbox 1252 637 1409 679; x_wconf 92' lang='lat' dir='ltr'><strong>unus.</strong></span> 
     </span>
    </p>
   </div>
   <div class='ocr_carea' id='block_1_5' title="bbox 535 696 1470 757">
    <p class='ocr_par' dir='ltr' id='par_1_5' title="bbox 535 696 1470 757">
     <span class='ocr_line' id='line_1_5' title="bbox 535 696 1470 757; baseline -0.012 1"><span class='ocrx_word' id='word_1_14' title='bbox 535 702 837 757; x_wconf 89' lang='lat' dir='ltr'><strong>Secundum</strong></span> <span class='ocrx_word' id='word_1_15' title='bbox 859 700 1119 756; x_wconf 78' lang='lat' dir='ltr'><strong>Joannem</strong></span> <span class='ocrx_word' id='word_1_16' title='bbox 1152 696 1287 751; x_wconf 87' lang='lat' dir='ltr'><strong>liber</strong></span> <span class='ocrx_word' id='word_1_17' title='bbox 1311 708 1470 749; x_wconf 88' lang='lat' dir='ltr'><strong>unus.</strong></span> 
     </span>
    </p>
   </div>
   <div class='ocr_carea' id='block_1_6' title="bbox 536 768 1513 839">
    <p class='ocr_par' dir='ltr' id='par_1_6' title="bbox 536 768 1513 839">
     <span class='ocr_line' id='line_1_6' title="bbox 536 768 1513 839; baseline -0.013 -11"><span class='ocrx_word' id='word_1_18' title='bbox 536 772 762 828; x_wconf 87' lang='lat' dir='ltr'><strong>Actuum</strong></span> <span class='ocrx_word' id='word_1_19' title='bbox 794 770 1155 839; x_wconf 88' lang='lat' dir='ltr'><strong>apostolorum</strong></span> <span class='ocrx_word' id='word_1_20' title='bbox 1188 768 1322 839; x_wconf 89' lang='lat' dir='ltr'><strong>liber</strong></span> <span class='ocrx_word' id='word_1_21' title='bbox 1354 776 1513 817; x_wconf 89' lang='lat' dir='ltr'><strong>unus.</strong></span> 
     </span>
    </p>
   </div>
   <div class='ocr_carea' id='block_1_7' title="bbox 603 831 1631 908">
    <p class='ocr_par' dir='ltr' id='par_1_7' title="bbox 603 831 1631 908">
     <span class='ocr_line' id='line_1_7' title="bbox 603 831 1631 908; baseline -0.012 -12"><span class='ocrx_word' id='word_1_22' title='bbox 603 831 853 908; x_wconf 74' lang='lat' dir='ltr'><strong>Epistulae</strong></span> <span class='ocrx_word' id='word_1_23' title='bbox 875 841 1022 896; x_wconf 86' lang='lat' dir='ltr'><strong>Pauli</strong></span> <span class='ocrx_word' id='word_1_24' title='bbox 1047 838 1270 907; x_wconf 81' lang='lat' dir='ltr'><strong>apostoli</strong></span> <span class='ocrx_word' id='word_1_25' title='bbox 1291 849 1515 891; x_wconf 90' lang='lat' dir='ltr'><strong>numero</strong></span> <span class='ocrx_word' id='word_1_26' title='bbox 1543 831 1631 885; x_wconf 73' lang='lat' dir='ltr'><strong>l4.</strong></span> 
     </span>
    </p>
   </div>
   <div class='ocr_carea' id='block_1_8' title="bbox 532 911 1309 979">
    <p class='ocr_par' dir='ltr' id='par_1_8' title="bbox 532 911 1309 979">
     <span class='ocr_line' id='line_1_8' title="bbox 532 911 1309 979; baseline -0.01 -11"><span class='ocrx_word' id='word_1_27' title='bbox 532 913 615 968; x_wconf 80' lang='lat' dir='ltr'><strong>Ad</strong></span> <span class='ocrx_word' id='word_1_28' title='bbox 638 913 909 967; x_wconf 80' lang='lat' dir='ltr'><strong>Romanos</strong></span> <span class='ocrx_word' id='word_1_29' title='bbox 939 911 1161 979; x_wconf 87' lang='lat' dir='ltr'><strong>epistola</strong></span> <span class='ocrx_word' id='word_1_30' title='bbox 1188 923 1309 962; x_wconf 91' lang='lat' dir='ltr'><strong>una.</strong></span> 
     </span>
    </p>
   </div>
   <div class='ocr_carea' id='block_1_9' title="bbox 533 980 1378 1049">
    <p class='ocr_par' dir='ltr' id='par_1_9' title="bbox 533 980 1378 1049">
     <span class='ocr_line' id='line_1_9' title="bbox 533 980 1378 1049; baseline -0.007 -12"><span class='ocrx_word' id='word_1_31' title='bbox 533 983 614 1037; x_wconf 87' lang='lat' dir='ltr'><strong>Ad</strong></span> <span class='ocrx_word' id='word_1_32' title='bbox 638 982 948 1037; x_wconf 77' lang='lat' dir='ltr'><strong>Corinthios</strong></span> <span class='ocrx_word' id='word_1_33' title='bbox 976 981 1215 1049; x_wconf 75' lang='lat' dir='ltr'><strong>epistolm</strong></span> <span class='ocrx_word' id='word_1_34' title='bbox 1238 980 1378 1032; x_wconf 62' lang='lat' dir='ltr'><strong>duae.</strong></span> 
     </span>
    </p>
   </div>
   <div class='ocr_carea' id='block_1_10' title="bbox 530 1052 1246 1119">
    <p class='ocr_par' dir='ltr' id='par_1_10' title="bbox 530 1052 1246 1119">
     <span class='ocr_line' id='line_1_10' title="bbox 530 1052 1246 1119; baseline -0.011 -10"><span class='ocrx_word' id='word_1_35' title='bbox 530 1054 608 1110; x_wconf 89' lang='lat' dir='ltr'><strong>Ad</strong></span> <span class='ocrx_word' id='word_1_36' title='bbox 634 1052 849 1107; x_wconf 87' lang='lat' dir='ltr'><strong>Galatas</strong></span> <span class='ocrx_word' id='word_1_37' title='bbox 875 1053 1099 1119; x_wconf 89' lang='lat' dir='ltr'><strong>epistola</strong></span> <span class='ocrx_word' id='word_1_38' title='bbox 1124 1065 1246 1104; x_wconf 88' lang='lat' dir='ltr'><strong>una.</strong></span> 
     </span>
    </p>
   </div>
   <div class='ocr_carea' id='block_1_11' title="bbox 529 1117 1587 1188">
    <p class='ocr_par' dir='ltr' id='par_1_11' title="bbox 529 1117 1587 1188">
     <span class='ocr_line' id='line_1_11' title="bbox 529 1117 1587 1188; baseline -0.006 -10"><span class='ocrx_word' id='word_1_39' title='bbox 529 1124 610 1178; x_wconf 89' lang='lat' dir='ltr'><strong>Ad</strong></span> <span class='ocrx_word' id='word_1_40' title='bbox 641 1117 1153 1179; x_wconf 83' lang='lat' dir='ltr'><strong>Thessalonicenses</strong></span> <span class='ocrx_word' id='word_1_41' title='bbox 1184 1118 1421 1188; x_wconf 44' lang='lat' dir='ltr'><strong>epistolas.</strong></span> <span class='ocrx_word' id='word_1_42' title='bbox 1448 1117 1587 1174; x_wconf 64' lang='lat' dir='ltr'><strong>dum.</strong></span> 
     </span>
    </p>
   </div>
   <div class='ocr_carea' id='block_1_12' title="bbox 529 1192 1308 1264">
    <p class='ocr_par' dir='ltr' id='par_1_12' title="bbox 529 1192 1308 1264">
     <span class='ocr_line' id='line_1_12' title="bbox 529 1192 1308 1264; baseline -0.008 -14"><span class='ocrx_word' id='word_1_43' title='bbox 529 1192 614 1250; x_wconf 89' lang='lat' dir='ltr'><strong>Ad</strong></span> <span class='ocrx_word' id='word_1_44' title='bbox 644 1192 908 1263; x_wconf 84' lang='lat' dir='ltr'><strong>Ephesios</strong></span> <span class='ocrx_word' id='word_1_45' title='bbox 929 1194 1151 1264; x_wconf 87' lang='lat' dir='ltr'><strong>epistola</strong></span> <span class='ocrx_word' id='word_1_46' title='bbox 1184 1207 1308 1246; x_wconf 91' lang='lat' dir='ltr'><strong>una.</strong></span> 
     </span>
    </p>
   </div>
   <div class='ocr_carea' id='block_1_13' title="bbox 529 1264 1410 1333">
    <p class='ocr_par' dir='ltr' id='par_1_13' title="bbox 529 1264 1410 1333">
     <span class='ocr_line' id='line_1_13' title="bbox 529 1264 1410 1333; baseline -0.005 -14"><span class='ocrx_word' id='word_1_47' title='bbox 529 1264 612 1319; x_wconf 85' lang='lat' dir='ltr'><strong>Ad</strong></span> <span class='ocrx_word' id='word_1_48' title='bbox 641 1264 1013 1333; x_wconf 88' lang='lat' dir='ltr'><strong>Pbilippenses</strong></span> <span class='ocrx_word' id='word_1_49' title='bbox 1036 1264 1258 1333; x_wconf 92' lang='lat' dir='ltr'><strong>epistola</strong></span> <span class='ocrx_word' id='word_1_50' title='bbox 1288 1275 1410 1315; x_wconf 91' lang='lat' dir='ltr'><strong>una.</strong></span> 
     </span>
    </p>
   </div>
   <div class='ocr_carea' id='block_1_14' title="bbox 532 1334 1397 1402">
    <p class='ocr_par' dir='ltr' id='par_1_14' title="bbox 532 1334 1397 1402">
     <span class='ocr_line' id='line_1_14' title="bbox 532 1334 1397 1402; baseline -0.006 -12"><span class='ocrx_word' id='word_1_51' title='bbox 532 1336 613 1390; x_wconf 92' lang='lat' dir='ltr'><strong>Ad</strong></span> <span class='ocrx_word' id='word_1_52' title='bbox 641 1335 991 1390; x_wconf 81' lang='lat' dir='ltr'><strong>Colossenses</strong></span> <span class='ocrx_word' id='word_1_53' title='bbox 1020 1334 1247 1402; x_wconf 89' lang='lat' dir='ltr'><strong>epistola</strong></span> <span class='ocrx_word' id='word_1_54' title='bbox 1277 1347 1397 1385; x_wconf 88' lang='lat' dir='ltr'><strong>una.</strong></span> 
     </span>
    </p>
   </div>
   <div class='ocr_carea' id='block_1_15' title="bbox 530 1403 1394 1474">
    <p class='ocr_par' dir='ltr' id='par_1_15' title="bbox 530 1403 1394 1474">
     <span class='ocr_line' id='line_1_15' title="bbox 530 1403 1394 1474; baseline -0.005 -14"><span class='ocrx_word' id='word_1_55' title='bbox 530 1404 613 1460; x_wconf 86' lang='lat' dir='ltr'><strong>Ad</strong></span> <span class='ocrx_word' id='word_1_56' title='bbox 645 1405 981 1460; x_wconf 87' lang='lat' dir='ltr'><strong>Timotheum</strong></span> <span class='ocrx_word' id='word_1_57' title='bbox 1014 1405 1253 1474; x_wconf 63' lang='lat' dir='ltr'><strong>epistola}</strong></span> <span class='ocrx_word' id='word_1_58' title='bbox 1277 1403 1394 1457; x_wconf 64' lang='lat' dir='ltr'><strong>duae</strong></span> 
     </span>
    </p>
   </div>
   <div class='ocr_carea' id='block_1_16' title="bbox 531 1476 1223 1546">
    <p class='ocr_par' dir='ltr' id='par_1_16' title="bbox 531 1476 1223 1546">
     <span class='ocr_line' id='line_1_16' title="bbox 531 1476 1223 1546; baseline -0.004 -15"><span class='ocrx_word' id='word_1_59' title='bbox 531 1476 614 1546; x_wconf 83' lang='lat' dir='ltr'><strong>Ad</strong></span> <span class='ocrx_word' id='word_1_60' title='bbox 640 1476 822 1546; x_wconf 83' lang='lat' dir='ltr'><strong>Titum</strong></span> <span class='ocrx_word' id='word_1_61' title='bbox 848 1476 1071 1546; x_wconf 88' lang='lat' dir='ltr'><strong>epistola</strong></span> <span class='ocrx_word' id='word_1_62' title='bbox 1098 1491 1223 1529; x_wconf 89' lang='lat' dir='ltr'><strong>una.</strong></span> 
     </span>
    </p>
   </div>
   <div class='ocr_carea' id='block_1_17' title="bbox 530 1545 1407 1614">
    <p class='ocr_par' dir='ltr' id='par_1_17' title="bbox 530 1545 1407 1614">
     <span class='ocr_line' id='line_1_17' title="bbox 530 1545 1407 1614; baseline -0.003 -13"><span class='ocrx_word' id='word_1_63' title='bbox 530 1545 611 1601; x_wconf 91' lang='lat' dir='ltr'><strong>Ad</strong></span> <span class='ocrx_word' id='word_1_64' title='bbox 638 1545 1006 1601; x_wconf 87' lang='lat' dir='ltr'><strong>Philemonem</strong></span> <span class='ocrx_word' id='word_1_65' title='bbox 1033 1547 1258 1614; x_wconf 81' lang='lat' dir='ltr'><strong>epistola</strong></span> <span class='ocrx_word' id='word_1_66' title='bbox 1278 1559 1407 1599; x_wconf 90' lang='lat' dir='ltr'><strong>una.</strong></span> 
     </span>
    </p>
   </div>
   <div class='ocr_carea' id='block_1_18' title="bbox 529 1617 1286 1686">
    <p class='ocr_par' dir='ltr' id='par_1_18' title="bbox 529 1617 1286 1686">
     <span class='ocr_line' id='line_1_18' title="bbox 529 1617 1286 1686; baseline -0.005 -13"><span class='ocrx_word' id='word_1_67' title='bbox 529 1618 612 1673; x_wconf 88' lang='lat' dir='ltr'><strong>Ad</strong></span> <span class='ocrx_word' id='word_1_68' title='bbox 639 1617 893 1671; x_wconf 67' lang='lat' dir='ltr'><strong>Hebraeos</strong></span> <span class='ocrx_word' id='word_1_69' title='bbox 914 1618 1140 1686; x_wconf 88' lang='lat' dir='ltr'><strong>epistola</strong></span> <span class='ocrx_word' id='word_1_70' title='bbox 1163 1633 1286 1670; x_wconf 88' lang='lat' dir='ltr'><strong>una.</strong></span> 
     </span>
    </p>
   </div>
   <div class='ocr_carea' id='block_1_19' title="bbox 604 1683 1716 1758">
    <p class='ocr_par' dir='ltr' id='par_1_19' title="bbox 604 1683 1716 1758">
     <span class='ocr_line' id='line_1_19' title="bbox 604 1683 1716 1758; baseline -0.006 -16"><span class='ocrx_word' id='word_1_71' title='bbox 604 1689 734 1742; x_wconf 90' lang='lat' dir='ltr'><strong>Item</strong></span> <span class='ocrx_word' id='word_1_72' title='bbox 756 1683 1105 1758; x_wconf 84' lang='lat' dir='ltr'><strong>Apocalypsis</strong></span> <span class='ocrx_word' id='word_1_73' title='bbox 1135 1685 1354 1742; x_wconf 89' lang='lat' dir='ltr'><strong>Joannis</strong></span> <span class='ocrx_word' id='word_1_74' title='bbox 1394 1683 1530 1739; x_wconf 89' lang='lat' dir='ltr'><strong>liber</strong></span> <span class='ocrx_word' id='word_1_75' title='bbox 1561 1697 1716 1736; x_wconf 86' lang='lat' dir='ltr'><strong>unus.</strong></span> 
     </span>
    </p>
   </div>
   <div class='ocr_carea' id='block_1_20' title="bbox 604 1758 1841 1826">
    <p class='ocr_par' dir='ltr' id='par_1_20' title="bbox 604 1758 1841 1826">
     <span class='ocr_line' id='line_1_20' title="bbox 604 1758 1841 1826; baseline -0.003 -14"><span class='ocrx_word' id='word_1_76' title='bbox 604 1760 733 1812; x_wconf 89' lang='lat' dir='ltr'><strong>Item</strong></span> <span class='ocrx_word' id='word_1_77' title='bbox 757 1762 1028 1813; x_wconf 59' lang='lat' dir='ltr'><strong>canonica;</strong></span> <span class='ocrx_word' id='word_1_78' title='bbox 1055 1758 1294 1826; x_wconf 85' lang='lat' dir='ltr'><strong>epistolae</strong></span> <span class='ocrx_word' id='word_1_79' title='bbox 1326 1769 1545 1810; x_wconf 91' lang='lat' dir='ltr'><strong>numero</strong></span> <span class='ocrx_word' id='word_1_80' title='bbox 1570 1761 1797 1825; x_wconf 86' lang='lat' dir='ltr'><strong>septem.</strong></span> <span class='ocrx_word' id='word_1_81' title='bbox 1836 1816 1841 1817; x_wconf 19' lang='grc' dir='ltr'>ί</span> 
     </span>
    </p>
   </div>
   <div class='ocr_carea' id='block_1_21' title="bbox 530 1828 1382 1897">
    <p class='ocr_par' dir='ltr' id='par_1_21' title="bbox 530 1828 1382 1897">
     <span class='ocr_line' id='line_1_21' title="bbox 530 1828 1382 1897; baseline -0.005 -14"><span class='ocrx_word' id='word_1_82' title='bbox 530 1828 717 1884; x_wconf 87' lang='lat' dir='ltr'><strong>Jacobi</strong></span> <span class='ocrx_word' id='word_1_83' title='bbox 744 1829 972 1896; x_wconf 81' lang='lat' dir='ltr'><strong>apostoli</strong></span> <span class='ocrx_word' id='word_1_84' title='bbox 1002 1829 1224 1897; x_wconf 90' lang='lat' dir='ltr'><strong>epistola</strong></span> <span class='ocrx_word' id='word_1_85' title='bbox 1258 1842 1382 1880; x_wconf 91' lang='lat' dir='ltr'><strong>una.</strong></span> 
     </span>
    </p>
   </div>
   <div class='ocr_carea' id='block_1_22' title="bbox 528 1898 1364 1968">
    <p class='ocr_par' dir='ltr' id='par_1_22' title="bbox 528 1898 1364 1968">
     <span class='ocr_line' id='line_1_22' title="bbox 528 1898 1364 1968; baseline -0.002 -15"><span class='ocrx_word' id='word_1_86' title='bbox 528 1899 674 1954; x_wconf 89' lang='lat' dir='ltr'><strong>Petri</strong></span> <span class='ocrx_word' id='word_1_87' title='bbox 704 1900 927 1968; x_wconf 87' lang='lat' dir='ltr'><strong>apostoli</strong></span> <span class='ocrx_word' id='word_1_88' title='bbox 957 1899 1194 1965; x_wconf 84' lang='lat' dir='ltr'><strong>epistolae</strong></span> <span class='ocrx_word' id='word_1_89' title='bbox 1224 1898 1364 1952; x_wconf 67' lang='lat' dir='ltr'><strong>duae.</strong></span> 
     </span>
    </p>
   </div>
   <div class='ocr_carea' id='block_1_23' title="bbox 529 1969 1424 2039">
    <p class='ocr_par' dir='ltr' id='par_1_23' title="bbox 529 1969 1424 2039">
     <span class='ocr_line' id='line_1_23' title="bbox 529 1969 1424 2039; baseline -0.001 -16"><span class='ocrx_word' id='word_1_90' title='bbox 529 1969 748 2024; x_wconf 83' lang='lat' dir='ltr'><strong>Joannis</strong></span> <span class='ocrx_word' id='word_1_91' title='bbox 770 1969 1001 2039; x_wconf 84' lang='lat' dir='ltr'><strong>apostoli</strong></span> <span class='ocrx_word' id='word_1_92' title='bbox 1031 1970 1269 2039; x_wconf 62' lang='lat' dir='ltr'><strong>epistolae</strong></span> <span class='ocrx_word' id='word_1_93' title='bbox 1294 1978 1424 2023; x_wconf 88' lang='lat' dir='ltr'><strong>tres.</strong></span> 
     </span>
    </p>
   </div>
   <div class='ocr_carea' id='block_1_24' title="bbox 530 2039 1573 2111">
    <p class='ocr_par' dir='ltr' id='par_1_24' title="bbox 530 2039 1573 2111">
     <span class='ocr_line' id='line_1_24' title="bbox 530 2039 1573 2111; baseline -0.001 -16"><span class='ocrx_word' id='word_1_94' title='bbox 530 2039 679 2095; x_wconf 68' lang='lat' dir='ltr'><strong>Iuda:</strong></span> <span class='ocrx_word' id='word_1_95' title='bbox 700 2039 900 2097; x_wconf 82' lang='lat' dir='ltr'><strong>Zelotis</strong></span> <span class='ocrx_word' id='word_1_96' title='bbox 927 2040 1156 2111; x_wconf 86' lang='lat' dir='ltr'><strong>apostoli</strong></span> <span class='ocrx_word' id='word_1_97' title='bbox 1186 2040 1411 2110; x_wconf 89' lang='lat' dir='ltr'><strong>epistola</strong></span> <span class='ocrx_word' id='word_1_98' title='bbox 1447 2053 1573 2094; x_wconf 91' lang='lat' dir='ltr'><strong>una.</strong></span> 
     </span>
    </p>
   </div>
   <div class='ocr_carea' id='block_1_25' title="bbox 534 2222 2111 2296">
    <p class='ocr_par' dir='ltr' id='par_1_25' title="bbox 534 2222 2111 2296">
     <span class='ocr_line' id='line_1_25' title="bbox 534 2222 2111 2296; baseline 0.001 -19"><span class='ocrx_word' id='word_1_99' title='bbox 534 2225 550 2255; x_wconf 76' lang='lat'><strong><em>‘</em></strong></span> <span class='ocrx_word' id='word_1_100' title='bbox 579 2222 769 2279; x_wconf 84' lang='lat' dir='ltr'><strong>Gelasii</strong></span> <span class='ocrx_word' id='word_1_101' title='bbox 792 2223 955 2295; x_wconf 68' lang='lat' dir='ltr'><strong>Papia</strong></span> <span class='ocrx_word' id='word_1_102' title='bbox 977 2224 1233 2280; x_wconf 89' lang='lat' dir='ltr'><strong>decretum</strong></span> <span class='ocrx_word' id='word_1_103' title='bbox 1254 2241 1369 2279; x_wconf 87' lang='lat' dir='ltr'><strong>cum</strong></span> <span class='ocrx_word' id='word_1_104' title='bbox 1394 2232 1717 2294; x_wconf 84' lang='lat' dir='ltr'><strong>septuagmta</strong></span> <span class='ocrx_word' id='word_1_105' title='bbox 1735 2225 1990 2296; x_wconf 82' lang='lat' dir='ltr'><strong>episcOpis</strong></span> <span class='ocrx_word' id='word_1_106' title='bbox 2014 2225 2111 2279; x_wconf 86' lang='lat' dir='ltr'><strong>Ita-</strong></span> 
     </span>
    </p>
   </div>
   <div class='ocr_carea' id='block_1_26' title="bbox 877 2295 1790 2367">
    <p class='ocr_par' dir='ltr' id='par_1_26' title="bbox 877 2295 1790 2367">
     <span class='ocr_line' id='line_1_26' title="bbox 877 2295 1790 2367; baseline -0.001 -18"><span class='ocrx_word' id='word_1_107' title='bbox 877 2295 1036 2349; x_wconf 88' lang='lat' dir='ltr'><strong>bitum</strong></span> <span class='ocrx_word' id='word_1_108' title='bbox 1066 2297 1128 2349; x_wconf 90' lang='lat' dir='ltr'><strong>de</strong></span> <span class='ocrx_word' id='word_1_109' title='bbox 1168 2295 1474 2367; x_wconf 82' lang='lat' dir='ltr'><strong>apocryphis</strong></span> <span class='ocrx_word' id='word_1_110' title='bbox 1502 2295 1790 2364; x_wconf 70' lang='lat' dir='ltr'><strong>scripturis.</strong></span> 
     </span>
    </p>
   </div>
   <div class='ocr_carea' id='block_1_27' title="bbox 601 2386 2110 2459">
    <p class='ocr_par' dir='ltr' id='par_1_27' title="bbox 601 2386 2110 2459">
     <span class='ocr_line' id='line_1_27' title="bbox 601 2386 2110 2459; baseline 0.001 -18"><span class='ocrx_word' id='word_1_111' title='bbox 601 2388 726 2443; x_wconf 90' lang='lat' dir='ltr'><strong>Post</strong></span> <span class='ocrx_word' id='word_1_112' title='bbox 746 2387 844 2442; x_wconf 89' lang='lat' dir='ltr'><strong>has</strong></span> <span class='ocrx_word' id='word_1_113' title='bbox 868 2402 1055 2443; x_wconf 89' lang='lat' dir='ltr'><strong>omnes</strong></span> <span class='ocrx_word' id='word_1_114' title='bbox 1101 2386 1849 2459; x_wconf 33' lang='lat' dir='ltr'><strong>propheticastevaugelicas</strong></span> <span class='ocrx_word' id='word_1_115' title='bbox 1880 2427 1893 2448; x_wconf 86' lang='lat'><strong>.</strong></span> <span class='ocrx_word' id='word_1_116' title='bbox 1950 2395 2110 2458; x_wconf 88' lang='lat' dir='ltr'><strong>atque</strong></span> 
     </span>
    </p>
   </div>
   <div class='ocr_carea' id='block_1_28' title="bbox 534 2457 2110 2530">
    <p class='ocr_par' dir='ltr' id='par_1_28' title="bbox 534 2457 2110 2530">
     <span class='ocr_line' id='line_1_28' title="bbox 534 2457 2110 2530; baseline 0.001 -18"><span class='ocrx_word' id='word_1_117' title='bbox 534 2459 860 2527; x_wconf 89' lang='lat' dir='ltr'><strong>apostolicas</strong></span> <span class='ocrx_word' id='word_1_118' title='bbox 900 2457 1216 2527; x_wconf 76' lang='lat' dir='ltr'><strong>scripturas,</strong></span> <span class='ocrx_word' id='word_1_119' title='bbox 1243 2459 1435 2530; x_wconf 84' lang='lat' dir='ltr'><strong>quibus</strong></span> <span class='ocrx_word' id='word_1_120' title='bbox 1465 2457 1703 2512; x_wconf 88' lang='lat' dir='ltr'><strong>Ecclesia</strong></span> <span class='ocrx_word' id='word_1_121' title='bbox 1728 2458 1987 2530; x_wconf 87' lang='lat' dir='ltr'><strong>catholica</strong></span> <span class='ocrx_word' id='word_1_122' title='bbox 2016 2457 2110 2527; x_wconf 89' lang='lat' dir='ltr'><strong>per</strong></span> 
     </span>
    </p>
   </div>
   <div class='ocr_carea' id='block_1_29' title="bbox 532 2529 2109 2598">
    <p class='ocr_par' dir='ltr' id='par_1_29' title="bbox 532 2529 2109 2598">
     <span class='ocr_line' id='line_1_29' title="bbox 532 2529 2109 2598; baseline 0.001 -15"><span class='ocrx_word' id='word_1_123' title='bbox 532 2530 755 2598; x_wconf 80' lang='lat' dir='ltr'><strong>gratiam</strong></span> <span class='ocrx_word' id='word_1_124' title='bbox 786 2530 878 2583; x_wconf 91' lang='lat' dir='ltr'><strong>Dei</strong></span> <span class='ocrx_word' id='word_1_125' title='bbox 908 2530 1124 2585; x_wconf 82' lang='lat' dir='ltr'><strong>fundata</strong></span> <span class='ocrx_word' id='word_1_126' title='bbox 1148 2540 1246 2593; x_wconf 84' lang='lat' dir='ltr'><strong>est,</strong></span> <span class='ocrx_word' id='word_1_127' title='bbox 1267 2529 1406 2584; x_wconf 88' lang='lat' dir='ltr'><strong>illud</strong></span> <span class='ocrx_word' id='word_1_128' title='bbox 1438 2530 1598 2584; x_wconf 90' lang='lat' dir='ltr'><strong>etiam</strong></span> <span class='ocrx_word' id='word_1_129' title='bbox 1623 2529 1970 2583; x_wconf 87' lang='lat' dir='ltr'><strong>intimandum</strong></span> <span class='ocrx_word' id='word_1_130' title='bbox 2015 2546 2109 2597; x_wconf 88' lang='lat' dir='ltr'><strong>pu-</strong></span> 
     </span>
    </p>
   </div>
   <div class='ocr_carea' id='block_1_30' title="bbox 532 2599 2111 2670">
    <p class='ocr_par' dir='ltr' id='par_1_30' title="bbox 532 2599 2111 2670">
     <span class='ocr_line' id='line_1_30' title="bbox 532 2599 2111 2670; baseline 0.001 -16"><span class='ocrx_word' id='word_1_131' title='bbox 532 2609 728 2667; x_wconf 87' lang='lat' dir='ltr'><strong>tamus,</strong></span> <span class='ocrx_word' id='word_1_132' title='bbox 759 2599 899 2670; x_wconf 92' lang='lat' dir='ltr'><strong>quod</strong></span> <span class='ocrx_word' id='word_1_133' title='bbox 927 2603 1169 2668; x_wconf 87' lang='lat' dir='ltr'><strong>quamvis</strong></span> <span class='ocrx_word' id='word_1_134' title='bbox 1199 2603 1469 2657; x_wconf 83' lang='lat' dir='ltr'><strong>universae</strong></span> <span class='ocrx_word' id='word_1_135' title='bbox 1520 2615 1613 2669; x_wconf 92' lang='lat' dir='ltr'><strong>per</strong></span> <span class='ocrx_word' id='word_1_136' title='bbox 1659 2600 1844 2655; x_wconf 90' lang='lat' dir='ltr'><strong>orbem</strong></span> <span class='ocrx_word' id='word_1_137' title='bbox 1877 2603 1896 2631; x_wconf 80' lang='grc'>²</span> <span class='ocrx_word' id='word_1_138' title='bbox 1926 2602 2111 2656; x_wconf 90' lang='lat' dir='ltr'><strong>catho-</strong></span> 
     </span>
    </p>
   </div>
   <div class='ocr_carea' id='block_1_31' title="bbox 534 2671 2106 2735">
    <p class='ocr_par' dir='ltr' id='par_1_31' title="bbox 534 2671 2106 2735">
     <span class='ocr_line' id='line_1_31' title="bbox 534 2671 2106 2735; baseline 0.001 -11"><span class='ocrx_word' id='word_1_139' title='bbox 534 2671 650 2725; x_wconf 76' lang='lat' dir='ltr'><strong>licae</strong></span> <span class='ocrx_word' id='word_1_140' title='bbox 674 2671 929 2726; x_wconf 85' lang='lat' dir='ltr'><strong>Ecclesiae</strong></span> <span class='ocrx_word' id='word_1_141' title='bbox 952 2688 1086 2727; x_wconf 91' lang='lat' dir='ltr'><strong>unus</strong></span> <span class='ocrx_word' id='word_1_142' title='bbox 1114 2673 1380 2727; x_wconf 85' lang='lat' dir='ltr'><strong>thalamus</strong></span> <span class='ocrx_word' id='word_1_143' title='bbox 1411 2672 1608 2727; x_wconf 85' lang='lat' dir='ltr'><strong>Christi</strong></span> <span class='ocrx_word' id='word_1_144' title='bbox 1649 2673 1749 2735; x_wconf 89' lang='lat' dir='ltr'><strong>sit;</strong></span> <span class='ocrx_word' id='word_1_145' title='bbox 1799 2682 1981 2725; x_wconf 89' lang='lat' dir='ltr'><strong>sancta</strong></span> <span class='ocrx_word' id='word_1_146' title='bbox 2026 2682 2106 2726; x_wconf 91' lang='lat' dir='ltr'><strong>ta-</strong></span> 
     </span>
    </p>
   </div>
   <div class='ocr_carea' id='block_1_32' title="bbox 535 2740 2110 2813">
    <p class='ocr_par' dir='ltr' id='par_1_32' title="bbox 535 2740 2110 2813">
     <span class='ocr_line' id='line_1_32' title="bbox 535 2740 2110 2813; baseline 0.001 -17"><span class='ocrx_word' id='word_1_147' title='bbox 535 2757 657 2796; x_wconf 89' lang='lat' dir='ltr'><strong>men</strong></span> <span class='ocrx_word' id='word_1_148' title='bbox 679 2743 916 2813; x_wconf 85' lang='lat' dir='ltr'><strong>Romana</strong></span> <span class='ocrx_word' id='word_1_149' title='bbox 948 2744 1210 2797; x_wconf 88' lang='lat' dir='ltr'><strong>catholica</strong></span> <span class='ocrx_word' id='word_1_150' title='bbox 1240 2754 1292 2797; x_wconf 91' lang='lat' dir='ltr'><strong>et</strong></span> <span class='ocrx_word' id='word_1_151' title='bbox 1313 2744 1603 2813; x_wconf 80' lang='lat' dir='ltr'><strong>apostolica</strong></span> <span class='ocrx_word' id='word_1_152' title='bbox 1630 2743 1865 2797; x_wconf 80' lang='lat' dir='ltr'><strong>Ecclesia</strong></span> <span class='ocrx_word' id='word_1_153' title='bbox 1896 2740 1914 2772; x_wconf 78' lang='grc'><strong><em>³</em></strong></span> <span class='ocrx_word' id='word_1_154' title='bbox 1948 2744 2110 2797; x_wconf 90' lang='lat' dir='ltr'><strong>nullis</strong></span> 
     </span>
    </p>
   </div>
   <div class='ocr_carea' id='block_1_33' title="bbox 534 2811 2105 2882">
    <p class='ocr_par' dir='ltr' id='par_1_33' title="bbox 534 2811 2105 2882">
     <span class='ocr_line' id='line_1_33' title="bbox 534 2811 2105 2882; baseline 0.001 -17"><span class='ocrx_word' id='word_1_155' title='bbox 534 2811 805 2882; x_wconf 86' lang='lat' dir='ltr'><strong>synodicis</strong></span> <span class='ocrx_word' id='word_1_156' title='bbox 835 2815 1135 2868; x_wconf 83' lang='lat' dir='ltr'><strong>constitutis</strong></span> <span class='ocrx_word' id='word_1_157' title='bbox 1180 2811 1388 2869; x_wconf 70' lang='lat' dir='ltr'><strong>steteris</strong></span> <span class='ocrx_word' id='word_1_158' title='bbox 1441 2811 1697 2867; x_wconf 74' lang='lat' dir='ltr'><strong>EcCIesiis</strong></span> <span class='ocrx_word' id='word_1_159' title='bbox 1737 2813 1951 2881; x_wconf 66' lang='lat' dir='ltr'><strong>praelata</strong></span> <span class='ocrx_word' id='word_1_160' title='bbox 1996 2824 2105 2881; x_wconf 89' lang='lat' dir='ltr'><strong>est,</strong></span> 
     </span>
    </p>
   </div>
   <div class='ocr_carea' id='block_1_34' title="bbox 542 2883 2106 2954">
    <p class='ocr_par' dir='ltr' id='par_1_34' title="bbox 542 2883 2106 2954">
     <span class='ocr_line' id='line_1_34' title="bbox 542 2883 2106 2954; baseline 0.003 -19"><span class='ocrx_word' id='word_1_161' title='bbox 542 2884 635 2935; x_wconf 88' lang='lat' dir='ltr'><strong>sed</strong></span> <span class='ocrx_word' id='word_1_162' title='bbox 668 2883 974 2954; x_wconf 86' lang='lat' dir='ltr'><strong>evangelica</strong></span> <span class='ocrx_word' id='word_1_163' title='bbox 997 2899 1127 2939; x_wconf 92' lang='lat' dir='ltr'><strong>voce</strong></span> <span class='ocrx_word' id='word_1_164' title='bbox 1160 2884 1367 2939; x_wconf 86' lang='lat' dir='ltr'><strong>Domini</strong></span> <span class='ocrx_word' id='word_1_165' title='bbox 1391 2893 1445 2939; x_wconf 90' lang='lat' dir='ltr'><strong>et</strong></span> <span class='ocrx_word' id='word_1_166' title='bbox 1481 2883 1770 2938; x_wconf 88' lang='lat' dir='ltr'><strong>Salvatoris</strong></span> <span class='ocrx_word' id='word_1_167' title='bbox 1799 2885 1965 2939; x_wconf 92' lang='lat' dir='ltr'><strong>nostri</strong></span> <span class='ocrx_word' id='word_1_168' title='bbox 1999 2886 2106 2954; x_wconf 87' lang='lat' dir='ltr'><strong>pri-</strong></span> 
     </span>
    </p>
   </div>
   <div class='ocr_carea' id='block_1_35' title="bbox 536 2953 2109 3024">
    <p class='ocr_par' dir='ltr' id='par_1_35' title="bbox 536 2953 2109 3024">
     <span class='ocr_line' id='line_1_35' title="bbox 536 2953 2109 3024; baseline 0.002 -18"><span class='ocrx_word' id='word_1_169' title='bbox 536 2961 736 3024; x_wconf 83' lang='lat' dir='ltr'><strong>matum</strong></span> <span class='ocrx_word' id='word_1_170' title='bbox 761 2953 1008 3017; x_wconf 86' lang='lat' dir='ltr'><strong>obtinuit.</strong></span> <span class='ocrx_word' id='word_1_171' title='bbox 1040 2954 1114 3007; x_wconf 87' lang='lat' dir='ltr'><strong>Tu</strong></span> <span class='ocrx_word' id='word_1_172' title='bbox 1142 2972 1212 3017; x_wconf 87' lang='lat' dir='ltr'><strong>es,</strong></span> <span class='ocrx_word' id='word_1_173' title='bbox 1248 2955 1445 3017; x_wconf 86' lang='lat' dir='ltr'><strong>Petrus,</strong></span> <span class='ocrx_word' id='word_1_174' title='bbox 1490 2955 1778 3023; x_wconf 87' lang='lat' dir='ltr'><strong>iuquicntis</strong></span> <span class='ocrx_word' id='word_1_175' title='bbox 1803 2996 1817 3021; x_wconf 90' lang='lat'><strong>,</strong></span> <span class='ocrx_word' id='word_1_176' title='bbox 1866 2964 1913 3009; x_wconf 89' lang='lat' dir='ltr'><strong>et</strong></span> <span class='ocrx_word' id='word_1_177' title='bbox 1956 2953 2109 3024; x_wconf 85' lang='lat' dir='ltr'><strong>super</strong></span> 
     </span>
    </p>
   </div>
   <div class='ocr_carea' id='block_1_36' title="bbox 534 3021 2111 3095">
    <p class='ocr_par' dir='ltr' id='par_1_36' title="bbox 534 3021 2111 3095">
     <span class='ocr_line' id='line_1_36' title="bbox 534 3021 2111 3095; baseline 0.004 -20"><span class='ocrx_word' id='word_1_178' title='bbox 534 3021 665 3076; x_wconf 81' lang='lat' dir='ltr'><strong>hanc</strong></span> <span class='ocrx_word' id='word_1_179' title='bbox 685 3034 877 3094; x_wconf 82' lang='lat' dir='ltr'><strong>petram</strong></span> <span class='ocrx_word' id='word_1_180' title='bbox 901 3026 1163 3095; x_wconf 60' lang='lat' dir='ltr'><strong>aediﬁcabo</strong></span> <span class='ocrx_word' id='word_1_181' title='bbox 1186 3026 1471 3079; x_wconf 84' lang='lat' dir='ltr'><strong>Ecclesium</strong></span> <span class='ocrx_word' id='word_1_182' title='bbox 1498 3021 1683 3087; x_wconf 79' lang='lat' dir='ltr'><strong>meum,</strong></span> <span class='ocrx_word' id='word_1_183' title='bbox 1702 3035 1748 3078; x_wconf 91' lang='lat' dir='ltr'><strong>et</strong></span> <span class='ocrx_word' id='word_1_184' title='bbox 1775 3037 1932 3093; x_wconf 75' lang='lat' dir='ltr'><strong>porta:</strong></span> <span class='ocrx_word' id='word_1_185' title='bbox 1958 3021 2111 3092; x_wconf 64' lang='lat' dir='ltr'><strong>inferi</strong></span> 
     </span>
    </p>
   </div>
   <div class='ocr_carea' id='block_1_37' title="bbox 534 3095 2107 3161">
    <p class='ocr_par' dir='ltr' id='par_1_37' title="bbox 534 3095 2107 3161">
     <span class='ocr_line' id='line_1_37' title="bbox 534 3095 2107 3161; baseline 0.003 -16"><span class='ocrx_word' id='word_1_186' title='bbox 534 3109 633 3145; x_wconf 85' lang='lat' dir='ltr'><strong>non</strong></span> <span class='ocrx_word' id='word_1_187' title='bbox 667 3095 1012 3161; x_wconf 63' lang='lat' dir='ltr'><strong>praevalebunt</strong></span> <span class='ocrx_word' id='word_1_188' title='bbox 1055 3097 1293 3150; x_wconf 82' lang='lat' dir='ltr'><strong>adversus</strong></span> <span class='ocrx_word' id='word_1_189' title='bbox 1333 3114 1487 3159; x_wconf 87' lang='lat' dir='ltr'><strong>eam;</strong></span> <span class='ocrx_word' id='word_1_190' title='bbox 1539 3106 1584 3149; x_wconf 84' lang='lat' dir='ltr'><strong>ct</strong></span> <span class='ocrx_word' id='word_1_191' title='bbox 1626 3096 1715 3148; x_wconf 89' lang='lat' dir='ltr'><strong>tibi</strong></span> <span class='ocrx_word' id='word_1_192' title='bbox 1766 3097 1896 3151; x_wconf 85' lang='lat' dir='ltr'><strong>dabo</strong></span> <span class='ocrx_word' id='word_1_193' title='bbox 1947 3100 2107 3149; x_wconf 81' lang='lat' dir='ltr'><strong>claves</strong></span> 
     </span>
    </p>
   </div>
   <div class='ocr_carea' id='block_1_38' title="bbox 534 3164 2104 3239">
    <p class='ocr_par' dir='ltr' id='par_1_38' title="bbox 534 3164 2104 3239">
     <span class='ocr_line' id='line_1_38' title="bbox 534 3164 2104 3239; baseline 0.002 -23"><span class='ocrx_word' id='word_1_194' title='bbox 534 3166 677 3236; x_wconf 82' lang='lat' dir='ltr'><strong>regni</strong></span> <span class='ocrx_word' id='word_1_195' title='bbox 699 3164 962 3239; x_wconf 64' lang='lat' dir='ltr'><strong>cmlorum.‘</strong></span> <span class='ocrx_word' id='word_1_196' title='bbox 988 3166 1055 3219; x_wconf 90' lang='lat' dir='ltr'><strong>Et</strong></span> <span class='ocrx_word' id='word_1_197' title='bbox 1077 3184 1387 3238; x_wconf 78' lang='lat' dir='ltr'><strong>qutccunque</strong></span> <span class='ocrx_word' id='word_1_198' title='bbox 1427 3168 1661 3239; x_wconf 77' lang='lat' dir='ltr'><strong>ligaveris</strong></span> <span class='ocrx_word' id='word_1_199' title='bbox 1688 3183 1838 3239; x_wconf 83' lang='lat' dir='ltr'><strong>super</strong></span> <span class='ocrx_word' id='word_1_200' title='bbox 1876 3179 2062 3222; x_wconf 86' lang='lat' dir='ltr'><strong>terram</strong></span> <span class='ocrx_word' id='word_1_201' title='bbox 2090 3209 2104 3231; x_wconf 92' lang='lat'><strong>,</strong></span> 
     </span>
    </p>
   </div>
   <div class='ocr_carea' id='block_1_39' title="bbox 1460 348 2852 417">
    <p class='ocr_par' dir='ltr' id='par_1_39' title="bbox 1460 348 2852 417">
     <span class='ocr_line' id='line_1_39' title="bbox 1460 348 2852 417; baseline -0.009 0"><span class='ocrx_word' id='word_1_202' title='bbox 1460 361 1552 417; x_wconf 93' lang='lat' dir='ltr'><strong>AD</strong></span> <span class='ocrx_word' id='word_1_203' title='bbox 1589 354 1815 415; x_wconf 73' lang='lat' dir='ltr'><strong>OPERA</strong></span> <span class='ocrx_word' id='word_1_204' title='bbox 1856 349 2128 409; x_wconf 76' lang='lat' dir='ltr'><strong>GELASII</strong></span> <span class='ocrx_word' id='word_1_205' title='bbox 2168 348 2371 404; x_wconf 72' lang='grc' dir='ltr'><strong>ΡΑΡᾸΞ</strong></span> <span class='ocrx_word' id='word_1_206' title='bbox 2411 350 2852 408; x_wconf 84' lang='lat' dir='ltr'><strong>APPENDICES.</strong></span> 
     </span>
    </p>
   </div>
   <div class='ocr_carea' id='block_1_40' title="bbox 2134 467 2694 540">
    <p class='ocr_par' dir='ltr' id='par_1_40' title="bbox 2134 467 2694 540">
     <span class='ocr_line' id='line_1_40' title="bbox 2134 467 2694 540; baseline 0.002 -17"><span class='ocrx_word' id='word_1_207' title='bbox 2134 469 2188 537; x_wconf 81' lang='grc' dir='ltr'><strong>ᾼ</strong></span> <span class='ocrx_word' id='word_1_208' title='bbox 2211 467 2367 524; x_wconf 89' lang='lat' dir='ltr'><strong>Jesus</strong></span> <span class='ocrx_word' id='word_1_209' title='bbox 2397 469 2456 540; x_wconf 89' lang='lat' dir='ltr'><strong>(I</strong></span> <span class='ocrx_word' id='word_1_210' title='bbox 2482 470 2602 526; x_wconf 88' lang='lat' dir='ltr'><strong>Cor.</strong></span> <span class='ocrx_word' id='word_1_211' title='bbox 2638 485 2694 526; x_wconf 90' lang='grc' dir='ltr'><strong>ιιι</strong></span> 
     </span>
    </p>
   </div>
   <div class='ocr_carea' id='block_1_41' title="bbox 2135 1826 2359 1909">
    <p class='ocr_par' dir='ltr' id='par_1_41' title="bbox 2135 1826 2359 1909">
     <span class='ocr_line' id='line_1_41' title="bbox 2135 1826 2359 1909; baseline 0 0"><span class='ocrx_word' id='word_1_212' title='bbox 2135 1846 2188 1909; x_wconf 83' lang='grc' dir='ltr'><strong>Β</strong></span> <span class='ocrx_word' id='word_1_213' title='bbox 2214 1826 2359 1909; x_wconf 66' lang='grc' dir='ltr'><strong>δυίὲίς</strong></span> 
     </span>
    </p>
   </div>
   <div class='ocr_carea' id='block_1_42' title="bbox 3688 352 3799 407">
    <p class='ocr_par' dir='ltr' id='par_1_42' title="bbox 3688 352 3799 407">
     <span class='ocr_line' id='line_1_42' title="bbox 3688 352 3799 407; baseline 0.009 -1"><span class='ocrx_word' id='word_1_214' title='bbox 3688 352 3799 407; x_wconf 78' lang='grc'><strong>160</strong></span> 
     </span>
    </p>
   </div>
   <div class='ocr_carea' id='block_1_43' title="bbox 2692 470 3786 596">
    <p class='ocr_par' dir='ltr' id='par_1_43' title="bbox 2692 470 3786 596">
     <span class='ocr_line' id='line_1_43' title="bbox 2692 470 3786 596; baseline 0.005 -72"><span class='ocrx_word' id='word_1_215' title='bbox 2692 470 2761 596; x_wconf 46' lang='lat'><strong>9;</strong></span> <span class='ocrx_word' id='word_1_216' title='bbox 2795 481 2969 527; x_wconf 88' lang='lat' dir='ltr'><strong>tamen</strong></span> <span class='ocrx_word' id='word_1_217' title='bbox 2993 471 3059 525; x_wconf 87' lang='lat' dir='ltr'><strong>ad</strong></span> <span class='ocrx_word' id='word_1_218' title='bbox 3091 470 3491 545; x_wconf 70' lang='lat' dir='ltr'><strong>aediﬁcationem</strong></span> <span class='ocrx_word' id='word_1_219' title='bbox 3524 483 3786 543; x_wconf 88' lang='lat' dir='ltr'><strong>nostram,</strong></span> 
     </span>
     <span class='ocr_line' id='line_1_44' title="bbox 2719 540 3786 596; baseline 0 0"><span class='ocrx_word' id='word_1_220' title='bbox 2719 584 2733 596; x_wconf 93' lang='lat'><strong>.</strong></span> <span class='ocrx_word' id='word_1_221' title='bbox 2759 544 2883 596; x_wconf 89' lang='lat' dir='ltr'><strong>add.</strong></span> <span class='ocrx_word' id='word_1_222' title='bbox 2918 542 2969 596; x_wconf 90' lang='lat' dir='ltr'><strong>id</strong></span> <span class='ocrx_word' id='word_1_223' title='bbox 3001 540 3105 596; x_wconf 73' lang='grc' dir='ltr'>εει]</span> <span class='ocrx_word' id='word_1_224' title='bbox 3133 543 3370 596; x_wconf 80' lang='lat' dir='ltr'><strong>Romana</strong></span> <span class='ocrx_word' id='word_1_225' title='bbox 3404 544 3641 596; x_wconf 84' lang='lat' dir='ltr'><strong>Ecclesia</strong></span> <span class='ocrx_word' id='word_1_226' title='bbox 3668 557 3786 596; x_wconf 80' lang='lat' dir='ltr'><strong>post</strong></span> 
     </span>
    </p>
   </div>
   <div class='ocr_carea' id='block_1_44' title="bbox 2210 540 3790 614">
    <p class='ocr_par' dir='ltr' id='par_1_44' title="bbox 2210 540 3790 614">
     <span class='ocr_line' id='line_1_45' title="bbox 2210 540 3790 614; baseline 0.006 -21"><span class='ocrx_word' id='word_1_227' title='bbox 2210 545 2403 614; x_wconf 74' lang='lat' dir='ltr'><strong>eadem</strong></span> <span class='ocrx_word' id='word_1_228' title='bbox 2430 552 2609 598; x_wconf 87' lang='lat' dir='ltr'><strong>sancta</strong></span> <span class='ocrx_word' id='word_1_229' title='bbox 2635 540 2733 614; x_wconf 86' lang='grc' dir='ltr'>[αι.</span> <span class='ocrx_word' id='word_1_230' title='bbox 2759 544 2883 597; x_wconf 87' lang='lat' dir='ltr'><strong>add.</strong></span> <span class='ocrx_word' id='word_1_231' title='bbox 2918 542 2969 597; x_wconf 88' lang='lat' dir='ltr'><strong>id</strong></span> <span class='ocrx_word' id='word_1_232' title='bbox 3001 540 3105 614; x_wconf 90' lang='lat' dir='ltr'><strong>est]</strong></span> <span class='ocrx_word' id='word_1_233' title='bbox 3133 540 3376 598; x_wconf 80' lang='lat' dir='ltr'><strong>Romana</strong></span> <span class='ocrx_word' id='word_1_234' title='bbox 3404 544 3641 599; x_wconf 85' lang='lat' dir='ltr'><strong>Ecclesia</strong></span> <span class='ocrx_word' id='word_1_235' title='bbox 3668 540 3790 614; x_wconf 71' lang='lat' dir='ltr'><strong>post</strong></span> 
     </span>
    </p>
   </div>
   <div class='ocr_carea' id='block_1_45' title="bbox 2211 611 3788 685">
    <p class='ocr_par' dir='ltr' id='par_1_45' title="bbox 2211 611 3788 685">
     <span class='ocr_line' id='line_1_46' title="bbox 2211 611 3788 685; baseline 0.005 -21"><span class='ocrx_word' id='word_1_236' title='bbox 2211 611 2333 666; x_wconf 85' lang='lat' dir='ltr'><strong>illas</strong></span> <span class='ocrx_word' id='word_1_237' title='bbox 2359 611 2677 685; x_wconf 17' lang='lat' dir='ltr'><strong>Veterisivel</strong></span> <span class='ocrx_word' id='word_1_238' title='bbox 2707 614 2839 669; x_wconf 88' lang='lat' dir='ltr'><strong>Novi</strong></span> <span class='ocrx_word' id='word_1_239' title='bbox 2870 611 3200 669; x_wconf 78' lang='lat' dir='ltr'><strong>Testamenti</strong></span> <span class='ocrx_word' id='word_1_240' title='bbox 3229 658 3243 681; x_wconf 91' lang='lat'><strong>,</strong></span> <span class='ocrx_word' id='word_1_241' title='bbox 3286 630 3420 685; x_wconf 82' lang='lat' dir='ltr'><strong>quas</strong></span> <span class='ocrx_word' id='word_1_242' title='bbox 3468 611 3788 685; x_wconf 74' lang='lat' dir='ltr'><strong>regulariter</strong></span> 
     </span>
    </p>
   </div>
   <div class='ocr_carea' id='block_1_46' title="bbox 2211 684 3784 769">
    <p class='ocr_par' dir='ltr' id='par_1_46' title="bbox 2211 684 3784 769">
     <span class='ocr_line' id='line_1_47' title="bbox 2211 684 3784 769; baseline 0.004 -32"><span class='ocrx_word' id='word_1_243' title='bbox 2211 687 2545 769; x_wconf 63' lang='lat' dir='ltr'><strong>suscepimus</strong></span> <span class='ocrx_word' id='word_1_244' title='bbox 2572 684 2666 769; x_wconf 83' lang='grc' dir='ltr'>[αι.</span> <span class='ocrx_word' id='word_1_245' title='bbox 2699 686 2949 769; x_wconf 68' lang='lat' dir='ltr'><strong>superius</strong></span> <span class='ocrx_word' id='word_1_246' title='bbox 2980 684 3323 769; x_wconf 60' lang='lat' dir='ltr'><strong>notavimus];</strong></span> <span class='ocrx_word' id='word_1_247' title='bbox 3358 686 3518 769; x_wconf 75' lang='lat' dir='ltr'><strong>etiam</strong></span> <span class='ocrx_word' id='word_1_248' title='bbox 3533 684 3648 769; x_wconf 22' lang='lat' dir='ltr'><strong>Abas</strong></span> <span class='ocrx_word' id='word_1_249' title='bbox 3673 687 3784 751; x_wconf 79' lang='lat' dir='ltr'><strong>lat.</strong></span> 
     </span>
    </p>
   </div>
   <div class='ocr_carea' id='block_1_47' title="bbox 2209 752 3570 827">
    <p class='ocr_par' dir='ltr' id='par_1_47' title="bbox 2209 752 3570 827">
     <span class='ocr_line' id='line_1_48' title="bbox 2209 752 3570 827; baseline 0.002 -20"><span class='ocrx_word' id='word_1_250' title='bbox 2209 752 2366 827; x_wconf 75' lang='lat' dir='ltr'><strong>alias]</strong></span> <span class='ocrx_word' id='word_1_251' title='bbox 2398 752 2597 825; x_wconf 79' lang='lat' dir='ltr'><strong>suscipi</strong></span> <span class='ocrx_word' id='word_1_252' title='bbox 2625 772 2745 827; x_wconf 14' lang='lat' dir='ltr'><strong>non,</strong></span> <span class='ocrx_word' id='word_1_253' title='bbox 2766 752 3012 827; x_wconf 82' lang='lat' dir='ltr'><strong>prohibet</strong></span> <span class='ocrx_word' id='word_1_254' title='bbox 3038 752 3352 823; x_wconf 77' lang='lat' dir='ltr'><strong>scripturas,</strong></span> <span class='ocrx_word' id='word_1_255' title='bbox 3383 758 3432 811; x_wconf 89' lang='lat' dir='ltr'><strong>id</strong></span> <span class='ocrx_word' id='word_1_256' title='bbox 3465 765 3570 822; x_wconf 90' lang='lat' dir='ltr'><strong>est,</strong></span> 
     </span>
    </p>
   </div>
   <div class='ocr_carea' id='block_1_48' title="bbox 2280 823 3783 898">
    <p class='ocr_par' dir='ltr' id='par_1_48' title="bbox 2280 823 3783 898">
     <span class='ocr_line' id='line_1_49' title="bbox 2280 823 3783 898; baseline 0.005 -18"><span class='ocrx_word' id='word_1_257' title='bbox 2280 823 2562 883; x_wconf 45' lang='lat' dir='ltr'><strong>Sanctam_</strong></span> <span class='ocrx_word' id='word_1_258' title='bbox 2586 823 2849 898; x_wconf 86' lang='lat' dir='ltr'><strong>synodum</strong></span> <span class='ocrx_word' id='word_1_259' title='bbox 2892 825 3162 882; x_wconf 70' lang='lat' dir='ltr'><strong>Nicrenam</strong></span> <span class='ocrx_word' id='word_1_260' title='bbox 3194 836 3557 883; x_wconf 89' lang='lat' dir='ltr'><strong>trecentorum</strong></span> <span class='ocrx_word' id='word_1_261' title='bbox 3601 829 3783 887; x_wconf 85' lang='lat' dir='ltr'><strong>decem</strong></span> 
     </span>
    </p>
   </div>
   <div class='ocr_carea' id='block_1_49' title="bbox 2210 898 3785 963">
    <p class='ocr_par' dir='ltr' id='par_1_49' title="bbox 2210 898 3785 963">
     <span class='ocr_line' id='line_1_50' title="bbox 2210 898 3785 963; baseline 0.004 -14"><span class='ocrx_word' id='word_1_262' title='bbox 2210 905 2263 950; x_wconf 90' lang='lat' dir='ltr'><strong>et</strong></span> <span class='ocrx_word' id='word_1_263' title='bbox 2318 906 2440 952; x_wconf 93' lang='lat' dir='ltr'><strong>octo</strong></span> <span class='ocrx_word' id='word_1_264' title='bbox 2503 898 2720 953; x_wconf 87' lang='lat' dir='ltr'><strong>Patrum</strong></span> <span class='ocrx_word' id='word_1_265' title='bbox 2753 940 2767 963; x_wconf 92' lang='lat'><strong>,</strong></span> <span class='ocrx_word' id='word_1_266' title='bbox 2830 898 3099 952; x_wconf 88' lang='lat' dir='ltr'><strong>mediante</strong></span> <span class='ocrx_word' id='word_1_267' title='bbox 3143 899 3376 954; x_wconf 86' lang='lat' dir='ltr'><strong>maximo</strong></span> <span class='ocrx_word' id='word_1_268' title='bbox 3440 899 3785 956; x_wconf 87' lang='lat' dir='ltr'><strong>Constantino</strong></span> 
     </span>
    </p>
   </div>
   <div class='ocr_carea' id='block_1_50' title="bbox 2211 967 3782 1040">
    <p class='ocr_par' dir='ltr' id='par_1_50' title="bbox 2211 967 3782 1040">
     <span class='ocr_line' id='line_1_51' title="bbox 2211 967 3782 1040; baseline 0.004 -19"><span class='ocrx_word' id='word_1_269' title='bbox 2211 971 2475 1035; x_wconf 78' lang='lat' dir='ltr'><strong>Augusto,</strong></span> <span class='ocrx_word' id='word_1_270' title='bbox 2507 969 2561 1023; x_wconf 90' lang='lat' dir='ltr'><strong>in</strong></span> <span class='ocrx_word' id='word_1_271' title='bbox 2591 969 2883 1040; x_wconf 71' lang='lat' dir='ltr'><strong>quaArius</strong></span> <span class='ocrx_word' id='word_1_272' title='bbox 2924 967 3212 1040; x_wconf 64' lang='lat' dir='ltr'><strong>haereticus</strong></span> <span class='ocrx_word' id='word_1_273' title='bbox 3254 970 3639 1025; x_wconf 85' lang='lat' dir='ltr'><strong>condemnatus</strong></span> <span class='ocrx_word' id='word_1_274' title='bbox 3682 986 3782 1028; x_wconf 87' lang='lat' dir='ltr'><strong>est.</strong></span> 
     </span>
    </p>
   </div>
   <div class='ocr_carea' id='block_1_51' title="bbox 2285 1037 3784 1109">
    <p class='ocr_par' dir='ltr' id='par_1_51' title="bbox 2285 1037 3784 1109">
     <span class='ocr_line' id='line_1_52' title="bbox 2285 1037 3784 1109; baseline 0.003 -15"><span class='ocrx_word' id='word_1_275' title='bbox 2285 1039 2534 1094; x_wconf 88' lang='lat' dir='ltr'><strong>Sanctam</strong></span> <span class='ocrx_word' id='word_1_276' title='bbox 2551 1037 2812 1109; x_wconf 81' lang='lat' dir='ltr'><strong>synodum</strong></span> <span class='ocrx_word' id='word_1_277' title='bbox 2838 1037 3501 1109; x_wconf 81' lang='lat' dir='ltr'><strong>Constantinopolitanam,</strong></span> <span class='ocrx_word' id='word_1_278' title='bbox 3520 1043 3784 1099; x_wconf 89' lang='lat' dir='ltr'><strong>mediante</strong></span> 
     </span>
    </p>
   </div>
   <div class='ocr_carea' id='block_1_52' title="bbox 2212 1108 3783 1180">
    <p class='ocr_par' dir='ltr' id='par_1_52' title="bbox 2212 1108 3783 1180">
     <span class='ocr_line' id='line_1_53' title="bbox 2212 1108 3783 1180; baseline 0.004 -17"><span class='ocrx_word' id='word_1_279' title='bbox 2212 1108 2520 1165; x_wconf 86' lang='lat' dir='ltr'><strong>Theodosio</strong></span> <span class='ocrx_word' id='word_1_280' title='bbox 2540 1108 2753 1166; x_wconf 87' lang='lat' dir='ltr'><strong>seniore</strong></span> <span class='ocrx_word' id='word_1_281' title='bbox 2782 1112 3044 1180; x_wconf 89' lang='lat' dir='ltr'><strong>Augusto,</strong></span> <span class='ocrx_word' id='word_1_282' title='bbox 3076 1111 3126 1163; x_wconf 91' lang='lat' dir='ltr'><strong>in</strong></span> <span class='ocrx_word' id='word_1_283' title='bbox 3151 1126 3253 1179; x_wconf 86' lang='lat' dir='ltr'><strong>qua</strong></span> <span class='ocrx_word' id='word_1_284' title='bbox 3290 1108 3629 1177; x_wconf 83' lang='lat' dir='ltr'><strong>Macedonius</strong></span> <span class='ocrx_word' id='word_1_285' title='bbox 3678 1113 3783 1169; x_wconf 69' lang='lat' dir='ltr'><strong>ha:-</strong></span> 
     </span>
    </p>
   </div>
   <div class='ocr_carea' id='block_1_53' title="bbox 2214 1180 3365 1251">
    <p class='ocr_par' dir='ltr' id='par_1_53' title="bbox 2214 1180 3365 1251">
     <span class='ocr_line' id='line_1_54' title="bbox 2214 1180 3365 1251; baseline 0.003 -18"><span class='ocrx_word' id='word_1_286' title='bbox 2214 1181 2411 1235; x_wconf 88' lang='lat' dir='ltr'><strong>reticus</strong></span> <span class='ocrx_word' id='word_1_287' title='bbox 2440 1180 2675 1236; x_wconf 86' lang='lat' dir='ltr'><strong>debitam</strong></span> <span class='ocrx_word' id='word_1_288' title='bbox 2706 1181 3104 1237; x_wconf 87' lang='lat' dir='ltr'><strong>damnationem</strong></span> <span class='ocrx_word' id='word_1_289' title='bbox 3134 1182 3365 1251; x_wconf 78' lang='lat' dir='ltr'><strong>excepit.</strong></span> 
     </span>
    </p>
   </div>
   <div class='ocr_carea' id='block_1_54' title="bbox 2208 1252 3781 1326">
    <p class='ocr_par' dir='ltr' id='par_1_54' title="bbox 2208 1252 3781 1326">
     <span class='ocr_line' id='line_1_55' title="bbox 2208 1252 3781 1326; baseline 0.002 -21"><span class='ocrx_word' id='word_1_290' title='bbox 2208 1290 2215 1297; x_wconf 86' lang='lat'><strong>.</strong></span> <span class='ocrx_word' id='word_1_291' title='bbox 2283 1252 2533 1326; x_wconf 83' lang='lat' dir='ltr'><strong>sanctam</strong></span> <span class='ocrx_word' id='word_1_292' title='bbox 2563 1253 2823 1324; x_wconf 81' lang='lat' dir='ltr'><strong>synodum</strong></span> <span class='ocrx_word' id='word_1_293' title='bbox 2852 1252 3203 1326; x_wconf 82' lang='lat' dir='ltr'><strong>Ephesinam.</strong></span> <span class='ocrx_word' id='word_1_294' title='bbox 3250 1253 3334 1326; x_wconf 24' lang='lat' dir='ltr'><strong>in‘</strong></span> <span class='ocrx_word' id='word_1_295' title='bbox 3363 1267 3462 1326; x_wconf 84' lang='lat' dir='ltr'><strong>qua</strong></span> <span class='ocrx_word' id='word_1_296' title='bbox 3487 1252 3781 1326; x_wconf 69' lang='lat' dir='ltr'><strong>Nestorius</strong></span> 
     </span>
    </p>
   </div>
   <div class='ocr_carea' id='block_1_55' title="bbox 2212 1322 3782 1393">
    <p class='ocr_par' dir='ltr' id='par_1_55' title="bbox 2212 1322 3782 1393">
     <span class='ocr_line' id='line_1_56' title="bbox 2212 1322 3782 1393; baseline 0.001 -17"><span class='ocrx_word' id='word_1_297' title='bbox 2212 1322 2605 1378; x_wconf 77' lang='lat' dir='ltr'><strong>condemnatus</strong></span> <span class='ocrx_word' id='word_1_298' title='bbox 2623 1333 2705 1378; x_wconf 91' lang='lat' dir='ltr'><strong>est</strong></span> <span class='ocrx_word' id='word_1_299' title='bbox 2733 1338 2999 1378; x_wconf 89' lang='lat' dir='ltr'><strong>consensu</strong></span> <span class='ocrx_word' id='word_1_300' title='bbox 3044 1322 3345 1393; x_wconf 86' lang='lat' dir='ltr'><strong>beatissimi</strong></span> <span class='ocrx_word' id='word_1_301' title='bbox 3380 1322 3660 1379; x_wconf 74' lang='lat' dir='ltr'><strong>CoeleSIini</strong></span> <span class='ocrx_word' id='word_1_302' title='bbox 3689 1340 3782 1393; x_wconf 86' lang='lat' dir='ltr'><strong>pa-</strong></span> 
     </span>
    </p>
   </div>
   <div class='ocr_carea' id='block_1_56' title="bbox 2210 1392 3783 1465">
    <p class='ocr_par' dir='ltr' id='par_1_56' title="bbox 2210 1392 3783 1465">
     <span class='ocr_line' id='line_1_57' title="bbox 2210 1392 3783 1465; baseline 0.003 -18"><span class='ocrx_word' id='word_1_303' title='bbox 2210 1406 2315 1461; x_wconf 61' lang='lat' dir='ltr'><strong>per,</strong></span> <span class='ocrx_word' id='word_1_304' title='bbox 2340 1395 2608 1449; x_wconf 90' lang='lat' dir='ltr'><strong>mediante</strong></span> <span class='ocrx_word' id='word_1_305' title='bbox 2633 1393 2831 1465; x_wconf 89' lang='lat' dir='ltr'><strong>Cyrillo</strong></span> <span class='ocrx_word' id='word_1_306' title='bbox 2857 1393 3239 1465; x_wconf 62' lang='lat' dir='ltr'><strong>Alexandrina:</strong></span> <span class='ocrx_word' id='word_1_307' title='bbox 3261 1392 3403 1448; x_wconf 80' lang='lat' dir='ltr'><strong>sedis</strong></span> <span class='ocrx_word' id='word_1_308' title='bbox 3427 1392 3699 1463; x_wconf 83' lang='lat' dir='ltr'><strong>antistite,</strong></span> <span class='ocrx_word' id='word_1_309' title='bbox 3730 1406 3783 1451; x_wconf 90' lang='lat' dir='ltr'><strong>et</strong></span> 
     </span>
    </p>
   </div>
   <div class='ocr_carea' id='block_1_57' title="bbox 2214 1463 3323 1533">
    <p class='ocr_par' dir='ltr' id='par_1_57' title="bbox 2214 1463 3323 1533">
     <span class='ocr_line' id='line_1_58' title="bbox 2214 1463 3323 1533; baseline -0.002 -15"><span class='ocrx_word' id='word_1_310' title='bbox 2214 1465 2445 1519; x_wconf 90' lang='lat' dir='ltr'><strong>Arcadio</strong></span> <span class='ocrx_word' id='word_1_311' title='bbox 2474 1463 2726 1533; x_wconf 86' lang='lat' dir='ltr'><strong>episcopo</strong></span> <span class='ocrx_word' id='word_1_312' title='bbox 2766 1465 2831 1519; x_wconf 91' lang='lat' dir='ltr'><strong>ab</strong></span> <span class='ocrx_word' id='word_1_313' title='bbox 2858 1465 3005 1518; x_wconf 89' lang='lat' dir='ltr'><strong>Italia</strong></span> <span class='ocrx_word' id='word_1_314' title='bbox 3036 1463 3323 1517; x_wconf 84' lang='lat' dir='ltr'><strong>destinato.</strong></span> 
     </span>
    </p>
   </div>
   <div class='ocr_carea' id='block_1_58' title="bbox 2283 1533 3777 1606">
    <p class='ocr_par' dir='ltr' id='par_1_58' title="bbox 2283 1533 3777 1606">
     <span class='ocr_line' id='line_1_59' title="bbox 2283 1533 3777 1606; baseline 0.003 -17"><span class='ocrx_word' id='word_1_315' title='bbox 2283 1534 2534 1590; x_wconf 88' lang='lat' dir='ltr'><strong>Sanctam</strong></span> <span class='ocrx_word' id='word_1_316' title='bbox 2592 1534 2854 1606; x_wconf 89' lang='lat' dir='ltr'><strong>synodum</strong></span> <span class='ocrx_word' id='word_1_317' title='bbox 2912 1533 3406 1606; x_wconf 78' lang='lat' dir='ltr'><strong>Chalcedonensem</strong></span> <span class='ocrx_word' id='word_1_318' title='bbox 3439 1576 3455 1600; x_wconf 93' lang='lat'><strong>,</strong></span> <span class='ocrx_word' id='word_1_319' title='bbox 3511 1537 3777 1595; x_wconf 86' lang='lat' dir='ltr'><strong>mediante</strong></span> 
     </span>
    </p>
   </div>
   <div class='ocr_carea' id='block_1_59' title="bbox 2214 1604 3786 1674">
    <p class='ocr_par' dir='ltr' id='par_1_59' title="bbox 2214 1604 3786 1674">
     <span class='ocr_line' id='line_1_60' title="bbox 2214 1604 3786 1674; baseline 0.003 -15"><span class='ocrx_word' id='word_1_320' title='bbox 2214 1605 2483 1660; x_wconf 81' lang='lat' dir='ltr'><strong>Marciano</strong></span> <span class='ocrx_word' id='word_1_321' title='bbox 2531 1604 2803 1674; x_wconf 81' lang='lat' dir='ltr'><strong>Augusto,</strong></span> <span class='ocrx_word' id='word_1_322' title='bbox 2836 1616 2890 1659; x_wconf 90' lang='lat' dir='ltr'><strong>et</strong></span> <span class='ocrx_word' id='word_1_323' title='bbox 2928 1605 3174 1659; x_wconf 84' lang='lat' dir='ltr'><strong>Anatolio</strong></span> <span class='ocrx_word' id='word_1_324' title='bbox 3210 1604 3786 1671; x_wconf 78' lang='lat' dir='ltr'><strong>Constantinopolitano</strong></span> 
     </span>
    </p>
   </div>
   <div class='ocr_carea' id='block_1_60' title="bbox 2213 1675 3787 1747">
    <p class='ocr_par' dir='ltr' id='par_1_60' title="bbox 2213 1675 3787 1747">
     <span class='ocr_line' id='line_1_61' title="bbox 2213 1675 3787 1747; baseline 0.003 -17"><span class='ocrx_word' id='word_1_325' title='bbox 2213 1676 2485 1747; x_wconf 81' lang='lat' dir='ltr'><strong>episcOpo,</strong></span> <span class='ocrx_word' id='word_1_326' title='bbox 2516 1678 2569 1731; x_wconf 88' lang='lat' dir='ltr'><strong>in</strong></span> <span class='ocrx_word' id='word_1_327' title='bbox 2602 1692 2704 1744; x_wconf 91' lang='lat' dir='ltr'><strong>qua</strong></span> <span class='ocrx_word' id='word_1_328' title='bbox 2731 1675 3045 1747; x_wconf 84' lang='lat' dir='ltr'><strong>Nestoriana</strong></span> <span class='ocrx_word' id='word_1_329' title='bbox 3096 1684 3149 1729; x_wconf 92' lang='lat' dir='ltr'><strong>et</strong></span> <span class='ocrx_word' id='word_1_330' title='bbox 3194 1676 3527 1745; x_wconf 86' lang='lat' dir='ltr'><strong>Eutychiana</strong></span> <span class='ocrx_word' id='word_1_331' title='bbox 3562 1680 3787 1734; x_wconf 61' lang='lat' dir='ltr'><strong>hereses</strong></span> 
     </span>
    </p>
   </div>
   <div class='ocr_carea' id='block_1_61' title="bbox 2214 1746 3787 1817">
    <p class='ocr_par' dir='ltr' id='par_1_61' title="bbox 2214 1746 3787 1817">
     <span class='ocr_line' id='line_1_62' title="bbox 2214 1746 3787 1817; baseline 0.002 -16"><span class='ocrx_word' id='word_1_332' title='bbox 2214 1749 2375 1802; x_wconf 90' lang='lat' dir='ltr'><strong>simul</strong></span> <span class='ocrx_word' id='word_1_333' title='bbox 2404 1746 2532 1803; x_wconf 86' lang='lat' dir='ltr'><strong>eum</strong></span> <span class='ocrx_word' id='word_1_334' title='bbox 2567 1747 2821 1803; x_wconf 91' lang='lat' dir='ltr'><strong>Dioscoro</strong></span> <span class='ocrx_word' id='word_1_335' title='bbox 2866 1746 3089 1817; x_wconf 86' lang='lat' dir='ltr'><strong>ejusque</strong></span> <span class='ocrx_word' id='word_1_336' title='bbox 3135 1747 3483 1816; x_wconf 88' lang='lat' dir='ltr'><strong>complicibus</strong></span> <span class='ocrx_word' id='word_1_337' title='bbox 3527 1748 3787 1804; x_wconf 75' lang='lat' dir='ltr'><strong>damnata:</strong></span> 
     </span>
    </p>
   </div>
   <div class='ocr_carea' id='block_1_62' title="bbox 2286 1888 3790 1957">
    <p class='ocr_par' dir='ltr' id='par_1_62' title="bbox 2286 1888 3790 1957">
     <span class='ocr_line' id='line_1_63' title="bbox 2286 1888 3790 1957; baseline -0.001 -13"><span class='ocrx_word' id='word_1_338' title='bbox 2286 1889 2393 1944; x_wconf 89' lang='lat' dir='ltr'><strong>Sed</strong></span> <span class='ocrx_word' id='word_1_339' title='bbox 2427 1897 2482 1944; x_wconf 88' lang='lat' dir='ltr'><strong>et</strong></span> <span class='ocrx_word' id='word_1_340' title='bbox 2504 1889 2549 1943; x_wconf 88' lang='lat' dir='ltr'><strong>si</strong></span> <span class='ocrx_word' id='word_1_341' title='bbox 2571 1903 2672 1957; x_wconf 91' lang='lat' dir='ltr'><strong>qua</strong></span> <span class='ocrx_word' id='word_1_342' title='bbox 2696 1898 2817 1944; x_wconf 90' lang='lat' dir='ltr'><strong>sunt</strong></span> <span class='ocrx_word' id='word_1_343' title='bbox 2842 1888 3071 1944; x_wconf 89' lang='lat' dir='ltr'><strong>concilia</strong></span> <span class='ocrx_word' id='word_1_344' title='bbox 3092 1903 3122 1943; x_wconf 91' lang='lat' dir='ltr'><strong>a</strong></span> <span class='ocrx_word' id='word_1_345' title='bbox 3160 1892 3359 1945; x_wconf 91' lang='lat' dir='ltr'><strong>sanctis</strong></span> <span class='ocrx_word' id='word_1_346' title='bbox 3389 1889 3637 1945; x_wconf 90' lang='lat' dir='ltr'><strong>Patribus</strong></span> <span class='ocrx_word' id='word_1_347' title='bbox 3666 1890 3790 1944; x_wconf 87' lang='lat' dir='ltr'><strong>hac-</strong></span> 
     </span>
    </p>
   </div>
   <div class='ocr_carea' id='block_1_63' title="bbox 2216 1960 3783 2029">
    <p class='ocr_par' dir='ltr' id='par_1_63' title="bbox 2216 1960 3783 2029">
     <span class='ocr_line' id='line_1_64' title="bbox 2216 1960 3783 2029; baseline -0.001 -14"><span class='ocrx_word' id='word_1_348' title='bbox 2216 1969 2370 2017; x_wconf 86' lang='lat' dir='ltr'><strong>tenus</strong></span> <span class='ocrx_word' id='word_1_349' title='bbox 2411 1960 2683 2023; x_wconf 86' lang='lat' dir='ltr'><strong>instituta,</strong></span> <span class='ocrx_word' id='word_1_350' title='bbox 2715 1968 2837 2029; x_wconf 89' lang='lat' dir='ltr'><strong>post</strong></span> <span class='ocrx_word' id='word_1_351' title='bbox 2878 1960 3069 2014; x_wconf 90' lang='lat' dir='ltr'><strong>borum</strong></span> <span class='ocrx_word' id='word_1_352' title='bbox 3110 1962 3479 2016; x_wconf 89' lang='lat' dir='ltr'><strong>auctoritatem</strong></span> <span class='ocrx_word' id='word_1_353' title='bbox 3522 1971 3576 2013; x_wconf 91' lang='lat' dir='ltr'><strong>et</strong></span> <span class='ocrx_word' id='word_1_354' title='bbox 3607 1972 3783 2015; x_wconf 86' lang='lat' dir='ltr'><strong>custo-</strong></span> 
     </span>
    </p>
   </div>
   <div class='ocr_carea' id='block_1_64' title="bbox 2214 2030 3784 2101">
    <p class='ocr_par' dir='ltr' id='par_1_64' title="bbox 2214 2030 3784 2101">
     <span class='ocr_line' id='line_1_65' title="bbox 2214 2030 3784 2101; baseline 0.002 -16"><span class='ocrx_word' id='word_1_355' title='bbox 2214 2031 2409 2086; x_wconf 89' lang='lat' dir='ltr'><strong>dienda</strong></span> <span class='ocrx_word' id='word_1_356' title='bbox 2439 2039 2495 2087; x_wconf 89' lang='lat' dir='ltr'><strong>et</strong></span> <span class='ocrx_word' id='word_1_357' title='bbox 2521 2030 2852 2101; x_wconf 87' lang='lat' dir='ltr'><strong>recipienda,</strong></span> <span class='ocrx_word' id='word_1_358' title='bbox 2880 2040 2934 2086; x_wconf 91' lang='lat' dir='ltr'><strong>et</strong></span> <span class='ocrx_word' id='word_1_359' title='bbox 2961 2031 3324 2098; x_wconf 86' lang='lat' dir='ltr'><strong>decernimus,</strong></span> <span class='ocrx_word' id='word_1_360' title='bbox 3365 2042 3421 2087; x_wconf 91' lang='lat' dir='ltr'><strong>et</strong></span> <span class='ocrx_word' id='word_1_361' title='bbox 3452 2033 3784 2088; x_wconf 88' lang='lat' dir='ltr'><strong>mandamus.</strong></span> 
     </span>
    </p>
   </div>
   <div class='ocr_carea' id='block_1_65' title="bbox 2958 2145 3048 2202">
    <p class='ocr_par' dir='ltr' id='par_1_65' title="bbox 2958 2145 3048 2202">
     <span class='ocr_line' id='line_1_66' title="bbox 2958 2145 3048 2202; baseline -0.011 0"><span class='ocrx_word' id='word_1_362' title='bbox 2958 2145 3048 2202; x_wconf 81' lang='lat' dir='ltr'><strong>IV.</strong></span> 
     </span>
    </p>
   </div>
   <div class='ocr_carea' id='block_1_66' title="bbox 2287 2238 3789 2311">
    <p class='ocr_par' dir='ltr' id='par_1_66' title="bbox 2287 2238 3789 2311">
     <span class='ocr_line' id='line_1_67' title="bbox 2287 2238 3789 2311; baseline -0.001 -16"><span class='ocrx_word' id='word_1_363' title='bbox 2287 2242 2418 2295; x_wconf 91' lang='lat' dir='ltr'><strong>Item</strong></span> <span class='ocrx_word' id='word_1_364' title='bbox 2454 2240 2800 2310; x_wconf 81' lang='lat' dir='ltr'><strong>opuscula‘B.</strong></span> <span class='ocrx_word' id='word_1_365' title='bbox 2832 2239 3084 2311; x_wconf 83' lang='lat' dir='ltr'><strong>Cypriani</strong></span> <span class='ocrx_word' id='word_1_366' title='bbox 3134 2240 3386 2311; x_wconf 86' lang='lat' dir='ltr'><strong>martyris</strong></span> <span class='ocrx_word' id='word_1_367' title='bbox 3419 2248 3473 2295; x_wconf 89' lang='lat' dir='ltr'><strong>et</strong></span> <span class='ocrx_word' id='word_1_368' title='bbox 3517 2238 3789 2309; x_wconf 80' lang='lat' dir='ltr'><strong>Carthagi-</strong></span> 
     </span>
    </p>
   </div>
   <div class='ocr_carea' id='block_1_67' title="bbox 2221 2312 3403 2381">
    <p class='ocr_par' dir='ltr' id='par_1_67' title="bbox 2221 2312 3403 2381">
     <span class='ocr_line' id='line_1_68' title="bbox 2221 2312 3403 2381; baseline -0.003 -14"><span class='ocrx_word' id='word_1_369' title='bbox 2221 2313 2404 2367; x_wconf 89' lang='lat' dir='ltr'><strong>nensis</strong></span> <span class='ocrx_word' id='word_1_370' title='bbox 2432 2312 2692 2381; x_wconf 80' lang='lat' dir='ltr'><strong>episcopi,</strong></span> <span class='ocrx_word' id='word_1_371' title='bbox 2726 2312 2778 2365; x_wconf 91' lang='lat' dir='ltr'><strong>in</strong></span> <span class='ocrx_word' id='word_1_372' title='bbox 2800 2312 3049 2381; x_wconf 85' lang='lat' dir='ltr'><strong>omnibus</strong></span> <span class='ocrx_word' id='word_1_373' title='bbox 3074 2312 3403 2378; x_wconf 83' lang='lat' dir='ltr'><strong>recipienda.</strong></span> 
     </span>
    </p>
   </div>
   <div class='ocr_carea' id='block_1_68' title="bbox 2284 2380 3685 2452">
    <p class='ocr_par' dir='ltr' id='par_1_68' title="bbox 2284 2380 3685 2452">
     <span class='ocr_line' id='line_1_69' title="bbox 2284 2380 3685 2452; baseline -0.003 -15"><span class='ocrx_word' id='word_1_374' title='bbox 2284 2385 2414 2439; x_wconf 90' lang='lat' dir='ltr'><strong>Item</strong></span> <span class='ocrx_word' id='word_1_375' title='bbox 2443 2380 2698 2452; x_wconf 80' lang='lat' dir='ltr'><strong>epuscula</strong></span> <span class='ocrx_word' id='word_1_376' title='bbox 2728 2381 2787 2436; x_wconf 91' lang='lat' dir='ltr'><strong>B.</strong></span> <span class='ocrx_word' id='word_1_377' title='bbox 2820 2380 3061 2450; x_wconf 74' lang='lat' dir='ltr'><strong>Gregorii</strong></span> <span class='ocrx_word' id='word_1_378' title='bbox 3088 2381 3404 2437; x_wconf 83' lang='lat' dir='ltr'><strong>Nazianzeni</strong></span> <span class='ocrx_word' id='word_1_379' title='bbox 3426 2382 3685 2449; x_wconf 86' lang='lat' dir='ltr'><strong>episcopi.</strong></span> 
     </span>
    </p>
   </div>
   <div class='ocr_carea' id='block_1_69' title="bbox 2285 2452 3661 2523">
    <p class='ocr_par' dir='ltr' id='par_1_69' title="bbox 2285 2452 3661 2523">
     <span class='ocr_line' id='line_1_70' title="bbox 2285 2452 3661 2523; baseline -0.003 -14"><span class='ocrx_word' id='word_1_380' title='bbox 2285 2456 2413 2523; x_wconf 85' lang='lat' dir='ltr'><strong>Item</strong></span> <span class='ocrx_word' id='word_1_381' title='bbox 2443 2456 2693 2522; x_wconf 84' lang='lat' dir='ltr'><strong>opuscula</strong></span> <span class='ocrx_word' id='word_1_382' title='bbox 2726 2454 2787 2507; x_wconf 90' lang='grc' dir='ltr'><strong>Β.</strong></span> <span class='ocrx_word' id='word_1_383' title='bbox 2816 2453 2995 2507; x_wconf 88' lang='lat' dir='ltr'><strong>Basilii</strong></span> <span class='ocrx_word' id='word_1_384' title='bbox 3022 2452 3373 2522; x_wconf 74' lang='lat' dir='ltr'><strong>Cappadocia:</strong></span> <span class='ocrx_word' id='word_1_385' title='bbox 3402 2455 3661 2521; x_wconf 89' lang='lat' dir='ltr'><strong>episcopi.</strong></span> 
     </span>
    </p>
   </div>
   <div class='ocr_carea' id='block_1_70' title="bbox 2285 2524 3787 2595">
    <p class='ocr_par' dir='ltr' id='par_1_70' title="bbox 2285 2524 3787 2595">
     <span class='ocr_line' id='line_1_71' title="bbox 2285 2524 3787 2595; baseline 0 -16"><span class='ocrx_word' id='word_1_386' title='bbox 2285 2526 2415 2579; x_wconf 90' lang='lat' dir='ltr'><strong>Item</strong></span> <span class='ocrx_word' id='word_1_387' title='bbox 2448 2526 2702 2595; x_wconf 85' lang='lat' dir='ltr'><strong>Opuscula</strong></span> <span class='ocrx_word' id='word_1_388' title='bbox 2738 2528 2796 2578; x_wconf 85' lang='grc' dir='ltr'><strong>Β.</strong></span> <span class='ocrx_word' id='word_1_389' title='bbox 2825 2524 3101 2595; x_wconf 79' lang='lat' dir='ltr'><strong>Athanasii</strong></span> <span class='ocrx_word' id='word_1_390' title='bbox 3144 2525 3485 2580; x_wconf 78' lang='lat' dir='ltr'><strong>Alexandrini</strong></span> <span class='ocrx_word' id='word_1_391' title='bbox 3532 2525 3787 2594; x_wconf 86' lang='lat' dir='ltr'><strong>episcopi.</strong></span> 
     </span>
    </p>
   </div>
   <div class='ocr_carea' id='block_1_71' title="bbox 2287 2593 3716 2665">
    <p class='ocr_par' dir='ltr' id='par_1_71' title="bbox 2287 2593 3716 2665">
     <span class='ocr_line' id='line_1_72' title="bbox 2287 2593 3716 2665; baseline -0.001 -15"><span class='ocrx_word' id='word_1_392' title='bbox 2287 2598 2310 2630; x_wconf 82' lang='grc'><strong>⁸</strong></span> <span class='ocrx_word' id='word_1_393' title='bbox 2335 2598 2461 2651; x_wconf 80' lang='lat' dir='ltr'><strong>Item</strong></span> <span class='ocrx_word' id='word_1_394' title='bbox 2485 2593 2738 2664; x_wconf 77' lang='lat' dir='ltr'><strong>opuscula</strong></span> <span class='ocrx_word' id='word_1_395' title='bbox 2767 2596 2827 2649; x_wconf 91' lang='grc' dir='ltr'><strong>Β.</strong></span> <span class='ocrx_word' id='word_1_396' title='bbox 2865 2593 3049 2665; x_wconf 77' lang='lat' dir='ltr'><strong>Cyrilli</strong></span> <span class='ocrx_word' id='word_1_397' title='bbox 3078 2594 3426 2650; x_wconf 84' lang='lat' dir='ltr'><strong>Alexandrini</strong></span> <span class='ocrx_word' id='word_1_398' title='bbox 3457 2596 3716 2661; x_wconf 86' lang='lat' dir='ltr'><strong>episc0pi.</strong></span> 
     </span>
    </p>
   </div>
   <div class='ocr_carea' id='block_1_72' title="bbox 2286 2666 3789 2735">
    <p class='ocr_par' dir='ltr' id='par_1_72' title="bbox 2286 2666 3789 2735">
     <span class='ocr_line' id='line_1_73' title="bbox 2286 2666 3789 2735; baseline -0.001 -13"><span class='ocrx_word' id='word_1_399' title='bbox 2286 2670 2417 2722; x_wconf 92' lang='lat' dir='ltr'><strong>Item</strong></span> <span class='ocrx_word' id='word_1_400' title='bbox 2478 2667 2737 2735; x_wconf 88' lang='lat' dir='ltr'><strong>opuscula</strong></span> <span class='ocrx_word' id='word_1_401' title='bbox 2785 2667 2923 2721; x_wconf 90' lang='lat' dir='ltr'><strong>beati</strong></span> <span class='ocrx_word' id='word_1_402' title='bbox 2946 2666 3166 2721; x_wconf 87' lang='lat' dir='ltr'><strong>Joannis</strong></span> <span class='ocrx_word' id='word_1_403' title='bbox 3215 2666 3789 2734; x_wconf 88' lang='lat' dir='ltr'><strong>Constantiuopolitani</strong></span> 
     </span>
    </p>
   </div>
   <div class='ocr_carea' id='block_1_73' title="bbox 2213 2752 2468 2809">
    <p class='ocr_par' dir='ltr' id='par_1_73' title="bbox 2213 2752 2468 2809">
     <span class='ocr_line' id='line_1_74' title="bbox 2213 2752 2468 2809; baseline -0.016 -14"><span class='ocrx_word' id='word_1_404' title='bbox 2213 2752 2468 2809; x_wconf 74' lang='lat' dir='ltr'><strong>episcopi.</strong></span> 
     </span>
    </p>
   </div>
   <div class='ocr_carea' id='block_1_74' title="bbox 2286 2808 3883 2880">
    <p class='ocr_par' dir='ltr' id='par_1_74' title="bbox 2286 2808 3883 2880">
     <span class='ocr_line' id='line_1_75' title="bbox 2286 2808 3883 2880; baseline -0.002 -16"><span class='ocrx_word' id='word_1_405' title='bbox 2286 2812 2415 2864; x_wconf 89' lang='lat' dir='ltr'><strong>Item</strong></span> <span class='ocrx_word' id='word_1_406' title='bbox 2437 2810 2692 2879; x_wconf 85' lang='lat' dir='ltr'><strong>opuscula</strong></span> <span class='ocrx_word' id='word_1_407' title='bbox 2733 2809 2791 2863; x_wconf 88' lang='grc' dir='ltr'><strong>Β.</strong></span> <span class='ocrx_word' id='word_1_408' title='bbox 2823 2808 3103 2880; x_wconf 67' lang='lat' dir='ltr'><strong>Theophili</strong></span> <span class='ocrx_word' id='word_1_409' title='bbox 3138 2808 3492 2880; x_wconf 80' lang='lat' dir='ltr'><strong>Alexandrini</strong></span> <span class='ocrx_word' id='word_1_410' title='bbox 3530 2810 3785 2880; x_wconf 84' lang='lat' dir='ltr'><strong>episcopi.</strong></span> <span class='ocrx_word' id='word_1_411' title='bbox 3870 2831 3883 2841; x_wconf 87' lang='lat'><strong>-</strong></span> 
     </span>
    </p>
   </div>
   <div class='ocr_carea' id='block_1_75' title="bbox 2286 2878 3787 2952">
    <p class='ocr_par' dir='ltr' id='par_1_75' title="bbox 2286 2878 3787 2952">
     <span class='ocr_line' id='line_1_76' title="bbox 2286 2878 3787 2952; baseline -0.001 -17"><span class='ocrx_word' id='word_1_412' title='bbox 2286 2882 2420 2936; x_wconf 88' lang='lat' dir='ltr'><strong>Item</strong></span> <span class='ocrx_word' id='word_1_413' title='bbox 2445 2882 2704 2947; x_wconf 89' lang='lat' dir='ltr'><strong>opuscula</strong></span> <span class='ocrx_word' id='word_1_414' title='bbox 2734 2880 2795 2934; x_wconf 88' lang='grc' dir='ltr'><strong>Β.</strong></span> <span class='ocrx_word' id='word_1_415' title='bbox 2822 2880 3005 2934; x_wconf 89' lang='lat' dir='ltr'><strong>Hilarii</strong></span> <span class='ocrx_word' id='word_1_416' title='bbox 3034 2878 3377 2933; x_wconf 80' lang='lat' dir='ltr'><strong>Pictaviensis</strong></span> <span class='ocrx_word' id='word_1_417' title='bbox 3419 2878 3514 2952; x_wconf 83' lang='grc' dir='ltr'><strong>[αι.</strong></span> <span class='ocrx_word' id='word_1_418' title='bbox 3565 2878 3787 2934; x_wconf 80' lang='lat' dir='ltr'><strong>Proterii</strong></span> 
     </span>
    </p>
   </div>
   <div class='ocr_carea' id='block_1_76' title="bbox 2213 2952 2863 3021">
    <p class='ocr_par' dir='ltr' id='par_1_76' title="bbox 2213 2952 2863 3021">
     <span class='ocr_line' id='line_1_77' title="bbox 2213 2952 2863 3021; baseline -0.008 -13"><span class='ocrx_word' id='word_1_419' title='bbox 2213 2952 2582 3020; x_wconf 80' lang='lat' dir='ltr'><strong>Alexandrini]</strong></span> <span class='ocrx_word' id='word_1_420' title='bbox 2607 2952 2863 3021; x_wconf 89' lang='lat' dir='ltr'><strong>episcopi.</strong></span> 
     </span>
    </p>
   </div>
   <div class='ocr_carea' id='block_1_77' title="bbox 2284 3020 3787 3107">
    <p class='ocr_par' dir='ltr' id='par_1_77' title="bbox 2284 3020 3787 3107">
     <span class='ocr_line' id='line_1_78' title="bbox 2284 3020 3787 3107; baseline -0.002 -28"><span class='ocrx_word' id='word_1_421' title='bbox 2284 3025 2412 3107; x_wconf 80' lang='lat' dir='ltr'><strong>Item</strong></span> <span class='ocrx_word' id='word_1_422' title='bbox 2466 3020 2722 3093; x_wconf 87' lang='lat' dir='ltr'><strong>opuscula</strong></span> <span class='ocrx_word' id='word_1_423' title='bbox 2780 3022 2837 3076; x_wconf 90' lang='grc' dir='ltr'><strong>Β.</strong></span> <span class='ocrx_word' id='word_1_424' title='bbox 2890 3021 3158 3077; x_wconf 86' lang='lat' dir='ltr'><strong>Ambrosii</strong></span> <span class='ocrx_word' id='word_1_425' title='bbox 3215 3020 3624 3076; x_wconf 85' lang='lat' dir='ltr'><strong>Mediolanensis</strong></span> <span class='ocrx_word' id='word_1_426' title='bbox 3676 3021 3787 3091; x_wconf 86' lang='lat' dir='ltr'><strong>epi-</strong></span> 
     </span>
    </p>
   </div>
   <div class='ocr_carea' id='block_1_78' title="bbox 2212 3110 3829 3234">
    <p class='ocr_par' dir='ltr' id='par_1_78' title="bbox 2212 3110 3829 3234">
     <span class='ocr_line' id='line_1_79' title="bbox 2212 3110 3829 3234; baseline -0.002 -13"><span class='ocrx_word' id='word_1_427' title='bbox 2212 3110 2410 3221; x_wconf 42' lang='lat' dir='ltr'><strong>milia</strong></span> <span class='ocrx_word' id='word_1_428' title='bbox 2434 3164 2690 3233; x_wconf 84' lang='lat' dir='ltr'><strong>cpuscula</strong></span> <span class='ocrx_word' id='word_1_429' title='bbox 2724 3164 2784 3218; x_wconf 90' lang='grc' dir='ltr'><strong>Β.</strong></span> <span class='ocrx_word' id='word_1_430' title='bbox 2814 3162 3095 3234; x_wconf 76' lang='lat' dir='ltr'><strong>Augustini</strong></span> <span class='ocrx_word' id='word_1_431' title='bbox 3126 3163 3484 3234; x_wconf 87' lang='lat' dir='ltr'><strong>Hipponensis</strong></span> <span class='ocrx_word' id='word_1_432' title='bbox 3509 3161 3606 3222; x_wconf 81' lang='lat' dir='ltr'><strong>lat.</strong></span> <span class='ocrx_word' id='word_1_433' title='bbox 3649 3164 3785 3233; x_wconf 82' lang='lat' dir='ltr'><strong>Hip-</strong></span> <span class='ocrx_word' id='word_1_434' title='bbox 3826 3178 3829 3179; x_wconf 68' lang='lat'><strong><em>&#39;</em></strong></span> 
     </span>
    </p>
   </div>
   <div class='ocr_carea' id='block_1_79' title="bbox 534 3226 2925 3308">
    <p class='ocr_par' dir='ltr' id='par_1_79' title="bbox 534 3226 2925 3308">
     <span class='ocr_line' id='line_1_80' title="bbox 534 3226 2925 3308; baseline 0 -21"><span class='ocrx_word' id='word_1_435' title='bbox 534 3226 679 3287; x_wconf 64' lang='lat' dir='ltr'><strong>eritnt</strong></span> <span class='ocrx_word' id='word_1_436' title='bbox 711 3236 869 3305; x_wconf 86' lang='lat' dir='ltr'><strong>ligata</strong></span> <span class='ocrx_word' id='word_1_437' title='bbox 889 3246 937 3291; x_wconf 87' lang='lat' dir='ltr'><strong>et</strong></span> <span class='ocrx_word' id='word_1_438' title='bbox 960 3239 1011 3290; x_wconf 87' lang='lat' dir='ltr'><strong>in</strong></span> <span class='ocrx_word' id='word_1_439' title='bbox 1034 3226 1204 3303; x_wconf 61' lang='lat' dir='ltr'><strong>milia;</strong></span> <span class='ocrx_word' id='word_1_440' title='bbox 1252 3226 1313 3291; x_wconf 72' lang='grc' dir='ltr'><strong>ρι’</strong></span> <span class='ocrx_word' id='word_1_441' title='bbox 1350 3226 1659 3308; x_wconf 44' lang='lat' dir='ltr'><strong>audiuitque</strong></span> <span class='ocrx_word' id='word_1_442' title='bbox 1705 3226 1912 3292; x_wconf 80' lang='lat' dir='ltr'><strong>solveris</strong></span> <span class='ocrx_word' id='word_1_443' title='bbox 1954 3226 2105 3308; x_wconf 78' lang='lat' dir='ltr'><strong>super</strong></span> <span class='ocrx_word' id='word_1_444' title='bbox 2134 3226 2181 3291; x_wconf 87' lang='lat' dir='ltr'><strong>C</strong></span> <span class='ocrx_word' id='word_1_445' title='bbox 2217 3226 2640 3308; x_wconf 75' lang='lat' dir='ltr'><strong>poneregiensis]</strong></span> <span class='ocrx_word' id='word_1_446' title='bbox 2663 3226 2925 3308; x_wconf 58' lang='lat' dir='ltr'><strong>episcopi:</strong></span> 
     </span>
    </p>
   </div>
   <div class='ocr_carea' id='block_1_80' title="bbox 532 3308 1796 3379">
    <p class='ocr_par' dir='ltr' id='par_1_80' title="bbox 532 3308 1796 3379">
     <span class='ocr_line' id='line_1_81' title="bbox 532 3308 1796 3379; baseline 0.003 -21"><span class='ocrx_word' id='word_1_447' title='bbox 532 3313 739 3379; x_wconf 50' lang='lat' dir='ltr'><strong>terrain,</strong></span> <span class='ocrx_word' id='word_1_448' title='bbox 762 3317 907 3379; x_wconf 77' lang='lat' dir='ltr'><strong>erunt</strong></span> <span class='ocrx_word' id='word_1_449' title='bbox 937 3309 1103 3363; x_wconf 84' lang='lat' dir='ltr'><strong>soluta</strong></span> <span class='ocrx_word' id='word_1_450' title='bbox 1130 3319 1175 3362; x_wconf 87' lang='lat' dir='ltr'><strong>et</strong></span> <span class='ocrx_word' id='word_1_451' title='bbox 1198 3311 1249 3362; x_wconf 86' lang='lat' dir='ltr'><strong>in</strong></span> <span class='ocrx_word' id='word_1_452' title='bbox 1270 3311 1405 3363; x_wconf 65' lang='lat' dir='ltr'><strong>caelis</strong></span> <span class='ocrx_word' id='word_1_453' title='bbox 1428 3308 1641 3379; x_wconf 76' lang='lat' dir='ltr'><strong>(Matth.</strong></span> <span class='ocrx_word' id='word_1_454' title='bbox 1666 3308 1796 3377; x_wconf 75' lang='lat' dir='ltr'><strong>xw).</strong></span> 
     </span>
    </p>
   </div>
   <div class='ocr_carea' id='block_1_81' title="bbox 583 3376 2113 3452">
    <p class='ocr_par' dir='ltr' id='par_1_81' title="bbox 583 3376 2113 3452">
     <span class='ocr_line' id='line_1_82' title="bbox 583 3376 2113 3452; baseline 0.003 -22"><span class='ocrx_word' id='word_1_455' title='bbox 583 3376 675 3430; x_wconf 91' lang='lat' dir='ltr'><strong>Cui</strong></span> <span class='ocrx_word' id='word_1_456' title='bbox 693 3377 1239 3452; x_wconf 69' lang='lat' dir='ltr'><strong>data[al.addita]&quot;est</strong></span> <span class='ocrx_word' id='word_1_457' title='bbox 1256 3381 1413 3436; x_wconf 90' lang='lat' dir='ltr'><strong>etiam</strong></span> <span class='ocrx_word' id='word_1_458' title='bbox 1430 3376 1655 3434; x_wconf 71' lang='lat' dir='ltr'><strong>Societas</strong></span> <span class='ocrx_word' id='word_1_459' title='bbox 1675 3376 1961 3452; x_wconf 85' lang='lat' dir='ltr'><strong>beatissimi</strong></span> <span class='ocrx_word' id='word_1_460' title='bbox 1978 3382 2113 3435; x_wconf 79' lang='lat' dir='ltr'><strong>Pau-</strong></span> 
     </span>
    </p>
   </div>
   <div class='ocr_carea' id='block_1_82' title="bbox 489 3445 2109 3521">
    <p class='ocr_par' dir='ltr' id='par_1_82' title="bbox 489 3445 2109 3521">
     <span class='ocr_line' id='line_1_83' title="bbox 489 3445 2109 3521; baseline 0.004 -22"><span class='ocrx_word' id='word_1_461' title='bbox 489 3470 496 3477; x_wconf 65' lang='grc' dir='ltr'><strong>ε</strong></span> <span class='ocrx_word' id='word_1_462' title='bbox 532 3445 568 3500; x_wconf 91' lang='lat' dir='ltr'><strong>li</strong></span> <span class='ocrx_word' id='word_1_463' title='bbox 591 3445 979 3521; x_wconf 47' lang='lat' dir='ltr'><strong>apostoli-vasis</strong></span> <span class='ocrx_word' id='word_1_464' title='bbox 1004 3445 1300 3515; x_wconf 76' lang='lat' dir='ltr'><strong>electionis,</strong></span> <span class='ocrx_word' id='word_1_465' title='bbox 1331 3452 1420 3521; x_wconf 89' lang='lat' dir='ltr'><strong>qui</strong></span> <span class='ocrx_word' id='word_1_466' title='bbox 1446 3466 1547 3504; x_wconf 91' lang='lat' dir='ltr'><strong>non</strong></span> <span class='ocrx_word' id='word_1_467' title='bbox 1576 3452 1810 3519; x_wconf 85' lang='lat' dir='ltr'><strong>diverso,</strong></span> <span class='ocrx_word' id='word_1_468' title='bbox 1830 3451 1969 3506; x_wconf 89' lang='lat' dir='ltr'><strong>sicut</strong></span> <span class='ocrx_word' id='word_1_469' title='bbox 1997 3452 2109 3505; x_wconf 64' lang='lat' dir='ltr'><strong>ba:-</strong></span> 
     </span>
    </p>
   </div>
   <div class='ocr_carea' id='block_1_83' title="bbox 532 3520 2108 3591">
    <p class='ocr_par' dir='ltr' id='par_1_83' title="bbox 532 3520 2108 3591">
     <span class='ocr_line' id='line_1_84' title="bbox 532 3520 2108 3591; baseline 0.004 -20"><span class='ocrx_word' id='word_1_470' title='bbox 532 3520 683 3591; x_wconf 80' lang='lat' dir='ltr'><strong>retici</strong></span> <span class='ocrx_word' id='word_1_471' title='bbox 705 3521 964 3588; x_wconf 89' lang='lat' dir='ltr'><strong>garriunt,</strong></span> <span class='ocrx_word' id='word_1_472' title='bbox 996 3522 1088 3575; x_wconf 89' lang='lat' dir='ltr'><strong>sed</strong></span> <span class='ocrx_word' id='word_1_473' title='bbox 1118 3538 1223 3576; x_wconf 92' lang='lat' dir='ltr'><strong>uno</strong></span> <span class='ocrx_word' id='word_1_474' title='bbox 1246 3520 1511 3591; x_wconf 85' lang='lat' dir='ltr'><strong>tempore,</strong></span> <span class='ocrx_word' id='word_1_475' title='bbox 1544 3538 1648 3577; x_wconf 92' lang='lat' dir='ltr'><strong>uno</strong></span> <span class='ocrx_word' id='word_1_476' title='bbox 1673 3521 1971 3590; x_wconf 89' lang='lat' dir='ltr'><strong>eodemque</strong></span> <span class='ocrx_word' id='word_1_477' title='bbox 2002 3523 2108 3589; x_wconf 90' lang='lat' dir='ltr'><strong>die,</strong></span> 
     </span>
    </p>
   </div>
   <div class='ocr_carea' id='block_1_84' title="bbox 532 3588 2110 3655">
    <p class='ocr_par' dir='ltr' id='par_1_84' title="bbox 532 3588 2110 3655">
     <span class='ocr_line' id='line_1_85' title="bbox 532 3588 2110 3655; baseline 0.006 -16"><span class='ocrx_word' id='word_1_478' title='bbox 532 3588 761 3655; x_wconf 84' lang='lat' dir='ltr'><strong>gloriosa</strong></span> <span class='ocrx_word' id='word_1_479' title='bbox 789 3601 961 3646; x_wconf 89' lang='lat' dir='ltr'><strong>morte</strong></span> <span class='ocrx_word' id='word_1_480' title='bbox 984 3608 1102 3646; x_wconf 89' lang='lat' dir='ltr'><strong>cum</strong></span> <span class='ocrx_word' id='word_1_481' title='bbox 1128 3595 1283 3647; x_wconf 89' lang='lat' dir='ltr'><strong>Petro</strong></span> <span class='ocrx_word' id='word_1_482' title='bbox 1314 3588 1371 3646; x_wconf 50' lang='lat' dir='ltr'><strong>in&#39;</strong></span> <span class='ocrx_word' id='word_1_483' title='bbox 1395 3594 1527 3646; x_wconf 90' lang='lat' dir='ltr'><strong>urbe</strong></span> <span class='ocrx_word' id='word_1_484' title='bbox 1548 3594 1735 3653; x_wconf 80' lang='lat' dir='ltr'><strong>Roma,</strong></span> <span class='ocrx_word' id='word_1_485' title='bbox 1771 3592 1871 3644; x_wconf 91' lang='lat' dir='ltr'><strong>sub</strong></span> <span class='ocrx_word' id='word_1_486' title='bbox 1888 3588 2110 3648; x_wconf 76' lang='lat' dir='ltr'><strong>Czrsare</strong></span> 
     </span>
    </p>
   </div>
   <div class='ocr_carea' id='block_1_85' title="bbox 533 3659 2109 3727">
    <p class='ocr_par' dir='ltr' id='par_1_85' title="bbox 533 3659 2109 3727">
     <span class='ocr_line' id='line_1_86' title="bbox 533 3659 2109 3727; baseline 0.003 -16"><span class='ocrx_word' id='word_1_487' title='bbox 533 3659 744 3715; x_wconf 83' lang='lat' dir='ltr'><strong>Nerone</strong></span> <span class='ocrx_word' id='word_1_488' title='bbox 757 3664 1283 3727; x_wconf 79' lang='lat' dir='ltr'><strong>agonizans,cornnat</strong></span> <span class='ocrx_word' id='word_1_489' title='bbox 1296 3678 1357 3714; x_wconf 88' lang='lat' dir='ltr'><strong>ns</strong></span> <span class='ocrx_word' id='word_1_490' title='bbox 1369 3673 1525 3725; x_wconf 87' lang='lat' dir='ltr'><strong>est,et</strong></span> <span class='ocrx_word' id='word_1_491' title='bbox 1543 3665 1741 3727; x_wconf 90' lang='lat' dir='ltr'><strong>pariter</strong></span> <span class='ocrx_word' id='word_1_492' title='bbox 1754 3662 2109 3727; x_wconf 86' lang='lat' dir='ltr'><strong>supradictam</strong></span> 
     </span>
    </p>
   </div>
   <div class='ocr_carea' id='block_1_86' title="bbox 534 3731 2110 3787">
    <p class='ocr_par' dir='ltr' id='par_1_86' title="bbox 534 3731 2110 3787">
     <span class='ocr_line' id='line_1_87' title="bbox 534 3731 2110 3787; baseline 0.004 -6"><span class='ocrx_word' id='word_1_493' title='bbox 534 3741 769 3783; x_wconf 86' lang='lat' dir='ltr'><strong>sanctam</strong></span> <span class='ocrx_word' id='word_1_494' title='bbox 800 3732 1092 3785; x_wconf 83' lang='lat' dir='ltr'><strong>Romanam</strong></span> <span class='ocrx_word' id='word_1_495' title='bbox 1127 3734 1418 3786; x_wconf 84' lang='lat' dir='ltr'><strong>Ecclesiam</strong></span> <span class='ocrx_word' id='word_1_496' title='bbox 1464 3732 1681 3785; x_wconf 85' lang='lat' dir='ltr'><strong>Christo</strong></span> <span class='ocrx_word' id='word_1_497' title='bbox 1721 3731 1946 3785; x_wconf 91' lang='lat' dir='ltr'><strong>Domino</strong></span> <span class='ocrx_word' id='word_1_498' title='bbox 1985 3748 2110 3787; x_wconf 90' lang='lat' dir='ltr'><strong>con-</strong></span> 
     </span>
    </p>
   </div>
   <div class='ocr_carea' id='block_1_87' title="bbox 538 3800 2111 3872">
    <p class='ocr_par' dir='ltr' id='par_1_87' title="bbox 538 3800 2111 3872">
     <span class='ocr_line' id='line_1_88' title="bbox 538 3800 2111 3872; baseline 0.004 -21"><span class='ocrx_word' id='word_1_499' title='bbox 538 3811 836 3872; x_wconf 39' lang='lat' dir='ltr'><strong>ieci-arum,</strong></span> <span class='ocrx_word' id='word_1_500' title='bbox 866 3802 1133 3868; x_wconf 87' lang='lat' dir='ltr'><strong>talemque</strong></span> <span class='ocrx_word' id='word_1_501' title='bbox 1161 3802 1253 3872; x_wconf 73' lang='lat' dir='ltr'><strong>[aL</strong></span> <span class='ocrx_word' id='word_1_502' title='bbox 1283 3800 1541 3871; x_wconf 88' lang='lat' dir='ltr'><strong>aliisque]</strong></span> <span class='ocrx_word' id='word_1_503' title='bbox 1595 3801 1841 3855; x_wconf 90' lang='lat' dir='ltr'><strong>omnibus</strong></span> <span class='ocrx_word' id='word_1_504' title='bbox 1892 3802 2111 3858; x_wconf 89' lang='lat' dir='ltr'><strong>urbibus</strong></span> 
     </span>
    </p>
   </div>
   <div class='ocr_carea' id='block_1_88' title="bbox 536 3868 2110 3941">
    <p class='ocr_par' dir='ltr' id='par_1_88' title="bbox 536 3868 2110 3941">
     <span class='ocr_line' id='line_1_89' title="bbox 536 3868 2110 3941; baseline 0.006 -21"><span class='ocrx_word' id='word_1_505' title='bbox 536 3868 596 3941; x_wconf 85' lang='lat' dir='ltr'><strong>in</strong></span> <span class='ocrx_word' id='word_1_506' title='bbox 622 3870 869 3941; x_wconf 84' lang='lat' dir='ltr'><strong>universo</strong></span> <span class='ocrx_word' id='word_1_507' title='bbox 907 3873 1105 3925; x_wconf 91' lang='lat' dir='ltr'><strong>mundo</strong></span> <span class='ocrx_word' id='word_1_508' title='bbox 1145 3868 1238 3925; x_wconf 72' lang='lat' dir='ltr'><strong>sua</strong></span> <span class='ocrx_word' id='word_1_509' title='bbox 1281 3868 1559 3939; x_wconf 82' lang='lat' dir='ltr'><strong>praesentia</strong></span> <span class='ocrx_word' id='word_1_510' title='bbox 1601 3881 1759 3941; x_wconf 88' lang='lat' dir='ltr'><strong>atque</strong></span> <span class='ocrx_word' id='word_1_511' title='bbox 1808 3876 2110 3929; x_wconf 86' lang='lat' dir='ltr'><strong>venerando</strong></span> 
     </span>
    </p>
   </div>
   <div class='ocr_carea' id='block_1_89' title="bbox 539 3939 1197 4009">
    <p class='ocr_par' dir='ltr' id='par_1_89' title="bbox 539 3939 1197 4009">
     <span class='ocr_line' id='line_1_90' title="bbox 539 3939 1197 4009; baseline 0.009 -20"><span class='ocrx_word' id='word_1_512' title='bbox 539 3939 803 4007; x_wconf 86' lang='lat' dir='ltr'><strong>triumpho</strong></span> <span class='ocrx_word' id='word_1_513' title='bbox 833 3941 1197 4009; x_wconf 72' lang='lat' dir='ltr'><strong>praetulerunt.</strong></span> 
     </span>
    </p>
   </div>
   <div class='ocr_carea' id='block_1_90' title="bbox 611 4009 2106 4081">
    <p class='ocr_par' dir='ltr' id='par_1_90' title="bbox 611 4009 2106 4081">
     <span class='ocr_line' id='line_1_91' title="bbox 611 4009 2106 4081; baseline 0.006 -19"><span class='ocrx_word' id='word_1_514' title='bbox 611 4009 905 4080; x_wconf 62' lang='lat' dir='ltr'><strong>Est5ergo</strong></span> <span class='ocrx_word' id='word_1_515' title='bbox 956 4012 1124 4078; x_wconf 89' lang='lat' dir='ltr'><strong>prima</strong></span> <span class='ocrx_word' id='word_1_516' title='bbox 1185 4014 1322 4068; x_wconf 89' lang='lat' dir='ltr'><strong>Petri</strong></span> <span class='ocrx_word' id='word_1_517' title='bbox 1379 4015 1603 4081; x_wconf 87' lang='lat' dir='ltr'><strong>apostoli</strong></span> <span class='ocrx_word' id='word_1_518' title='bbox 1655 4015 1811 4069; x_wconf 88' lang='lat' dir='ltr'><strong>sedes</strong></span> <span class='ocrx_word' id='word_1_519' title='bbox 1872 4015 2106 4073; x_wconf 85' lang='lat' dir='ltr'><strong>Romana</strong></span> 
     </span>
    </p>
   </div>
   <div class='ocr_carea' id='block_1_91' title="bbox 540 4079 2105 4156">
    <p class='ocr_par' dir='ltr' id='par_1_91' title="bbox 540 4079 2105 4156">
     <span class='ocr_line' id='line_1_92' title="bbox 540 4079 2105 4156; baseline 0.005 -23"><span class='ocrx_word' id='word_1_520' title='bbox 540 4079 797 4156; x_wconf 82' lang='lat' dir='ltr'><strong>Ecclesia,</strong></span> <span class='ocrx_word' id='word_1_521' title='bbox 824 4079 921 4136; x_wconf 81' lang='lat' dir='ltr'><strong>non</strong></span> <span class='ocrx_word' id='word_1_522' title='bbox 946 4084 1131 4156; x_wconf 62' lang='lat' dir='ltr'><strong>habens</strong></span> <span class='ocrx_word' id='word_1_523' title='bbox 1159 4079 1444 4156; x_wconf 72' lang='lat' dir='ltr'><strong>maculam,</strong></span> <span class='ocrx_word' id='word_1_524' title='bbox 1469 4101 1627 4155; x_wconf 84' lang='lat' dir='ltr'><strong>neque</strong></span> <span class='ocrx_word' id='word_1_525' title='bbox 1657 4100 1857 4156; x_wconf 84' lang='lat' dir='ltr'><strong>rugam,</strong></span> <span class='ocrx_word' id='word_1_526' title='bbox 1889 4105 1976 4141; x_wconf 89' lang='lat' dir='ltr'><strong>nec</strong></span> <span class='ocrx_word' id='word_1_527' title='bbox 2003 4089 2105 4141; x_wconf 86' lang='lat' dir='ltr'><strong>ali-</strong></span> 
     </span>
    </p>
   </div>
   <div class='ocr_carea' id='block_1_92' title="bbox 538 4151 1329 4225">
    <p class='ocr_par' dir='ltr' id='par_1_92' title="bbox 538 4151 1329 4225">
     <span class='ocr_line' id='line_1_93' title="bbox 538 4151 1329 4225; baseline 0.008 -22"><span class='ocrx_word' id='word_1_528' title='bbox 538 4151 657 4225; x_wconf 75' lang='lat' dir='ltr'><strong>quid</strong></span> <span class='ocrx_word' id='word_1_529' title='bbox 687 4154 979 4225; x_wconf 86' lang='lat' dir='ltr'><strong>Imjusmodi</strong></span> <span class='ocrx_word' id='word_1_530' title='bbox 1007 4152 1222 4224; x_wconf 75' lang='lat' dir='ltr'><strong>(Ep/tes.</strong></span> <span class='ocrx_word' id='word_1_531' title='bbox 1257 4154 1329 4225; x_wconf 88' lang='lat' dir='ltr'><strong>v).</strong></span> 
     </span>
    </p>
   </div>
   <div class='ocr_carea' id='block_1_93' title="bbox 606 4222 2107 4296">
    <p class='ocr_par' dir='ltr' id='par_1_93' title="bbox 606 4222 2107 4296">
     <span class='ocr_line' id='line_1_94' title="bbox 606 4222 2107 4296; baseline 0.006 -20"><span class='ocrx_word' id='word_1_532' title='bbox 606 4222 848 4296; x_wconf 81' lang='lat' dir='ltr'><strong>secunda</strong></span> <span class='ocrx_word' id='word_1_533' title='bbox 903 4222 1087 4280; x_wconf 83' lang='lat' dir='ltr'><strong>autem</strong></span> <span class='ocrx_word' id='word_1_534' title='bbox 1131 4222 1297 4281; x_wconf 80' lang='lat' dir='ltr'><strong>sedes</strong></span> <span class='ocrx_word' id='word_1_535' title='bbox 1344 4226 1481 4296; x_wconf 89' lang='lat' dir='ltr'><strong>apud</strong></span> <span class='ocrx_word' id='word_1_536' title='bbox 1537 4228 1912 4282; x_wconf 78' lang='lat' dir='ltr'><strong>Alexandriam</strong></span> <span class='ocrx_word' id='word_1_537' title='bbox 1967 4230 2107 4285; x_wconf 88' lang='lat' dir='ltr'><strong>beati</strong></span> 
     </span>
    </p>
   </div>
   <div class='ocr_carea' id='block_1_94' title="bbox 537 4292 2109 4369">
    <p class='ocr_par' dir='ltr' id='par_1_94' title="bbox 537 4292 2109 4369">
     <span class='ocr_line' id='line_1_95' title="bbox 537 4292 2109 4369; baseline 0.006 -23"><span class='ocrx_word' id='word_1_538' title='bbox 537 4292 681 4346; x_wconf 84' lang='lat' dir='ltr'><strong>Petri</strong></span> <span class='ocrx_word' id='word_1_539' title='bbox 713 4298 927 4369; x_wconf 82' lang='lat' dir='ltr'><strong>nomine</strong></span> <span class='ocrx_word' id='word_1_540' title='bbox 967 4313 1011 4369; x_wconf 23' lang='lat' dir='ltr'><strong>aA</strong></span> <span class='ocrx_word' id='word_1_541' title='bbox 1028 4296 1201 4350; x_wconf 86' lang='lat' dir='ltr'><strong>Marco</strong></span> <span class='ocrx_word' id='word_1_542' title='bbox 1230 4297 1345 4369; x_wconf 86' lang='lat' dir='ltr'><strong>ejus</strong></span> <span class='ocrx_word' id='word_1_543' title='bbox 1373 4292 1634 4364; x_wconf 82' lang='lat' dir='ltr'><strong>discipulo</strong></span> <span class='ocrx_word' id='word_1_544' title='bbox 1684 4308 1737 4353; x_wconf 90' lang='lat' dir='ltr'><strong>et</strong></span> <span class='ocrx_word' id='word_1_545' title='bbox 1782 4302 2109 4369; x_wconf 79' lang='lat' dir='ltr'><strong>evangelista</strong></span> 
     </span>
    </p>
   </div>
   <div class='ocr_carea' id='block_1_95' title="bbox 537 4366 2106 4441">
    <p class='ocr_par' dir='ltr' id='par_1_95' title="bbox 537 4366 2106 4441">
     <span class='ocr_line' id='line_1_96' title="bbox 537 4366 2106 4441; baseline 0.008 -29"><span class='ocrx_word' id='word_1_546' title='bbox 537 4366 847 4441; x_wconf 72' lang='lat' dir='ltr'><strong>coiisecrata</strong></span> <span class='ocrx_word' id='word_1_547' title='bbox 867 4377 967 4441; x_wconf 79' lang='lat' dir='ltr'><strong>est.</strong></span> <span class='ocrx_word' id='word_1_548' title='bbox 1000 4367 1220 4441; x_wconf 86' lang='lat' dir='ltr'><strong>Ipseque</strong></span> <span class='ocrx_word' id='word_1_549' title='bbox 1248 4383 1276 4441; x_wconf 89' lang='lat' dir='ltr'><strong>a</strong></span> <span class='ocrx_word' id='word_1_550' title='bbox 1304 4368 1720 4441; x_wconf 81' lang='lat' dir='ltr'><strong>Petroapostolo</strong></span> <span class='ocrx_word' id='word_1_551' title='bbox 1740 4369 1793 4422; x_wconf 91' lang='lat' dir='ltr'><strong>in</strong></span> <span class='ocrx_word' id='word_1_552' title='bbox 1818 4366 2106 4439; x_wconf 61' lang='lat' dir='ltr'><strong>[Egyptum</strong></span> 
     </span>
    </p>
   </div>
   <div class='ocr_carea' id='block_1_96' title="bbox 538 4430 2106 4508">
    <p class='ocr_par' dir='ltr' id='par_1_96' title="bbox 538 4430 2106 4508">
     <span class='ocr_line' id='line_1_97' title="bbox 538 4430 2106 4508; baseline 0.006 -23"><span class='ocrx_word' id='word_1_553' title='bbox 538 4430 793 4496; x_wconf 86' lang='lat' dir='ltr'><strong>directus,</strong></span> <span class='ocrx_word' id='word_1_554' title='bbox 825 4430 1043 4508; x_wconf 83' lang='lat' dir='ltr'><strong>verbum</strong></span> <span class='ocrx_word' id='word_1_555' title='bbox 1074 4430 1312 4489; x_wconf 73' lang='lat' dir='ltr'><strong>veritatis</strong></span> <span class='ocrx_word' id='word_1_556' title='bbox 1341 4430 1667 4506; x_wconf 68' lang='lat' dir='ltr'><strong>praedicavit,</strong></span> <span class='ocrx_word' id='word_1_557' title='bbox 1717 4446 1772 4493; x_wconf 90' lang='lat' dir='ltr'><strong>et</strong></span> <span class='ocrx_word' id='word_1_558' title='bbox 1815 4430 2106 4508; x_wconf 63' lang='lat' dir='ltr'><strong>gloriosum</strong></span> 
     </span>
    </p>
   </div>
   <div class='ocr_carea' id='block_1_97' title="bbox 538 4506 1287 4575">
    <p class='ocr_par' dir='ltr' id='par_1_97' title="bbox 538 4506 1287 4575">
     <span class='ocr_line' id='line_1_98' title="bbox 538 4506 1287 4575; baseline 0.005 -20"><span class='ocrx_word' id='word_1_559' title='bbox 538 4506 925 4575; x_wconf 78' lang='lat' dir='ltr'><strong>consummavit</strong></span> <span class='ocrx_word' id='word_1_560' title='bbox 954 4507 1287 4575; x_wconf 80' lang='lat' dir='ltr'><strong>martyrium.</strong></span> 
     </span>
    </p>
   </div>
   <div class='ocr_carea' id='block_1_98' title="bbox 562 4572 2109 4653">
    <p class='ocr_par' dir='ltr' id='par_1_98' title="bbox 562 4572 2109 4653">
     <span class='ocr_line' id='line_1_99' title="bbox 562 4572 2109 4653; baseline 0.008 -29"><span class='ocrx_word' id='word_1_561' title='bbox 562 4642 574 4653; x_wconf 42' lang='lat'><em>.</em></span> <span class='ocrx_word' id='word_1_562' title='bbox 611 4572 942 4653; x_wconf 56' lang='lat' dir='ltr'><strong>Tertiamro</strong></span> <span class='ocrx_word' id='word_1_563' title='bbox 972 4572 1289 4653; x_wconf 72' lang='lat' dir='ltr'><strong>sedesapitd</strong></span> <span class='ocrx_word' id='word_1_564' title='bbox 1316 4577 1650 4653; x_wconf 72' lang='lat' dir='ltr'><strong>Antiochiam</strong></span> <span class='ocrx_word' id='word_1_565' title='bbox 1697 4578 1959 4653; x_wconf 79' lang='lat' dir='ltr'><strong>ejusdem</strong></span> <span class='ocrx_word' id='word_1_566' title='bbox 1984 4581 2109 4636; x_wconf 88' lang='lat' dir='ltr'><strong>bea-</strong></span> 
     </span>
    </p>
   </div>
   <div class='ocr_carea' id='block_1_99' title="bbox 540 4643 2109 4718">
    <p class='ocr_par' dir='ltr' id='par_1_99' title="bbox 540 4643 2109 4718">
     <span class='ocr_line' id='line_1_100' title="bbox 540 4643 2109 4718; baseline 0.007 -22"><span class='ocrx_word' id='word_1_567' title='bbox 540 4643 727 4696; x_wconf 87' lang='lat' dir='ltr'><strong>tissimi</strong></span> <span class='ocrx_word' id='word_1_568' title='bbox 749 4643 902 4718; x_wconf 73' lang='lat' dir='ltr'><strong>_Pe_tri</strong></span> <span class='ocrx_word' id='word_1_569' title='bbox 944 4643 1423 4715; x_wconf 39' lang='lat' dir='ltr'><strong>apostoli—nomine</strong></span> <span class='ocrx_word' id='word_1_570' title='bbox 1478 4649 1702 4703; x_wconf 86' lang='lat' dir='ltr'><strong>habetur</strong></span> <span class='ocrx_word' id='word_1_571' title='bbox 1726 4643 2072 4707; x_wconf 45' lang='lat' dir='ltr'><strong>&#39;honorabilis</strong></span> <span class='ocrx_word' id='word_1_572' title='bbox 2095 4695 2109 4718; x_wconf 92' lang='lat'><strong>,</strong></span> 
     </span>
    </p>
   </div>
   <div class='ocr_carea' id='block_1_100' title="bbox 541 4715 2109 4788">
    <p class='ocr_par' dir='ltr' id='par_1_100' title="bbox 541 4715 2109 4788">
     <span class='ocr_line' id='line_1_101' title="bbox 541 4715 2109 4788; baseline 0.006 -21"><span class='ocrx_word' id='word_1_573' title='bbox 541 4728 606 4767; x_wconf 90' lang='lat' dir='ltr'><strong>eo</strong></span> <span class='ocrx_word' id='word_1_574' title='bbox 625 4715 765 4788; x_wconf 77' lang='lat' dir='ltr'><strong>quod</strong></span> <span class='ocrx_word' id='word_1_575' title='bbox 800 4715 908 4770; x_wconf 91' lang='lat' dir='ltr'><strong>illic</strong></span> <span class='ocrx_word' id='word_1_576' title='bbox 938 4719 1243 4788; x_wconf 90' lang='lat' dir='ltr'><strong>priusquam</strong></span> <span class='ocrx_word' id='word_1_577' title='bbox 1276 4720 1496 4773; x_wconf 75' lang='lat' dir='ltr'><strong>Romam</strong></span> <span class='ocrx_word' id='word_1_578' title='bbox 1529 4723 1764 4775; x_wconf 88' lang='lat' dir='ltr'><strong>venisset</strong></span> <span class='ocrx_word' id='word_1_579' title='bbox 1814 4724 2066 4777; x_wconf 83' lang='lat' dir='ltr'><strong>habitavit</strong></span> <span class='ocrx_word' id='word_1_580' title='bbox 2094 4715 2109 4785; x_wconf 58' lang='grc' dir='ltr'>ζ</span> 
     </span>
    </p>
   </div>
   <div class='ocr_carea' id='block_1_101' title="bbox 539 4784 2117 4912">
    <p class='ocr_par' dir='ltr' id='par_1_101' title="bbox 539 4784 2117 4912">
     <span class='ocr_line' id='line_1_102' title="bbox 539 4784 2117 4912; baseline 0.01 -76"><span class='ocrx_word' id='word_1_581' title='bbox 539 4792 593 4837; x_wconf 83' lang='lat' dir='ltr'><strong>et</strong></span> <span class='ocrx_word' id='word_1_582' title='bbox 621 4784 724 4910; x_wconf 56' lang='lat' dir='ltr'><strong>illic</strong></span> <span class='ocrx_word' id='word_1_583' title='bbox 754 4784 979 4912; x_wconf 42' lang='lat' dir='ltr'><strong>prmium</strong></span> <span class='ocrx_word' id='word_1_584' title='bbox 1014 4784 1207 4845; x_wconf 86' lang='lat' dir='ltr'><strong>nomen</strong></span> <span class='ocrx_word' id='word_1_585' title='bbox 1235 4789 1659 4847; x_wconf 89' lang='lat' dir='ltr'><strong>Christianorum</strong></span> <span class='ocrx_word' id='word_1_586' title='bbox 1687 4793 1911 4848; x_wconf 73' lang='lat' dir='ltr'><strong>novella:</strong></span> <span class='ocrx_word' id='word_1_587' title='bbox 1941 4784 2117 4864; x_wconf 85' lang='lat' dir='ltr'><strong>gentis</strong></span> 
     </span>
     <span class='ocr_line' id='line_1_103' title="bbox 542 4869 912 4912; baseline 0.008 -3"><span class='ocrx_word' id='word_1_588' title='bbox 542 4869 671 4910; x_wconf 82' lang='lat' dir='ltr'><strong>exor</strong></span> <span class='ocrx_word' id='word_1_589' title='bbox 701 4872 785 4911; x_wconf 91' lang='lat' dir='ltr'><strong>um</strong></span> <span class='ocrx_word' id='word_1_590' title='bbox 810 4872 865 4912; x_wconf 90' lang='lat' dir='ltr'><strong>es</strong></span> <span class='ocrx_word' id='word_1_591' title='bbox 896 4897 912 4912; x_wconf 97' lang='lat'><strong>.</strong></span> 
     </span>
    </p>
   </div>
   <div class='ocr_carea' id='block_1_102' title="bbox 542 4869 912 4912">
    <p class='ocr_par' dir='ltr' id='par_1_102' title="bbox 542 4869 912 4912">
     <span class='ocr_line' id='line_1_104' title="bbox 542 4869 912 4912; baseline 0.011 -4"><span class='ocrx_word' id='word_1_592' title='bbox 542 4869 785 4911; x_wconf 81' lang='lat' dir='ltr'><strong>exortum</strong></span> <span class='ocrx_word' id='word_1_593' title='bbox 810 4869 912 4912; x_wconf 81' lang='grc' dir='ltr'>εει.</span> 
     </span>
    </p>
   </div>
   <div class='ocr_carea' id='block_1_103' title="bbox 615 5063 2123 5144">
    <p class='ocr_par' dir='ltr' id='par_1_103' title="bbox 615 5063 2123 5144">
     <span class='ocr_line' id='line_1_105' title="bbox 615 5063 2123 5144; baseline 0.012 -29"><span class='ocrx_word' id='word_1_594' title='bbox 615 5065 636 5099; x_wconf 75' lang='grc'>⁸</span> <span class='ocrx_word' id='word_1_595' title='bbox 666 5063 733 5119; x_wconf 88' lang='lat' dir='ltr'><strong>Et</strong></span> <span class='ocrx_word' id='word_1_596' title='bbox 780 5066 1232 5144; x_wconf 87' lang='lat' dir='ltr'><strong>quamvis__aliud_</strong></span> <span class='ocrx_word' id='word_1_597' title='bbox 1259 5068 1660 5144; x_wconf 79' lang='lat' dir='ltr'><strong>fundamentum</strong></span> <span class='ocrx_word' id='word_1_598' title='bbox 1719 5072 1895 5144; x_wconf 87' lang='lat' dir='ltr'><strong>nullus</strong></span> <span class='ocrx_word' id='word_1_599' title='bbox 1952 5079 2123 5144; x_wconf 86' lang='lat' dir='ltr'><strong>possit</strong></span> 
     </span>
    </p>
   </div>
   <div class='ocr_carea' id='block_1_104' title="bbox 544 5137 2120 5210">
    <p class='ocr_par' dir='ltr' id='par_1_104' title="bbox 544 5137 2120 5210">
     <span class='ocr_line' id='line_1_106' title="bbox 544 5137 2120 5210; baseline 0.008 -19"><span class='ocrx_word' id='word_1_600' title='bbox 544 5150 763 5207; x_wconf 89' lang='lat' dir='ltr'><strong>ponere,</strong></span> <span class='ocrx_word' id='word_1_601' title='bbox 790 5146 985 5206; x_wconf 70' lang='lat' dir='ltr'><strong>Praeter</strong></span> <span class='ocrx_word' id='word_1_602' title='bbox 1010 5137 1064 5192; x_wconf 92' lang='lat' dir='ltr'><strong>id</strong></span> <span class='ocrx_word' id='word_1_603' title='bbox 1095 5138 1234 5207; x_wconf 90' lang='lat' dir='ltr'><strong>quod</strong></span> <span class='ocrx_word' id='word_1_604' title='bbox 1259 5140 1493 5209; x_wconf 90' lang='lat' dir='ltr'><strong>positum</strong></span> <span class='ocrx_word' id='word_1_605' title='bbox 1514 5151 1615 5208; x_wconf 89' lang='lat' dir='ltr'><strong>est,</strong></span> <span class='ocrx_word' id='word_1_606' title='bbox 1643 5142 1731 5210; x_wconf 89' lang='lat' dir='ltr'><strong>qui</strong></span> <span class='ocrx_word' id='word_1_607' title='bbox 1762 5152 1843 5198; x_wconf 90' lang='lat' dir='ltr'><strong>est</strong></span> <span class='ocrx_word' id='word_1_608' title='bbox 1873 5137 2120 5207; x_wconf 73' lang='lat' dir='ltr'><strong>Christus</strong></span> 
     </span>
    </p>
   </div>
   <div class='ocr_carea' id='block_1_105' title="bbox 613 5276 2118 5346">
    <p class='ocr_par' dir='ltr' id='par_1_105' title="bbox 613 5276 2118 5346">
     <span class='ocr_line' id='line_1_107' title="bbox 613 5276 2118 5346; baseline 0.003 -12"><span class='ocrx_word' id='word_1_609' title='bbox 613 5282 630 5311; x_wconf 73' lang='grc' dir='ltr'>ί</span> <span class='ocrx_word' id='word_1_610' title='bbox 662 5282 722 5334; x_wconf 85' lang='grc' dir='ltr'><strong>1η</strong></span> <span class='ocrx_word' id='word_1_611' title='bbox 742 5279 865 5335; x_wconf 92' lang='lat' dir='ltr'><strong>cod.</strong></span> <span class='ocrx_word' id='word_1_612' title='bbox 905 5276 1113 5335; x_wconf 86' lang='lat' dir='ltr'><strong>Justelli</strong></span> <span class='ocrx_word' id='word_1_613' title='bbox 1162 5276 1249 5333; x_wconf 91' lang='lat' dir='ltr'><strong>hic</strong></span> <span class='ocrx_word' id='word_1_614' title='bbox 1288 5279 1471 5332; x_wconf 88' lang='lat' dir='ltr'><strong>titulus</strong></span> <span class='ocrx_word' id='word_1_615' title='bbox 1516 5279 1593 5333; x_wconf 89' lang='lat' dir='ltr'><strong>sic</strong></span> <span class='ocrx_word' id='word_1_616' title='bbox 1636 5278 1869 5346; x_wconf 83' lang='lat' dir='ltr'><strong>legitur:</strong></span> <span class='ocrx_word' id='word_1_617' title='bbox 1900 5282 2118 5338; x_wconf 83' lang='lat' dir='ltr'><strong>Decreta</strong></span> 
     </span>
    </p>
   </div>
   <div class='ocr_carea' id='block_1_106' title="bbox 541 5348 2118 5422">
    <p class='ocr_par' dir='ltr' id='par_1_106' title="bbox 541 5348 2118 5422">
     <span class='ocr_line' id='line_1_108' title="bbox 541 5348 2118 5422; baseline 0.001 -16"><span class='ocrx_word' id='word_1_618' title='bbox 541 5351 607 5407; x_wconf 76' lang='grc' dir='ltr'><strong>ϐ.</strong></span> <span class='ocrx_word' id='word_1_619' title='bbox 654 5353 713 5406; x_wconf 90' lang='grc' dir='ltr'><strong>Ρ.</strong></span> <span class='ocrx_word' id='word_1_620' title='bbox 761 5353 825 5405; x_wconf 88' lang='lat' dir='ltr'><strong>de</strong></span> <span class='ocrx_word' id='word_1_621' title='bbox 864 5348 1168 5422; x_wconf 78' lang='lat' dir='ltr'><strong>recipiendis</strong></span> <span class='ocrx_word' id='word_1_622' title='bbox 1208 5357 1253 5401; x_wconf 86' lang='lat' dir='ltr'><strong>et</strong></span> <span class='ocrx_word' id='word_1_623' title='bbox 1301 5366 1401 5422; x_wconf 79' lang='lat' dir='ltr'><strong>non</strong></span> <span class='ocrx_word' id='word_1_624' title='bbox 1445 5350 1743 5422; x_wconf 83' lang='lat' dir='ltr'><strong>recipiendis</strong></span> <span class='ocrx_word' id='word_1_625' title='bbox 1785 5351 1930 5407; x_wconf 82' lang='lat' dir='ltr'><strong>libris</strong></span> <span class='ocrx_word' id='word_1_626' title='bbox 1965 5370 2118 5422; x_wconf 76' lang='lat' dir='ltr'><strong>:qua:</strong></span> 
     </span>
    </p>
   </div>
   <div class='ocr_carea' id='block_1_107' title="bbox 544 5420 2119 5545">
    <p class='ocr_par' dir='ltr' id='par_1_107' title="bbox 544 5420 2119 5545">
     <span class='ocr_line' id='line_1_109' title="bbox 544 5420 2119 5545; baseline 0.004 -71"><span class='ocrx_word' id='word_1_627' title='bbox 544 5424 733 5545; x_wconf 45' lang='lat' dir='ltr'><strong>scripta</strong></span> <span class='ocrx_word' id='word_1_628' title='bbox 782 5434 900 5478; x_wconf 84' lang='lat' dir='ltr'><strong>sunt</strong></span> <span class='ocrx_word' id='word_1_629' title='bbox 952 5421 1014 5475; x_wconf 91' lang='lat' dir='ltr'><strong>ab</strong></span> <span class='ocrx_word' id='word_1_630' title='bbox 1059 5434 1116 5474; x_wconf 88' lang='lat' dir='ltr'><strong>eo</strong></span> <span class='ocrx_word' id='word_1_631' title='bbox 1165 5435 1282 5473; x_wconf 87' lang='lat' dir='ltr'><strong>cum</strong></span> <span class='ocrx_word' id='word_1_632' title='bbox 1326 5420 1393 5474; x_wconf 86' lang='lat'><strong>70</strong></span> <span class='ocrx_word' id='word_1_633' title='bbox 1444 5421 1797 5475; x_wconf 83' lang='lat' dir='ltr'><strong>eruditissimis</strong></span> <span class='ocrx_word' id='word_1_634' title='bbox 1850 5420 2119 5493; x_wconf 82' lang='lat' dir='ltr'><strong>episcopis.</strong></span> 
     </span>
     <span class='ocr_line' id='line_1_110' title="bbox 591 5508 803 5545; baseline 0 0"><span class='ocrx_word' id='word_1_635' title='bbox 591 5508 803 5545; x_wconf 79' lang='lat' dir='ltr'><strong>ABBEUS.</strong></span> 
     </span>
    </p>
   </div>
   <div class='ocr_carea' id='block_1_108' title="bbox 591 5508 803 5547">
    <p class='ocr_par' dir='ltr' id='par_1_108' title="bbox 591 5508 803 5547">
     <span class='ocr_line' id='line_1_111' title="bbox 591 5508 803 5547; baseline 0 -2"><span class='ocrx_word' id='word_1_636' title='bbox 591 5508 803 5547; x_wconf 75' lang='lat' dir='ltr'><strong>ABBEUS.</strong></span> 
     </span>
    </p>
   </div>
   <div class='ocr_carea' id='block_1_109' title="bbox 616 5561 2118 5633">
    <p class='ocr_par' dir='ltr' id='par_1_109' title="bbox 616 5561 2118 5633">
     <span class='ocr_line' id='line_1_112' title="bbox 616 5561 2118 5633; baseline 0.004 -18"><span class='ocrx_word' id='word_1_637' title='bbox 616 5566 636 5596; x_wconf 78' lang='grc'><strong>’</strong></span> <span class='ocrx_word' id='word_1_638' title='bbox 666 5564 800 5618; x_wconf 88' lang='lat' dir='ltr'><strong>Sunt</strong></span> <span class='ocrx_word' id='word_1_639' title='bbox 825 5564 939 5621; x_wconf 75' lang='lat' dir='ltr'><strong>haec</strong></span> <span class='ocrx_word' id='word_1_640' title='bbox 961 5572 1016 5620; x_wconf 90' lang='lat' dir='ltr'><strong>et</strong></span> <span class='ocrx_word' id='word_1_641' title='bbox 1036 5564 1087 5618; x_wconf 95' lang='lat' dir='ltr'><strong>in</strong></span> <span class='ocrx_word' id='word_1_642' title='bbox 1110 5562 1335 5633; x_wconf 87' lang='lat' dir='ltr'><strong>epistola</strong></span> <span class='ocrx_word' id='word_1_643' title='bbox 1360 5561 1393 5617; x_wconf 89' lang='lat'>8</span> <span class='ocrx_word' id='word_1_644' title='bbox 1418 5561 1618 5618; x_wconf 84' lang='lat' dir='ltr'><strong>Nicolai</strong></span> <span class='ocrx_word' id='word_1_645' title='bbox 1637 5576 1784 5633; x_wconf 80' lang='lat' dir='ltr'><strong>papae</strong></span> <span class='ocrx_word' id='word_1_646' title='bbox 1803 5563 1867 5618; x_wconf 89' lang='lat' dir='ltr'><strong>ad</strong></span> <span class='ocrx_word' id='word_1_647' title='bbox 1888 5564 2118 5622; x_wconf 87' lang='lat' dir='ltr'><strong>Michae-</strong></span> 
     </span>
    </p>
   </div>
   <div class='ocr_carea' id='block_1_110' title="bbox 545 5632 2115 5703">
    <p class='ocr_par' dir='ltr' id='par_1_110' title="bbox 545 5632 2115 5703">
     <span class='ocr_line' id='line_1_113' title="bbox 545 5632 2115 5703; baseline -0.001 -11"><span class='ocrx_word' id='word_1_648' title='bbox 545 5636 651 5692; x_wconf 91' lang='lat' dir='ltr'><strong>lem</strong></span> <span class='ocrx_word' id='word_1_649' title='bbox 683 5634 812 5700; x_wconf 92' lang='lat' dir='ltr'><strong>imp.</strong></span> <span class='ocrx_word' id='word_1_650' title='bbox 841 5673 852 5689; x_wconf 89' lang='lat'><strong>.</strong></span> <span class='ocrx_word' id='word_1_651' title='bbox 881 5645 934 5689; x_wconf 90' lang='lat' dir='ltr'><strong>et</strong></span> <span class='ocrx_word' id='word_1_652' title='bbox 954 5636 1005 5690; x_wconf 90' lang='lat' dir='ltr'><strong>in</strong></span> <span class='ocrx_word' id='word_1_653' title='bbox 1037 5632 1348 5703; x_wconf 79' lang='lat' dir='ltr'><strong>praefatione</strong></span> <span class='ocrx_word' id='word_1_654' title='bbox 1378 5642 1584 5689; x_wconf 85' lang='lat' dir='ltr'><strong>vetusta</strong></span> <span class='ocrx_word' id='word_1_655' title='bbox 1617 5632 1839 5689; x_wconf 80' lang='lat' dir='ltr'><strong>Concitii</strong></span> <span class='ocrx_word' id='word_1_656' title='bbox 1872 5635 2073 5690; x_wconf 80' lang='lat' dir='ltr'><strong>Nicaeui</strong></span> <span class='ocrx_word' id='word_1_657' title='bbox 2098 5678 2115 5701; x_wconf 86' lang='lat'><strong>,</strong></span> 
     </span>
    </p>
   </div>
   <div class='ocr_carea' id='block_1_111' title="bbox 546 5703 2121 5777">
    <p class='ocr_par' dir='ltr' id='par_1_111' title="bbox 546 5703 2121 5777">
     <span class='ocr_line' id='line_1_114' title="bbox 546 5703 2121 5777; baseline 0 -16"><span class='ocrx_word' id='word_1_658' title='bbox 546 5721 703 5777; x_wconf 89' lang='lat' dir='ltr'><strong>quam</strong></span> <span class='ocrx_word' id='word_1_659' title='bbox 730 5703 1145 5777; x_wconf 69' lang='lat' dir='ltr'><strong>edidimustom.</strong></span> <span class='ocrx_word' id='word_1_660' title='bbox 1176 5706 1240 5775; x_wconf 94' lang='lat' dir='ltr'><strong>Il,</strong></span> <span class='ocrx_word' id='word_1_661' title='bbox 1273 5721 1430 5777; x_wconf 89' lang='lat' dir='ltr'><strong>quam</strong></span> <span class='ocrx_word' id='word_1_662' title='bbox 1461 5712 1516 5777; x_wconf 87' lang='lat' dir='ltr'><strong>et</strong></span> <span class='ocrx_word' id='word_1_663' title='bbox 1554 5703 1754 5777; x_wconf 66' lang='lat' dir='ltr'><strong>Encas</strong></span> <span class='ocrx_word' id='word_1_664' title='bbox 1795 5705 2121 5777; x_wconf 80' lang='lat' dir='ltr'><strong>Parisiensis</strong></span> 
     </span>
    </p>
   </div>
   <div class='ocr_carea' id='block_1_112' title="bbox 546 5775 2045 5848">
    <p class='ocr_par' dir='ltr' id='par_1_112' title="bbox 546 5775 2045 5848">
     <span class='ocr_line' id='line_1_115' title="bbox 546 5775 2045 5848; baseline -0.003 -13"><span class='ocrx_word' id='word_1_665' title='bbox 546 5775 729 5835; x_wconf 73' lang='lat' dir='ltr'><strong>recitat</strong></span> <span class='ocrx_word' id='word_1_666' title='bbox 755 5786 899 5830; x_wconf 90' lang='lat' dir='ltr'><strong>tomo</strong></span> <span class='ocrx_word' id='word_1_667' title='bbox 928 5775 1014 5829; x_wconf 75' lang='lat' dir='ltr'><strong>VII</strong></span> <span class='ocrx_word' id='word_1_668' title='bbox 1045 5776 1251 5848; x_wconf 85' lang='lat' dir='ltr'><strong>Spicil.,</strong></span> <span class='ocrx_word' id='word_1_669' title='bbox 1285 5775 1507 5848; x_wconf 27' lang='lat' dir='ltr'><strong>pag.”95</strong></span> <span class='ocrx_word' id='word_1_670' title='bbox 1538 5775 1710 5848; x_wconf 76' lang='lat' dir='ltr'><strong>et_97.</strong></span> <span class='ocrx_word' id='word_1_671' title='bbox 1791 5776 2045 5831; x_wconf 57' lang='lat' dir='ltr'><strong>&quot;annum.</strong></span> 
     </span>
    </p>
   </div>
   <div class='ocr_carea' id='block_1_113' title="bbox 620 5846 2180 5914">
    <p class='ocr_par' dir='ltr' id='par_1_113' title="bbox 620 5846 2180 5914">
     <span class='ocr_line' id='line_1_116' title="bbox 620 5846 2180 5914; baseline -0.001 -10"><span class='ocrx_word' id='word_1_672' title='bbox 620 5848 640 5880; x_wconf 88' lang='lat'><strong>&#39;</strong></span> <span class='ocrx_word' id='word_1_673' title='bbox 666 5848 801 5905; x_wconf 91' lang='lat' dir='ltr'><strong>Sunt</strong></span> <span class='ocrx_word' id='word_1_674' title='bbox 831 5848 929 5903; x_wconf 81' lang='lat' dir='ltr'><strong>ista</strong></span> <span class='ocrx_word' id='word_1_675' title='bbox 966 5856 1020 5901; x_wconf 91' lang='lat' dir='ltr'><strong>et</strong></span> <span class='ocrx_word' id='word_1_676' title='bbox 1062 5846 1114 5901; x_wconf 95' lang='lat' dir='ltr'><strong>in</strong></span> <span class='ocrx_word' id='word_1_677' title='bbox 1149 5846 1303 5914; x_wconf 84' lang='lat' dir='ltr'><strong>epist.</strong></span> <span class='ocrx_word' id='word_1_678' title='bbox 1341 5846 1374 5902; x_wconf 75' lang='lat'><strong>8</strong></span> <span class='ocrx_word' id='word_1_679' title='bbox 1408 5846 1612 5904; x_wconf 75' lang='lat' dir='ltr'><strong>Nicolai</strong></span> <span class='ocrx_word' id='word_1_680' title='bbox 1645 5861 1798 5914; x_wconf 62' lang='lat' dir='ltr'><strong>papae</strong></span> <span class='ocrx_word' id='word_1_681' title='bbox 1840 5857 1965 5904; x_wconf 78' lang='lat' dir='ltr'><strong>ante</strong></span> <span class='ocrx_word' id='word_1_682' title='bbox 2003 5850 2117 5904; x_wconf 84' lang='lat' dir='ltr'><strong>Iau-</strong></span> <span class='ocrx_word' id='word_1_683' title='bbox 2172 5870 2180 5879; x_wconf 82' lang='grc'><strong>-</strong></span> 
     </span>
    </p>
   </div>
   <div class='ocr_carea' id='block_1_114' title="bbox 2284 3305 3485 3387">
    <p class='ocr_par' dir='ltr' id='par_1_114' title="bbox 2284 3305 3485 3387">
     <span class='ocr_line' id='line_1_117' title="bbox 2284 3305 3485 3387; baseline -0.002 -25"><span class='ocrx_word' id='word_1_684' title='bbox 2284 3310 2414 3387; x_wconf 80' lang='lat' dir='ltr'><strong>Item</strong></span> <span class='ocrx_word' id='word_1_685' title='bbox 2433 3305 2696 3387; x_wconf 37' lang='lat' dir='ltr'><strong>&#39;opuscula</strong></span> <span class='ocrx_word' id='word_1_686' title='bbox 2726 3306 2791 3387; x_wconf 73' lang='lat' dir='ltr'><strong>B_.</strong></span> <span class='ocrx_word' id='word_1_687' title='bbox 2818 3305 3129 3387; x_wconf 71' lang='lat' dir='ltr'><strong>Ilieronymi</strong></span> <span class='ocrx_word' id='word_1_688' title='bbox 3158 3305 3485 3387; x_wconf 70' lang='lat' dir='ltr'><strong>presbyteri.</strong></span> 
     </span>
    </p>
   </div>
   <div class='ocr_carea' id='block_1_115' title="bbox 2288 3375 3647 3447">
    <p class='ocr_par' dir='ltr' id='par_1_115' title="bbox 2288 3375 3647 3447">
     <span class='ocr_line' id='line_1_118' title="bbox 2288 3375 3647 3447; baseline -0.001 -15"><span class='ocrx_word' id='word_1_689' title='bbox 2288 3381 2416 3435; x_wconf 92' lang='lat' dir='ltr'><strong>Item</strong></span> <span class='ocrx_word' id='word_1_690' title='bbox 2440 3378 2697 3447; x_wconf 88' lang='lat' dir='ltr'><strong>opuscula</strong></span> <span class='ocrx_word' id='word_1_691' title='bbox 2756 3377 2816 3430; x_wconf 91' lang='grc' dir='ltr'><strong>Β.</strong></span> <span class='ocrx_word' id='word_1_692' title='bbox 2851 3375 3098 3447; x_wconf 82' lang='lat' dir='ltr'><strong>Prosperi</strong></span> <span class='ocrx_word' id='word_1_693' title='bbox 3125 3378 3218 3430; x_wconf 90' lang='lat' dir='ltr'><strong>viri</strong></span> <span class='ocrx_word' id='word_1_694' title='bbox 3241 3375 3647 3447; x_wconf 83' lang='lat' dir='ltr'><strong>religiosissimi.</strong></span> 
     </span>
    </p>
   </div>
   <div class='ocr_carea' id='block_1_116' title="bbox 2286 3446 3787 3517">
    <p class='ocr_par' dir='ltr' id='par_1_116' title="bbox 2286 3446 3787 3517">
     <span class='ocr_line' id='line_1_119' title="bbox 2286 3446 3787 3517; baseline -0.001 -13"><span class='ocrx_word' id='word_1_695' title='bbox 2286 3452 2417 3505; x_wconf 90' lang='lat' dir='ltr'><strong>Item</strong></span> <span class='ocrx_word' id='word_1_696' title='bbox 2463 3450 2742 3517; x_wconf 88' lang='lat' dir='ltr'><strong>epistolam</strong></span> <span class='ocrx_word' id='word_1_697' title='bbox 2802 3448 2861 3502; x_wconf 89' lang='grc' dir='ltr'><strong>Β.</strong></span> <span class='ocrx_word' id='word_1_698' title='bbox 2910 3447 3107 3501; x_wconf 88' lang='lat' dir='ltr'><strong>Leonis</strong></span> <span class='ocrx_word' id='word_1_699' title='bbox 3155 3462 3306 3516; x_wconf 66' lang='lat' dir='ltr'><strong>papae</strong></span> <span class='ocrx_word' id='word_1_700' title='bbox 3352 3446 3423 3500; x_wconf 85' lang='lat' dir='ltr'><strong>ad</strong></span> <span class='ocrx_word' id='word_1_701' title='bbox 3478 3446 3787 3503; x_wconf 86' lang='lat' dir='ltr'><strong>Flavianum</strong></span> 
     </span>
    </p>
   </div>
   <div class='ocr_carea' id='block_1_117' title="bbox 2213 3518 3787 3589">
    <p class='ocr_par' dir='ltr' id='par_1_117' title="bbox 2213 3518 3787 3589">
     <span class='ocr_line' id='line_1_120' title="bbox 2213 3518 3787 3589; baseline -0.001 -14"><span class='ocrx_word' id='word_1_702' title='bbox 2213 3518 2863 3589; x_wconf 85' lang='lat' dir='ltr'><strong>ConstantinOpolitanum</strong></span> <span class='ocrx_word' id='word_1_703' title='bbox 2892 3520 3201 3589; x_wconf 78' lang='lat' dir='ltr'><strong>episcopum</strong></span> <span class='ocrx_word' id='word_1_704' title='bbox 3231 3519 3550 3573; x_wconf 85' lang='lat' dir='ltr'><strong>destinatam</strong></span> <span class='ocrx_word' id='word_1_705' title='bbox 3579 3534 3623 3581; x_wconf 59' lang='lat'><strong>;\</strong></span> <span class='ocrx_word' id='word_1_706' title='bbox 3642 3520 3787 3587; x_wconf 88' lang='lat' dir='ltr'><strong>cujus</strong></span> 
     </span>
    </p>
   </div>
   <div class='ocr_carea' id='block_1_118' title="bbox 2214 3587 3787 3661">
    <p class='ocr_par' dir='ltr' id='par_1_118' title="bbox 2214 3587 3787 3661">
     <span class='ocr_line' id='line_1_121' title="bbox 2214 3587 3787 3661; baseline -0.001 -15"><span class='ocrx_word' id='word_1_707' title='bbox 2214 3602 2416 3646; x_wconf 86' lang='lat' dir='ltr'><strong>textum</strong></span> <span class='ocrx_word' id='word_1_708' title='bbox 2476 3587 2666 3661; x_wconf 58' lang='lat' dir='ltr'><strong>[alfde</strong></span> <span class='ocrx_word' id='word_1_709' title='bbox 2694 3590 2842 3657; x_wconf 89' lang='lat' dir='ltr'><strong>cujus</strong></span> <span class='ocrx_word' id='word_1_710' title='bbox 2892 3587 3077 3659; x_wconf 83' lang='lat' dir='ltr'><strong>textu]</strong></span> <span class='ocrx_word' id='word_1_711' title='bbox 3131 3590 3391 3659; x_wconf 85' lang='lat' dir='ltr'><strong>quispiam</strong></span> <span class='ocrx_word' id='word_1_712' title='bbox 3438 3590 3681 3661; x_wconf 71' lang='lat' dir='ltr'><strong>sitisque</strong></span> <span class='ocrx_word' id='word_1_713' title='bbox 3726 3590 3787 3644; x_wconf 84' lang='lat' dir='ltr'><strong>ad</strong></span> 
     </span>
    </p>
   </div>
   <div class='ocr_carea' id='block_1_119' title="bbox 2214 3660 3787 3729">
    <p class='ocr_par' dir='ltr' id='par_1_119' title="bbox 2214 3660 3787 3729">
     <span class='ocr_line' id='line_1_122' title="bbox 2214 3660 3787 3729; baseline -0.001 -13"><span class='ocrx_word' id='word_1_714' title='bbox 2214 3678 2374 3716; x_wconf 91' lang='lat' dir='ltr'><strong>unum</strong></span> <span class='ocrx_word' id='word_1_715' title='bbox 2398 3660 2504 3715; x_wconf 80' lang='lat' dir='ltr'><strong>iota</strong></span> <span class='ocrx_word' id='word_1_716' title='bbox 2534 3662 2900 3729; x_wconf 88' lang='lat' dir='ltr'><strong>disputaverit,</strong></span> <span class='ocrx_word' id='word_1_717' title='bbox 2929 3670 3113 3715; x_wconf 88' lang='lat' dir='ltr'><strong>etnon</strong></span> <span class='ocrx_word' id='word_1_718' title='bbox 3142 3675 3259 3714; x_wconf 89' lang='lat' dir='ltr'><strong>eam</strong></span> <span class='ocrx_word' id='word_1_719' title='bbox 3307 3663 3359 3714; x_wconf 88' lang='lat' dir='ltr'><strong>in</strong></span> <span class='ocrx_word' id='word_1_720' title='bbox 3409 3660 3659 3714; x_wconf 92' lang='lat' dir='ltr'><strong>omnibus</strong></span> <span class='ocrx_word' id='word_1_721' title='bbox 3703 3676 3787 3715; x_wconf 84' lang='lat' dir='ltr'><strong>ve-</strong></span> 
     </span>
    </p>
   </div>
   <div class='ocr_carea' id='block_1_120' title="bbox 2216 3732 3267 3799">
    <p class='ocr_par' dir='ltr' id='par_1_120' title="bbox 2216 3732 3267 3799">
     <span class='ocr_line' id='line_1_123' title="bbox 2216 3732 3267 3799; baseline -0.001 -12"><span class='ocrx_word' id='word_1_722' title='bbox 2216 3732 2527 3787; x_wconf 87' lang='lat' dir='ltr'><strong>nerabiliter</strong></span> <span class='ocrx_word' id='word_1_723' title='bbox 2554 3732 2840 3799; x_wconf 88' lang='lat' dir='ltr'><strong>receperit,</strong></span> <span class='ocrx_word' id='word_1_724' title='bbox 2875 3732 3153 3785; x_wconf 87' lang='lat' dir='ltr'><strong>anathema</strong></span> <span class='ocrx_word' id='word_1_725' title='bbox 3181 3732 3267 3786; x_wconf 89' lang='lat' dir='ltr'><strong>sit.</strong></span> 
     </span>
    </p>
   </div>
   <div class='ocr_carea' id='block_1_121' title="bbox 2286 3800 3788 3871">
    <p class='ocr_par' dir='ltr' id='par_1_121' title="bbox 2286 3800 3788 3871">
     <span class='ocr_line' id='line_1_124' title="bbox 2286 3800 3788 3871; baseline 0.001 -16"><span class='ocrx_word' id='word_1_726' title='bbox 2286 3802 2416 3858; x_wconf 88' lang='lat' dir='ltr'><strong>Item</strong></span> <span class='ocrx_word' id='word_1_727' title='bbox 2448 3803 2700 3871; x_wconf 90' lang='lat' dir='ltr'><strong>opuscula</strong></span> <span class='ocrx_word' id='word_1_728' title='bbox 2730 3814 2886 3871; x_wconf 88' lang='lat' dir='ltr'><strong>atque</strong></span> <span class='ocrx_word' id='word_1_729' title='bbox 2917 3810 3174 3855; x_wconf 78' lang='lat' dir='ltr'><strong>tractatus</strong></span> <span class='ocrx_word' id='word_1_730' title='bbox 3206 3802 3441 3857; x_wconf 91' lang='lat' dir='ltr'><strong>omnium</strong></span> <span class='ocrx_word' id='word_1_731' title='bbox 3465 3800 3788 3857; x_wconf 79' lang='lat' dir='ltr'><strong>orthodoxo-</strong></span> 
     </span>
    </p>
   </div>
   <div class='ocr_carea' id='block_1_122' title="bbox 2213 3872 3789 3941">
    <p class='ocr_par' dir='ltr' id='par_1_122' title="bbox 2213 3872 3789 3941">
     <span class='ocr_line' id='line_1_125' title="bbox 2213 3872 3789 3941; baseline 0 -13"><span class='ocrx_word' id='word_1_732' title='bbox 2213 3889 2330 3928; x_wconf 89' lang='lat' dir='ltr'><strong>rum</strong></span> <span class='ocrx_word' id='word_1_733' title='bbox 2359 3875 2574 3928; x_wconf 82' lang='lat' dir='ltr'><strong>Patrum</strong></span> <span class='ocrx_word' id='word_1_734' title='bbox 2596 3874 2684 3941; x_wconf 87' lang='lat' dir='ltr'><strong>qui</strong></span> <span class='ocrx_word' id='word_1_735' title='bbox 2714 3873 2765 3926; x_wconf 92' lang='lat' dir='ltr'><strong>in</strong></span> <span class='ocrx_word' id='word_1_736' title='bbox 2798 3872 2943 3929; x_wconf 91' lang='lat' dir='ltr'><strong>nullo</strong></span> <span class='ocrx_word' id='word_1_737' title='bbox 2972 3888 3000 3925; x_wconf 93' lang='lat' dir='ltr'><strong>a</strong></span> <span class='ocrx_word' id='word_1_738' title='bbox 3030 3882 3226 3927; x_wconf 60' lang='lat' dir='ltr'><strong>sancta:</strong></span> <span class='ocrx_word' id='word_1_739' title='bbox 3260 3873 3509 3927; x_wconf 65' lang='lat' dir='ltr'><strong>Ecclesia:</strong></span> <span class='ocrx_word' id='word_1_740' title='bbox 3542 3873 3789 3928; x_wconf 67' lang='lat' dir='ltr'><strong>Humana</strong></span> 
     </span>
    </p>
   </div>
   <div class='ocr_carea' id='block_1_123' title="bbox 2212 3942 3787 4012">
    <p class='ocr_par' dir='ltr' id='par_1_123' title="bbox 2212 3942 3787 4012">
     <span class='ocr_line' id='line_1_126' title="bbox 2212 3942 3787 4012; baseline -0.001 -12"><span class='ocrx_word' id='word_1_741' title='bbox 2212 3947 2483 4000; x_wconf 86' lang='lat' dir='ltr'><strong>consortio</strong></span> <span class='ocrx_word' id='word_1_742' title='bbox 2504 3946 2805 4009; x_wconf 89' lang='lat' dir='ltr'><strong>deviarunt,</strong></span> <span class='ocrx_word' id='word_1_743' title='bbox 2830 3959 2928 3999; x_wconf 90' lang='lat' dir='ltr'><strong>nec</strong></span> <span class='ocrx_word' id='word_1_744' title='bbox 2957 3944 3022 3997; x_wconf 92' lang='lat' dir='ltr'><strong>ab</strong></span> <span class='ocrx_word' id='word_1_745' title='bbox 3043 3944 3158 4012; x_wconf 81' lang='lat' dir='ltr'><strong>ejus</strong></span> <span class='ocrx_word' id='word_1_746' title='bbox 3181 3944 3283 3997; x_wconf 83' lang='lat' dir='ltr'><strong>ﬁde</strong></span> <span class='ocrx_word' id='word_1_747' title='bbox 3305 3945 3385 3997; x_wconf 87' lang='lat' dir='ltr'><strong>vel</strong></span> <span class='ocrx_word' id='word_1_748' title='bbox 3412 3942 3787 4010; x_wconf 83' lang='lat' dir='ltr'><strong>praedicatione</strong></span> 
     </span>
    </p>
   </div>
   <div class='ocr_carea' id='block_1_124' title="bbox 2213 4013 3788 4084">
    <p class='ocr_par' dir='ltr' id='par_1_124' title="bbox 2213 4013 3788 4084">
     <span class='ocr_line' id='line_1_127' title="bbox 2213 4013 3788 4084; baseline -0.001 -14"><span class='ocrx_word' id='word_1_749' title='bbox 2213 4018 2437 4084; x_wconf 90' lang='lat' dir='ltr'><strong>sejuncti</strong></span> <span class='ocrx_word' id='word_1_750' title='bbox 2459 4026 2620 4081; x_wconf 92' lang='lat' dir='ltr'><strong>sunt;</strong></span> <span class='ocrx_word' id='word_1_751' title='bbox 2652 4014 2742 4069; x_wconf 90' lang='lat' dir='ltr'><strong>sed</strong></span> <span class='ocrx_word' id='word_1_752' title='bbox 2775 4016 2943 4077; x_wconf 82' lang='lat' dir='ltr'><strong>ipsius</strong></span> <span class='ocrx_word' id='word_1_753' title='bbox 2971 4015 3359 4069; x_wconf 88' lang='lat' dir='ltr'><strong>communionis</strong></span> <span class='ocrx_word' id='word_1_754' title='bbox 3400 4013 3513 4084; x_wconf 82' lang='lat' dir='ltr'><strong>[aL</strong></span> <span class='ocrx_word' id='word_1_755' title='bbox 3549 4029 3788 4069; x_wconf 84' lang='lat' dir='ltr'><strong>commu-</strong></span> 
     </span>
    </p>
   </div>
   <div class='ocr_carea' id='block_1_125' title="bbox 2212 4085 3785 4157">
    <p class='ocr_par' dir='ltr' id='par_1_125' title="bbox 2212 4085 3785 4157">
     <span class='ocr_line' id='line_1_128' title="bbox 2212 4085 3785 4157; baseline -0.003 -15"><span class='ocrx_word' id='word_1_756' title='bbox 2212 4086 2515 4157; x_wconf 78' lang='lat' dir='ltr'><strong>nicationis]</strong></span> <span class='ocrx_word' id='word_1_757' title='bbox 2547 4103 2640 4157; x_wconf 89' lang='lat' dir='ltr'><strong>per</strong></span> <span class='ocrx_word' id='word_1_758' title='bbox 2666 4088 2889 4155; x_wconf 79' lang='lat' dir='ltr'><strong>gratiam</strong></span> <span class='ocrx_word' id='word_1_759' title='bbox 2923 4086 3035 4157; x_wconf 81' lang='lat' dir='ltr'><strong>Dei</strong></span> <span class='ocrx_word' id='word_1_760' title='bbox 3060 4102 3226 4154; x_wconf 86' lang='lat' dir='ltr'><strong>usque</strong></span> <span class='ocrx_word' id='word_1_761' title='bbox 3278 4086 3332 4157; x_wconf 81' lang='lat' dir='ltr'><strong>in</strong></span> <span class='ocrx_word' id='word_1_762' title='bbox 3356 4086 3599 4157; x_wconf 90' lang='lat' dir='ltr'><strong>ultimum</strong></span> <span class='ocrx_word' id='word_1_763' title='bbox 3648 4085 3785 4140; x_wconf 87' lang='lat' dir='ltr'><strong>diem</strong></span> 
     </span>
    </p>
   </div>
   <div class='ocr_carea' id='block_1_126' title="bbox 2210 4155 3659 4226">
    <p class='ocr_par' dir='ltr' id='par_1_126' title="bbox 2210 4155 3659 4226">
     <span class='ocr_line' id='line_1_129' title="bbox 2210 4155 3659 4226; baseline -0.005 -12"><span class='ocrx_word' id='word_1_764' title='bbox 2210 4163 2338 4214; x_wconf 69' lang='lat' dir='ltr'><strong>vitae</strong></span> <span class='ocrx_word' id='word_1_765' title='bbox 2369 4175 2477 4214; x_wconf 80' lang='lat' dir='ltr'><strong>suae</strong></span> <span class='ocrx_word' id='word_1_766' title='bbox 2509 4155 2656 4213; x_wconf 79' lang='lat' dir='ltr'><strong>luere</strong></span> <span class='ocrx_word' id='word_1_767' title='bbox 2686 4157 2995 4226; x_wconf 85' lang='lat' dir='ltr'><strong>participes,</strong></span> <span class='ocrx_word' id='word_1_768' title='bbox 3028 4155 3279 4225; x_wconf 77' lang='lat' dir='ltr'><strong>legendos</strong></span> <span class='ocrx_word' id='word_1_769' title='bbox 3301 4156 3659 4210; x_wconf 88' lang='lat' dir='ltr'><strong>decernimus.</strong></span> 
     </span>
    </p>
   </div>
   <div class='ocr_carea' id='block_1_127' title="bbox 2286 4226 3790 4295">
    <p class='ocr_par' dir='ltr' id='par_1_127' title="bbox 2286 4226 3790 4295">
     <span class='ocr_line' id='line_1_130' title="bbox 2286 4226 3790 4295; baseline -0.003 -11"><span class='ocrx_word' id='word_1_770' title='bbox 2286 4232 2414 4285; x_wconf 86' lang='lat' dir='ltr'><strong>Item</strong></span> <span class='ocrx_word' id='word_1_771' title='bbox 2443 4230 2741 4285; x_wconf 90' lang='lat' dir='ltr'><strong>decretales</strong></span> <span class='ocrx_word' id='word_1_772' title='bbox 2770 4228 3041 4295; x_wconf 89' lang='lat' dir='ltr'><strong>epistolas,</strong></span> <span class='ocrx_word' id='word_1_773' title='bbox 3069 4241 3198 4293; x_wconf 79' lang='lat' dir='ltr'><strong>quas</strong></span> <span class='ocrx_word' id='word_1_774' title='bbox 3220 4227 3508 4282; x_wconf 90' lang='lat' dir='ltr'><strong>beatissimi</strong></span> <span class='ocrx_word' id='word_1_775' title='bbox 3541 4240 3691 4294; x_wconf 66' lang='lat' dir='ltr'><strong>papae</strong></span> <span class='ocrx_word' id='word_1_776' title='bbox 3711 4226 3790 4279; x_wconf 71' lang='lat' dir='ltr'><strong>di~</strong></span> 
     </span>
    </p>
   </div>
   <div class='ocr_carea' id='block_1_128' title="bbox 2211 4296 3785 4368">
    <p class='ocr_par' dir='ltr' id='par_1_128' title="bbox 2211 4296 3785 4368">
     <span class='ocr_line' id='line_1_131' title="bbox 2211 4296 3785 4368; baseline -0.004 -14"><span class='ocrx_word' id='word_1_777' title='bbox 2211 4303 2379 4357; x_wconf 88' lang='lat' dir='ltr'><strong>versis</strong></span> <span class='ocrx_word' id='word_1_778' title='bbox 2411 4302 2739 4368; x_wconf 85' lang='lat' dir='ltr'><strong>temporibus</strong></span> <span class='ocrx_word' id='word_1_779' title='bbox 2766 4301 2832 4351; x_wconf 89' lang='lat' dir='ltr'><strong>ab</strong></span> <span class='ocrx_word' id='word_1_780' title='bbox 2860 4298 2989 4352; x_wconf 88' lang='lat' dir='ltr'><strong>urbe</strong></span> <span class='ocrx_word' id='word_1_781' title='bbox 3020 4296 3258 4352; x_wconf 83' lang='lat' dir='ltr'><strong>Romana</strong></span> <span class='ocrx_word' id='word_1_782' title='bbox 3311 4312 3406 4363; x_wconf 91' lang='lat' dir='ltr'><strong>pro</strong></span> <span class='ocrx_word' id='word_1_783' title='bbox 3454 4297 3785 4351; x_wconf 87' lang='lat' dir='ltr'><strong>diversorum</strong></span> 
     </span>
    </p>
   </div>
   <div class='ocr_carea' id='block_1_129' title="bbox 2211 4368 3787 4434">
    <p class='ocr_par' dir='ltr' id='par_1_129' title="bbox 2211 4368 3787 4434">
     <span class='ocr_line' id='line_1_132' title="bbox 2211 4368 3787 4434; baseline -0.004 -7"><span class='ocrx_word' id='word_1_784' title='bbox 2211 4372 2429 4427; x_wconf 83' lang='lat' dir='ltr'><strong>Patrum</strong></span> <span class='ocrx_word' id='word_1_785' title='bbox 2460 4374 2478 4403; x_wconf 83' lang='grc'><strong>⁷</strong></span> <span class='ocrx_word' id='word_1_786' title='bbox 2506 4371 2894 4425; x_wconf 88' lang='lat' dir='ltr'><strong>consultatione</strong></span> <span class='ocrx_word' id='word_1_787' title='bbox 2921 4368 3213 4434; x_wconf 87' lang='lat' dir='ltr'><strong>dederunt,</strong></span> <span class='ocrx_word' id='word_1_788' title='bbox 3245 4368 3622 4423; x_wconf 88' lang='lat' dir='ltr'><strong>venerabiliter</strong></span> <span class='ocrx_word' id='word_1_789' title='bbox 3648 4368 3787 4422; x_wconf 87' lang='lat' dir='ltr'><strong>reci-</strong></span> 
     </span>
    </p>
   </div>
   <div class='ocr_carea' id='block_1_130' title="bbox 2250 4443 2453 4496">
    <p class='ocr_par' dir='ltr' id='par_1_130' title="bbox 2250 4443 2453 4496">
     <span class='ocr_line' id='line_1_133' title="bbox 2250 4443 2453 4496; baseline -0.015 0"><span class='ocrx_word' id='word_1_790' title='bbox 2250 4443 2453 4496; x_wconf 88' lang='lat' dir='ltr'><strong>iendas.</strong></span> 
     </span>
    </p>
   </div>
   <div class='ocr_carea' id='block_1_131' title="bbox 2213 4458 3792 4582">
    <p class='ocr_par' dir='ltr' id='par_1_131' title="bbox 2213 4458 3792 4582">
     <span class='ocr_line' id='line_1_134' title="bbox 2290 4458 2453 4495; baseline 0.012 -4"><span class='ocrx_word' id='word_1_791' title='bbox 2290 4458 2453 4495; x_wconf 65' lang='lat' dir='ltr'><strong>,nuas.</strong></span> 
     </span>
     <span class='ocr_line' id='line_1_135' title="bbox 2213 4458 3792 4582; baseline -0.003 -17"><span class='ocrx_word' id='word_1_792' title='bbox 2213 4458 2415 4567; x_wconf 74' lang='lat' dir='ltr'><strong>puItem</strong></span> <span class='ocrx_word' id='word_1_793' title='bbox 2444 4518 2589 4580; x_wconf 82' lang='lat' dir='ltr'><strong>gesta</strong></span> <span class='ocrx_word' id='word_1_794' title='bbox 2620 4518 2928 4566; x_wconf 88' lang='lat' dir='ltr'><strong>sanctorum</strong></span> <span class='ocrx_word' id='word_1_795' title='bbox 2959 4510 3386 4582; x_wconf 62' lang='lat' dir='ltr'><strong>martyrum,qui</strong></span> <span class='ocrx_word' id='word_1_796' title='bbox 3416 4507 3792 4582; x_wconf 84' lang='lat' dir='ltr'><strong>multiplicibus</strong></span> 
     </span>
    </p>
   </div>
   <div class='ocr_carea' id='block_1_132' title="bbox 2216 4579 3792 4647">
    <p class='ocr_par' dir='ltr' id='par_1_132' title="bbox 2216 4579 3792 4647">
     <span class='ocr_line' id='line_1_136' title="bbox 2216 4579 3792 4647; baseline -0.006 -5"><span class='ocrx_word' id='word_1_797' title='bbox 2216 4579 2606 4642; x_wconf 84' lang='lat' dir='ltr'><strong>tormentorum</strong></span> <span class='ocrx_word' id='word_1_798' title='bbox 2639 4582 2960 4637; x_wconf 88' lang='lat' dir='ltr'><strong>cruciatibus</strong></span> <span class='ocrx_word' id='word_1_799' title='bbox 2979 4623 2994 4647; x_wconf 95' lang='lat'><strong>,</strong></span> <span class='ocrx_word' id='word_1_800' title='bbox 3040 4579 3113 4647; x_wconf 19' lang='lat' dir='ltr'><strong>et?</strong></span> <span class='ocrx_word' id='word_1_801' title='bbox 3142 4579 3471 4635; x_wconf 75' lang='lat' dir='ltr'><strong>mirabilibus</strong></span> <span class='ocrx_word' id='word_1_802' title='bbox 3501 4580 3792 4632; x_wconf 80' lang='lat' dir='ltr'><strong>confessio-</strong></span> 
     </span>
    </p>
   </div>
   <div class='ocr_carea' id='block_1_133' title="bbox 2221 4646 3792 4724">
    <p class='ocr_par' dir='ltr' id='par_1_133' title="bbox 2221 4646 3792 4724">
     <span class='ocr_line' id='line_1_137' title="bbox 2221 4646 3792 4724; baseline -0.006 -11"><span class='ocrx_word' id='word_1_803' title='bbox 2221 4672 2349 4713; x_wconf 89' lang='lat' dir='ltr'><strong>num</strong></span> <span class='ocrx_word' id='word_1_804' title='bbox 2384 4654 2668 4721; x_wconf 91' lang='lat' dir='ltr'><strong>triumphis</strong></span> <span class='ocrx_word' id='word_1_805' title='bbox 2700 4653 2953 4724; x_wconf 85' lang='lat' dir='ltr'><strong>irradiant</strong></span> <span class='ocrx_word' id='word_1_806' title='bbox 2985 4653 3080 4724; x_wconf 82' lang='grc' dir='ltr'><strong>[αι.</strong></span> <span class='ocrx_word' id='word_1_807' title='bbox 3104 4646 3479 4724; x_wconf 81' lang='lat' dir='ltr'><strong>illustrantur].</strong></span> <span class='ocrx_word' id='word_1_808' title='bbox 3512 4652 3541 4724; x_wconf 28' lang='lat'><strong>8‘</strong></span> <span class='ocrx_word' id='word_1_809' title='bbox 3563 4650 3693 4715; x_wconf 83' lang='lat' dir='ltr'><strong>Quis</strong></span> <span class='ocrx_word' id='word_1_810' title='bbox 3724 4652 3792 4724; x_wconf 73' lang='lat' dir='ltr'><strong>ita</strong></span> 
     </span>
    </p>
   </div>
   <div class='ocr_carea' id='block_1_134' title="bbox 2225 4719 3793 4789">
    <p class='ocr_par' dir='ltr' id='par_1_134' title="bbox 2225 4719 3793 4789">
     <span class='ocr_line' id='line_1_138' title="bbox 2225 4719 3793 4789; baseline -0.007 -5"><span class='ocrx_word' id='word_1_811' title='bbox 2225 4744 2347 4785; x_wconf 89' lang='lat' dir='ltr'><strong>esse</strong></span> <span class='ocrx_word' id='word_1_812' title='bbox 2395 4719 2778 4779; x_wconf 88' lang='lat' dir='ltr'><strong>catholicorum</strong></span> <span class='ocrx_word' id='word_1_813' title='bbox 2809 4719 3048 4788; x_wconf 82' lang='lat' dir='ltr'><strong>dubitet,</strong></span> <span class='ocrx_word' id='word_1_814' title='bbox 3082 4733 3135 4777; x_wconf 85' lang='lat' dir='ltr'><strong>et</strong></span> <span class='ocrx_word' id='word_1_815' title='bbox 3164 4722 3362 4789; x_wconf 87' lang='lat' dir='ltr'><strong>majora</strong></span> <span class='ocrx_word' id='word_1_816' title='bbox 3394 4719 3487 4775; x_wconf 86' lang='lat' dir='ltr'><strong>eos</strong></span> <span class='ocrx_word' id='word_1_817' title='bbox 3530 4720 3582 4773; x_wconf 91' lang='lat' dir='ltr'><strong>in</strong></span> <span class='ocrx_word' id='word_1_818' title='bbox 3613 4719 3793 4789; x_wconf 79' lang='lat' dir='ltr'><strong>agoni-</strong></span> 
     </span>
    </p>
   </div>
   <div class='ocr_carea' id='block_1_135' title="bbox 2227 4790 3795 4865">
    <p class='ocr_par' dir='ltr' id='par_1_135' title="bbox 2227 4790 3795 4865">
     <span class='ocr_line' id='line_1_139' title="bbox 2227 4790 3795 4865; baseline -0.006 -12"><span class='ocrx_word' id='word_1_819' title='bbox 2227 4800 2325 4855; x_wconf 93' lang='lat' dir='ltr'><strong>bus</strong></span> <span class='ocrx_word' id='word_1_820' title='bbox 2375 4798 2535 4852; x_wconf 83' lang='lat' dir='ltr'><strong>luisse</strong></span> <span class='ocrx_word' id='word_1_821' title='bbox 2565 4810 2867 4865; x_wconf 87' lang='lat' dir='ltr'><strong>perpessos,</strong></span> <span class='ocrx_word' id='word_1_822' title='bbox 2917 4808 3015 4847; x_wconf 83' lang='lat' dir='ltr'><strong>nec</strong></span> <span class='ocrx_word' id='word_1_823' title='bbox 3062 4794 3171 4865; x_wconf 80' lang='lat' dir='ltr'><strong>suis</strong></span> <span class='ocrx_word' id='word_1_824' title='bbox 3222 4792 3425 4865; x_wconf 76' lang='lat' dir='ltr'><strong>viribus</strong></span> <span class='ocrx_word' id='word_1_825' title='bbox 3441 4834 3470 4865; x_wconf 16' lang='grc' dir='ltr'><strong>,γ</strong></span> <span class='ocrx_word' id='word_1_826' title='bbox 3496 4790 3597 4865; x_wconf 76' lang='lat' dir='ltr'><strong>sed</strong></span> <span class='ocrx_word' id='word_1_827' title='bbox 3628 4790 3795 4859; x_wconf 83' lang='lat' dir='ltr'><strong>gratia</strong></span> 
     </span>
    </p>
   </div>
   <div class='ocr_carea' id='block_1_136' title="bbox 2226 4862 3793 4933">
    <p class='ocr_par' dir='ltr' id='par_1_136' title="bbox 2226 4862 3793 4933">
     <span class='ocr_line' id='line_1_140' title="bbox 2226 4862 3793 4933; baseline -0.007 -7"><span class='ocrx_word' id='word_1_828' title='bbox 2226 4871 2322 4925; x_wconf 91' lang='lat' dir='ltr'><strong>Dei</strong></span> <span class='ocrx_word' id='word_1_829' title='bbox 2353 4878 2407 4925; x_wconf 91' lang='lat' dir='ltr'><strong>et</strong></span> <span class='ocrx_word' id='word_1_830' title='bbox 2438 4862 2701 4933; x_wconf 74' lang='lat' dir='ltr'><strong>adiutorio</strong></span> <span class='ocrx_word' id='word_1_831' title='bbox 2727 4866 2973 4931; x_wconf 80' lang='lat' dir='ltr'><strong>universa</strong></span> <span class='ocrx_word' id='word_1_832' title='bbox 3005 4862 3294 4918; x_wconf 80' lang='lat' dir='ltr'><strong>tolerasse?</strong></span> <span class='ocrx_word' id='word_1_833' title='bbox 3325 4862 3429 4916; x_wconf 81' lang='lat' dir='ltr'><strong>Sed</strong></span> <span class='ocrx_word' id='word_1_834' title='bbox 3461 4862 3579 4915; x_wconf 89' lang='lat' dir='ltr'><strong>ideo</strong></span> <span class='ocrx_word' id='word_1_835' title='bbox 3606 4876 3793 4915; x_wconf 83' lang='lat' dir='ltr'><strong>secun-</strong></span> 
     </span>
    </p>
   </div>
   <div class='ocr_carea' id='block_1_137' title="bbox 2145 4932 3793 5005">
    <p class='ocr_par' dir='ltr' id='par_1_137' title="bbox 2145 4932 3793 5005">
     <span class='ocr_line' id='line_1_141' title="bbox 2145 4932 3793 5005; baseline -0.007 -9"><span class='ocrx_word' id='word_1_836' title='bbox 2145 4987 2149 4991; x_wconf 96' lang='lat'><strong>.</strong></span> <span class='ocrx_word' id='word_1_837' title='bbox 2224 4942 2349 4996; x_wconf 92' lang='lat' dir='ltr'><strong>dum</strong></span> <span class='ocrx_word' id='word_1_838' title='bbox 2380 4932 2655 5005; x_wconf 81' lang='lat' dir='ltr'><strong>antiquam</strong></span> <span class='ocrx_word' id='word_1_839' title='bbox 2682 4934 3118 4991; x_wconf 89' lang='lat' dir='ltr'><strong>consuetudinem</strong></span> <span class='ocrx_word' id='word_1_840' title='bbox 3163 4932 3262 5005; x_wconf 78' lang='grc' dir='ltr'><strong>[αι.</strong></span> <span class='ocrx_word' id='word_1_841' title='bbox 3288 4933 3449 4985; x_wconf 82' lang='lat' dir='ltr'><strong>addit.</strong></span> <span class='ocrx_word' id='word_1_842' title='bbox 3478 4942 3529 4985; x_wconf 91' lang='lat' dir='ltr'><strong>et</strong></span> <span class='ocrx_word' id='word_1_843' title='bbox 3558 4933 3793 5005; x_wconf 50' lang='lat' dir='ltr'><strong>singulas</strong></span> 
     </span>
    </p>
   </div>
   <div class='ocr_carea' id='block_1_138' title="bbox 2226 5001 3795 5075">
    <p class='ocr_par' dir='ltr' id='par_1_138' title="bbox 2226 5001 3795 5075">
     <span class='ocr_line' id='line_1_142' title="bbox 2226 5001 3795 5075; baseline -0.007 -11"><span class='ocrx_word' id='word_1_844' title='bbox 2226 5028 2336 5067; x_wconf 85' lang='lat' dir='ltr'><strong>rem</strong></span> <span class='ocrx_word' id='word_1_845' title='bbox 2368 5001 2689 5075; x_wconf 59' lang='lat' dir='ltr'><strong>cautelam],</strong></span> <span class='ocrx_word' id='word_1_846' title='bbox 2719 5006 2966 5073; x_wconf 75' lang='lat' dir='ltr'><strong>singulari</strong></span> <span class='ocrx_word' id='word_1_847' title='bbox 3009 5001 3214 5060; x_wconf 87' lang='lat' dir='ltr'><strong>cautela</strong></span> <span class='ocrx_word' id='word_1_848' title='bbox 3264 5006 3313 5056; x_wconf 91' lang='lat' dir='ltr'><strong>in</strong></span> <span class='ocrx_word' id='word_1_849' title='bbox 3347 5013 3533 5075; x_wconf 78' lang='lat' dir='ltr'><strong>sancta</strong></span> <span class='ocrx_word' id='word_1_850' title='bbox 3558 5001 3795 5059; x_wconf 83' lang='lat' dir='ltr'><strong>Romana</strong></span> 
     </span>
    </p>
   </div>
   <div class='ocr_carea' id='block_1_139' title="bbox 2230 5074 3796 5144">
    <p class='ocr_par' dir='ltr' id='par_1_139' title="bbox 2230 5074 3796 5144">
     <span class='ocr_line' id='line_1_143' title="bbox 2230 5074 3796 5144; baseline -0.009 -7"><span class='ocrx_word' id='word_1_851' title='bbox 2230 5082 2468 5138; x_wconf 87' lang='lat' dir='ltr'><strong>Ecclesia</strong></span> <span class='ocrx_word' id='word_1_852' title='bbox 2498 5094 2603 5132; x_wconf 92' lang='lat' dir='ltr'><strong>nou</strong></span> <span class='ocrx_word' id='word_1_853' title='bbox 2637 5074 2902 5144; x_wconf 82' lang='lat' dir='ltr'><strong>leguntur,</strong></span> <span class='ocrx_word' id='word_1_854' title='bbox 2933 5077 3055 5144; x_wconf 90' lang='lat' dir='ltr'><strong>quia</strong></span> <span class='ocrx_word' id='word_1_855' title='bbox 3102 5084 3156 5129; x_wconf 86' lang='lat' dir='ltr'><strong>et</strong></span> <span class='ocrx_word' id='word_1_856' title='bbox 3203 5090 3269 5129; x_wconf 91' lang='lat' dir='ltr'><strong>eo</strong></span> <span class='ocrx_word' id='word_1_857' title='bbox 3283 5090 3398 5129; x_wconf 90' lang='lat' dir='ltr'><strong>rum</strong></span> <span class='ocrx_word' id='word_1_858' title='bbox 3448 5074 3538 5141; x_wconf 84' lang='lat' dir='ltr'><strong>qui</strong></span> <span class='ocrx_word' id='word_1_859' title='bbox 3566 5076 3796 5144; x_wconf 62' lang='lat' dir='ltr'><strong>conseri.</strong></span> 
     </span>
    </p>
   </div>
   <div class='ocr_carea' id='block_1_140' title="bbox 2229 5143 3797 5224">
    <p class='ocr_par' dir='ltr' id='par_1_140' title="bbox 2229 5143 3797 5224">
     <span class='ocr_line' id='line_1_144' title="bbox 2229 5143 3797 5224; baseline -0.007 -16"><span class='ocrx_word' id='word_1_860' title='bbox 2229 5168 2386 5224; x_wconf 88' lang='lat' dir='ltr'><strong>psere</strong></span> <span class='ocrx_word' id='word_1_861' title='bbox 2415 5150 2626 5205; x_wconf 90' lang='lat' dir='ltr'><strong>nomina</strong></span> <span class='ocrx_word' id='word_1_862' title='bbox 2660 5148 2869 5217; x_wconf 91' lang='lat' dir='ltr'><strong>penitus</strong></span> <span class='ocrx_word' id='word_1_863' title='bbox 2903 5143 3209 5216; x_wconf 81' lang='lat' dir='ltr'><strong>ignorantur</strong></span> <span class='ocrx_word' id='word_1_864' title='bbox 3236 5163 3251 5201; x_wconf 85' lang='lat'><strong>:</strong></span> <span class='ocrx_word' id='word_1_865' title='bbox 3281 5156 3334 5200; x_wconf 90' lang='lat' dir='ltr'><strong>et</strong></span> <span class='ocrx_word' id='word_1_866' title='bbox 3381 5145 3448 5198; x_wconf 91' lang='lat' dir='ltr'><strong>ab</strong></span> <span class='ocrx_word' id='word_1_867' title='bbox 3496 5143 3797 5199; x_wconf 79' lang='lat' dir='ltr'><strong>inﬁdelibus</strong></span> 
     </span>
    </p>
   </div>
   <div class='ocr_carea' id='block_1_141' title="bbox 2228 5289 2667 5343">
    <p class='ocr_par' dir='ltr' id='par_1_141' title="bbox 2228 5289 2667 5343">
     <span class='ocr_line' id='line_1_145' title="bbox 2228 5289 2667 5343; baseline -0.014 0"><span class='ocrx_word' id='word_1_868' title='bbox 2228 5289 2371 5343; x_wconf 87' lang='lat' dir='ltr'><strong>data.</strong></span> <span class='ocrx_word' id='word_1_869' title='bbox 2406 5289 2667 5342; x_wconf 75' lang='lat' dir='ltr'><strong>&quot;ARDUIN.</strong></span> 
     </span>
    </p>
   </div>
   <div class='ocr_carea' id='block_1_142' title="bbox 2304 5353 3404 5424">
    <p class='ocr_par' dir='ltr' id='par_1_142' title="bbox 2304 5353 3404 5424">
     <span class='ocr_line' id='line_1_146' title="bbox 2304 5353 3404 5424; baseline -0.008 -11"><span class='ocrx_word' id='word_1_870' title='bbox 2304 5359 2323 5390; x_wconf 65' lang='lat'><strong>”</strong></span> <span class='ocrx_word' id='word_1_871' title='bbox 2346 5359 2590 5413; x_wconf 84' lang='lat' dir='ltr'><strong>Nicolaus</strong></span> <span class='ocrx_word' id='word_1_872' title='bbox 2622 5369 2753 5424; x_wconf 83' lang='lat' dir='ltr'><strong>papa</strong></span> <span class='ocrx_word' id='word_1_873' title='bbox 2785 5354 2905 5409; x_wconf 90' lang='lat' dir='ltr'><strong>loco</strong></span> <span class='ocrx_word' id='word_1_874' title='bbox 2929 5354 3109 5408; x_wconf 87' lang='lat' dir='ltr'><strong>citato.</strong></span> <span class='ocrx_word' id='word_1_875' title='bbox 3147 5353 3404 5407; x_wconf 65' lang='lat' dir='ltr'><strong>“annum.</strong></span> 
     </span>
    </p>
   </div>
   <div class='ocr_carea' id='block_1_143' title="bbox 2307 5424 3410 5495">
    <p class='ocr_par' dir='ltr' id='par_1_143' title="bbox 2307 5424 3410 5495">
     <span class='ocr_line' id='line_1_147' title="bbox 2307 5424 3410 5495; baseline -0.01 -11"><span class='ocrx_word' id='word_1_876' title='bbox 2307 5432 2327 5461; x_wconf 77' lang='grc'>⁸</span> <span class='ocrx_word' id='word_1_877' title='bbox 2356 5429 2603 5483; x_wconf 84' lang='lat' dir='ltr'><strong>Nicolaus</strong></span> <span class='ocrx_word' id='word_1_878' title='bbox 2628 5441 2759 5495; x_wconf 88' lang='lat' dir='ltr'><strong>papa</strong></span> <span class='ocrx_word' id='word_1_879' title='bbox 2792 5426 2909 5480; x_wconf 87' lang='lat' dir='ltr'><strong>Ioco</strong></span> <span class='ocrx_word' id='word_1_880' title='bbox 2934 5426 3116 5479; x_wconf 84' lang='lat' dir='ltr'><strong>citato.</strong></span> <span class='ocrx_word' id='word_1_881' title='bbox 3153 5424 3410 5477; x_wconf 70' lang='lat' dir='ltr'><strong>Humum.</strong></span> 
     </span>
    </p>
   </div>
   <div class='ocr_carea' id='block_1_144' title="bbox 2299 5495 3559 5554">
    <p class='ocr_par' dir='ltr' id='par_1_144' title="bbox 2299 5495 3559 5554">
     <span class='ocr_line' id='line_1_148' title="bbox 2299 5495 3559 5554; baseline -0.009 1"><span class='ocrx_word' id='word_1_882' title='bbox 2299 5502 2319 5531; x_wconf 80' lang='grc'>⁸</span> <span class='ocrx_word' id='word_1_883' title='bbox 2349 5499 2469 5554; x_wconf 88' lang='lat' dir='ltr'><strong>Alio</strong></span> <span class='ocrx_word' id='word_1_884' title='bbox 2497 5498 2685 5553; x_wconf 82' lang='lat' dir='ltr'><strong>ordine</strong></span> <span class='ocrx_word' id='word_1_885' title='bbox 2716 5507 3065 5551; x_wconf 88' lang='lat' dir='ltr'><strong>recensentur</strong></span> <span class='ocrx_word' id='word_1_886' title='bbox 3086 5498 3137 5548; x_wconf 93' lang='lat' dir='ltr'><strong>in</strong></span> <span class='ocrx_word' id='word_1_887' title='bbox 3168 5510 3267 5549; x_wconf 88' lang='lat' dir='ltr'><strong>ms.</strong></span> <span class='ocrx_word' id='word_1_888' title='bbox 3302 5495 3559 5547; x_wconf 74' lang='lat' dir='ltr'><strong>LABBEUS.</strong></span> 
     </span>
    </p>
   </div>
   <div class='ocr_carea' id='block_1_145' title="bbox 2300 5563 3798 5637">
    <p class='ocr_par' dir='ltr' id='par_1_145' title="bbox 2300 5563 3798 5637">
     <span class='ocr_line' id='line_1_149' title="bbox 2300 5563 3798 5637; baseline -0.01 -10"><span class='ocrx_word' id='word_1_889' title='bbox 2300 5572 2319 5603; x_wconf 89' lang='grc'><strong>⁷</strong></span> <span class='ocrx_word' id='word_1_890' title='bbox 2348 5570 2663 5626; x_wconf 82' lang='lat' dir='ltr'><strong>Hincmarns</strong></span> <span class='ocrx_word' id='word_1_891' title='bbox 2691 5576 2821 5622; x_wconf 92' lang='lat' dir='ltr'><strong>tom.</strong></span> <span class='ocrx_word' id='word_1_892' title='bbox 2852 5569 2916 5632; x_wconf 93' lang='lat' dir='ltr'><strong>II,</strong></span> <span class='ocrx_word' id='word_1_893' title='bbox 2951 5583 3069 5637; x_wconf 84' lang='lat' dir='ltr'><strong>pag.</strong></span> <span class='ocrx_word' id='word_1_894' title='bbox 3096 5567 3222 5627; x_wconf 69' lang='grc' dir='ltr'>διδ,</span> <span class='ocrx_word' id='word_1_895' title='bbox 3256 5566 3378 5634; x_wconf 85' lang='lat' dir='ltr'><strong>legit</strong></span> <span class='ocrx_word' id='word_1_896' title='bbox 3427 5563 3798 5637; x_wconf 75' lang='lat' dir='ltr'><strong>consolatione,</strong></span> 
     </span>
    </p>
   </div>
   <div class='ocr_carea' id='block_1_146' title="bbox 2229 5635 3799 5774">
    <p class='ocr_par' dir='ltr' id='par_1_146' title="bbox 2229 5635 3799 5774">
     <span class='ocr_line' id='line_1_150' title="bbox 2229 5635 3717 5714; baseline -0.01 -17"><span class='ocrx_word' id='word_1_897' title='bbox 2229 5657 2349 5714; x_wconf 91' lang='lat' dir='ltr'><strong>pag.</strong></span> <span class='ocrx_word' id='word_1_898' title='bbox 2384 5641 2507 5699; x_wconf 69' lang='lat'><strong>545.</strong></span> <span class='ocrx_word' id='word_1_899' title='bbox 2544 5640 2889 5694; x_wconf 83' lang='lat' dir='ltr'><strong>consolatione</strong></span> <span class='ocrx_word' id='word_1_900' title='bbox 2915 5639 2996 5691; x_wconf 91' lang='lat' dir='ltr'><strong>vel</strong></span> <span class='ocrx_word' id='word_1_901' title='bbox 3024 5635 3421 5691; x_wconf 76' lang='lat' dir='ltr'><strong>consultatione.</strong></span> <span class='ocrx_word' id='word_1_902' title='bbox 3456 5635 3717 5687; x_wconf 64' lang='lat' dir='ltr'><strong>Ilauomu.</strong></span> 
     </span>
     <span class='ocr_line' id='line_1_151' title="bbox 2302 5703 3799 5774; baseline -0.008 -7"><span class='ocrx_word' id='word_1_903' title='bbox 2302 5715 2322 5745; x_wconf 83' lang='grc'>⁸</span> <span class='ocrx_word' id='word_1_904' title='bbox 2353 5712 2460 5774; x_wconf 82' lang='lat' dir='ltr'><strong>AL,</strong></span> <span class='ocrx_word' id='word_1_905' title='bbox 2508 5710 2634 5774; x_wconf 83' lang='lat' dir='ltr'><strong>Quis</strong></span> <span class='ocrx_word' id='word_1_906' title='bbox 2662 5712 2761 5764; x_wconf 87' lang='lat' dir='ltr'><strong>ista</strong></span> <span class='ocrx_word' id='word_1_907' title='bbox 2790 5708 3153 5762; x_wconf 80' lang='lat' dir='ltr'><strong>catholicorum</strong></span> <span class='ocrx_word' id='word_1_908' title='bbox 3179 5708 3393 5772; x_wconf 82' lang='lat' dir='ltr'><strong>dubitet,</strong></span> <span class='ocrx_word' id='word_1_909' title='bbox 3419 5705 3523 5769; x_wconf 82' lang='lat' dir='ltr'><strong>vel,</strong></span> <span class='ocrx_word' id='word_1_910' title='bbox 3557 5703 3684 5770; x_wconf 84' lang='lat' dir='ltr'><strong>Quis</strong></span> <span class='ocrx_word' id='word_1_911' title='bbox 3722 5719 3799 5756; x_wconf 82' lang='lat' dir='ltr'><strong>ca-</strong></span> 
     </span>
    </p>
   </div>
   <div class='ocr_carea' id='block_1_147' title="bbox 2233 5745 3523 5849">
    <p class='ocr_par' dir='ltr' id='par_1_147' title="bbox 2233 5745 3523 5849">
     <span class='ocr_line' id='line_1_152' title="bbox 2353 5745 3523 5777; baseline -0.008 -10"><span class='ocrx_word' id='word_1_912' title='bbox 2353 5745 2460 5777; x_wconf 74' lang='lat' dir='ltr'><strong>nto,</strong></span> <span class='ocrx_word' id='word_1_913' title='bbox 2508 5745 2634 5774; x_wconf 57' lang='lat' dir='ltr'><strong>guto</strong></span> <span class='ocrx_word' id='word_1_914' title='bbox 2664 5745 2761 5764; x_wconf 67' lang='lat' dir='ltr'><strong>sum</strong></span> <span class='ocrx_word' id='word_1_915' title='bbox 2790 5745 3153 5762; x_wconf 72' lang='grc' dir='ltr'><strong>ιιιιηυηυυιευη</strong></span> <span class='ocrx_word' id='word_1_916' title='bbox 3179 5745 3393 5772; x_wconf 68' lang='grc' dir='ltr'><strong>ιιιιυιιιν,</strong></span> <span class='ocrx_word' id='word_1_917' title='bbox 3428 5745 3523 5769; x_wconf 61' lang='lat' dir='ltr'><strong>vv”</strong></span> 
     </span>
     <span class='ocr_line' id='line_1_153' title="bbox 2233 5780 3343 5849; baseline -0.007 -12"><span class='ocrx_word' id='word_1_918' title='bbox 2233 5784 2453 5837; x_wconf 77' lang='lat' dir='ltr'><strong>tltolicus</strong></span> <span class='ocrx_word' id='word_1_919' title='bbox 2484 5781 2679 5836; x_wconf 83' lang='lat' dir='ltr'><strong>dubitat</strong></span> <span class='ocrx_word' id='word_1_920' title='bbox 2710 5783 2926 5849; x_wconf 87' lang='lat' dir='ltr'><strong>majora,</strong></span> <span class='ocrx_word' id='word_1_921' title='bbox 2952 5789 3057 5834; x_wconf 82' lang='lat' dir='ltr'><strong>etc.</strong></span> <span class='ocrx_word' id='word_1_922' title='bbox 3086 5780 3343 5833; x_wconf 69' lang='lat' dir='ltr'><strong>LABIEUS.</strong></span> 
     </span>
    </p>
   </div>
  </div>
