4092 6350
310 319 411 378 169

677 450 974 496 LUCBNBI.

307 560 799 687 atque'venerando
827 559 1096 630 triumpho
1120 559 1348 629 ιρι-πια-

329 648 460 687 erun
490 671 504 686 .

329 640 504 687 erunt.

382 702 655 773 Estiergo
711 701 875 772 prima
916 701 1060 757 Petri
1113 700 1350 773 apostoli

309 774 466 829 sedes
495 771 734 828 Romana
758 773 993 829 Ecclesia
1014 787 1118 827 non
1147 771 1348 829 habens

310 843 573 915 maculam
599 884 614 909 ,
655 858 827 915 neque
859 858 1074 914 rugam,
1105 858 1206 900 nec
1242 843 1346 899 ali-

308 914 438 986 quid
455 915 737 983 ejusmodi.

382 986 628 1041 Secunda
650 994 829 1041 autem
848 984 1004 1041 sedes
1022 984 1160 1056 apud
1182 984 1347 1042 Alex-

308 1057 553 1112 andriam
592 1056 653 1111 Β.
690 1056 831 1112 Petri
860 1057 1062 1111 nomine
1100 1072 1129 1110 a
1167 1058 1347 1111 Marco

308 1127 429 1197 ejus
457 1127 720 1197 discipqu
764 1136 818 1182 et
861 1127 1187 1197 evangelista
1218 1141 1348 1183 con-

310 1209 520 1254 secrata
559 1207 659 1268 est.
687 1198 908 1268 Ipseque
952 1213 980 1251 a
1026 1198 1181 1253 Petro
1220 1211 1349 1268 apo-

309 1269 450 1323 stolo
479 1269 531 1323 in
562 1267 793 1339 [Egypto
819 1269 1051 1323 directus
1076 1310 1090 1333 ,
1126 1269 1345 1324 verbum

311 1340 552 1394 veritatis
600 1340 905 1408 prmdicavit
958 1348 1013 1394 et
1057 1339 1344 1409 gloriosum

312 1412 648 1465 consecravit
690 1409 867 1482 [manu
908 1412 1113 1477 antiqua
1144 1411 1349 1481 corrigi-

314 1490 408 1552 turi
419 1480 836 1552 consummavit]
859 1482 1194 1551 martyrium.

385 1551 562 1606 Tertia
594 1568 720 1607 vero
749 1551 902 1607 sedes
933 1554 952 1583 ¹
985 1552 1124 1621 apud
1154 1552 1345 1607 Antio-

314 1621 491 1694 chiam
509 1624 735 1694 ejusdem
756 1622 1045 1677 beatissimi
1069 1622 1209 1677 Petri
1228 1638 1349 1692 apo-

315 1692 443 1747 stoli
486 1692 710 1747 habetur
741 1694 1089 1756 honorabilis,
1118 1708 1183 1746 eo
1209 1694 1351 1763 quod

316 1763 505 1816 ibidem
543 1765 689 1831 prius
718 1779 875 1831 quam
925 1763 1089 1817 Roma
1121 1765 1355 1818 venisset

321 1833 580 1902 habitavit
597 1833 683 1887 et’
702 1834 896 1888 ibidem
912 1835 1139 1902 primum
1161 1847 1355 1888 nomen

322 1900 752 2025 Christianorum
764 1900 989 1959 novellae
1006 1905 1180 1973 gentis
1210 1919 1359 1959 exor-

347 1988 434 2025 um
461 1984 551 2025 est.

347 1988 434 2025 um
461 1984 551 2028 εει.

394 2124 457 2195 Et
490 2128 731 2195 quamvis
767 2128 911 2183 aliud
953 2130 1352 2186 fundamentum

321 2193 495 2273 nulius
509 2193 687 2264 possit
706 2213 903 2273 ponere
920 2210 1112 2273 praeter
1142 2201 1195 2256 id
1213 2203 1353 2273 quod

394 2265 551 2320 situm
592 2278 669 2323 est
696 2265 718 2335 ,'
745 2269 765 2299 ⁸
806 2265 945 2340 quod
989 2283 1069 2326 est
1113 2265 1356 2329 Christus

353 2349 498 2405 esus,
524 2346 697 2393 tamen
716 2341 782 2394 ad
805 2341 1211 2397 :editicatiunem
1233 2358 1357 2399 san-

319 2415 484 2484 etam,
517 2408 560 2484 'h
587 2410 718 2465 idem
755 2411 929 2484 [manu
979 2414 1187 2484 antiqua
1212 2429 1358 2469 eam-

320 2476 465 2558 iiem]
479 2548 513 2558 η
535 2476 867 2558 Itomanam__
880 2476 1171 2558 Ecclesiam
1238 2494 1360 2558 post

321 2546 679 2624 illas’Veteris
712 2555 794 2608 vel
826 2552 957 2608 Novi
988 2546 1316 2612 Testameiili
1339 2598 1356 2624 ,

320 2632 466 2700 quas.
486 2619 853 2700 {regulariter
866 2626 1185 2700 suscipimus
1196 2619 1357 2683 etiam

325 2692 525 2766 _suscipi
581 2710 685 2748 non
742 2696 988 2765 prohibet
1013 2692 1355 2766 'Stzripturas.

323 2759 343 2790 ν
360 2760 416 2813 Id
434 2759 517 2837 est
538 2759 774 2821 sanctam
790 2768 1049 2837 synodum
1069 2759 1357 2825 Nicbenam

325 2833 604 2887 secundum
656 2833 1015 2892 trecentorum
1072 2842 1257 2895 decem
1306 2852 1360 2896 et

324 2911 447 2982 octo
490 2906 842 2982 episcOporum
878 2910 898 2940 ⁸
941 2908 1118 2982 [manu
1147 2913 1361 2982 antiqua

327 2974 530 3055 ponitur
562 2974 798 3055 [fatrum]
839 2974 1107 3039 mediante
1134 2974 1363 3039 Maximo

330 3045 677 3102 Constantino
716 3045 972 3120 Augusto.

401 3517 650 3572 Sanctam
711 3512 995 3588 synodum,
1044 3514 1325 3588 Epimiam
1349 3562 1365 3588 ,

328 3587 507 3715 kmana
555 3586 765 3658 antiqua
804 3586 1152 3659 Ephesinam]
1183 3589 1233 3643 in
1265 3586 1366 3659 qua

381 3658 609 3715 estorius
628 3659 907 3713 damnatus
928 3668 1032 3715 est.
1052 3662 1072 3692 °
1094 3675 1210 3713 cum
1238 3675 1366 3715 con-

381 3658 609 3715 estorius
628 3659 907 3713 damnatus
928 3668 1032 3725 est,
1052 3662 1072 3692 °
1094 3658 1210 3713 cum
1238 3658 1367 3715 con-

328 3745 492 3801 sensu
522 3728 1017 3801 “ibeatiiCtelestini
1040 3745 1190 3801 papae
1208 3772 1222 3797 ,
1256 3747 1368 3788 me-

329 3800 517 3855 diante
546 3799 782 3870 Cheryllo
822 3796 1195 3856 Alexandrinae
1224 3804 1368 3858 sedis

329 3872 594 3942 antistite,
649 3882 703 3926 et
747 3872 974 3928 Arcadio
1015 3872 1253 3942 episcopo
1302 3876 1370 3929 ab

331 3941 484 3997 Italia
513 3942 797 3997 destinato.

408 4012 655 4066 Sanctam
688 4013 948 4083 synodum
978 4012 1389 4071 Chalcedonenl

332 4097 476 4149 sem,
499 4084 767 4155 mediante
800 4085 1064 4155 Marciano
1094 4087 1331 4155 Augusto
1360 4127 1373 4149 ,

334 4163 395 4208 et
456 4154 741 4209 Anatholio
787 4152 1377 4224 Constantinopolitano

337 4224 616 4296 episcopo,
641 4225 693 4280 in
725 4241 827 4295 qua
856 4224 1168 4280 Nestoriana
1189 4238 1242 4280 et
1270 4227 1378 4280 Eu-

342 4294 539 4348 ticiana
568 4294 788 4351 haeresis
824 4297 979 4350 simul
1013 4310 1132 4350 cum
1164 4296 1379 4352 Diosco-

334 4380 422 4491 i'o,
454 4368 673 4437 ejusque
700 4368 1048 4439 complicibus
1083 4368 1123 4398 “
1157 4366 1378 4423 damna-

361 4452 421 4490 us
445 4446 541 4491 est.

361 4452 421 4490 ω
445 4446 541 4492 εει.

415 5090 731 5164 "Opttscula
752 5093 810 5147 Β.
828 5091 1224 5164 CiciIiCipriani
1242 5113 1385 5156 mar-

336 5164 476 5235 tyris
496 5162 550 5219 et
580 5162 991 5234 Cartltagincnsis
1018 5162 1275 5239 episcopi.

417 5339 433 5412 ε
464 5337 608 5412 Idem
634 5339 779 5412 cod.,
812 5344 1146 5412 pertulerunt.

414 5411 437 5481 ξ
468 5410 611 5465 Idem
634 5411 753 5467 cod.
772 5452 786 5477 ,
812 5410 1091 5472 Antiochiae
1118 5417 1417 5481 beatissimi.

419 5479 442 5510 ³
473 5481 617 5536 Idem
644 5483 789 5550 cod.,
808 5483 936 5540 illic.

417 5551 440 5631 ξ
467 5553 524 5631 in
548 5552 742 5631 eodem
767 5555 887 5610 cod.
911 5557 1063 5615 deest
1090 5562 1226 5631 quod
1252 5576 1345 5621 est.

419 5623 440 5655 '
472 5622 614 5678 Idem
645 5625 789 5691 cod.,
808 5638 1008 5683 sancta.

418 5694 439 5768 ξ
466 5693 610 5768 idem
638 5695 784 5761 cod.,
805 5701 1036 5768 superius
1058 5709 1476 5768 enumerabimus.

419 5765 439 5797 "
470 5765 612 5820 Idem
640 5770 760 5820 cod.
794 5765 896 5822 non
929 5769 1089 5828 habet
1116 5776 1169 5828 id
1195 5790 1286 5836 est.

590 5860 861 5924 Parnoc.
907 5861 1071 5927 LIX.

834 316 1168 380 APPENDIX
1206 314 1480 375 TERTIA.
1522 313 1835 373 CONCILIA
1873 313 2184 384 QUIEDAM
2224 318 2265 373 Α
2309 316 2601 375 GELASIO
2639 312 3075 373 CELEBRATA.

1547 450 1913 498 VATICANUH
1952 450 2298 497 FONTANINI
2309 478 2322 493 .

1495 712 1605 783 Est
1642 726 1772 783 ergo
1816 708 1985 783 prima
2033 708 2176 783 Petri
2235 706 2460 783 apostoli

1422 784 1567 842 sedis
1591 780 1831 840 Romana
1856 782 2088 838 Ecclesia
2120 793 2223 834 non
2258 780 2459 835 habens

1421 854 1707 920 maculam,
1754 867 1852 911 nec
1886 867 2071 923 rugam
2093 893 2107 919 ,
2136 865 2235 906 nec
2260 848 2458 922 aliquid

1421 926 1703 997 ejusmodi.

1492 998 1738 1054 Secunda
1764 1003 1941 1051 autem
1983 993 2127 1050 sedis
2156 992 2293 1062 apud
2332 992 2458 1046 Ale-

1420 1070 1718 1134 xandriam,
1779 1066 1917 1121 beati
1969 1064 2112 1120 Petri
2156 1079 2370 1134 nomen,
2430 1078 2460 1117 a

1420 1143 1598 1197 Marco
1651 1133 1770 1208 ejus
1823 1136 2083 1208 discipulo
2132 1133 2459 1208 evangelista

1421 1204 1732 1270 consecraia
1784 1215 1884 1264 est.
1948 1204 2172 1277 Ipseque
2222 1220 2253 1258 a
2305 1204 2462 1259 Petro

1423 1282 1665 1354 apostolo
1686 1280 1748 1354 _in
1782 1278 2280 1354 {Egypttrdirectus
2298 1316 2313 1341 ,
2344 1290 2463 1354 ver-

1420 1347 1546 1409 bum
1588 1351 1826 1407 veritatis
1861 1347 2194 1418 praedicavit,
2248 1358 2300 1401 et
2343 1347 2461 1415 glo-

1422 1426 1621 1480 riosum
1645 1420 2031 1478 consummavit
2054 1419 2387 1489 martyrium.

1490 1562 1665 1618 Tertia
1719 1575 1846 1615 vero
1895 1559 2038 1615 sedis
2091 1555 2229 1623 apud
2277 1553 2463 1609 Antio-

1424 1634 1598 1689 chiam
1632 1634 1756 1687 item
1788 1630 2079 1685 beatissimi
2126 1627 2267 1681 Petri
2320 1628 2462 1694 Apo-

1425 1705 1548 1759 stoli
1581 1703 1804 1756 habetur
1836 1698 2183 1759 honorabilis.
2220 1712 2283 1750 eo
2322 1697 2461 1765 quod

1427 1775 1535 1828 illic
1584 1774 1929 1842 priusquam
1968 1770 2193 1842 Romam
2236 1768 2466 1820 venisset

1431 1838 1726 1905 habitavit,
1777 1838 1831 1896 et
1872 1842 1981 1895 illic
2013 1838 2240 1906 primum
2272 1851 2465 1890 nomen

1430 1914 1853 1968 Christianorum
1878 1910 2099 1967 novella:
2116 1909 2288 1979 gentis
2308 1920 2468 1962 exor-

1436 1993 1519 2039 ωε
1544 1993 1643 2039 εει.
1914 2051 1955 2105 Π

1500 2146 1565 2200 Et
1604 2144 1845 2215 quamvis
1886 2141 2029 2199 aliud
2062 2140 2466 2215 fundamentum

1428 2211 1635 2272 nullus'
1677 2218 1843 2284 possit
1902 2228 2102 2281 ponere
2137 2221 2359 2284 praeter
2401 2211 2467 2284 _id

1427 2287 1568 2358 quod
1614 2280 1841 2355 positum
1868 2280 1979 2351 est,
2011 2280 2259 2358 quodest
2289 2280 2471 2358 Chris—

1432 2352 1515 2412 tus
1571 2352 1773 2421 Iesus;
1828 2352 2469 2412 tamen'mditicationem

1430 2439 1669 2483 sanctam
1690 2430 1827 2482 idem
1853 2428 2145 2481 Romanam
2179 2422 2471 2478 Ecclesiam

1433 2508 1556 2569 post
1602 2499 1719 2554 illas
1751 2497 1960 2554 Veteris
1991 2497 2072 2551 vel
2123 2495 2266 2569 Novi
2285 2494 2475 2569 Testa-

1435 2566 1596 2625 inenti
1618 2612 1632 2637 ,
1650 2584 1782 2640 quas
1798 2569 2116 2640 regulariter
2129 2566 2472 2640 suscipimus,

1433 2640 1592 2697 etiam
1617 2635 1813 2710 suscipi
1843 2635 1945 2694 non
1969 2638 2215 2710 prohibet
2235 2635 2477 2710 Scriptu-

1435 2727 1539 2766 ras.
1566 2712 1623 2767 Id
1653 2721 1735 2766 est
1763 2705 2000 2781 Sanctam
2032 2707 2294 2781 synodum
2321 2705 2473 2758 Nice-

1435 2798 1557 2837 nam
1605 2781 1851 2838 CCCrum
1886 2780 1951 2835 Χ.
1983 2788 2037 2836 et
2063 2777 2193 2833 VIII.
2232 2777 2471 2843 Patrum,

1436 2854 1703 2911 mediante
1737 2853 1968 2909 Maximo
1994 2850 2349 2929 Constantino
2363 2846 2476 2901 Au-

1512 3522 1760 3578 Sanctatn
1788 3521 2050 3579 senodum
2098 3523 2377 3590 Eﬁsinam,
2424 3525 2477 3580 in

1439 3606 1544 3664 qua
1573 3593 1848 3664 Nestorius
1880 3593 2163 3651 damnatus
2201 3607 2283 3652 est
2305 3638 2320 3663 ,
2352 3610 2483 3651 cono

1440 3663 1599 3736 sensu
1654 3663 1926 3721 Coelestini
1984 3681 2153 3736 papm,
2209 3668 2482 3723 mediante

1440 3734 1623 3790 Cirillo
1636 3735 2013 3808 Alexandrina:
2035 3734 2179 3792 sedis
2205 3740 2481 3808 antestite,

1440 3814 1495 3861 et
1522 3807 1749 3864 Arcadio
1779 3808 1847 3863 ab
1874 3808 2020 3864 Italia
2043 3809 2314 3866 distinato.

1521 4006 1770 4063 Sanctam
1820 4008 2081 4079 synodum
2118 4008 2486 4068 Calcedonena

1449 4091 1586 4152 sem,
1628 4079 2202 4152 medianteAMarciano
2252 4084 2490 4152 Augusto

1451 4155 1531 4219 et_
1556 4148 1844 4202 Anatholio
1896 4148 2490 4219 Constantinopolitano

1451 4217 1722 4286 episcopo,
1768 4220 1821 4271 in
1863 4233 1967 4287 qua
2007 4217 2351 4287 Nestoriaiia,
2384 4228 2494 4277 An-

1453 4287 1738 4351 tiochiana,
1784 4298 1839 4341 et
1880 4288 2244 4344 Euticbiciana
2275 4295 2492 4349 hereses

1451 4358 1610 4433 simul
1640 4372 1759 4433 cum
1791 4358 2069 4424 Dioscoro,
2097 4362 2315 4433 ejusque
2345 4379 2494 4420 cont-

1453 4430 1677 4500 plicibus
1705 4432 1971 4487 damnatae
1993 4430 2139 4493 sunt.

1540 4875 1795 4948 Incipiunt
1819 4786 2065 4949 apuslgtia
2093 4879 2405 4949 recipienda.

1531 5102 1660 5158 Item
1680 5105 1937 5181 opuscula
1959 5105 2274 5181 beati_Cicili
2293 5110 2507 5181 Cipria-

3472 316 3563 373 I70

2692 446 2971 494 sanasse
3013 430 3403 490 cuinam.

2607 703 2703 759 Est
2731 717 2859 773 ergo
2881 701 3049 773 prima
3070 698 3212 758 Petri
3240 699 3466 773 apostoli
3490 715 3567 756 se-

2536 772 2631 830 des
2658 771 2894 828 Romana
2926 772 3164 828 Ecclesia
3185 812 3199 837 ,
3232 785 3338 826 non
3368 771 3569 828 habens

2533 843 2815 907 maculam,
2864 857 3037 912 neque
3082 856 3287 912 rugam,
3329 856 3430 898 nec
3472 842 3571 897 ali-

2532 913 2657 986 quid
2686 912 3005 986 hujusmodi.

2603 983 2848 1040 Secunda
2871 991 3048 1038 autem
3064 982 3221 1037 sedes
3244 982 3384 1050 apud
3410 982 3569 1038 Alex-

2532 1055 2773 1111 andriam
2850 1053 2985 1107 beati
3059 1052 3204 1105 Petri
3262 1052 3477 1107 nomine
3540 1069 3569 1105 a

2534 1128 2709 1180 Marco
2741 1125 2857 1194 ejus
2885 1122 3147 1191 discipulo
3174 1162 3187 1186 ,
3220 1132 3379 1194 atque
3405 1138 3573 1177 evan-

2535 1197 2723 1267 gelista
2771 1191 3084 1267 consecrata
3117 1203 3227 1267 est.
3263 1191 3572 1267 Ipsequcin

2538 1262 2773 1338 Egypto
2801 1264 3036 1338 directus
3065 1276 3095 1315 a
3117 1262 3277 1338 Petro
3296 1262 3575 1338 Apostolo.

2537 1331 2756 1393 verbum
2818 1334 3061 1391 veritatis
3116 1331 3424 1400 prmdicavit
3456 1372 3469 1393 ,
3525 1342 3577 1385 et

2536 1410 2827 1479 gloriosum
2901 1403 3294 1459 consummavit
3376 1410 3578 1471 marty-

2538 1495 2695 1534 I‘Illm.

2609 1548 2791 1603 'I‘crtia
2838 1560 2965 1601 vero
3006 1542 3163 1599 Sedes
3207 1542 3346 1612 apud
3388 1542 3578 1596 Antio-

2536 1620 2712 1675 chiam
2744 1620 2869 1672 item
2889 1614 3184 1671 beatissimi
3214 1612 3456 1683 Apostoli
3484 1612 3580 1665 Pe-

2543 1692 2610 1745 tri
2642 1691 2867 1743 habetur
2908 1685 3263 1743 honorabilis.
3307 1700 3371 1738 eo
3403 1683 3544 1752 quod
3566 1724 3579 1745 ,

2547 1761 2656 1814 illic
2700 1756 3273 1827 priusquamukomam
3307 1758 3580 1817 venisset,

2550 1825 2812 1883 habitavit
2837 1825 2952 1881 {et
2987 1825 3097 1880 illic
3126 1825 3349 1893 primum
3390 1838 3582 1877 nomen

2550 1898 2977 1953 Christianorum
3000 1896 3225 1949 novellae
3238 1894 3412 1965 gentis
3429 1906 3584 1949 exor-

2546 1979 2657 2025 ιιιω
2688 1980 2789 2024 εει.

2616 2134 2683 2187 Et
2722 2130 2967 2202 quamvis
3006 2128 3143 2182 aliud
3184 2126 3585 2202 fundamentum

2543 2204 2722 2258 nullus
2739 2196 2913 2271 potuit
2938 2214 3135 2271 ponere
3157 2209 3349 2271 printer
3368 2198 3416 2250 id
3440 2196 3582 2271 quod

2546 2267 2774 2345 positum
2802 2282 2885 2326 est
2906 2313 2919 2334 ,
2939 2267 3091 2345 quod
3113 2277 3197 2345 est
3225 2268 3469 2345 Christus
3497 2267 3587 2323 Je-

2545 2339 2670 2410 sus;
2712 2354 2888 2397 tamen
2935 2341 3000 2394 ad
3047 2339 3457 2410 aediﬁcationem
3494 2354 3586 2410 rno-

2547 2408 2711 2470 str‘am
2763 2413 2951 2468 eadem
3004 2409 3240 2465 Romana
3298 2408 3534 2463 Ecclesia
3569 2450 3587 2475 ,

2549 2478 2689 2555 post'
2717 2484 2833 2538 illas
2866 2481 3075 2535 Veteris
3110 2480 3202 2555 _vei
3243 2478 3376 2532 Novi
3412 2479 3588 2555 Testa-

2550 2548 2750 2618 iuenti,
2797 2564 2929 2623 quas
2978 2550 3292 2623 regulariter
3345 2548 3590 2623 superius

2550 2619 2981 2681 enumeravimus
3004 2661 3019 2684 ,
3048 2622 3208 2673 etiam
3251 2619 3347 2673 has
3390 2619 3590 2687 suscipi

2550 2713 2657 2752 non
2717 2693 2980 2763 prohibet!
3015 2690 3342 2763 Scripturas.
3406 2688 3461 2742 Id
3510 2696 3591 2742 est

2549 2760 2788 2823 sanctam
2815 2761 3076 2835 synodum
3103 2760 3369 2814 Nicamam
3403 2773 3593 2835 secun-

2550 2839 2676 2893 dum
2722 2828 2992 2891 trecentos
3020 2831 3204 2885 decem
3246 2839 3300 2883 et
3343 2838 3464 2884 octo
3494 2828 3592 2882 Pa-

2552 2922 2697 2977 tres,
2742 2905 3007 2977 mediante
3056 2901 3286 2977 Maximo
3320 2900 3592 2977 Constan-

2552 2981 2664 3034 tino
2685 2970 2951 3046 'Augusto,
2984 2974 3163 3042 inqua
3194 2972 3393 3025 'Arrius
3432 2970 3592 3024 licere-

2552 3051 2687 3104 ticus
2731 3046 3098 3100 condemnatus
3129 3052 3220 3095 est.

2628 3121 2872 3175 Sanctam
2898 3114 3149 3184 synodum
3162 3113 3592 3181 Constantinopo-

2556 3192 2790 3254 litanam,
2813 3186 3065 3241 mediante
3090 3183 3374 3254 Tltcodosio
3395 3185 3595 3237 seniore

2556 3262 2815 3330 Augusto,
2863 3258 2916 3310 in
2942 3272 3042 3330 qua
3072 3253 3402 3330 Macedonius
3436 3256 3595 3330 haere-

2560 3324 2689 3385 ticus
2721 3324 3341 3384 debitamdamnationcm
3372 3324 3589 3393 excepit.

2635 3540 2885 3596 Sanctam
2937 3534 3198 3607 synodum
3252 3534 3595 3603 Ephesinam,

2564 3612 2619 3667 in
2673 3625 2775 3681 qua
2819 3606 3096 3681 Nestorius
3138 3606 3424 3681 damnatus
3472 3615 3596 3681 _est,

2564 3676 2832 3738 consensu
2882 3677 3171 3736 beatissimi
3213 3676 3482 3730 leestini
3508 3690 3601 3745 pa»

2562 3768 2643 3822 pte
2662 3797 2675 3817 ,
2705 3751 2973 3807 mediante
3000 3748 3197 3822 Cyrillo
3227 3746 3600 3822 Alexandrina:

2559 3817 2704 3880 sedis
2728 3823 2989 3885 antistite,
3021 3817 3074 3875 e't
3104 3817 3333 3874 Arcadio
3363 3820 3599 3889 episcopo

2563 3896 2632 3951 ab
2661 3894 2811 3949 Italia
2841 3893 3127 3950 destinato.

2637 4029 2887 4083 Sanctam
2936 4024 3198 4095 synodum
3253 4021 3602 4095 Calcedonen-

2564 4113 2674 4154 sem
2692 4139 2707 4162 ,
2740 4093 3009 4151 mediante
3031 4094 3299 4162 Marciano
3329 4093 3602 4162 augusto,

2566 4179 2623 4223 et
2641 4158 3489 4228 AnatolioConstantinopolitano
3502 4158 3607 4225 epi-

2568 4252 2733 4305 scopo
2752 4277 2791 4305 ,ί
2815 4237 2866 4288 in
2898 4248 2999 4305 qua
3025 4230 3336 4305 Nestoriana
3365 4237 3418 4305 ei
3436 4228 3609 4305 _Euty-

2568 4299 2762 4363 chiana
2783 4299 3024 4368 haeresis,
3049 4299 3211 4358 simul
3238 4314 3357 4355 cum
3391 4300 3607 4353 Diosco.

2569 4395 2631 4434 ro
2683 4376 2907 4447 ejusque
2929 4371 3303 4447 _complicibus
3346 4371 3610 4447 damnarat

2573 4440 2729 4505 sunt:
2752 4449 2791 4479 "
2821 4440 2938 4502 'Scd
2974 4453 3020 4501 et
3046 4440 3093 4499 si
3117 4458 3217 4513 qua
3245 4453 3362 4497 sunt
3389 4440 3609 4496 concilia

2573 4538 2607 4575 a
2634 4520 2821 4575 sanctis
2838 4516 3079 4572 Patribus
3101 4516 3337 4570 hactenus
3354 4514 3609 4578 instituta,

2573 4603 2685 4663 post
2715 4592 2925 4663 istorum
2951 4595 3170 4663 quatuor
3197 4587 3545 4663 auctoritatem
3568 4592 3613 4663 et

2575 4654 2913 4717 custodienda
2958 4654 3005 4713 et
3056 4657 3347 4728 recipienda
3392 4654 3613 4709 decrevi-

2574 4749 2709 4787 πως.

3044 4797 3134 4853 IV.

2647 4890 2768 4962 1am
2814 4906 2945 4944 nunc
2987 4890 3354 4962 subjiciendum
3389 4888 3452 4943 de
3492 4905 3617 4956 opu-

2578 4960 2733 5015 sculis
2782 4958 3086 5015 sanctorum
3128 4958 3344 5015 Patrum
3401 4975 3516 5029 qua:
3565 4962 3617 5011 in

2581 5031 2815 5086 Ecclesia
2845 5031 3093 5085 catholica
3127 5034 3461 5101 recipiuntur.

2654 5124 2937 5196 Opuscnla
2953 5123 3092 5196 beati
3126 5121 3323 5196 Caecilii
3364 5117 3618 5196 Cypriani

1460 5172 1850 5275 aggerum.
1935 5187 1991 5234 ει
2086 5172 2505 5253 εειηειεειιὲηείε
2584 5172 3337 5275 mait;{.;;'”c;.'.i.§gt.;ass
3374 5172 3616 5258 esse...

1461 5242 1631 5313 episc.

2584 5267 2638 5318 in
2663 5264 2892 5320 omnibus
2924 5264 3235 5335 recipienda.

2109 5368 2133 5400 ⁸
2161 5365 2307 5425 Idem
2330 5370 2475 5437 cod.,
2509 5370 2716 5430 Patres.

2110 5441 2131 5472 '
2157 5438 2216 5493 In
2246 5441 2434 5496 eodem
2462 5444 2585 5499 cod.
2611 5446 2764 5502 deest
2792 5463 2929 5501 cum.

2112 5510 2156 5581 ἕο
2186 5509 2331 5566 Idem
2353 5513 2501 5581 cod.,
2530 5515 2829 5572 beatissimi.

2115 5580 2158 5651 ξι
2193 5581 2334 5637 Idem
2362 5580 2507 5651 cod.,
2536 5589 2791 5644 damnatae
2811 5596 2948 5640 sunt.

2118 5650 2161 5722 ἐξ
2194 5651 2397 5708 Desunt
2427 5650 2541 5711 hzec
2575 5659 2733 5711 verba
2763 5670 2929 5722 usque
2955 5653 3019 5707 ad
3052 5668 3197 5709 num-
3229 5654 3319 5714 IV-

2124 5720 2164 5751 "
2195 5722 2325 5779 Cod.
2356 5725 2525 5794 I*'Ior.,
2557 5727 2677 5779 item
2705 5736 2760 5780 et
2788 5720 2865 5779 sic
2893 5724 3163 5799 deinceps.

3315 5883 3356 5952 ϐ
