4092 6350
538 283 630 340 1'"

903 408 1201 457 ιυσικει.

606 518 872 604 quscula
900 517 1038 574 beati
1070 513 1305 584 Gregorii
1325 512 1570 566 Nanzan-

537 605 785 661 sentepn

605 661 873 746 Dpuscula
914 659 973 714 Β.
1022 656 1180 712 Basili
1218 653 1569 725 Cappadociae

534 749 831 806 episcopu-
898 801 932 806 ᾳ
997 801 1007 806 Δ
1055 797 1068 806 .
1203 768 1205 770 -

577 796 867 888 :Opu'scula
897 801 957 856 Β.
984 797 1241 857 Athanasi
1270 796 1574 853 Maeandri-

533 892 588 931 nt
617 888 870 946 episcopi.

601 1074 867 1156 Dpuscula
916 1070 1202 1156 Theophili
1233 1069 1574 1125 Alexandrini

530 1159 769 1200 emscom
781 1184 790 1197 .

565 1160 790 1216 ptscopt.

609 1215 874 1285 Opuscula
914 1213 979 1269 Β.
1013 1213 1198 1286 Cyrilli
1235 1213 1573 1268 Alexandrini

533 1287 780 1357 episcopi.

607 1353 875 1426 Opuscula
931 1357 988 1410 Β.
1049 1355 1226 1411 Helari
1256 1355 1272 1385 ¹
1306 1353 1577 1408 Pictaben-

539 1430 609 1484 sis
631 1427 890 1496 episcopi.

607 1495 910 1567 ’Opusc’ula
947 1496 1004 1550 Β.
1051 1497 1272 1552 Joannis
1312 1495 1575 1551 Constan-

537 1569 877 1639 tin0politani
907 1571 1164 1638 episcopi.

610 1637 878 1702 Opuscula
916 1641 975 1694 Β.
1015 1637 1285 1695 Atnbrosii
1323 1637 1576 1693 Mediola-

536 1712 706 1767 nenais
733 1710 986 1782 episcopi.

607 1778 870 1851 Opnscula
917 1778 983 1834 Β.
1039 1781 1318 1850 Augustini
1359 1778 1379 1809 ³
1421 1778 1582 1849 Ipone

538 1852 821 1921 Regieusis
845 1853 1103 1921 episcopi.

657 1920 890 1991 puscula'
914 1925 972 1976 Β.
1018 1921 1312 1976 Hieronimi
1349 1920 1577 1992 presby-

537 1993 658 2051 teri.

607 2065 876 2133 Opuscula
908 2064 1049 2117 Beati
1084 2063 1336 2132 Prosperi
1363 2064 1463 2118 viri
1492 2079 1573 2118 re-

539 2137 886 2207 Iigiosissimi.
1240 2206 1250 2217 .

539 2205 632 2288 __‘
667 2205 1036 2288 Dpuscula‘B.
1073 2207 1284 2288 ALeonts
1325 2219 1472 2288 papae
1511 2206 1576 2260 ad

539 2278 852 2334 Flavianum
922 2276 1570 2346 Constantinopolimnum

539 2354 847 2420 episcOpum
886 2348 1170 2418 destinata,
1194 2348 1346 2417 cujus
1376 2355 1579 2401 textum

579 2419 803 2490 uispiam
862 2421 903 2473 si
952 2435 1108 2489 usque
1163 2419 1228 2472 ad
1263 2435 1420 2471 unum
1476 2419 1582 2473 iota

580 2494 912 2561 isputavcrtt,
947 2499 1002 2545 et
1042 2507 1144 2543 non
1181 2506 1289 2544 eam
1325 2491 1380 2544 in
1407 2490 1582 2544 omni-

540 2563 641 2632 bus
683 2561 1058 2616 venerabiliter
1105 2562 1404 2632 receperit,
1455 2576 1586 2616 ana-

540 2631 720 2690 thema
755 2634 841 2686 sit.

609 2706 900 2775 Opuscula,
943 2705 961 2733 ⁵
1013 2712 1273 2758 tractatus
1343 2708 1582 2758 omnium

539 2775 758 2833 Patrum
791 2775 1232 2834 orthodoxttrum,
1267 2776 1354 2842 qui
1384 2776 1436 2828 in
1465 2775 1581 2827 nul-

539 2847 592 2904 Io
615 2863 645 2902 a
676 2857 873 2901 sancttc
905 2848 1142 2900 ecclesia:
1173 2845 1429 2899 Romanae
1452 2861 1582 2899 con-

540 2920 711 2974 sortio
738 2918 1045 2978 deviarunt,
1077 2931 1173 2970 nec
1219 2917 1285 2968 ab
1335 2915 1450 2984 ejus
1482 2918 1584 2969 Iide

540 2990 621 3044 vel
653 2987 1028 3059 prtedicatione
1060 2985 1284 3059 sejuncti
1309 2996 1464 3048 sunt;
1488 2987 1581 3042 sed

540 3058 705 3128 ipsius
729 3067 780 3112 ut
817 3058 1291 3111 communicationis
1335 3074 1427 3120 per
1458 3073 1581 3126 gra-

541 3133 670 3185 tiam
717 3131 807 3183 Dei
858 3144 1025 3197 usque
1070 3129 1120 3183 in
1173 3130 1418 3182 ultimum
1449 3129 1582 3182 diem

543 3203 644 3256 vim
673 3216 783 3254 sum
817 3203 963 3254 luere
993 3201 1298 3270 participes,
1334 3199 1581 3269 legendos

539 3272 896 3328 decernimus.

611 3345 740 3398 Item
796 3344 1090 3397 decretales
1136 3343 1393 3411 epistolas
1447 3357 1579 3411 quas

542 3415 834 3468 beatissimi
875 3429 1026 3482 papte
1065 3414 1292 3468 diversis
1325 3415 1580 3482 tempori-

541 3485 643 3539 bus
672 3488 738 3537 ab
772 3485 901 3538 urbe
937 3487 1100 3538 Itoma
1128 3501 1220 3549 pro
1246 3483 1586 3538 ἀίνετεωνιιιη

537 3555 756 3611 Patrum
786 3557 1154 3610 Consolatione
1180 3555 1460 3620 dederunt,
1488 3572 1580 3612 ve~

539 3628 846 3683 nerabiliter
878 3628 897 3656 ⁵
929 3626 1287 3696 suscipienda.

609 3698 736 3752 Item
768 3707 915 3766 gesta
955 3706 1260 3751 sanctorum
1296 3698 1574 3750 martirum

536 3769 972 3852 quintultiplicis
1004 3768 1180 3836 [manu
1203 3769 1411 3835 antiqua
1438 3768 1576 3848 tnui-

536 3837 833 3908 tiplicibus]
883 3846 1300 3908 tormentorum,
1330 3837 1577 3908 cruciati-

536 3907 640 3963 bus
679 3916 733 3962 et
769 3907 1124 3971 mirabilibus,
1177 3907 1576 3962 confessionum

537 3979 823 4048 triumphis
854 3977 1136 4032 inradiant.
1165 3978 1328 4044 Quis"
1359 3980 1456 4032 ista
1490 3994 1576 4032 ca-

535 4051 855 4120 tholicorum
908 4049 1115 4104 dubitet
1165 4049 1337 4120 [manu
1368 4051 1577 4118 antiqua

533 4119 608 4192 et]
651 4122 848 4190 majora
899 4136 992 4176 eos
1039 4121 1089 4174 in
1121 4119 1382 4189 agonibus
1408 4119 1577 4192 luisse

535 4189 842 4264 perpesstis,
872 4208 970 4246 nec
986 4195 1095 4246 suis
1116 4192 1335 4252 viribus,
1355 4189 1452 4246 sed
1484 4192 1575 4246 Dei

531 4266 695 4333 grati:
717 4264 1045 4332 etadjutorio
1061 4265 1294 4316 universa
1307 4264 1577 4316 tolerasse?

536 4333 642 4388 Sed
659 4337 768 4388 ideo
791 4335 1069 4387 secundum
1089 4335 1350 4404 antiquam
1368 4350 1574 4387 consue-

533 4406 756 4458 tudinem
787 4404 1043 4472 singulari
1070 4407 1278 4458 cautela
1314 4407 1365 4457 in
1391 4416 1571 4460 sancta

531 4474 770 4530 Romana
823 4476 1057 4528 Ecclesia
1131 4493 1235 4529 non
1301 4476 1569 4543 leguntur,

531 4549 652 4614 quia
701 4558 753 4599 et
805 4561 990 4598 eorum
1037 4547 1124 4615 qui
1163 4550 1570 4615 conscripserunt

532 4617 747 4671 nomina
789 4617 999 4685 penitus
1029 4618 1369 4686 ignorantur;
1411 4628 1465 4671 et
1503 4620 1570 4670 ab

533 4687 837 4741 inﬁdelibus
865 4687 885 4718 ⁸
915 4691 992 4740 vel
1040 4687 1216 4742 idiotis
1273 4688 1565 4757 superﬂua,

531 4767 622 4811 aut
647 4758 819 4811 minus
850 4771 971 4826 apta
1002 4775 1157 4826 quam
1186 4760 1260 4813 rei
1297 4759 1428 4812 ordo
1459 4760 1569 4813 l'ue-

532 4828 604 4882 rit
647 4843 765 4883 esse
814 4837 1049 4898 putatur.
1088 4830 1238 4884 Sicut
1286 4830 1562 4897 cujusdam

534 4901 728 4965 Quirici
785 4909 838 4954 et
905 4899 1122 4964 .Iulitte,
1182 4903 1316 4954 sicut
1364 4899 1570 4971 Grorgii

529 4971 862 5038 aliorumque
935 4971 1196 5038 ejusmodi
1270 4977 1563 5040 passiones,

528 5057 646 5110 qua:
676 5042 744 5094 ab
771 5041 1034 5095 bmreticis
1061 5042 1402 5109 perhibentur
1424 5058 1568 5096 cutu-

531 5113 734 5176 positae.
794 5112 1018 5181 PrOpter
1071 5113 1234 5182 quod,
1282 5125 1337 5166 ut
1367 5113 1564 5167 dictum

525 5195 628 5250 est,
656 5198 722 5238 ne
745 5184 826 5238 vel
862 5183 991 5238 levis
1017 5183 1378 5238 subsannandi
1395 5187 1567 5239 orire-

530 5263 614 5310 tur
639 5254 856 5311 occasio
902 5256 954 5309 in
984 5258 1004 5288 °
1034 5253 1274 5310 Romana
1328 5258 1562 5312 Ecclesia

601 5497 619 5526 ί
648 5496 794 5552 Idem
817 5497 964 5564 cod.,
999 5496 1330 5554 Pictauensis.

599 5567 621 5639 ξ
651 5567 708 5639 In
733 5567 1039 5624 Florentino
1068 5568 1154 5625 hic
1184 5571 1397 5639 ponitur
1427 5580 1545 5638 post
1569 5574 1626 5627 S.
1651 5571 2031 5633 Athanasium.

599 5634 623 5712 ξ
648 5636 792 5712 Idem
825 5639 965 5712 cod.,
997 5634 1281 5712 Yponeregi
1306 5634 1656 5712 Regionensis.

601 5706 792 5780 fidem
813 5708 956 5780 cod.,
988 5706 1234 5780 epistolm.

597 5776 622 5810 ⁸
646 5777 794 5835 Idem
814 5779 934 5834 cod.
943 5819 962 5846 ,
991 5776 1136 5848 atque
1163 5791 1430 5839 tractatus.

1466 277 1556 330 AD
1593 274 1815 329 OPI'IBA
1862 273 2129 350 GEIASI'I
2175 271 2368 326 I'AI’XE
2411 266 2852 327 APPENDICES.

1775 404 2137 450 νΑτιαΑΝοκ
2178 401 2547 447 FORTANINI.

1717 510 1980 592 Opuscula
2002 510 2137 565 beati
2165 508 2389 580 Gregori
2407 506 2683 563 Nazazen-

1646 583 1720 637 sis
1744 583 1850 650 epi.

1720 647 1847 708 Item
1877 653 2130 721 opuscula
2159 652 2299 708 beati
2335 651 2491 705 Basili
2515 647 2687 718 Capa-

1646 727 1815 781 dociaa
1839 726 1946 794 epi.

1719 797 1847 851 Item
1877 791 1886 794 ⁷
1919 795 2172 864 opuscula
2241 796 2379 850 beati
2432 791 2692 849 Athanasi

1652 867 1991 923 Alexandria:
2013 867 2121 937 epi.

1718 938 1850 993 Item
1879 954 1967 1006 op.
1999 935 2138 992 beati
2159 935 2383 993 Joannis
2431 935 2693 993 Constan-

1653 1011 2015 1078 tinopolitanae
2053 1009 2162 1075 epi.

1719 1082 1847 1136 Item
1874 1097 1962 1150 op.
1982 1080 2120 1137 beati
2143 1078 2431 1148 Theophili
2454 1078 2691 1134 Alexan-

1649 1153 1815 1208 drina:
1843 1155 1949 1222 cpi.

1687 1357 1855 1439 .Item.
1882 1371 1971 1426 op.
2025 1355 2166 1412 beati
2209 1352 2389 1410 Belari
2430 1329 2696 1410 Pictavin-

1656 1443 1730 1483 SIS
1773 1444 1881 1499 ept.

1729 1627 1857 1684 Item
1888 1641 1976 1698 op.
2003 1626 2141 1683 beati
2172 1625 2424 1682 Antbrosi
2446 1624 2704 1682 Mediola-

1658 1714 1853 1754 nenses
1879 1700 1984 1768 cpi.
2201 1741 2207 1747 .

1729 1771 1859 1825 Item
1891 1767 1976 1837 op.
2023 1771 2081 1824 Β.
2112 1768 2394 1840 Augustini
2416 1767 2704 1838 Ipponere-

1653 1841 1820 1912 ginsis
1851 1844 1956 1912 epi.

1728 1913 1857 1969 Item
1886 1927 1976 1982 0p.
2002 1913 2142 1968 beati
2183 1912 2478 1968 Hieronimi
2511 1913 2649 1981 prbi.

1742 2061 1871 2114 Item
1900 2076 1990 2129 op.
2021 2059 2270 2129 Prosperi
2301 2059 2400 2113 viri
2423 2059 2709 2128 religiosis-

1659 2147 1804 2185 Slml.

1739 2202 1866 2256 Item
1897 2202 2122 2268 epistola
2154 2199 2226 2254 bi.
2256 2201 2450 2254 Leonis
2476 2216 2595 2269 pap.
2631 2203 2698 2256 ad

1660 2273 1974 2328 Flavianum
2048 2272 2700 2338 Constantinopolitanum

1659 2344 1967 2414 episcobum
1999 2343 2245 2396 distinam
2271 2355 2300 2395 t.
2333 2343 2482 2412 cujus
2503 2350 2704 2398 textum

1659 2415 1922 2483 quiSpiam
1959 2417 2090 2480 suis,
2117 2430 2236 2484 qum
2276 2415 2339 2467 ad
2379 2430 2542 2468 unum
2599 2415 2704 2469 iota

1659 2487 2029 2556 dispolaverit.
2073 2496 2124 2539 cl
2158 2503 2260 2538 non
2295 2499 2410 2539 eam
2447 2489 2497 2539 in
2529 2489 2704 2541 omni-

1659 2560 1758 2614 bus
1782 2559 2154 2613 venerabiliter
2172 2557 2451 2626 receperit,
2479 2557 2704 2613 anathe-

1660 2646 1745 2684 ma
1765 2632 1854 2682 sit.

1733 2701 1860 2754 Item
1891 2717 1976 2765 op.
2032 2707 2285 2752 tractatus
2329 2697 2564 2752 omnium
2608 2699 2706 2754 Pa-

1661 2780 1802 2824 trum
1849 2770 2271 2824 orthodoxorum
2317 2772 2404 2839 qui
2453 2771 2505 2821 iu
2557 2771 2705 2825 nullo

1659 2858 1687 2894 a
1717 2858 1817 2895 scre
1849 2841 2104 2894 Iit-clesia:
2135 2839 2376 2896 Romane
2429 2843 2702 2898 consortio

1659 2912 1944 2965 deviarunt
1975 2927 2075 2965 nec
2097 2917 2162 2964 ab
2183 2911 2298 2979 ejus
2322 2911 2426 2966 lide
2453 2911 2537 2965 vel
2568 2926 2705 2982 prte-

1659 2983 1927 3036 dicatioiie
1955 2983 2183 3045 StleIIIClI
2215 2992 2378 3046 sunt;
2405 2982 2498 3036 sed
2535 2982 2705 3052 ipsius

1658 3055 2143 3108 communicatione
2197 3068 2289 3122 per
2329 3054 2553 3121 gratiam
2610 3055 2705 3110 Dei

1659 3140 1823 3194 usque
1851 3126 1901 3177 in
1952 3124 2193 3178 ultimum
2239 3125 2364 3181 vitae
2392 3140 2501 3178 suae
2551 3124 2701 3181 luere

1658 3197 1963 3264 participes,
2011 3194 2232 3263 Iegende
2260 3195 2622 3252 decernimus.

1729 3342 1858 3396 Item
1893 3342 2187 3414 decretales
2233 3343 2507 3414 epistolas,
2563 3359 2697 3414 quas

1657 3414 1954 3468 beatissimi
1975 3429 2094 3481 pap.
2111 3413 2337 3468 diversis
2363 3413 2698 3484 temporibus

1653 3487 1720 3539 ab
1744 3485 1876 3539 urbe
1907 3484 2093 3550 Roma,
2112 3499 2209 3554 pro
2231 3486 2573 3540 diversorum
2593 3485 2696 3540 Pa-

1654 3567 1793 3610 trum
1851 3556 2239 3620 consolatione,
2295 3555 2580 3623 dederunt,
2607 3572 2697 3612 ve—

1658 3627 1968 3683 nerabiIiter
1999 3627 2387 3694 suscipiendas.

1725 3699 1855 3752 Item
1901 3707 2048 3765 gesta
2081 3707 2384 3752 sanctorum
2419 3698 2696 3755 martirum

1659 3769 1750 3836 qui
1827 3769 2214 3834 multiplicibus
2305 3779 2691 3824 tormentorum

1653 3838 1995 3900 cruciatibus.
2025 3848 2079 3892 et
2123 3839 2456 3894 mirabilibus
2476 3840 2692 3896 confes-

1654 3910 1868 3979 sionum
1907 3909 2190 3975 triumphis
2222 3911 2513 3965 inradiant.
2567 3913 2697 3979 Quis

1656 3981 1754 4035 ista
1804 3978 2200 4034 Catholioorum
2243 3982 2449 4036 dubitet
2494 3978 2695 4051 majora

1654 4066 1748 4105 eos
1791 4052 1840 4104 in
1875 4052 2130 4119 agonibus
2177 4051 2338 4106 fuisse
2386 4067 2692 4122 perpessos,

1657 4137 1753 4176 nec
1780 4122 1891 4176 suis
1926 4124 2146 4185 viribus,
2173 4125 2266 4178 sed
2298 4124 2389 4177 Dei
2421 4125 2608 4192 gratia,
2640 4134 2696 4181 et

1654 4193 1958 4262 adjutorio?
1984 4193 2247 4261 Singulari
2271 4195 2497 4250 c-iutella
2527 4196 2578 4250 in
2605 4212 2691 4252 sca

1655 4267 1894 4319 Romana
1966 4266 2199 4320 Ecclesia
2261 4281 2365 4320 non
2427 4267 2694 4335 leguntur,

1654 4336 1775 4406 quia
1810 4345 1862 4389 ιιι
1889 4352 2075 4391 eorum
2098 4339 2185 4404 qui
2215 4337 2558 4393 conscribere
2595 4354 2696 4393 no-

1654 4407 1796 4460 mina
1829 4410 2038 4474 penitus
2083 4409 2380 4475 ignoratur,
2421 4417 2474 4462 et
2515 4409 2583 4464 ab
2613 4410 2696 4464 in-

1653 4477 1898 4531 ﬁdelibus
1948 4489 1999 4530 ιτι
2059 4479 2240 4532 idiotis
2290 4479 2579 4546 superllua,
2604 4491 2695 4534 aut

1651 4549 1825 4600 minus
1857 4559 1999 4617 apta,
2025 4565 2182 4617 quam
2233 4550 2306 4603 rei
2339 4548 2471 4603 ordo
2511 4550 2690 4619 fuerit,

1645 4633 1766 4672 esse
1786 4630 2060 4686 putantur.
2087 4621 2234 4689 Sicut
2259 4619 2535 4689 cujusdam
2557 4620 2696 4676 Ciri-

1645 4690 1692 4742 ci
1719 4700 1772 4742 et
1809 4691 2005 4753 .lulitae,
2041 4689 2180 4745 sicut
2207 4688 2411 4760 Giorgi,
2440 4692 2694 4747 aliorum-

1644 4775 1747 4828 que
1817 4760 2119 4829 hnjusmodi
2163 4762 2462 4831 passiones,
2525 4780 2576 4830 q.
2629 4764 2696 4818 ad

1647 4831 1900 4903 ltereticis
1950 4831 2296 4900 pot-bibentur
2351 4835 2689 4903 composita.

1649 4901 1874 4968 Pr0pter
1927 4903 2090 4972 quod,
2131 4912 2189 4958 ut
2243 4904 2448 4960 dictum
2479 4901 2596 4971 est,
2630 4922 2697 4962 ne

1646 4973 1729 5026 vel
1763 4974 1893 5028 levis
1937 4975 2260 5030 subsanandi
2294 4989 2568 5032 orreretur
2605 4993 2690 5032 oc-

1645 5046 1811 5108 Casio,
1842 5046 1892 5097 in
1923 5060 2012 5098 sca
2042 5047 2280 5100 Romana
2315 5048 2550 5102 Ecclesia
2585 5063 2692 5103 non

1650 5121 1911 5188 I_eguntur.
1939 5117 2046 5170 Nos
2069 5127 2247 5174 tamen
2279 5134 2401 5173 cum
2436 5118 2689 5188 praedicta

1647 5185 1880 5241 Ecclesia
1912 5203 2100 5242 omnes
2131 5191 2402 5254 martires,
2436 5185 2690 5245 eteorum

1642 5259 1908 5326 gloriosos
1931 5274 2154 5330 agones,
2188 5261 2277 5330 qui
2309 5259 2536 5316 Domino
2569 5275 2688 5317 ma-

2915 399 3196 446 JUBENSB
3239 401 3633 448 curn-narrt.
3761 371 3768 377 ’

2832 506 2964 565 Item
2986 511 3240 588 opuscula
3257 494 3406 588 beati
3440 512 3686 583 Gregorii
3716 515 3808 588 Na-

2763 579 3004 637 sianzeni
3032 582 3289 650 episcopi.

2837 654 2967 726 Itettt
3001 653 3257 726 Opttscula
3289 653 3431 708 beati
3459 655 3635 709 Basilii
3663 655 3801 726 Cap.

2767 724 3006 794 padocite
3027 725 3286 794 episc0pi.

2838 797 2967 851 Item
3024 796 3278 861 opuscula
3336 795 3474 851 beati
3531 794 3806 854 Athanasii

2767 865 3113 922 Alexandrini
3132 867 3386 937 episcopi.

2841 938 2969 993 Item
3046 938 3299 1006 opuscula
3377 937 3516 993 beati
3587 938 3807 995 Joannis

2766 1009 3343 1076 Constantitmpolitani
3373 1009 3631 1079 episcopi.

2843 1080 2973 1134 Item
3022 1083 3275 1152 opuscula
3338 1081 3476 1135 beati
3523 1080 3806 1152 Theophili

2772 1151 3114 1205 Alexandrini
3157 1152 3414 1219 episcopi.

2844 1221 2976 1275 Item
3001 1224 3246 1294 opuscula
3279 1224 3408 1276 beati
3433 1222 3618 1294 Cyrilli
3655 1225 3813 1281 Alea:-

2771 1295 2974 1346 andrini
3002 1286 3239 1364 episiopi.

2845 1365 2974 1419 Item
3015 1366 3269 1433 opuscula
3320 1367 3459 1420 beati
3507 1366 3690 1422 Hilarii
3720 1365 3807 1423 Pi-

2773 1435 3062 1492 ctaviensis
3085 1435 3349 1506 episcopi.

2846 1632 2976 1689 Item
3025 1633 3278 1703 opuscula
3338 1632 3478 1689 beati
3541 1633 3812 1691 Ambroin

2779 1703 3193 1760 Mediolanensis
3221 1705 3388 1773 episc.

2853 1776 2983 1831 Item
3039 1776 3297 1843 opuscula
3341 1775 3480 1830 beati
3537 1776 3820 1846 Augustini

2781 1847 3287 1916 Hipponeregiensis
3308 1862 3395 1916 ep.

2854 1918 2982 1991 Item
3039 1918 3291 1988 opuscula
3342 1917 3480 1973 beati
3513 1917 3801 1991 Hieronytn

2780 1989 3098 2059 presbyteri.

2854 2060 2983 2113 Item
3017 2061 3268 2130 opuscula
3295 2061 3423 2114 beati
3455 2060 3701 2129 Prosperi
3742 2063 3820 2115 vi-

2787 2131 2830 2184 ri
2859 2132 3271 2200 religiosissimi.

2857 2201 2987 2256 Item
3011 2203 3289 2272 epistolam
3309 2203 3444 2257 beati
3466 2216 3617 2271 papa:
3634 2203 3818 2258 Leonis

2787 2272 2852 2328 ad
2909 2273 3221 2328 Flavianum
3275 2272 3816 2343 Constantinopolita-

2785 2360 2911 2400 num
2937 2346 3244 2414 episcopum
3277 2345 3596 2400 destinatam
3621 2346 3709 2399 :de
3733 2359 3818 2414 cu;

2780 2419 2867 2484 jus
2933 2411 3077 2471 textu
3137 2415 3400 2485 quispiam
3459 2416 3500 2468 si
3551 2430 3719 2485 usque
3756 2411 3818 2470 ad

2784 2504 2948 2543 unum
3015 2490 3120 2542 iota
3163 2487 3533 2556 disputat-erit,
3604 2495 3660 2540 et
3718 2501 3818 2541 non

2782 2574 2902 2613 eam
2935 2558 2987 2612 in
3027 2560 3276 2612 omnibus
3323 2557 3705 2613 venerabiliter
3741 2573 3819 2612 re-

2782 2632 3004 2700 ceperit,
3033 2640 3176 2684 anat.
3211 2629 3300 2684 sit.

2854 2702 2984 2756 Item
3041 2701 3296 2769 opuscula
3359 2708 3510 2769 atque
3563 2709 3817 2754 tractatus

2782 2774 3022 2828 omnium
3103 2773 3315 2826 Patrum
3401 2769 3818 2826 orthodoxornm

2781 2846 2870 2915 qui
2898 2845 2949 2898 in
2979 2845 3122 2898 nullo
3153 2860 3180 2897 a
3205 2850 3408 2915 sanctae
3436 2842 3693 2896 Romanae
3720 2841 3818 2895 Ec»

2781 2914 2959 2971 clesia:
2985 2918 3257 2970 consortio
3283 2914 3587 2976 deviarunt,
3621 2927 3716 2966 nec
3751 2915 3817 2966 ab

2781 2987 2896 3056 ejus
2927 2987 3029 3041 ﬁde
3060 2986 3140 3040 vel
3181 2984 3565 3055 pratdicatione
3608 2982 3815 3052 sejunc-

2781 3059 2817 3111 ti
2849 3068 3002 3124 sunt;
3036 3059 3127 3112 sed
3154 3057 3319 3124 ipsius
3347 3056 3817 3110 communicationi

2780 3144 2875 3198 per
2898 3129 3119 3197 gratiam
3155 3128 3246 3182 Dei
3280 3141 3449 3197 usque
3496 3128 3547 3198 in
3573 3127 3820 3198 ultimum

2774 3196 2916 3254 diem
2937 3200 3058 3254 vitae
3080 3213 3190 3253 sure
3211 3196 3374 3252 I'nere’
3406 3197 3718 3267 participes,
3751 3196 3822 3252 Ie-

2771 3272 2973 3341 gendos
2994 3270 3353 3326 decernimus.

2843 3343 2974 3399 Item
3023 3342 3322 3395 decretales
3384 3340 3643 3408 epistolas
3691 3353 3822 3408 quas

2773 3413 3072 3468 beatissimi
3107 3427 3279 3481 papae,
3314 3411 3540 3481 diversis
3567 3413 3822 3479 tempori-

2775 3485 2876 3539 bus
2904 3485 2972 3538 ab
3001 3480 3135 3538 urbe
3163 3483 3330 3536 Roma
3361 3498 3458 3552 pro
3481 3480 3817 3536 diversorum

2773 3555 2991 3610 Patrum
3053 3553 3449 3609 consultatione
3527 3552 3812 3612 dederunt.

2776 3627 3151 3682 venerabiliter
3187 3624 3577 3692 suscipiendas.

2847 3699 2975 3753 Item
3007 3707 3154 3768 gesta
3178 3705 3480 3751 sanctorum
3498 3707 3812 3765 martyrum,

2771 3783 2891 3838 quae
2963 3768 3348 3838 multiplicibus
3431 3776 3817 3838 tormentorum

2770 3837 3135 3905 Cruciatibus,
3166 3849 3217 3894 et
3249 3838 3580 3892 mirabilibus
3606 3837 3814 3892 confes-

2776 3911 2985 3965 sionum
3043 3909 3324 3978 triumphis
3365 3909 3653 3963 inradiant.
3687 3907 3818 3974 Quis

2777 3983 2876 4037 ista
2903 3983 3284 4037 catholicorum
3311 3981 3540 4045 dubitet,
3573 3991 3618 4033 et
3648 3982 3812 4046 majo-

2777 4067 2833 4107 ra
2872 4069 2964 4107 eos
3023 4055 3074 4107 in
3118 4052 3373 4123 agonibus
3403 4051 3566 4123 fuisse.
3599 4065 3817 4118 perpes-

2773 4139 2862 4178 sos
2886 4125 2907 4178 ?
2935 4125 3039 4178 Nec
3069 4121 3178 4180 suis
3212 4124 3435 4187 viribus,
3459 4121 3550 4177 sed
3572 4123 3665 4176 Dei
3691 4137 3815 4191 gra-

2775 4197 2846 4250 tia
2877 4207 2931 4251 et
2977 4196 3242 4264 adjutorio
3267 4198 3496 4250 universa
3536 4193 3820 4246 tolerasse?

2779 4267 2885 4322 Sed
2920 4269 3053 4332 ideo,
3087 4266 3365 4321 secundum
3405 4265 3670 4328 antiquam
3699 4281 3817 4318 con-

2774 4340 3116 4402 suetudinem,
3171 4336 3429 4408 singulari
3504 4335 3712 4390 cautela
3766 4336 3815 4389 in

2774 4418 2956 4464 sancta
3012 4409 3246 4462 Romana
3296 4408 3536 4463 Ecclesia
3593 4421 3699 4461 non
3748 4408 3821 4462 le-

2772 4491 2988 4549 guntur,
3017 4480 3136 4550 quia
3169 4489 3223 4534 et
3247 4495 3428 4534 eorum
3464 4480 3552 4550 qui
3582 4479 3816 4533 conscri-

2774 4567 2932 4621 psere
2975 4549 3186 4606 numina
3230 4551 3439 4620 penitus
3480 4549 3817 4618 ignorantur,

2774 4631 2830 4677 et
2851 4622 2919 4676 ab
2942 4623 3245 4678 inﬁdelibus
3257 4631 3310 4676 et
3329 4621 3507 4675 idiotis
3530 4621 3816 4689 superﬂua,

2781 4705 2873 4748 aut
2898 4694 3075 4749 minus
3095 4703 3237 4760 apta,
3262 4708 3420 4763 quam
3452 4692 3528 4746 rei
3556 4691 3690 4746 ordo
3708 4693 3817 4763 lue'j

2777 4766 2866 4830 rit,
2925 4780 3046 4836 esse
3085 4761 3358 4836 putantur.
3417 4764 3568 4836 Sicut
3598 4761 3818 4836 ‘Quirici

2777 4835 3055 4906 cujusdam
3089 4832 3149 4892 et
3180 4835 3358 4892 Inlita:
3380 4835 3564 4906 ;,sicut
3586 4832 3819 4906 Georgii,

2778 4905 3115 4977 aliorumque
3178 4905 3441 4976 ejusmodi
3519 4905 3818 4973 passiones.

2777 4995 2898 5049 quae
2919 4979 2987 5034 ab
3018 4979 3282 5033 haereticis
3302 4977 3820 5049 perhibenturcom-

2776 5046 2986 5119 positae.
3037 5050 3262 5120 Propter
3307 5046 3472 5118 quod,
3522 5046 3819 5120 ulidictunt

2772 5117 2877 5188 est,
2908 5136 2975 5176 ne
3003 5123 3083 5177 vel
3114 5117 3247 5178 levis
3266 5117 3628 5175 subsannandi
3656 5117 3821 5170 orire-

2774 5203 2861 5247 tur
2883 5193 3115 5262 oecasio,
3143 5197 3194 5248 in
3225 5201 3410 5247 sancta
3439 5190 3682 5262 Romana
3713 5189 3816 5242 Ec-

2772 5263 2935 5319 clesia
2994 5261 3106 5320 non
3150 5266 3421 5335 leguntur.
3475 5261 3581 5317 Nos
3615 5271 3814 5322 tamen,

2306 5508 2326 5580 ξ
2359 5505 2503 5561 Idem
2521 5504 2680 5580 cog”
2706 5511 3052 5580 suscipiendas
3072 5527 3199 5569 esse.

2308 5579 2326 5607 "
2354 5580 2409 5632 In
2437 5576 2560 5630 cod.
2585 5575 2729 5632 Flor.
2760 5575 2911 5636 deest
2938 5583 3052 5637 ista.

2307 5653 2328 5683 ³
2354 5648 2499 5704 Idem
2528 5647 2670 5714 cod.,
2705 5662 2772 5705 et.

2306 5723 2328 5754 ⁹
2356 5720 2501 5776 Idem
2529 5717 2649 5776 cod.
2681 5721 2823 5780 addit
2850 5733 3047 5781 mla.
