4092 6350
349 256 452 314 173

707 378 1012 426 ιυαιιηι.

846 249 1183 308 ΑΡΡΕΝΟΙΧ
1221 246 1492 306 TERTIA.
1531 244 1844 306 CONCILIA
1883 243 2196 313 QUEDAM
2235 245 2280 300 Δ
2317 239 2610 300 GELASIO
2648 238 3071 300 CELEBBATA.

1566 377 1937 427 uncam
1975 371 2342 423 mum.

3492 242 3589 303 I74

2713 373 2990 421 manus:
3033 355 3421 421 omanis.

277 469 292 499 ³
333 483 774 559 ἠοιιλιθευρωικ
814 485 942 559 _Nos
1003 493 1177 538 tamen
1251 496 1372 559 cum
1448 486 1707 559 gisquam
1730 484 2034 540 hominibus
2056 484 2166 536 noti
2195 489 2339 546 sunt,
2371 496 2487 537 om-
2560 497 2680 537 cum
2737 483 2988 551 pradicta
3053 481 3283 536 Romana
3329 482 3590 559 Ecclesia,

343 554 599 632 praedicta
625 557 861 632 Ecclesia
906 570 1093 610 omnes
1127 554 1370 632 niartires

344 624 404 690 δι
455 644 641 686 eorum
694 627 954 700 gloriosos
1007 639 1236 700 agones,
1286 624 1373 700 qui

344 701 458 758 Deo
512 702 680 770 magis
699 694 880 768 'quam
929 694 1230 751 hominibus
1263 694 1378 750 noti

345 781 473 829 sunt
492 774 635 826 omni
656 771 940 826 devotione
965 781 1304 822 veneramur.

417 845 545 898 Item
581 842 722 897 Vitas
751 840 986 905 Patrum,
1018 837 1189 904 Pauli,
1212 837 1380 890 Anto-

323 914 442 983 nii,
474 912 738 978 Ilarionis,
763 917 818 965 et
838 912 1064 983 omnium
1091 907 1379 983 heremita-

347 979 488 1051 rum,
514 997 645 1051 quas
683 990 862 1036 tamen
909 982 989 1035 vir
1038 979 1378 1035 beatissimus

347 1054 631 1134 descripsit
660 1053 1040 1134 Hieronymus,
1067 1065 1187 1105 cum
1217 1051 1232 1081 ¹
1262 1063 1379 1103 om-

350 1126 404 1181 ni
439 1127 641 1180 honore
675 1125 1014 1191 suscipimus.

419 1195 549 1274 I_t_em
595 1198 755 1274 Actus
783 1194 924 1248 beati
952 1192 1210 1274 Sylvestri
1241 1194 1382 1274 Apo-

346 1266 552 1321 stolica
597 1266 738 1320 sedis
789 1263 1050 1332 praesulis,
1095 1263 1216 1318 licet
1263 1264 1379 1329 ejus

345 1337 438 1407 qui
469 1335 784 1403 conscripsit
812 1334 1327 1407 nomen_iguo_retur;
1350 1348 1377 1383 a

346 1403 531 1462 multis
578 1414 756 1460 tamen
824 1405 873 1458 in
933 1405 1067 1457 urbe
1133 1403 1298 1457 Roma
1349 1418 1379 1454 η

344 1477 623 1532 catholicis
652 1477 750 1546 legi
791 1475 1152 1546 cognovimus,
1184 1482 1254 1546 Aet
1285 1487 1380 1540 pro

346 1548 570 1618 antiquo
611 1544 722 1601 usui
761 1545 940 1600 multa
983 1547 1074 1597 hoc
1107 1544 1379 1598 imitantur

346 1618 625 1673 Ecclesia.

420 1691 442 1719 ⁸
471 1689 600 1743 Item
645 1689 908 1756 scriptura
958 1685 1026 1740 de
1081 1685 1385 1756 inventione

346 1768 540 1814 sancta:
597 1754 773 1812 crucis
835 1756 1139 1820 dominica,
1198 1763 1251 1808 et
1285 1754 1385 1806 alia

349 1829 636 1898 scriptura,
693 1827 767 1898 de
827 1826 1130 1898 inventione
1202 1823 1387 1898 capitis

355 1894 579 1954 Joannis
624 1897 894 1966 Baptista,
931 1895 1151 1949 novella
1179 1894 1388 1966 qniden

353 1967 630 2023 relationis
673 1963 972 2021 "nonnulli
1021 1982 1101 2018 eas
1145 1963 1392 2018 catholici

351 2037 561 2108 legunt,
595 2036 686 2091 sed
715 2052 834 2090 cum
866 2035 983 2108 hac
1011 2036 1074 2088 ad
1098 2034 1388 2088 catholico-

349 2106 474 2164 rum
498 2122 684 2161 manus
710 2106 1068 2174 pervenerint,
1101 2107 1236 2158 beati
1265 2120 1391 2171 apo-

350 2178 475 2249 stoli
501 2176 728 2245 probant
760 2177 938 2249 [manu
960 2185 1168 2249 nntiaua
1191 2189 1386 2249 prace-

350 2247 463 2320 dat]
494 2245 812 2312 sententiain
849 2246 868 2276 ⁸
905 2264 916 2297 :
952 2245 1136 2300 Omnia
1161 2245 1386 2312 probate,

351 2319 489 2390 quod
511 2319 695 2390 bonum
721 2327 792 2372 est
824 2324 1002 2390 tenete.

425 2389 556 2445 Item
582 2389 806 2442 Rulinus
833 2388 941 2442 vir"
959 2387 1389 2458 religiosissimus,

353 2460 375 2492 ⁸
416 2461 506 2532 qni
539 2459 744 2532 plurius
773 2460 951 2532 [manu
980 2456 1392 2532 antiquunpluri-

352 2527 491 2602 mos]
519 2527 899 2602 ecclesiasticis
925 2527 1114 2602 operis
1133 2528 1297 2602 edidit
1327 2528 1392 2580 li-

353 2599 502 2666 bros,
549 2617 648 2654 neu
683 2601 854 2655 nullas
881 2601 1040 2654 etiam
1086 2599 1391 2663 Scripturas

354 2673 740 2740 interpretatus
775 2679 873 2724 est.
931 2668 1034 2724 Seal
1087 2668 1335 2738 quoniam
1367 2669 1386 2699 ⁷

356 2741 698 2798 beatissimus
748 2741 1088 2794 Hieronitnus
1154 2755 1276 2793 eum
1339 2741 1392 2791 in

357 2813 616 2882 aliquibus
638 2814 702 2864 dc
730 2811 926 2863 arbitrii
955 2810 1392 2882 Iibertate__nota-

358 2880 457 2949 vlt,
481 2883 569 2938 illa
592 2883 885 2938 sentiemus
916 2896 1032 2950 qua
1081 2880 1390 2949 praedictum

359 2952 698 3008 Hieronimus
748 2954 948 3007 sentire
990 2953 1392 3021 cognoscimus;

362 3029 542 3078 etnon
574 3024 746 3077 solum
777 3023 842 3076 de
873 3021 1083 3082 Ruﬁno,
1117 3023 1212 3076 sed
1236 3022 1394 3076 etiam

363 3092 438 3146 de
478 3093 758 3153 universis,
793 3107 926 3158 quos
956 3093 1034 3146 vir
1059 3093 1254 3160 sapius
1282 3105 1396 3146 me-

367 3171 605 3216 moratus
645 3163 759 3214 zelo
788 3161 880 3214 Dei
919 3171 971 3214 et
999 3161 1120 3215 lidei
1147 3161 1400 3230 religione

365 3231 735 3286 reprehendit.

464 3310 568 3356 tem
597 3300 844 3370 Origenis
870 3303 1122 3355 nonnulla
1153 3304 1402 3371 opuscula

363 3385 485 3444 qua
534 3371 615 3425 vir
654 3371 1005 3444 beatissimus
1051 3373 1401 3444 Ilieronymus

363 3440 474 3499 non
503 3440 766 3511 repudiat,
799 3442 1019 3511 legenda
1047 3440 1396 3512 suscipimus;

363 3513 568 3584 reliqua
595 3520 772 3566 autem
801 3513 824 3545 ⁸
843 3513 1015 3584 omnia
1040 3530 1160 3567 cum
1184 3523 1399 3569 auctore

363 3597 464 3640 suo
489 3583 713 3638 dicimus
743 3583 1069 3637 rennuenda.

437 3657 567 3710 Item
589 3653 813 3708 Cronica
840 3654 1050 3708 Eusebii
1066 3655 1395 3710 Cesariensis

364 3728 388 3761 ο
413 3726 493 3797 cpi
523 3734 679 3795 atque
700 3725 934 3794 ejusdem
959 3724 1202 3781 Historia
1229 3728 1398 3782 eccle-

365 3797 594 3852 siastica:
631 3797 812 3863 libros,
850 3797 1092 3867 quamvis
1137 3797 1188 3850 in
1228 3798 1396 3867 primo

365 3867 833 3938 narrationissua
875 3867 1008 3921 libro
1049 3867 1296 3938 lepuerit,
1346 3881 1400 3923 et

439 3945 488 3991 st
515 3939 566 3991 in
598 3937 839 3992 laudibus
876 3948 1033 4007 atque
1058 3937 1399 3994 excusatione

416 4007 612 4077 rigenis
657 4025 810 4061 unum
858 4009 1127 4062 scismatici
1170 4012 1400 4064 conscri-

366 4080 539 4149 pserit
577 4078 801 4143 librum;
850 4086 1066 4146 pr0pter
1108 4095 1286 4134 rerum
1325 4090 1403 4133 ta-

365 4164 492 4205 men
541 4149 868 4218 singularum
899 4149 1163 4214 notitiam,
1192 4165 1308 4219 qua
1338 4150 1404 4204 ad

371 4219 417 4252 ¹⁰
443 4224 819 4293 scrutationem
851 4220 1039 4293 [manu
1070 4222 1277 4288 antiqua
1323 4222 1404 4274 itt-

365 4290 738 4362 structioncm]
785 4290 1068 4359 pertinent,
1106 4306 1403 4362 usquequa-

365 4375 473 4431 que
504 4376 608 4415 non
637 4361 858 4415 dicimus
888 4362 1200 4415 rennuenda.

453 4432 695 4486 Orosium
753 4431 923 4485 virum
980 4432 1396 4488 eruditissimum

362 4501 784 4558 eollaudamus“
809 4504 929 4570 quia
955 4503 1106 4558 valde
1134 4504 1285 4559 nobis
1310 4521 1398 4560 ne-

363 4574 655 4644 cessariam
681 4573 933 4644 adversus
957 4573 1293 4644 Paganorum
1315 4591 1403 4632 ca-

365 4642 597 4698 lumnias
640 4643 902 4698 ordinavit
943 4642 1199 4713 Storiam,
1241 4646 1402 4708 mira-

363 4730 473 4783 que
504 4715 762 4768 brevitate
792 4717 1084 4770 contexuit.

440 4783 772 4858 venerabilis
798 4787 889 4840 uiri
914 4787 1094 4843 Seduli
1118 4789 1160 4820 "
1183 4789 1404 4858 episcopi

361 4854 629 4911 Paschale
674 4871 826 4924 opus,
873 4858 1014 4926 quod
1057 4854 1273 4912 heroicis
1312 4854 1406 4914 de-

360 4927 584 5008 scripsit
638 4927 910 4993 versibus,
941 4930 1133 5000 insigni
1183 4929 1340 4984 laude
1363 4929 1403 4959 ¹³

357 5010 707 5065 prorernnus.

439 5067 662 5123 Juvenci
695 5068 1037 5124 nihilominus
1079 5069 1399 5127 laboriosum

357 5149 503 5206 opus
527 5152 633 5193 non
653 5139 974 5208 spernimus,
1003 5139 1099 5197 sed
1124 5142 1399 5198 miramus.

440 5295 456 5324 ι
488 5291 546 5348 In
572 5295 762 5350 eodem
783 5296 902 5352 cod.
935 5296 1086 5353 deest
1114 5300 1271 5352 omni.

438 5365 460 5396 ⁸
491 5362 632 5419 Idem
660 5365 780 5422 cod.
809 5382 913 5420 non
941 5367 1097 5423 habet
1127 5378 1338 5422 sanctas.

438 5433 462 5464 ⁸
487 5433 630 5490 Idem
654 5439 773 5492 cod.
805 5446 944 5502 sunt,
972 5449 1076 5494 etc.

437 5502 462 5577 ξ
490 5505 632 5577 Idem
661 5509 807 5574 cod.,
831 5511 1069 5577 prrecedit
1109 5509 1373 5564 sententia.

442 5576 463 5650 ξ
485 5575 632 5650 Idem
655 5580 808 5650 cod.,
833 5575 1116 5650 religiosus.

568 5647 755 5722 eodem
786 5649 908 5703 cod.
933 5645 1090 5704 deest
1116 5653 1221 5722 qui.

441 5716 462 5745 '
486 5716 632 5773 Idem
651 5719 799 5780 cod.,
827 5716 1162 5788 venerabilis;

1448 557 1500 613 ni
1525 557 1807 614 devotione
1841 569 2177 611 veneramur.

1525 831 1650 884 Item
1685 827 1830 881 Vitas
1846 826 2082 889 Patrum,
2112 824 2282 889 Pauli,
2316 827 2480 876 Ante-

1453 900 1528 965 ni,
1565 898 1866 961 Hilarionis,
1898 906 1951 951 et
1979 896 2230 950 omnibus
2251 893 2484 948 heremi-

1451 982 1644 1034 tarum,
1678 983 1809 1039 quas
1839 977 2017 1039 tamen
2040 967 2120 1020 vir
2148 965 2486 1039 beatissimus

1450 1037 1732 1109 descripsit
1782 1037 2142 1104 Hieronimus,
2191 1051 2310 1092 cum
2339 1037 2483 1090 omni

1455 1113 1660 1169 honore
1685 1110 2022 1178 suscipimus.

1525 1183 1653 1237 Item
1685 1180 1848 1236 Actus
1892 1180 2026 1234 beati
2075 1178 2316 1235 Silvestri
2343 1178 2486 1244 Apo-

1456 1255 1656 1308 stolica
1703 1252 1844 1306 sedis
1884 1251 2144 1319 prasolis,
2198 1250 2320 1303 licet
2371 1249 2488 1317 ejus

1453 1326 1540 1395 qui
1586 1323 1906 1390 conscripsit
1935 1325 2153 1395 nomine
2191 1322 2485 1395 ignoretur,

1450 1392 1482 1447 εἰ
1502 1395 1869 1449 multistatuen
1897 1395 1946 1447 in
1971 1393 2099 1448 urbe
2125 1392 2490 1446 Romacatho-

1454 1469 1568 1521 licis
1599 1465 1696 1534 legi
1729 1465 2097 1534 cognovimus,
2130 1473 2184 1517 et
2216 1478 2312 1532 pro
2343 1463 2484 1516 anti-

1453 1553 1556 1608 quo
1599 1551 1693 1590 usu
1723 1538 1898 1590 multa
1942 1536 2055 1590 hac
2083 1535 2351 1590 imitantur
2393 1535 2490 1587 Ec-

1456 1610 1652 1661 clesia.

1529 1679 1657 1731 ltetn
1726 1677 1987 1744 scriptura
2053 1675 2120 1728 de
2187 1676 2492 1730 inventione

1460 1747 1634 1803 crucis
1664 1747 1964 1808 dominica,
1998 1756 2050 1799 et
2079 1747 2236 1799 aliam
2269 1747 2499 1815 scriptu-

1464 1834 1572 1872 ram
1623 1818 1688 1870 de
1734 1818 2036 1870 inventione
2063 1818 2249 1882 capitis
2278 1817 2496 1871 Joannis

1468 1889 1734 1956 Baptista,
1770 1889 1974 1941 novelle
1997 1888 2208 1955 quidem
2233 1887 2498 1943 relationis

1464 1971 1514 2014 et
1563 1959 1797 2013 nmmulli
1850 1959 2093 2012 catholici
2151 1960 2350 2027 legunt.
2394 1959 2495 2014 Sed

1463 2045 1580 2084 cum
1636 2033 1746 2082 haec
1773 2028 1839 2081 ad
1892 2028 2277 2084 catholicorum
2311 2045 2496 2084 manus

1463 2102 1806 2164 advenerint‘,
1861 2100 1999 2154 beati
2064 2099 2211 2153 Pauli
2269 2101 2495 2169 apostoli

1465 2171 1728 2241 pracedet
1751 2171 2104 2226 .~eutentia....
2141 2171 2327 2224 Omnia
2369 2187 2493 2241 pro.

1467 2240 1598 2307 bate,
1624 2242 1758 2309 quod
1790 2241 1974 2294 bonum
2001 2250 2075 2294 est
2102 2251 2278 2297 tenete.

1538 2382 1664 2434 Item
1708 2381 1929 2434 Ruﬁnus
1960 2381 2039 2433 vir
2080 2381 2354 2451 religiosus
2382 2381 2497 2451 plu-

1467 2451 1630 2506 rimos
1687 2451 2061 2506 ecclesiastica
2104 2451 2280 2517 operis
2332 2451 2497 2508 edidit

1468 2522 1648 2586 libros,
1686 2523 1962 2575 nonnullas
1999 2523 2158 2574 etiam
2190 2523 2495 2590 Scripturas

1468 2593 1842 2663 interpretatus
1873 2603 1973 2663 est.
2005 2591 2108 2648 Sed
2149 2609 2272 2661 qum
2305 2594 2499 2647 beatis-

1465 2661 1631 2717 simus
1664 2661 1999 2717 Hicron‘imus
2044 2678 2161 2715 eum
2217 2665 2266 2717 in
2315 2664 2502 2733 aliqui-

1467 2734 1566 2788 bus
1619 2735 1684 2788 de
1723 2734 1944 2788 arbitrio
1996 2733 2236 2788 libertate
2272 2736 2497 2801 notavit,

1467 2804 1583 2860 illas
1625 2806 1834 2859 sentim.
1871 2821 1922 2874 q.
1947 2805 2253 2871 pradictum
2286 2805 2498 2862 beatum

1471 2875 1770 2930 Ilienimum
1786 2877 1985 2929 sentire
1995 2878 2384 2943 cognoscimus,
2399 2893 2501 2933 non

1471 2947 1639 3000 solum
1709 2945 1776 3000 de
1824 2947 2038 3012 Holiuo,
2090 2948 2180 2999 sed
2239 2947 2396 3001 etiam
2439 2950 2504 3004 de

1471 3017 1732 3072 universis
1774 3019 1913 3086 quod
1945 3017 2025 3070 vir
2066 3015 2123 3071 S.
2156 3019 2334 3084 sepius
2393 3034 2504 3074 me-

1472 3097 1742 3161 moratus,
1764 3088 1883 3161 zelo?
1899 3088 2016 3154 Dei,
2047 3098 2098 3143 et
2130 3087 2251 3144 lidei
2280 3088 2502 3161 religio—

1473 3173 1541 3215 ne
1573 3157 1930 3227 reprehendit.

1543 3297 1674 3353 Item
1703 3296 1948 3366 Origenis
1985 3298 2238 3352 nonnulla
2267 3313 2356 3366 op.
2386 3313 2505 3367 qua

1474 3367 1555 3422 vir
1597 3367 1955 3440 beatissimus
1987 3368 2342 3440 Hieronymus
2398 3383 2504 3425 non

1474 3437 1737 3508 repudiat,
1772 3438 1996 3509 legenda
2019 3437 2336 3508 suscipimus
2369 3457 2383 3493 :
2415 3455 2503 3495 re-

1473 3511 1612 3580 liqua
1664 3519 1840 3564 autem
1893 3509 2072 3564 omnia
2125 3524 2244 3564 cum
2292 3520 2508 3567 auctore

1469 3595 1566 3636 suo
1594 3581 1821 3635 dicimus
1851 3582 2232 3637 rennuendam.

1539 3652 1798 3706 Chronica
1867 3651 2058 3706 Eusebi
2119 3651 2499 3721 Caesariensis,

1469 3735 1625 3793 atque
1657 3722 1898 3793 ejusdem
1931 3723 2176 3778 Historiae
2225 3726 2510 3780 ecclesias-

1472 3792 1586 3848 tica
1616 3792 1799 3858 libros,
1831 3797 2073 3864 quamvis
2100 3797 2150 3849 in
2183 3799 2353 3864 primo
2381 3812 2502 3852 nar-

1472 3866 1690 3937 rationis
1711 3881 1824 3937 sua
1853 3865 1987 3920 libro
2026 3868 2276 3937 tepuerit,
2305 3879 2360 3922 et
2390 3878 2510 3936 post

1473 3938 1523 3991 iti
1565 3936 1804 4018 laudibus
1835 3946 1993 4018 atque
2021 3936 2362 4018 excusatione
2385 3940 2503 4018 Ori-

1473 4010 1622 4075 genis
1643 4010 1925 4061 scismatici
1947 4025 2107 4062 unum
2130 4012 2507 4077 conscripserit

1477 4078 1667 4131 librum
1701 4096 1712 4130 :
1747 4089 1961 4145 propter
1986 4093 2162 4132 rerum
2190 4091 2363 4133 tamen
2394 4081 2504 4133 sin-

1475 4148 1716 4216 gularum
1739 4149 2002 4213 notitiam,
2029 4166 2080 4216 q.
2115 4149 2178 4202 ad
2205 4149 2509 4202 instructio-

1477 4233 1601 4290 nem
1642 4226 1934 4287 pertenent,
1987 4233 2363 4290 usquequaque
2403 4233 2507 4274 non

1476 4288 1700 4344 dicimus
1732 4291 2048 4345 renuendos.

1545 4426 1691 4483 Idem
1724 4428 1970 4484 Orosium
2011 4428 2177 4481 virum
2210 4427 2506 4483 eruditissi-

1476 4515 1641 4564 mum,
1662 4515 1816 4568 quem
1835 4497 2232 4563 conlaudamus,
2250 4498 2340 4566 qui
2358 4499 2508 4555 valde

1478 4570 1630 4626 nobis
1666 4571 2020 4625 necessariam
2055 4570 2308 4623 adversus
2337 4586 2508 4638 paga-

1476 4657 1662 4696 norum
1696 4640 1986 4695 calumnias
2035 4641 2298 4694 ordinavit
2327 4640 2504 4698 Histo-

1476 4713 1630 4777 riam,
1663 4714 1898 4782 miraque
1934 4713 2190 4766 brevitate
2213 4715 2504 4768 contexuit.

1546 4785 1675 4838 Item
1698 4783 2020 4837 venerabilis
2037 4783 2236 4837 Sedulii
2254 4782 2507 4840 Paschale

1477 4869 1630 4923 opus,
1663 4854 1801 4922 quod
1832 4853 2054 4908 eruditis
2083 4853 2360 4922 descripsit
2391 4871 2510 4911 ver-

1478 4927 1645 4992 sibus,
1681 4925 1870 4994 insigni
1905 4923 2056 4978 laude
2089 4923 2435 4991 pra-ferimus.

1546 5069 1675 5124 Item
1723 5067 1944 5123 iuvenci
1984 5065 2329 5121 nihilominu
2369 5067 2516 5122 labo-

1475 5139 1673 5195 riosum
1713 5153 1846 5208 opus
1893 5151 2002 5193 non
2049 5138 2367 5207 spernimus,
2419 5138 2512 5193 sed

2560 567 2748 607 onmes
2776 563 3057 625 martyres,
3084 562 3148 626 et
3178 568 3362 608 eorum
3392 555 3592 626 gloria-'-

2558 637 2647 698 sos
2687 624 2926 698 agones,
2947 628 3033 698 qui
3084 624 3195 678 Deo
3226 624 3590 698 magis‘qm

2560 693 2864 748 hominibus
2923 693 3031 750 noti
3065 705 3210 762 sunt,
3242 693 3386 753 ouini
3429 693 3594 758 devo-

2553 763 2698 818 tione
2725 780 3058 820 veneramur.

2632 834 2758 906 Itern
2793 835 2940 889 Vitas
2963 836 3202 906 Patrum,
3247 839 3395 896 Pauli
3426 843 3596 900 Anto-

2560 904 2634 967 ni,
2673 904 2982 973 Hilarionis,
3025 916 3076 961 et
3125 904 3362 965 omnium
3401 917 3598 971 eremi-

2565 985 2757 1038 tarum,
2783 991 2914 1045 quas
2937 984 3116 1031 tamen
3141 980 3222 1032 vir
3252 980 3598 1043 beatissimus

2563 1045 2916 1118 Hieronymus
2958 1045 3264 1118 descripsit,
3301 1067 3421 1108 cum
3449 1058 3594 1114 omni

2564 1117 2767 1171 honore
2794 1117 3134 1184 suscipimus.

2633 1186 2761 1240 Item
2813 1189 2976 1242 Actus
3021 1188 3305 1244 beatissimi
3352 1195 3597 1254 Silvestri

2563 1257 2870 1330 apostolica
2941 1260 3083 1313 sedis
3135 1265 3400 1330 prasulis,
3473 1268 3597 1324 licet

2561 1329 2678 1396 ejus
2694 1331 2782 1396 qui
2805 1330 3123 1406 conscripsit
3143 1329 3345 1406 nomen
3388 1329 3598 1406 ignore-

2563 1409 2666 1463 tur,
2695 1414 2724 1452 a
2758 1401 2936 1454 multis
2968 1410 3142 1456 tamen
3189 1405 3238 1457 in
3271 1401 3597 1464 urbe‘ltoma

2561 1470 2842 1550 catholicis
2886 1473 2986 1541 legi
3033 1475 3378 1550 cognovimus
3417 1488 3470 1532 et
3500 1495 3600 1550 pro

2566 1542 2786 1610 antiquo
2819 1557 2917 1597 usu
2959 1544 3141 1598 multa
3181 1546 3280 1602 hoc
3323 1542 3600 1607 imitan'tur

2567 1611 2844 1667 Ecclesia.

2639 1683 2771 1754 Item
2795 1684 3058 1754 scriptura
3076 1686 3142 1742 de
3177 1687 3482 1748 Inventione
3507 1694 3600 1749 do.

2570 1753 2780 1830 minica
2809 1753 3002 1823 crucis,
3036 1766 3092 1830 et
3118 1759 3219 1811 alia
3250 1763 3513 1830 scriptura
3533 1768 3600 1822 de

2572 1823 2884 1897 Inventione
2941 1827 3126 1897 capitis
3187 1832 3324 1885 beati
3360 1823 3602 1893 'Joannis

2573 1895 2843 1963 Baptista,
2880 1895 3106 1953 novella
3137 1899 3347 1968 quidem
3390 1907 3602 1962 relatio-

2574 1979 2668 2018 nes
2698 1975 2833 2027 sunt,
2866 1979 2918 2020 et
2973 1971 3207 2024 nonnulli
3243 1989 3330 2026 eas
3355 1976 3603 2034 catholici

2573 2036 2772 2102 legunt.
2806 2037 2911 2092 Sed
2943 2053 3062 2092 cum
3099 2040 3209 2094 h.t'c
3255 2044 3316 2095 ad
3371 2044 3604 2103 Catholi~

2568 2121 2995 2180 οοωιηᾞηιθιιιιε
3042 2116 3381 2179 pervenerint
3403 2160 3414 2180 ,
3461 2119 3602 2174 beati

2568 2178 2796 2248 apostoli
2830 2180 2975 2232 Pauli
3002 2178 3266 2248 prmccdat
3286 2178 3551 2245 sententia
3590 2209 3602 2243 :

2572 2246 2757 2332 omnia
2787 2246 3015 2320 probate,
3069 2263 3117 2308 et
3155 2258 3291 2326 quod
3317 2257 3502 2313 bonum
3533 2273 3605 2316 est

2568 2328 2795 2374 retinete.

2640 2389 2770 2464 Item
2802 2391 3022 2446 Ruﬁnus
3064 2396 3145 2448 vir
3186 2398 3606 2464 religiosissimus

2570 2460 2832 2537 plttnimos
2883 2464 3228 2537 ecclesiastici
3279 2460 3452 2537 operis
3493 2474 3605 2528 edi-

2569 2528 2650 2584 dit
2678 2531 2885 2586 Iibros:
2922 2535 3203 2591 nonnullas
3249 2528 3410 2595 etiam
3462 2542 3605 2599 Scri-

2576 2608 2754 2681 pturas
2784 2603 3160 2682 interpretans
3191 2618 3291 2662 est.
3322 2611 3426 2666 Sed
3475 2630 3608 2682 quo-

2574 2672 3069 2747 niam‘venerabilis
3101 2676 3452 2747 Hieronymus
3487 2672 3608 2740 cum

2576 2742 2627 2796 in
2670 2742 2936 2811 aliquibus
2978 2745 3046 2800 de
3098 2742 3314 2805 arbitrii
3364 2752 3608 2811 libertate

2575 2815 2820 2894 notavit;_
2857 2814 2940 2867 illa
2993 2818 3275 2894 sentimus,
3325 2838 3444 2892 qua
3476 2841 3608 2892 μνω-

2577 2882 2779 2964 dictum
2809 2884 3020 2964 beatum
3063 2882 3444 2962 Hieronymum
3476 2882 3612 2952 'sen-

2577 2959 2676 3008 tire
2727 2959 3095 3024 cognoscimus
3127 2978 3138 3013 :
3173 2971 3228 3016 et
3266 2959 3383 3019 'non
3436 2966 3608 3024 solum

2576 3025 2643 3078 dc
2669 3024 2878 3108 Hulino,
2909 3030 3008 3108 sed
3047 3032 3215 3088 etiam
3241 3033 3307 3089 de
3344 3038 3610 3096 universis

2610 3110 2705 3170 uos
2754 3101 3078 3170 virisapius
3115 3115 3444 3163 memoratus
3486 3111 3603 3164 zelo

2654 3166 2690 3233 i,
2714 3174 2768 3222 et
2795 3167 2916 3222 ﬁdei
2949 3166 3206 3243 religione
3232 3178 3608 3245 reprehendit.

2646 3301 3030 3386 Item.0ri_genis
3051 3322 3156 3386 non
3165 3310 3614 3386 nulla‘opuscula,

2577 3385 2695 3440 qua
2743 3373 2823 3427 vir
2859 3376 3206 3456 beatissimus
3259 3373 3614 3456 Hieronymus

2581 3456 2686 3523 una
2707 3444 2971 3512 repudiat,
3005 3448 3226 3523 legenda
3248 3444 3568 3523 suscipimus
3596 3476 3608 3511 :

2579 3512 2780 3583 reliqua
2809 3525 2982 3570 autem
3017 3512 3197 3574 omnia
3231 3537 3350 3577 cum
3395 3512 3616 3582 auctore

2577 3597 2675 3637 suo
2703 3585 2927 3640 dicimus
2958 3591 3246 3645 renitentia.

2648 3655 2775 3710 Item
2797 3658 3058 3713 Chroitica
3087 3661 3293 3718 Eusebii
3315 3666 3610 3724 Casaricn-

2581 3726 2672 3798 sis,
2728 3738 2885 3798 atque
2941 3731 3177 3797 ejusdem
3224 3734 3471 3794 Historia
3513 3741 3608 3796 Ec-

2579 3797 2893 3878 clesias‘tica
2912 3801 3091 3870 libros,
3107 3810 3342 3872 quamvis
3365 3811 3414 3862 in
3441 3815 3617 3878 primo

2580 3872 3055 3946 narratio_nis__sua:
3101 3878 3233 3930 libro
3274 3872 3522 3946 tepuerit,
3558 3896 3611 3936 et

2580 3949 2700 4008 post
2728 3942 2778 3994 in
2811 3942 3052 3998 laudibus
3082 3956 3240 4010 atque
3268 3942 3614 4008 excusatione

2579 4010 2820 4078 Origenis
2847 4013 3173 4069 schismatici
3197 4033 3356 4072 unum
3387 4022 3598 4077 conseri

2581 4081 2743 4143 pserit
2775 4081 2983 4152 librum
3023 4101 3033 4134 :
3069 4098 3282 4152 propter
3321 4105 3498 4142 rerum
3540 4104 3616 4143 ta-

2579 4163 2700 4226 men
2744 4148 3076 4226 singularum
3107 4148 3368 4226 notitiam,
3402 4174 3520 4226 qua
3547 4163 3613 4214 ad

2581 4220 2985 4299 instructionem
3012 4224 3292 4292 pertinent,
3315 4220 3615 4299 usquequa-

2583 4302 2686 4357 que
2709 4303 2813 4344 non
2846 4291 3070 4349 dicimus
3094 4291 3416 4356 renuendos.

2650 4423 2779 4480 Item
2823 4428 3064 4483 Orosiunt
3107 4432 3276 4488 virum
3321 4437 3622 4495 eruditissi~

2582 4511 2724 4551 mum
2763 4499 3164 4572 conlaudamus.
3210 4507 3298 4572 qui
3328 4507 3480 4564 valde
3518 4527 3614 4566 ne-

2581 4569 2863 4649 cessariam
2907 4572 3059 4649 nobis
3095 4569 3348 4649 adversus
3387 4594 3620 4649 pagano~

2580 4654 2697 4720 rem
2714 4640 3006 4720 calumnias
3028 4640 3616 4720 ordinavitHis'toi-iam,

2580 4711 2821 4780 miraque
2849 4711 3114 4768 brevitate
3145 4721 3444 4776 contexuit.

2655 4782 3117 4863 Item-venerabilis
3138 4787 3238 4863 viri
3250 4790 3447 4863 Sedulii
3467 4794 3618 4863 Opus

2584 4851 2853 4934 paschale,
2875 4856 3034 4934 _qu_od
3052 4927 3064 4934 _
3079 4858 3306 4934 heroicis
3337 4851 3619 4934 descripsit

2585 4921 2846 4987 versibus
2873 4921 3065 4996 insigni
3083 4928 3238 4984 laude
3265 4921 3620 4999 pralerinius.

2656 5065 2877 5122 Iuvenci
2907 5082 3118 5138 quoque
3157 5069 3506 5128 nihilominus
3535 5073 3617 5126 la-

2586 5136 2857 5193 boriosum
2889 5136 3158 5210 opusnon
3177 5139 3501 5210 spernimus,
3524 5140 3618 5198 sed

2113 5296 2135 5327 ⁸
2172 5295 2229 5348 In
2252 5293 2444 5350 eodem
2465 5295 2583 5350 cod.
2613 5295 2766 5351 deest
2791 5299 2982 5351 omnia.

2112 5367 2151 5437 ?_
2171 5364 2598 5437 Ineodemrcod.
2629 5366 2779 5421 deest
2805 5369 2911 5437 epi.

2113 5435 2159 5468 “
2195 5435 2342 5491 Idem
2374 5436 2520 5502 cod.,
2547 5435 2944 5491 instructionem.

2116 5507 2156 5538 “
2198 5505 2344 5562 Idem
2378 5507 2523 5573 cod.,

2552 5508 2658 5576 qui.

2115 5577 2157 5608 ¹¹
2197 5576 2253 5632 In
2276 5577 2462 5633 eodem
2493 5572 2613 5632 eod.
2644 5577 2797 5631 deest
2817 5572 3061 5644 episcopi.

2119 5647 2162 5679 ¹⁸
2200 5647 2347 5704 Idem
2374 5647 2494 5703 cod.
2508 5688 2524 5712 ,
2541 5647 2882 5716 praeterimus.
