4092 6350
500 297 604 355 J83

1427 294 1518 352 AD
1556 290 1787 350 OPEBA
1826 284 2097 346 GELASII
2140 282 2344 339 PAPIE
2384 282 2831 343 AWENDICES.

3659 290 3754 346 184

500 417 693 491 Turdo
719 419 855 491 Rura
884 418 951 477 υ.
980 416 1041 474 ε.
1073 414 1275 472 consule
1303 413 1565 491 ordinario
1596 420 1745 491 αιιιιεε
1768 407 2003 491 variato.
2024 423 2059 488 ,ι
2101 403 2293 491 verum
2316 416 2378 491 es
2412 402 2637 491 taedet?!
2659 418 2781 491 ηυξτ
2811 401 2985 491 lim
3014 402 3125 491 ὀφ
3147 398 3435 491 οξφρβιξιε
3453 399 3750 491 ,ίξιξίξὲεεατξρε

502 473 865 560 exscriptorérn
892 473 1235 559 pererrorem
1276 485 1502 560 posuisse
1540 473 2105 560 consulelordinario‘;
2156 489 2367 560 euntque
2406 473 2632 560 Asterius
2665 480 2783 560 ante
2819 489 3011 527 armum
3040 482 3332 560 sequentem
3362 473 3618 560 8§tfnllsul
3660 476 3754 528 dici

504 576 610 614 non
634 543 874 629 patuerit,
897 543 1019 615 lente
1043 573 1157 613 eum
1180 543 1373 629 annum
1398 554 1602 629 Sedulii
1629 553 1862 629 carmina
1888 566 1976 629 nec
2008 546 2229 629 collegit,
2256 560 2347 629 nec
2374 543 2646 629 ev'ulgavit,
2676 544 2888 629 ideoque
2912 585 2943 629 ,_
2960 559 3050 629 nec
3076 544 3480 629 antemsyngdu's
3508 543 3754 629 “ratione,

504 632 610 684 inc

615 612 1052 685 ur'irshdeci'etode
1076 612 1292 685 Sedulio
1325 627 1532 691 mentio,
1563 624 1815 680 celebrata
1838 622 1953 692 fuit,
1983 627 2038 673 ut
2068 612 2202 673 recte
2222 615 2388 669 uidere
2419 612 2657 668 Usserius
2694 615 2782 668 lib.
2807 612 2879 669 'm
2910 618 2972 668 de
3003 613 3310 668 Primordiis
3337 613 3531 666 Eccles.
3556 612 3752 672 Britan.

622 650 673 755 6].
706 700 1010 755 Pearsonius
1035 701 1089 753 in
1129 697 1372 752 Vindieiis
1391 697 1719 755 epistularum
1746 693 1907 748 sancti
1937 690 2115 755 lgnat.
2151 704 2271 755 pag.
2299 684 2391 748 46.
2420 694 2467 737 et
2496 686 2640 739 card.
2678 683 2916 739 Norisius
2942 686 3200 747 laudatus,
3227 684 3315 755 qui
3340 684 3491 755 plura
3517 684 3661 737 habet
3698 689 3752 739 de

504 683 554 754 ἐξ
587 683 1010 755 1ὅξΡέὰιέέόήἷιιε
1035 683 1104 753 inv
1129 697 1372 752 Vindieiis
1391 683 1719 767 epistularum
1746 683 1911 767 sancti
1937 683 2271 767 Ignat._pagﬁ.
2299 684 2391 748 46,
2420 694 2467 737 et
2496 686 2640 767 car-ri.
2678 683 3315 767 Norisiuslaudatuﬁqui
3340 684 3491 767 plura
3517 684 3661 767 habet
3698 689 3756 739 de

506 754 786 844 statam
806 754 923 844 ejus
944 787 1111 844 opere.
1146 767 1273 823 Cum
1292 754 1604 844 permittente
1628 765 1822 821 Martio
1843 764 1948 817 alia
1972 754 2205 844 synodus
2220 754 2466 844 Romana
2501 755 2677 844 habita
2702 758 2783 844 sit,
2812 772 2871 844 ea
2900 757 2961 844 de
2988 754 3307 844 analogitur,
3325 754 3556 844 pertinet
3578 759 3644 844 ad
3671 775 3757 844 an.

504 842 627 906 496,
654 842 845 911 fuitque
874 858 908 896 ιι

504 913 735 983 exemplo
759 915 823 968 ab
848 914 989 969 aliis.

994 857 1201 908 omana,
1222 840 1313 895 sub
1335 838 1559 907 Gelasio,
1582 856 1683 895 non
1713 852 1754 906 ι,
1787 844 1840 889 ut
1867 824 2133 904 perperam
2162 829 2404 883 hactenus
2433 843 2465 881 a
2489 826 2819 881 conciliorum
2840 824 3184 881 collectoribus
3205 824 3484 895 appellato,
3510 835 3557 878 et
3584 826 3758 878 horum

1630 1009 1657 1039 ⁸
1690 1000 1705 1031 ¹
1731 992 2101 1053 CONCILIUM
2136 986 2471 1045 ROMANUM
2516 986 2559 1041 li
2593 988 2636 1044 ².

969 1096 1084 1163 Quo
1110 1111 1143 1147 α
1172 1093 1371 1150 Gelasio
1400 1101 1448 1147 et
1475 1092 1722 1164 episcopis
1743 1091 1813 1145 55
1836 1086 2062 1141 Misenus
2082 1080 2356 1136 absolvitur
2370 1095 2506 1133 anno
2532 1078 2738 1133 Domini
2754 1078 2859 1136 495
2888 1094 2944 1134 tu
2972 1080 3088 1133 idus
3138 1078 3286 1133 Maii.

577 1186 867 1244 nesidcme
900 1189 952 1243 ίη
995 1188 1204 1260 synodo
1233 1185 1525 1243 venerabili
1546 1184 1664 1239 νῑτο
1693 1196 1828 1253 papa
1860 1178 2074 1235 Gelasio
2099 1176 2156 1237 Α
2180 1171 2364 1227 Miseni
2401 1170 2613 1227 libellus
2642 1172 2818 1228 denuo
2843 1173 3118 1229 recitatur.
3156 1172 3759 1233 Anastasiusjdiaconus

505 1291 608 1333 una
633 1294 756 1334 cum
786 1279 1084 1346 Bonifacio,
1128 1278 1432 1343 Maximino,
1491 1274 1809 1347 Epiphanio,
1857 1269 2079 1334 Basilio,

506 1367 690 1440 Vitali,
718 1371 897 1438 Claro,
928 1370 1155 1437 Irenaeo,
1186 1370 1364 1436 Decio,
1397 1366 1600 1432 Asello,
1651 1364 1844 1434 Euplo,
1896 1360 2082 1418 Valen-

506 1462 637 1528 tino,
667 1463 1011 1531 Martiniano,
1040 1464 1226 1529 Basso,
1263 1461 1522 1530 Benigno,
1562 1457 1859 1523 Primitive,
1906 1452 2083 1508 Palla-

508 1551 619 1618 dio,
648 1554 954 1621 Uindemio,
981 1552 1323 1620 Constantio,
1345 1551 1621 1618 Martyrio,
1648 1546 1909 1610 Candido,
1941 1543 2081 1598 Lau-

509 1646 718 1713 rentio,
774 1646 1029 1712 Deodato,
1089 1644 1353 1701 Mercurio
1377 1688 1392 1712 ,
1440 1640 1714 1710 Stephano
1736 1678 1752 1704 ,
1815 1635 2079 1701 Dulcitio,

509 1736 825 1803 Fortunato,
854 1738 1160 1804 Paschasio,
1196 1735 1473 1801 Sanctulo,
1502 1731 1829 1796 Innocentio,
1854 1729 2085 1800 Chryso-
2121 1800 2131 1810 ο

509 1843 674 1899 gone,
731 1828 1018 1897 Coloniae,
1071 1827 1317 1893 Molensi,
1368 1826 1711 1889 Maximiano,
1774 1821 2078 1889 Valentino,

508 1920 1189 1987 Constantio,Gandentio,
1221 1919 1418 1987 Felice,
1455 1916 1735 1979 Vitaliano,
1764 1914 1947 1980 Petro,
1982 1912 2081 1968 Se-

509 2027 665 2079 reno,
692 2012 953 2081 Aucupio,
987 2012 1292 2077 Timotheo,
1342 2011 1639 2081 Stephano,
1688 2008 1999 2076 Laurentio,
2031 2015 2084 2062 et

508 2105 689 2162 Probo
739 2107 1030 2177 episcopis,
1080 2106 1441 2161 residentibus
1484 2104 1645 2159 etiam
1676 2102 1917 2168 Castino,
1950 2101 2085 2155 Lau-

510 2201 710 2269 rentio,
740 2200 996 2269 Canusio,
1026 2200 1303 2271 Eugenio,
1333 2199 1608 2263 Januario,
1639 2198 1920 2264 Martiano,
1949 2195 2084 2252 Gor-

510 2288 693 2355 diano,
717 2290 899 2356 Petro,
936 2291 1150 2358 Urbice,
1177 2291 1420 2360 Paulino,
1441 2291 1686 2357 Valente,
1721 2290 1901 2369 Petro,
1931 2289 2085 2345 Aste-

510 2382 615 2450 rio,
670 2381 985 2452 Smaragdo,
1042 2382 1345 2447 Bonifacio,
1401 2381 1710 2446 Maxentio,
1764 2380 2081 2451 Epiphanio,

514 2474 746 2540 Justino,
799 2474 1002 2541 Felice,
1058 2474 1398 2543 Redempto,
1456 2473 1780 2543 Projectltio,
1836 2473 2076 2541 Callisto,

2184 1265 2464 1323 recitavit:
2498 1266 2689 1320 Datum
2718 1281 2748 1321 a
2777 1266 2975 1321 famqu
3000 1276 3180 1321 vestro
3211 1266 3416 1321 Miseno
3455 1265 3544 1320 die
3571 1276 3760 1320 octavo

2185 1358 2367 1414 iduum
2397 1357 2726 1425 Martiarum,
2776 1358 2995 1414 Viatore
3024 1359 3090 1414 V.
3116 1359 3175 1412 C.
3208 1359 3447 1414 consule.
3496 1358 3757 1425 Quantum

2184 1451 2250 1506 ad
2273 1466 2407 1508 mete
2437 1453 2671 1522 pertinet
2721 1452 3051 1507 infelicitatis
3081 1451 3387 1521 abruptum,
3431 1452 3599 1505 errori
3640 1465 3759 1506 meo

2187 1545 2428 1616 qualibet
2457 1545 2666 1601 ratione
2692 1554 2970 1601 contracto
2999 1545 3198 1601 definio
3230 1562 3332 1599 non
3374 1560 3493 1601 esse
3535 1561 3757 1615 parcen-

2190 1639 2316 1695 dum
2357 1639 2649 1709 :quoniam
2678 1640 2779 1694 hoc
2829 1640 2944 1709 ipso
2975 1653 3133 1709 paena
3184 1653 3371 1694 carere
3419 1653 3523 1692 non
3568 1638 3756 1703 debeo,

2186 1731 2327 1801 quod
2351 1729 2525 1786 merui
2553 1729 2574 1761 ⁸
2599 1729 2666 1785 ad
2689 1744 2903 1785 causam
2937 1730 3223 1800 poenalem,
3246 1744 3574 1801 quarcunque
3601 1729 3757 1799 foret,

2186 1823 2427 1894 perduci.

2256 1916 2524 1983 Quantum
2549 1930 2678 1972 vero
2700 1915 2933 1985 pertinet
2967 1914 3061 1987 [αι.
3104 1914 3341 1987 reSpicit]
3371 1914 3434 1969 ad
3460 1915 3748 1971 remediale

2185 2007 2502 2075 subsidium,
2534 2008 2641 2063 duo
2666 2017 2788 2062 sunt
2811 2023 2926 2077 qua:
2949 2023 3035 2063 me
3061 2008 3127 2062 ad
3157 2007 3259 2062 hoc
3299 2006 3613 2078 suppliciter
3656 2010 3753 2061 im-

2186 2104 2503 2174 plorandum
2535 2106 2718 2160 venire
2745 2105 3157 2175 constringunt;
3208 2119 3275 2159 ne
3308 2104 3389 2159 vel
3436 2119 3535 2173 ego
3578 2102 3751 2173 despe-

2186 2200 2391 2255 ratione
2423 2200 2591 2271 magis
2642 2201 2916 2270 perpetuis
2947 2199 3272 2255 cruciatibus
3301 2200 3400 2254 sim
3447 2198 3637 2268 dignus
3665 2196 3755 2250 ad-

2184 2291 2310 2357 dici,
2341 2292 2493 2347 Juda:
2519 2292 2945 2361 prmvaricatoris
2974 2291 3226 2361 exemplo
3258 2309 3270 2345 :
3298 2301 3353 2345 et
3379 2291 3499 2359 quia
3518 2299 3659 2343 tanta
3683 2296 3760 2343 est

2186 2382 2470 2438 inell‘abilis
2510 2383 2601 2437 illa
2650 2382 2956 2446 clementia,
3008 2380 3128 2451 qua:
3178 2381 3469 2450 apostolica
3503 2390 3760 2450 potestaze

2187 2478 2493 2532 universum
2520 2474 2727 2530 facinus
2757 2475 3236 2545 possitabsolvere.
3258 2473 3404 2528 llanc
3422 2474 3578 2542 igitur
3595 2473 3758 2527 solam

512 2566 738 2631 Joanne,
776 2567 1077 2633 Valentino,
1110 2565 1448 2631 Sebastiano,
1478 2567 1725 2633 Martino,
1761 2565 2081 2636 Epiphanio,
2114 2546 2161 2606 Β
2192 2568 2242 2621 in
2283 2582 2403 2622 meo
2429 2566 2660 2636 negotio,
2686 2581 2822 2637 papa
2844 2564 3181 2631 venerabilis,
3219 2580 3398 2619 vocem
3430 2564 3761 2619 miserandus

512 2657 746 2722 Andrca,
776 2656 1053 2723 Servodei,
1082 2657 1389 2727 Apellione,
1422 2657 1602 2724 Petro,
1628 2658 1924 2721 Servanda,
1951 2660 2086 2729 Aga-

509 2749 644 2818 pito,
693 2749 1056 2813 Abundantio,
1112 2750 1443 2813 Marcellino,
1498 2750 1722 2818 Litorio,
1772 2750 2082 2819 Laurentio,

509 2841 810 2911 Agathone,
831 2842 1167 2906 Sebastiano,
1187 2841 1488 2909 Valentino,
1514 2841 2081 2910 Anastasio,Genesio,

510 2933 784 3005 Dionysio,
836 2934 1169 3003 Epiphanio,
1221 2934 1470 3000 Acontio,
1530 2934 1774 3000 Paulino,
1838 2936 2081 3004 Agapito,

509 3026 809 3092 Adeodato,
845 3027 1155 3093 Benedicto,
1187 3026 1487 3093 Dominico,
1517 3027 1834 3097 Redempto,
1860 3026 2079 3094 Severo,

507 3116 743 3187 Juliano,
775 3118 1068 3187 Stephano,
1097 3116 1496 3185 Crescentiano,
1525 3118 1842 3187 Septimino,
1867 3119 2086 3189 Cypria-

508 3227 603 3280 no,
647 3224 699 3266 et
748 3213 1049 3282 Epiphanio
1100 3212 1428 3284 presbyteris
1459 3228 1562 3267 una
1591 3228 1710 3266 cum
1750 3213 2083 3268 Amandiano

508 3305 627 3358 viro
657 3304 875 3371 illustri,
907 3314 959 3358 et
990 3304 1317 3373 Diogeniano
1362 3303 1476 3358 viro
1503 3304 1809 3374 spectabili;
1856 3305 2080 3359 astanti-

508 3395 609 3451 bus
637 3411 847 3465 quoque
874 3395 1209 3460 diannibus,
1238 3395 1483 3451 Gelasius
1516 3396 1799 3465 episcopus
1830 3395 2084 3451 Ecclesiae

509 3489 788 3544 catholica:
809 3488 957 3543 urbis
984 3488 1168 3542 Roma:
1198 3488 1330 3542 dixit
1357 3506 1369 3540 :
1404 3488 1641 3543 Meminit
1668 3488 1882 3543 dilectio
1913 3498 2084 3543 vestra

509 3581 788 3652 superiore
812 3592 1084 3637 conventu
1111 3581 1344 3637 oblatum
1376 3581 1530 3637 nobis
1552 3596 1582 3635 a
1608 3581 1813 3635 Miseno
1850 3582 2082 3635 libellum

508 3672 567 3727 in
595 3680 886 3741 conspectu
917 3682 1096 3727 vestro
1127 3672 1289 3726 fuisse
1320 3672 1636 3734 recitatum;
1668 3670 1809 3724 hnnc
1839 3670 2084 3724 eumdem

509 3763 557 3818 si
584 3741 759 3831 p‘lacet
802 3762 1074 3816 dilectioni
1104 3772 1315 3825 vestrm,
1366 3761 1541 3816 denuo
1592 3762 2003 3828 recensendum,
2031 3770 2089 3816 ut

511 3864 628 3909 acta
654 3862 835 3909 nostra
868 3854 1199 3907 contineant.
1231 3854 1297 3907 Et
1325 3854 1446 3923 quia
1479 3853 1621 3907 aliud
1649 3868 1708 3909 se
1747 3870 1959 3923 quoque
1989 3871 2082 3925 pe-

511 3944 750 4000 titorium
784 3958 896 4015 pra:
925 3943 1171 3998 manibus
1202 3944 1400 3999 habere
1430 3945 1726 4015 proﬁtetur,
1766 3946 1893 4013 quid
1924 3947 2081 4001 etiam
2113 3926 2157 3989 C

508 4036 566 4093 in
597 4036 700 4094 hoc
724 4038 1082 4102 contineatur,
1115 4038 1379 4107 possimus
1402 4052 1715 4108 agnoscere.
1762 4038 1831 4093 Et
1854 4039 2081 4108 adjecit:

478 4214 491 4227 ν-
579 4194 605 4222 ⁸
632 4192 762 4265 Cum
802 4191 992 4265 Vitalis
1016 4200 1070 4246 et
1093 4192 1677 4265 Misenusapostolicm
1722 4194 1865 4251 sedis
1902 4196 2083 4265 legati,

504 4278 602 4333 per
630 4264 896 4318 Zenonem
932 4263 1307 4331 imperatorem
1340 4264 1537 4319 inducti
1565 4266 1760 4319 Acacio
1789 4263 2086 4320 comm—uni-

504 4342 739 4396 cassent,
780 4343 835 4387 et
859 4335 1001 4387 Petri
1032 4335 1197 4403 Moggi
1242 4335 1613 4389 Alexandrina:
1642 4337 1891 4390 Ecclesia:
1937 4338 2086 4390 inva-

504 4405 645 4458 soris
693 4418 886 4457 nomen
925 4406 976 4473 in
1015 4404 1281 4473 diptychis
1321 4404 1527 4471 publice
1572 4406 1783 4459 recitari
1810 4406 1924 4460 sine
1952 4424 2084 4461 con-

504 4472 821 4527 tradictione
872 4472 1201 4543 audivissent
1233 4514 1247 4533 ,
1311 4474 1539 4541 ideoque
1607 4476 1749 4541 justo
1802 4476 2001 4543 judicio
2054 4492 2080 4530 (ι

504 4543 683 4613 Felice
706 4557 839 4611 papa
871 4542 925 4595 in
956 4542 1197 4613 synodali
1242 4543 1457 4597 Patrum
1490 4560 1743 4599 consessu
1779 4542 2086 4601 excommu-

504 4611 669 4668 nicati
708 4615 931 4668 fuissent
959 4611 998 4673 ς’
1035 4614 1247 4667 tandem
1298 4624 1418 4682 post
1460 4615 1790 4669 intervallum
1831 4617 2075 4670 undecim

504 4697 770 4753 annorum
803 4724 818 4748 ,
871 4692 1094 4753 postque
1147 4683 1369 4737 Vitalcm
1422 4686 1475 4739 in
1530 4688 2081 4743 excommunicatione

502 4752 840 4825 defunctum,
871 4752 1101 4808 Misenus
1131 4755 1296 4824 gratia
1329 4754 1422 4809 Dei
1466 4755 1698 4825 adjutus,
1732 4757 1796 4810 ad
1846 4768 2078 4813 mentem

504 4823 705 4889 rediit;
753 4840 1011 4893 suumque
1048 4823 1301 4879 delictum
1328 4823 1613 4892 plurimum
1650 4828 1973 4893 detestatus,
2014 4830 2079 4882 ad

507 4894 875 4967 penitentiam
901 4904 973 4967 et~
993 4895 1249 4967 Ecclesiae
1283 4899 1536 4950 unitatem
1567 4899 1729 4967 recipi
1770 4900 2076 4967 postulavit.

503 4964 711 5037 Iudicio
757 4966 916 5034 igitur
964 4965 1061 5019 hac
1102 4965 1169 5020 de
1217 4980 1372 5020 causa
1429 4964 1694 5036 concilio,
1746 4964 1865 5037 post
1902 4985 2079 5024 causa:

504 5035 865 5106 cognitionem
904 5050 1094 5106 magno
1131 5037 1365 5107 omnium
1408 5039 1665 5106 applausu
1716 5035 1951 5094 humeris
1992 5056 2084 5107 pa-

502 5114 710 5179 storum
742 5107 1021 5179 impositus
1051 5106 1116 5159 ad
1145 5106 1526 5179 ovilerChristi,
1554 5110 1693 5163 unde
1735 5111 1887 5163 annis
1918 5106 2080 5179 prope

503 5155 1172 5244 aaaaaaasasaagr;
1192 5155 1887 5235 gessissemus"tua:
1919 5155 2078 5236 Ἠᾶιὲἰῖ
2108 5155 2157 5213 ί)

579 5324 596 5352 ¹
623 5322 802 5377 Edidit
838 5321 1096 5376 Baronius
1127 5334 1247 5373 cum
1291 5320 1451 5375 variis
1497 5318 1816 5374 lectionibus
1855 5334 1918 5373 ex
1971 5333 2073 5373 ms.

503 5390 1003 5463 Virdunensi.quas
1051 5405 1171 5446 cum
1214 5405 1279 5446 eo
1325 5390 1739 5447 communicavit
1780 5389 1840 5443 P.
1876 5389 2079 5445 Fronto

505 5456 752 5517 Duczeus.
786 5456 1046 5518 Humum.

581 5532 601 5561 ²
634 5531 689 5586 Si
720 5534 1000 5589 concilium
1032 5534 1086 5588 in
1127 5547 1233 5601 quo
1262 5531 1329 5587 de
1348 5532 1502 5587 libris
1525 5530 2073 5602 apocryplrisactum,

509 5614 655 5655 anno
686 5610 887 5656 tantum
918 5606 1018 5659 496
1066 5603 1303 5658 habitum
1349 5611 1430 5658 est
1454 5644 1467 5665 ,
1502 5612 1556 5655 ut
1586 5600 1981 5668 supradiximus
2010 5616 2076 5654 ex

507 5669 693 5739 Pagio,
724 5682 887 5727 restat
916 5683 970 5727 ut
1011 5675 1109 5729 hoc
1147 5674 1429 5729 concilium
1463 5674 1516 5725 in
1563 5686 1667 5739 quo
1696 5672 1927 5726 Misenus
1978 5671 2074 5724 ah‘

508 5741 753 5810 Solvitur,
788 5744 1012 5812 primum
1058 5745 1155 5800 sub
1183 5744 1394 5802 Gelasio
1423 5742 1527 5800 dici
1567 5740 1780 5810 debeat,
1825 5740 1954 5796 illud
1986 5754 2076 5796 se-

2189 2660 2421 2716 cli‘undo.
2438 2660 2602 2714 Parce
2619 2668 2905 2728 prostrato,
2925 2660 3135 2728 porrige
3147 2674 3359 2713 manum
3371 2658 3762 2726 jacenti.Nullis

2189 2753 2499 2823 ignorantia:
2522 2751 2956 2807 excusationihns
2986 2752 3143 2814 nitor,
3168 2751 3339 2805 nullas
3361 2751 3630 2820 decipulas
3663 2751 3761 2804 eir-

2187 2844 2573 2898 cumventionis
2605 2843 2858 2911 obtendo,
2902 2858 3000 2897 nec
3032 2844 3083 2896 in
3128 2858 3444 2913 quemquam
3484 2842 3760 2898 calamita-

2190 2936 2256 2990 tis
2283 2952 2417 2991 meae
2440 2938 2626 2991 studeo
2655 2936 2944 2991 transferre
2982 2936 3303 3000 discrimen;
3334 2936 3456 3005 quia
3503 2936 3641 2989 alius
3672 2936 3754 2989 in-

2188 3046 2374 3086 cusare
2406 3045 2510 3085 non
2559 3031 2749 3095 debeo,
2798 3031 2886 3100 qui
2921 3044 3134 3100 poscam
3182 3030 3474 3083 clementer
3527 3029 3758 3091 absolvi;

2188 3124 2310 3191 quia
2339 3122 2461 3178 licet
2488 3122 2617 3177 mihi
2658 3135 2754 3191 pro
2805 3136 2920 3175 mea
2982 3121 3296 3176 defensione
3336 3121 3465 3173 nihil
3517 3120 3760 3183 alierum,

2192 3229 2294 3268 non
2321 3214 2586 3282 ambigam
2618 3222 2793 3267 tamen
2829 3214 2944 3267 haec
2966 3214 3142 3267 omnia
3171 3223 3258 3267 tuo
3282 3212 3480 3281 judicio
3511 3227 3633 3266 esse
3657 3222 3764 3267 tra-

2188 3306 2400 3361 ctanda.
2434 3307 2658 3361 Tantum
2714 3321 2915 3374 qumso,
2970 3317 3025 3359 ut
3077 3321 3309 3373 superno
3352 3304 3562 3358 Nemini
3609 3304 3762 3359 obsec

2187 3406 2431 3467 quentes,
2465 3397 2605 3466 quod
2631 3399 2933 3465 pronuntiat
2958 3412 3051 3465 per
3085 3397 3393 3465 prophetam
3421 3415 3435 3450 :
3466 3395 3602 3449 Nolo
3626 3412 3761 3447 mor-

2191 3498 2288 3541 tem
2304 3490 2586 3551 morientis,
2605 3494 2762 3541 donec
2784 3497 3060 3541 revertatur
3074 3498 3120 3542 et
3144 3490 3273 3541 vivat
3294 3486 3504 3559 (Ezech.
3539 3485 3757 3556 xum),

2188 3596 2283 3634 vos
2313 3582 2488 3649 potius
2530 3590 2720 3634 cuncta
2769 3596 2889 3647 qua:
2938 3583 2987 3633 in
3037 3596 3260 3646 persona
3297 3594 3410 3633 mea
3438 3588 3584 3648 gesta
3638 3588 3759 3632 sunt

2190 3672 2415 3742 benigna
2442 3672 2869 3727 consideratione
2901 3673 3158 3727 librantes
3217 3672 3312 3741 ial.
3357 3670 3760 3740 deliberantes].

2190 3765 2439 3818 viaticum
2471 3764 2587 3817 seni
2618 3764 2637 3794 "
2668 3764 2979 3833 aegritudine
3011 3774 3065 3817 et
3105 3765 3352 3816 continua
3403 3763 3760 3816 maceratione

2192 3867 2533 3926 consumpto,
2574 3872 2642 3913 ne
2685 3858 2799 3913 sine
2831 3857 3191 3912 ecclesiastica
3247 3856 3619 3911 communione
3671 3868 3757 3906 ra-

2193 3950 2329 4018 piar,
2384 3964 2487 4003 non
2535 3948 2739 4018 negetis
2769 3963 2834 4002 ex
2888 3948 3109 4001 alterius
3157 3962 3284 4000 casu
3338 3945 3753 4014 experimentum

2190 4058 2325 4098 meae
2357 4041 2653 4097 formidinis
2683 4041 2932 4096 intuens:
2974 4040 3061 4109 qui
3090 4039 3365 4104 auxilium,
3409 4039 3568 4093 etiam
3611 4034 3759 4089 vobis

2190 4206 2417 4269 tumrest
2458 4197 2557 4253 hoc
2606 4196 3178 4269 synodalepjudiciumr
3221 4198 3272 4251 in
3321 4198 3536 4253 basilica
3581 4198 3765 4256 Sancti

2188 4267 2353 4332 Petri,
2385 4284 2524 4322 anno
2551 4266 2747 4322 Christi
2778 4266 2907 4329 493,
2942 4268 3095 4321 tertio
3134 4268 3246 4321 idus
3281 4269 3421 4329 Maii,
3450 4269 3549 4323 sub
3574 4284 3766 4323 consu-

2188 4338 2299 4392 latu
2330 4339 2426 4392 viri
2460 4338 2740 4393 clarissimi
2769 4338 2931 4391 Flavii
2956 4338 3205 4402 Viatoris,
3243 4339 3331 4407 qui
3372 4347 3455 4392 est
3495 4340 3689 4393 Gelasii
3734 4341 3767 4395 4

2188 4417 2243 4462 et
2274 4410 2540 4462 Anastasii
2584 4408 2926 4478 imperatoris
2963 4423 3131 4461 annus
3164 4408 3369 4475 imperii
3401 4412 3453 4464 5.
3508 4412 3638 4463 Acta
3670 4410 3767 4464 hu-

2186 4479 2274 4546 jus
2306 4480 2517 4532 concilii
2569 4496 2662 4548 per
2710 4478 3017 4547 Dionysium
3064 4480 3319 4545 Exiguum
3357 4481 3610 4534 translata
3652 4480 3767 4536 fuc-

2189 4559 2331 4603 runt.
2369 4549 2447 4622 Ea
2473 4566 2588 4619 qut'e
2621 4566 2686 4603 ex
2721 4549 3323 4622 Vaticana,bibliotheca
3367 4561 3585 4622 accepta
3616 4564 3765 4622 sunt,

2189 4630 2348 4688 atque
2383 4618 2673 4674 etiamnum
2720 4618 2908 4673 tomol
2957 4620 3177 4683 Epistol.
3222 4622 3405 4688 pontii.
3450 4618 3766 4687 recitantur,

2191 4690 2431 4743 nonnihil
2467 4692 2718 4745 mendosa
2747 4697 2890 4747 sunt.
2915 4698 2968 4743 et
2998 4690 3100 4743 fide
3128 4700 3330 4744 carent.
3374 4692 3502 4758 Qum
3531 4707 3658 4745 vero
3699 4709 3766 4749 ex

2190 4763 2377 4814 codirc
2402 4761 2722 4815 Virdunensi
2739 4775 2832 4827 per
2865 4759 3191 4814 Frontonem
3221 4761 3468 4815 Ducteum
3492 4763 3768 4817 societatis

2191 4830 2316 4885 Jesu
2343 4832 2698 4900 professorem
2738 4829 2903 4885 edidit
2942 4832 3326 4885 illustrissimus
3348 4832 3636 4886 cardinalis
3669 4833 3770 4886 Da-

2193 4903 2394 4963 ronius,
2424 4918 2563 4954 anno
2604 4901 2741 4963 495,
2792 4902 3074 4969 integriora
3114 4909 3237 4954 sunt
3270 4912 3325 4955 et
3366 4903 3532 4970 magis
3577 4919 3764 4956 emen-

2192 4972 2335 5025 data.
2369 4974 2496 5038 Qua:
2526 4973 2763 5025 lloinano
2787 4971 3087 5039 exemplari
3128 4972 3341 5035 collata,
3390 4974 3440 5026 in
3482 4973 3764 5041 pristinum

2188 5042 2307 5096 fere
2337 5042 2626 5096 candorem
2651 5040 2870 5094 omnino
2892 5041 3162 5113 restituta,
3189 5042 3270 5095 hic
3303 5044 3440 5097 infra
3474 5040 3591 5113 post
3614 5053 3768 5098 notas

2186 5122 2400 5167 nostras
2440 5112 2553 5182 tibi,
2600 5112 2853 5166 benevole
2890 5111 3079 5182 lector,
3127 5111 3636 5171 exhibemus—Ser.
3681 5115 3768 5169 Βι-

2184 5199 2320 5237 Νιυε.

2185 5318 2439 5373 cundum.

2261 5390 2280 5420 ³
2315 5388 2705 5456 Manuscriptus
2731 5386 2932 5453 habuit,
2964 5387 3030 5441 ad
3051 5404 3255 5442 causam
3275 5388 3519 5458 panalcm
3538 5405 3766 5456 quacun-

2187 5476 2284 5527 que
2315 5470 2450 5515 sorte
2472 5459 2701 5529 perduci.
2736 5459 3040 5530 Eodemque
3069 5458 3229 5513 modo
3250 5459 3439 5529 legitur
3467 5460 3623 5528 paulo
3646 5472 3767 5530 post

2187 5531 2241 5584 in
2265 5531 2364 5583 hoc
2394 5532 2510 5598 ipso
2541 5530 2787 5585 concilio.
2822 5529 3021 5584 Fnoar.
3052 5530 3297 5585 Ducms.

2260 5600 2277 5629 ‘*
2314 5600 2644 5672 (‘Egriludiue
2670 5600 2911 5655 continua
2940 5610 2987 5655 et
3019 5603 3373 5657 maceratione.
3424 5601 3623 5658 Fnonr.
3661 5605 3763 5661 Du-

2186 5687 2354 5726 CEUS.
