4092 6350
236 364 339 424 185

684 363 1020 425 APPENDIX
1056 364 1329 423 TERTIA.
1369 364 1682 422 CONCILIA
1720 366 1809 435 QU

1915 364 2033 421 »ΑΜ
2072 364 2119 421 Α
2156 348 2925 423 εειΑειοόειειςιιΑτΑζ

3398 367 3497 431 ηδ

235 477 479 536 conferre
506 476 829 533 volentibus.
865 495 968 533 non
997 477 1164 548 potuit
1189 476 1458 546 indipisci.
1492 476 1556 531 Et
1590 491 1675 532 me
1705 491 1801 547 per
1831 481 1886 541 Α
1913 475 2000 547 ne]
2024 490 2267 546 voceque
2313 477 2644 542 condemno,
2693 477 2950 539 detestor.
2979 476 3263 544 exhorreo,
3294 477 3347 531 in
3380 479 3493 535 sola

152 620 159 627 .
234 572 558 642 imperitiam
601 571 702 627 hac
746 574 897 628 clade
936 572 1111 642 potius
1156 571 1485 641 implicatum
1514 571 1654 627 ‘hoc
1695 570 1811 639 ipso

231 666 517 736 dignanter
546 664 814 721 ostendite
850 664 1039 733 quod"
1072 663 1138 717 ad
1185 662 1509 732 receptionis
1552 661 1809 718 Ecclesiae

230 767 506 828 superstes
531 760 753 827 gratiam
777 756 917 811 valui
941 756 1239 826 pervenire.

303 850 420 918 Qno
464 848 622 918 lecto,
684 848 926 903 Gelasius
970 849 1257 918 episcopus
1287 847 1450 903 dixit:
1488 847 1805 904 Petitorium

228 949 379 1011 gesta
408 939 728 994 retinebunt.
757 937 822 993 Et
848 938 1044 1009 adjecit
1071 955 1083 991 :
1111 940 1229 1008 lpse
1259 954 1400 993 nunc
1448 940 1683 994 Misenus
1708 939 1807 994 ad-

228 1035 430 1100 veniat,
463 1041 517 1088 et
570 1033 875 1102 petitorium
920 1031 1063 1102 quod
1108 1032 1322 1100 obtulit,
1362 1033 1476 1101 ipso
1525 1040 1806 1099 prasente,

228 1128 513 1183 recitetur.
562 1124 813 1196 Cumque
856 1126 1128 1196 ingressus
1178 1126 1363 1180 luisset
1391 1126 1650 1191 Misenus,
1692 1140 1809 1195 pro-

227 1228 429 1274 stratus
457 1220 508 1273 in
546 1227 739 1274 terram
770 1218 915 1273 aliud
942 1218 1248 1289 petitorium
1280 1218 1491 1284 obtulit,
1519 1228 1573 1273 et
1602 1217 1809 1287 rogavit

230 1317 286 1364 ut
316 1310 698 1379 susciperetur.
733 1309 972 1381 Cumque
1000 1318 1308 1380 susceptum
1326 1310 1533 1375 fuisset,
1558 1310 1807 1366 Gelasius

230 1401 512 1471 episc0pus
538 1401 699 1455 dixit:
729 1400 964 1471 Utraque
993 1401 1239 1471 petitoria
1274 1418 1392 1470 qua:
1424 1402 1666 1471 protulit,
1691 1402 1807 1472 ipso

232 1510 441 1564 quoque
475 1506 757 1565 praesente,
794 1496 1059 1566 legantur.
1095 1496 1291 1552 lterum
1337 1497 1653 1551 Anastasius
1693 1497 1809 1552 dia-

231 1602 399 1641 conus
431 1587 691 1643 recitavit.
728 1589 916 1642 Datum
948 1602 979 1641 a
1024 1588 1223 1647 famulo
1250 1596 1427 1643 vestro
1458 1589 1681 1654 Miseno,
1714 1602 1806 1643 vut

231 1680 348 1735 idus
384 1680 615 1749 Martias,
645 1680 825 1735 Flavio
856 1681 1071 1735 Viatore
1096 1680 1210 1735 viro
1227 1680 1529 1735 clarissimo
1564 1679 1806 1735 consule.

301 1771 568 1838 Quantum
597 1772 664 1824 ad
695 1786 830 1825 meae
860 1771 1090 1840 pertinet
1140 1770 1467 1825 infelicitatis
1523 1770 1809 1839 abruptum

1917 584 2004 624 me
2034 568 2637 642 fldecommunioneque
2666 571 2928 625 catholica
2956 582 3008 625 ct
3033 572 3322 639 apostolica
3352 587 3496 627 sem-

1914 676 2008 730 per
2035 660 2343 714 duraturum
2374 675 2496 717 esse
2532 662 2878 719 confirmans.
2919 662 3015 719 Cui
3063 663 3308 733 petitioni
3355 679 3490 720 mete

1913 765 2072 804 manu
2101 764 2218 805 mea
2258 751 2554 819 subscripsi
2606 752 2695 806 die
2741 754 2898 807 tertio
2940 754 3122 808 iduum
3157 754 3486 821 Martiarum,

1916 840 2128 896 Viatore
2154 842 2266 896 τίκ-ο
2291 842 2620 896 elarisssimo
2646 843 2887 898 consule.
2918 844 3045 900 Haec
3090 855 3284 901 vestra:
3326 846 3492 901 beati-

1914 935 2080 989 tudini
2112 936 2162 989 iu
2192 944 2460 989 conventu
2508 936 2931 990 venerandorum
2970 936 3066 1009 [αι.
3104 940 3247 993 addit
3277 940 3490 1009 episco-

1911 1028 2122 1100 porum]
2140 1028 2340 1084 credidi
2366 1029 2498 1083 meis
2516 1030 2764 1084 manibus
2778 1029 3071 1085 offerenda.
3091 1031 3154 1085 Et
3171 1032 3274 1085 alia
3297 1048 3485 1086 mann:

1910 1121 2021 1190 Ego
2049 1121 2281 1177 Misenus
2303 1121 2426 1176 huic
2458 1122 2698 1191 petitioni
2732 1136 2865 1176 mea:
2895 1130 2951 1178 et
2978 1137 3006 1175 a
3034 1138 3122 1178 me
3152 1124 3345 1178 oblata:
3364 1126 3488 1179 sub-

1908 1213 2120 1282 scripsi,
2147 1213 2234 1269 die
2261 1222 2318 1267 et
2342 1214 2561 1269 consule
2590 1216 2978 1283 suprascripto.

1980 1302 2222 1360 Gelasius
2248 1304 2535 1374 episcopus
2550 1304 2720 1360 dixit:
2749 1305 2881 1371 Quae
2907 1306 3045 1360 lecta
3076 1312 3198 1359 sunt
3224 1304 3481 1361 transcri-

1909 1398 2124 1454 bantur.
2156 1400 2216 1454 Et
2246 1398 2444 1469 adjecit
2470 1418 2481 1454 :
2514 1398 2651 1467 Quid
2692 1398 2905 1455 videtur
2934 1398 3252 1455 fraternitati
3295 1410 3489 1454 vestra:

1908 1490 2246 1546 statuendum
2276 1533 2292 1560 ,
2337 1491 2501 1546 vestri
2550 1506 2761 1562 quoque
2814 1490 3023 1546 consilii
3074 1491 3484 1562 participatione

1909 1582 2615 1656 desideramusagnoscere.
2666 1585 3003 1642 Levaverunt
3036 1602 3096 1644 se
3140 1602 3327 1643 omnes
3372 1588 3486 1657 epi-

1910 1675 2061 1746 scopi
2088 1686 2141 1732 et
2165 1677 2492 1747 presbyteri,
2536 1688 2791 1748 rogantes
2837 1691 2892 1734 et
2934 1680 3214 1734 dicentes:
3279 1680 3484 1734 Exaudi

1911 1766 2153 1822 Christe:
2183 1768 2396 1823 Gelasio
2426 1769 2560 1823 vita:
2589 1768 2786 1824 dictum
2803 1769 2990 1826 vicies.
3008 1770 3158 1837 Quod
3182 1772 3332 1825 vobis
3352 1772 3489 1827 Deus

232 1864 329 1935 lat.
363 1860 651 1932 obtutum],
684 1862 857 1917 errori
889 1878 1008 1915 meo
1034 1862 1269 1931 qualibet
1295 1863 1500 1916 ratione
1532 1869 1811 1917 contracto
1841 1868 1890 1929 Β
1912 1859 2060 1914 dedit
2096 1858 2146 1912 in
2179 1869 2465 1928 potestate,
2501 1869 2788 1923 prmstate:
2819 1861 3017 1916 dictum
3044 1861 3348 1917 duodecies.
3380 1864 3492 1919 lloc

233 1955 438 2011 definio
464 1971 567 2012 non
600 1970 719 2009 esse
738 1953 1059 2025 parcendum
1090 1969 1104 2006 :
1129 1954 1378 2021 quoniam
1405 1955 1505 2009 hoc
1525 1954 1642 2024 ipso
1656 1968 1810 2024 paena

231 2062 422 2104 carere
450 2061 554 2101 non
591 2046 780 2111 debeo,
816 2046 1067 2115 quoniam
1099 2046 1269 2101 merui
1298 2043 1363 2099 ad
1394 2046 1658 2114 poenalem
1688 2060 1812 2099 cau-

225 2152 342 2192 sam
374 2152 690 2206 quacunque
717 2143 861 2190 sorte
892 2136 1133 2204 perduci.
1158 2136 1427 2201 Quantum
1457 2152 1585 2191 vero
1630 2138 1807 2207 respi-

204 2229 298 2286 cit
328 2229 398 2284 ad
424 2228 712 2284 remediale
733 2228 1052 2290 subsidium,
1081 2229 1187 2283 duo
1210 2236 1334 2284 sunt
1357 2243 1477 2298 quia
1498 2243 1585 2283 me
1611 2228 1677 2283 ad
1710 2229 1810 2284 hoc

219 2322 540 2392 suppliciter
569 2320 963 2392 implorandum
990 2322 1175 2377 venire
1201 2322 1601 2392 constringunt:
1634 2336 1701 2376 ne
1724 2320 1809 2376 vel

219 2429 321 2484 ego
363 2413 741 2484 desperatione
789 2412 958 2483 magis
1007 2414 1277 2483 perpetuis
1335 2414 1659 2469 cruciatibus
1706 2414 1808 2467 sim

222 2506 425 2575 dignus
455 2504 801 2559 addiciJudte
838 2505 1265 2575 prmvaricatoris
1287 2504 1568 2574 exemplo;
1608 2512 1664 2559 et
1705 2518 1811 2557 cm-

218 2610 334 2656 tera
366 2615 487 2668 qua:
533 2601 780 2669 superius
825 2599 1190 2655 continentur.
1244 2600 1375 2653 ltem
1422 2598 1564 2653 aliud
1620 2597 1811 2667 petito-

218 2695 360 2749 rium
388 2694 593 2748 recitat.
634 2692 826 2747 Datum
855 2708 885 2747 a
918 2691 1117 2747 famulo
1152 2701 1333 2747 vestro
1358 2692 1564 2747 Miseno
1603 2691 1701 2745 sub
1722 2690 1811 2745 die

217 2789 381 2843 tertio
407 2786 502 2859 [αι.
535 2783 747 2857 quarto]
793 2787 910 2841 idus
944 2786 1181 2853 Martias,
1213 2785 1397 2841 Flavio
1441 2785 1648 2840 viatore
1692 2784 1810 2840 viro

216 2880 527 2935 clarissimo
549 2877 791 2934 consule.

290 2973 494 3028 Oblato
524 2971 770 3041 primitus
795 2970 1044 3040 petitorio
1076 2985 1219 3036 meo,
1244 2969 1377 3024 nihil
1416 2969 1559 3024 aliud
1604 2970 1809 3042 suppli-

213 3075 358 3121 citer
393 3063 616 3117 exoravi
646 3077 808 3131 quam
833 3071 889 3116 ut
939 3062 1303 3117 misericordia
1338 3061 1466 3115 mihi
1519 3061 1662 3117 sedis
1690 3076 1812 3131 apo-

122 3210 127 3213 .
214 3155 437 3211 stolieze
467 3168 571 3206 non
594 3155 645 3206 in
672 3160 987 3220 perpetuum
1009 3161 1322 3222 negaretur:
1348 3153 1809 3222 cujus'mihispem

1914 1952 1999 2007 fac
2021 1952 2162 2022 quod
2185 1950 2311 2006 facit
2338 1952 2569 2007 domnus
2596 1952 2816 2020 Petrus;
2852 1954 3051 2009 dictum
3080 1956 3283 2010 decies.
3319 1956 3385 2010 Ut
3414 1958 3493 2010 in-

1912 2044 2155 2115 dulgeas,
2188 2060 2438 2115 rogamus
2462 2064 2474 2100 :
2508 2045 2707 2101 dictum
2734 2048 2937 2102 novies.
2966 2048 3099 2103 Cum
3126 2048 3302 2103 denuo
3324 2064 3349 2103 s
3371 2050 3493 2103 als-

1912 2145 2049 2201 sent,
2082 2138 2324 2193 Celasius
2345 2139 2633 2208 episcopus
2655 2139 2787 2193 dixit
2811 2157 2825 2194 :
2861 2139 3027 2195 Sedes
3058 2142 3347 2209 apostolica
3376 2141 3492 2210 qni-

1910 2226 2056 2293 dem,
2087 2243 2207 2297 qua:
2227 2229 2446 2283 Christo
2480 2230 2706 2283 Domino
2746 2230 3031 2301 delegante
3054 2231 3215 2285 totius
3238 2231 3490 2286 Ecclesia:

1912 2321 2109 2376 retinet
2137 2321 2515 2391 principatum,
2549 2337 2643 2389 pro
2684 2322 3086 2393 dispensatione
3135 2339 3367 2392 curaque
3402 2339 3492 2394 ge-

1912 2415 2103 2481 nerali,
2132 2430 2291 2485 quam
2320 2416 2402 2469 vel
2436 2431 2531 2483 pro
2555 2415 2655 2470 fide
2685 2415 2967 2481 catholica,
3007 2416 3088 2470 vel
3138 2432 3231 2485 pro
3258 2417 3491 2486 paternis

1913 2508 2207 2563 eanonibus
2230 2508 2535 2578 regulisque
2570 2509 2831 2576 majorum
2865 2508 3165 2562 necessaria
3214 2508 3233 2537 ³
3279 2522 3493 2577 semper

1914 2604 2391 2671 circumspectione
2419 2602 2722 2671 dependet,
2755 2602 3015 2656 Misenum
3048 2613 3208 2669 atque
3238 2601 3489 2664 Vitalem,

1914 2714 2047 2769 quos
2076 2706 2260 2752 contra
2295 2691 2639 2766 Eut'ycbian'e
2683 2694 3001 2764 pestilentia:
3054 2703 3366 2755 sectatores,
3410 2694 3490 2747 vel

1915 2801 2101 2847 contra
2131 2806 2224 2846 eos
2246 2791 2334 2860 qui
2357 2789 2535 2844 talium
2563 2803 2621 2842 se
2644 2788 3021 2843 communione
3038 2786 3360 2855 polluerant,
3380 2800 3490 2841 suto

1914 2884 2194 2956 potestatis
2236 2882 2503 2952 legatione
2553 2880 2799 2935 suifultos
2852 2880 2917 2934 ad
2966 2879 3237 2933 Orientem
3290 2877 3489 2931 dudum

1914 2978 2013 3033 sub
2042 2987 2242 3032 saneta:
2269 2976 2541 3029 memoria:
2573 2974 2860 3028 decessore
2893 2986 3012 3027 meo
3064 2970 3293 3039 prtesule
3323 2969 3354 3023 d
3374 2970 3488 3022 ‘sti-

1916 3079 2088 3137 narat,
2117 3068 2258 3139 quod
2290 3066 2581 3137 apostolica
2609 3073 2873 3136 praecepta
2896 3063 3228 3119 declinantes
3257 3060 3494 3132 quolibet

1918 3163 2076 3218 modo
2104 3162 2156 3215 iu
2178 3176 2363 3216 eorum
2386 3160 2667 3215 adversum
2699 3172 2832 3228 quos
2857 3156 3006 3211 miSsi
3036 3156 3246 3211 fuerant
3272 3168 3488 3208 consero

212 3245 487 3317 quoniam
521 3258 616 3313 pro
641 3243 903 3297 immensa
928 3243 1018 3296 Dei
1040 3243 1258 3310 pietate.
1280 3259 1382 3311 qua
1412 3245 1637 3312 regitur.
1668 3245 1810 3297 relu-
1839 3255 1887 3320 c
1918 3257 1986 3310 tia
2021 3253 2358 3317 recidissent,
2392 3252 2555 3321 gestis
2575 3250 2921 3321 synodalibus
2956 3263 3134 3303 rerum
3161 3247 3494 3301 discussione

209 3353 342 3394 cere
370 3336 491 3406 jam
523 3333 715 3400 sentio,
749 3333 918 3403 magis
946 3332 1219 3402 magisque
1265 3334 1595 3387 consentiam
1639 3349 1811 3389 meam

212 3426 493 3496 contagiis
550 3424 899 3493 perfidorum,
948 3438 1067 3493 qua:
1121 3422 1403 3477 infeliciter
1442 3424 1618 3491 potius
1656 3438 1814 3492 quam

211 3521 421 3584 studio,
460 3517 862 3573 circumventus
888 3516 1205 3582 incideram,
1250 3517 1477 3570 liberam
1510 3526 1813 3586 purgatam-

210 3629 318 3685 que
347 3627 476 3667 esse
512 3609 883 3680 pronuntians,
912 3616 1023 3663 toto
1048 3608 1210 3663 corde
1233 3618 1395 3677 atque
1422 3622 1516 3663 ore
1547 3618 1813 3677 protestor

209 3708 312 3763 sub
341 3707 556 3762 divin-.e
584 3703 1053 3773 contemplationis
1085 3704 1302 3770 intuitu,
1342 3719 1427 3757 me
1466 3719 1654 3758 omnes
1694 3706 1812 3775 qui-

209 3800 334 3855 dem
374 3799 627 3853 limreses
657 3806 707 3851 et
738 3794 991 3865 quidquid
1018 3794 1295 3849 inimicum
1335 3803 1419 3849 est
1453 3794 1730 3849 catholicae
1755 3805 1811 3851 et

209 3892 532 3964 apostolicae
584 3889 733 3955 fidei,
786 3888 1286 3959 communionisque
1335 3890 1588 3955 sincerae,
1642 3905 1810 3961 prona

209 3995 391 4040 mente
423 3982 695 4048 refutare,
713 3992 821 4035 tum
852 3980 1118 4050 praecipue
1147 3980 1531 4052 Eutychianam
1565 3982 1809 4037 haeresim

208 4092 327 4132 cum
354 4092 458 4133 suo
492 4073 708 4129 scilicet
737 4080 955 4127 auctore
992 4071 1295 4142 Eutychete
1316 4081 1369 4126 et
1397 4072 1514 4140 ejus
1543 4081 1812 4129 sectatore

210 4170 499 4235 Dioscoro,
534 4166 623 4223 vel
653 4164 1057 4241 successoribus
1083 4164 1200 4233 ejus
1242 4174 1399 4234 atque
1449 4167 1810 4220 communica-

209 4264 417 4320 toribns
448 4258 753 4318 Timotheo
783 4258 995 4323 Aﬁluro,
1021 4258 1178 4311 Petro
1200 4257 1585 4323 Alexandrino,
1618 4258 1827 4311 Acacio‘

133 4350 136 4353 “
207 4354 846 4425 ConstantinOpolitano,
887 4352 1047 4407 Petro
1090 4352 1451 4419 Antiocheno,
1502 4354 1814 4424 cunctisque

207 4463 392 4504 eorum
423 4446 799 4518 complicibus
846 4454 901 4499 et
948 4446 1495 4501 communicatorihus
1536 4462 1809 4516 respuere,

206 4541 490 4607 damnare,
506 4550 566 4596 et
596 4538 1056 4594 anathematizare
1076 4547 1355 4608 perpetuo,
1373 4554 1666 4610 omnesque
1683 4540 1812 4595 istos

1920 3346 2202 3416 patefacta,
2234 3347 2609 3397 communione
2640 3342 2841 3412 pariter
2870 3349 2925 3395 et
2950 3340 3153 3395 honore
3187 3340 3379 3393 merito
3404 3338 3494 3407 ju-

1917 3452 2081 3503 reque
2109 3435 2399 3489 submovit.

1989 3527 2193 3595 Quibus
2218 3535 2393 3580 tamen
2425 3522 2808 3580 misericordia:
2840 3522 3013 3577 locum
3059 3536 3266 3576 memor
3306 3535 3496 3589 super-

1916 3636 1998 3676 nte
2031 3619 2241 3687 pietatis
2271 3631 2368 3687 pro
2392 3631 2491 3673 suo
2520 3615 2889 3671 moderamine
2918 3613 3220 3677 reservavit
3247 3628 3261 3665 :
3296 3619 3349 3665 et
3369 3611 3494 3665 dum

1910 3711 2279 3768 cenditionem
2316 3710 2493 3779 posuit
2537 3709 2775 3775 ultionis,
2826 3723 2977 3777 spem
3027 3704 3197 3761 noluit
3242 3705 3495 3776 propitia-

1915 3805 2076 3860 tionis
2101 3801 2341 3858 abscindi
2379 3817 2394 3856 :
2427 3800 2612 3870 sicque
2633 3814 2784 3855 suam
2811 3798 3130 3855 sententiam
3157 3797 3494 3865 temperavit,

1913 3906 1971 3951 ut
1999 3896 2222 3951 istorum
2253 3894 2465 3949 veniam
2495 3906 2615 3948 cum
2642 3892 2856 3947 illorum
2881 3890 3064 3947 mallet
3098 3888 3270 3944 salute
3307 3903 3495 3957 provo-

1914 3992 2051 4053 nire,
2085 4003 2310 4058 quorum
2334 3987 2543 4041 fuerant
2574 3985 2981 4055 participatione
3005 3983 3215 4051 decepti
3250 3998 3262 4034 :
3297 3995 3360 4035 ac
3396 3994 3494 4048 po-

1915 4082 2019 4136 tius
2052 4077 2353 4149 prieberent
2370 4079 2470 4142 eis,
2495 4089 2630 4145 quos
2656 4090 2751 4129 suo
2780 4076 3127 4128 firmaverant
3157 4074 3211 4125 in
3236 4071 3494 4138 pravitate

1915 4188 2198 4236 consensu,
2224 4181 2277 4223 et
2300 4170 2568 4223 salubrem
2597 4166 2946 4222 correctionis
2975 4174 3199 4225 metum,
3232 4170 3286 4213 et
3312 4176 3494 4213 emcn-

1916 4265 2146 4321 dationis
2190 4262 2463 4317 imitandae
2526 4260 2879 4314 consortium.
2940 4256 3180 4323 Denique
3244 4254 3321 4307 sic
3384 4252 3497 4317 ipsa

1916 4351 2398 4412 animadversionis
2428 4349 2591 4404 verba
2621 4349 2810 4403 librata
2834 4358 2980 4413 sunt,
3009 4354 3062 4399 ut
3094 4359 3155 4399 se
3192 4344 3264 4397 illi
3298 4355 3348 4397 et
3378 4358 3496 4395 cum

1916 4449 2033 4504 istis
2060 4446 2081 4478 ⁸
2110 4445 2384 4517 perculsos
2405 4444 2769 4508 adverterent,
2804 4448 2857 4495 et
2885 4456 2953 4495 ex
2978 4453 3162 4493 eorum
3196 4438 3499 4493 conditione

1917 4553 2022 4594 non
2054 4537 2361 4605 diffiderent
2396 4550 2556 4605 posse
2598 4533 2813 4588 salvari.
2860 4534 2911 4586 ln
2956 4547 3063 4602 quo
3108 4531 3288 4600 utique
3318 4538 3373 4583 et
3418 4529 3500 4583 his

207 4642 259 4689 et
280 4631 601 4705 hujusmodi
644 4628 979 4683 horribiliter
1007 4630 1299 4697 exsecrari,
1328 4646 1427 4687 nec
1458 4646 1689 4702 unquam
1727 4646 1813 4687 me
1840 4636 1892 4696 1)
1918 4647 2023 4687 non
2046 4638 2131 4686 est
2155 4630 2206 4684 in
2239 4637 2407 4684 totum
2434 4629 2519 4681 via
2552 4626 2813 4697 praeclusa
2841 4622 3143 4687 remeandi;
3195 4632 3251 4677 et
3296 4622 3421 4687 illis,
3454 4621 3498 4675 si

206 4740 322 4780 cum
353 4726 562 4781 talibus
598 4721 773 4777 ullum
804 4720 1044 4791 quolibet
1083 4721 1244 4776 modo
1292 4724 1545 4791 profiteor
1597 4721 1811 4777 habitu-

208 4833 323 4873 rum
352 4833 481 4875 esse
527 4814 899 4879 consortium,
932 4811 1025 4867 sed
1054 4813 1122 4867 ab
1151 4812 1234 4867 his
1277 4814 1522 4867 omnibus
1577 4812 1812 4868 futurum

208 4923 427 4977 prorsus
460 4910 739 4962 alienum.
769 4905 1007 4970 Quorum
1038 4905 1354 4972 pravitatem
1397 4905 1519 4959 licet
1543 4922 1811 4976 nunquam

206 5001 485 5058 voluntate
514 4998 855 5067 receperim,
892 5006 1066 5052 tamen
1095 5014 1181 5052 me
1205 5000 1325 5066 quia
1351 4999 1673 5055 calamitatis
1710 5003 1813 5056 im-

208 5095 358 5162 pulsu
392 5097 583 5148 minus
613 5100 811 5146 cautus
839 5088 1024 5143 videor
1062 5087 1329 5154 incidisse,
1375 5091 1473 5146 sub
1520 5103 1815 5163 coriSpectu

211 5185 304 5242 Det
344 5194 401 5243 et
429 5186 582 5243 beati
614 5181 765 5238 Petri
792 5180 1019 5250 apostoli
1051 5180 1271 5250 ejusque
1300 5183 1501 5247 vicarii,
1544 5199 1608 5239 ac
1649 5188 1813 5243 totius

210 5277 492 5343 Ecclesiae,
519 5288 648 5331 mea
672 5271 834 5343 (sicut
860 5270 991 5340 dixi)
1016 5268 1347 5339 professione
1384 5270 1480 5342 [αι.
1514 5274 1813 5333 confessio-

283 5420 299 5451 ¹
332 5418 453 5473 Hoc
510 5417 699 5487 ipsum
744 5411 1069 5481 indignanter
1113 5411 1348 5478 ostendit,
1401 5412 1557 5478 quod.
1608 5412 1817 5468 Fnom'.’

213 5489 465 5545 υυαιευε.

279 5564 299 5594 ³
337 5562 454 5615 Hoc
474 5562 682 5630 ipsum,
711 5552 893 5622 inquit,
918 5570 996 5630 m_e
1030 5554 1521 5630 ostenditjmnterito
1542 5556 1699 5630 fuisse
1729 5573 1817 5630 ca-

214 5632 445 5686 lamitate
471 5624 809 5705 oppressum,
835 5624 1097 5692 quodnon
1134 5634 1190 5678 ut
1240 5624 1421 5705 Vitatis
1460 5624 1661 5705 ed’ftac
1708 5629 1813 5681 vita

214 5697 651 5758 subductus's'um
688 5697 834 5767 prius
857 5711 1006 5767 quam
1042 5697 1672 5767 commttniout'icatltolicaz
1696 5715 1816 5767 pos-

215 5792 321 5830 sem
347 5773 574 5831 restitui.
603 5766 768 5824 Unde
796 5765 1008 5833 subjieit
1036 5769 1195 5835 paulo
1226 5775 1346 5836 post
1366 5766 1608 5823 Gelasius
1633 5787 1645 5820 :
1675 5765 1816 5822 Hor-

218 5856 351 5903 tatur
390 5863 486 5902 nos
538 5837 819 5899 intercapti
855 5837 1140 5900 periculum
1185 5839 1239 5892 in
1277 5839 1545 5903 superstite
1587 5840 1813 5896 subsidia

1922 4723 2167 4786 mallent,
2203 4737 2297 4791 per
2334 4722 2468 4777 istos
2508 4728 2590 4774 est
2622 4719 2797 4774 oblata
2835 4716 3121 4780 correctio,
3163 4715 3501 4783 studiumque

1921 4826 2253 4888 porrectum,
2295 4831 2401 4885 quo
2445 4814 2655 4884 possint
2700 4813 2919 4866 meliore
2966 4818 3158 4864 conatu
3208 4808 3502 4877 praeteritos

1921 4924 2272 4981 compensare
2299 4908 2599 4979 prolapsus,
2625 4906 2670 4959 si
2703 4908 2961 4970 favorem,
2994 4917 3150 4973 quem
3182 4901 3502 4971 praevarica-

1926 5003 2133 5057 toribus
2162 5000 2303 5055 facili
2333 5000 2607 5054 voluntate
2630 4997 2939 5052 detulerunt
2965 4995 3017 5048 in
3060 4991 3499 5047 reformationem

1926 5094 2309 5151 catholicorum
2343 5093 2517 5161 potius
2547 5097 2921 5145 converterent
2949 5087 3308 5141 sacerdotum.

1996 5185 2205 5241 Dictum
2232 5193 2315 5240 est
2340 5185 2504 5247 enim,
2538 5182 2720 5237 tandiu
2748 5183 2882 5237 istos
2912 5182 3024 5234 fore
3062 5191 3376 5248 suspensos,
3405 5173 3503 5225 do-

1926 5293 2024 5335 nec
2054 5285 2273 5334 auctore
2302 5277 2449 5365 Deo,
2466 5286 2521 5332 et
2549 5274 2740 5331 adnisu
2764 5272 3146 5327 catholicorum
3182 5266 3500 5337 principum.

1925 5431 2025 5469 non
2047 5414 2331 5482 differenda
2352 5413 2592 5479 sanandi,
2617 5413 2701 5481 qui
2722 5413 2775 5466 in
2802 5411 2894 5465 hoc
2916 5402 3242 5477 recipiendus
3264 5397 3503 5454 divinitus

1924 5486 2204 5541 indicatur.
2231 5484 2429 5539 Fuoar.
2463 5486 2702 5538 Dacicus.

1996 5556 2254 5626 ’Semper
2300 5556 2752 5621 circumspectione
2816 5547 3076 5620 dependit.
3133 5544 3339 5600 Fnour.
3390 5540 3499 5596 DU-

1924 5641 2328 5754 CE‘USISercusaos
2349 5699 2690 5755 adverterent.
2740 5709 2802 5746 ea:
2847 5702 3025 5745 eorum
3067 5688 3359 5744 conditione
3404 5700 3503 5740 non

1926 5770 2218 5841 difﬁderent
2242 5786 2388 5841 posse
2409 5768 2620 5825 salvari.
2650 5765 2852 5819 Fnour.
2885 5760 3135 5823 Doce-sos.
