4092 6350
561 328 665 387 187

1486 313 1577 369 AD
1613 310 1841 368 OPERA
1879 303 2149 363 GEverSll
2190 303 2389 358 PAP/E
2428 306 2871 365 APPENDICES.

560 445 644 501 vel
670 440 850 515 populi
880 435 1186 504 Christiani,
1224 436 1239 465 ί
1285 431 1640 487 Alexandrina
1685 428 2008 485 catholicum
2042 438 2128 478 sa-
2157 418 2215 482 Α
2238 438 2396 493 posse
2422 437 2805 496 praesumptum
2831 435 2943 495 est;
2974 429 3045 484 ita
3065 428 3449 486 desistentihus
3474 429 3670 493 causis,
3718 446 3820 499 per

561 536 833 593 cerdotem
860 534 1145 599 recepisset
1189 526 1447 581 Ecclesia.
1488 522 1875 581 Gratulandum
1922 519 2133 575 scilicet

563 628 890 686 crederetur,
924 622 1067 677 nullo
1095 619 1252 674 modo
1297 620 1514 673 Graecos
1557 632 1660 672 non
1707 629 1865 684 posse
1905 627 2131 668 renuere

562 722 701 795 quod
731 719 968 774 viderent
997 716 1063 768 ab
1101 714 1395 782 apostolica
1446 711 1571 767 sede
1603 709 1767 764 fuisse
1804 708 2134 771 damnatum,

564 816 818 882 facileque
839 825 930 865 eos
961 823 1117 878 posse
1143 807 1211 862 de
1242 806 1462 861 istorum
1494 802 1755 873 supplicio
1780 799 2127 865 commoveri,

562 917 618 962 ut
645 913 863 961 nossent
892 900 1017 972 quid
1045 902 1287 965 vitarent,
1321 909 1372 952 et
1413 895 1537 966 quid
1580 901 1968 963 consequenter
2016 907 2130 946 am-

560 998 766 1062 birent,
795 998 814 1026 ¹
846 1010 907 1049 ac
936 993 1073 1048 velle
1114 999 1359 1061 putarent
1398 986 1761 1057 resipiscendo
1802 986 1967 1055 magis
2017 1000 2141 1039 sen-

562 1092 663 1146 tire
691 1104 811 1144 cum
848 1086 1030 1153 rectis,
1072 1099 1229 1155 quam
1276 1082 1472 1152 jugiter
1512 1094 1693 1135 errare
1731 1093 1849 1132 cum
1896 1077 2137 1147 perﬁdis.

565 1186 1049 1253 Exspectatumque
1092 1176 1181 1232 diu
1214 1184 1314 1240 est,
1363 1184 1418 1228 ut
1462 1174 1542 1228 his
1592 1171 1886 1226 rationibus
1937 1170 2137 1224 incitati

563 1278 805 1346 contagia
837 1273 1064 1328 nefanda
1102 1270 1460 1339 deponerent,
1491 1268 1510 1298 ³
1544 1280 1646 1320 una
1692 1279 1809 1318 cum
1851 1261 2140 1331 apostolica

566 1369 697 1439 sede
726 1364 1135 1429 consentiendo,
1173 1363 1310 1417 sicut
1348 1360 1415 1415 de
1449 1374 1635 1413 eorum
1674 1365 1943 1425 speratum
1972 1355 2143 1407 fuerat

573 1461 883 1524 voluntate;
934 1458 955 1488 ⁸
1016 1456 1352 1523 nitentesque
1414 1450 1694 1507 catholicis
1772 1447 2140 1503 sacerdotibus

569 1552 852 1609 revocandi
896 1550 1129 1606 studium
1176 1546 1348 1617 potius
1396 1543 1798 1599 commodarent
1840 1558 1853 1595 :
1899 1556 2003 1609 quo
2044 1538 2145 1607 ipsi

571 1646 635 1701 ad
665 1644 1017 1699 orthodoxam
1045 1643 1064 1673 ⁸
1089 1649 1426 1696 recurrerent
1456 1640 1750 1702 unitatem;
1801 1645 1854 1689 et
1898 1634 2015 1689 istis
2053 1633 2143 1702 qui

573 1737 783 1791 illorum
824 1734 1109 1803 participes
1157 1732 1355 1786 erroris
1402 1732 1736 1793 exstiterant,
1779 1729 2145 1782 ministrarent

2240 532 2371 587 quas
2404 518 2489 573 hic
2519 521 2770 575 articulus
2802 522 3011 578 veniret
3038 521 3104 577 ad
3129 522 3436 591 terminum,
3460 522 3821 581 insolubiliter
3896 554 3901 559 ο

2242 625 2346 665 non
2376 611 2569 666 retinet
2597 612 2889 682 obligatum
2906 656 2913 667 .

2313 705 2647 774 Quapropter
2693 705 2800 759 lata
2846 705 3110 760 sententia
3161 719 3266 758 non
3317 705 3669 760 existentibus
3724 720 3823 771 per

2242 813 2361 867 qua:
2388 799 2555 867 possit
2594 812 2763 867 usque
2807 798 2873 853 ad
2918 799 2997 851 sui
3038 800 3238 852 exitum
3289 797 3595 867 deputatam
3638 808 3821 853 tenere

2246 905 2574 956 mensuram,
2610 891 2689 944 his
2712 891 3043 959 consulendi,
3072 901 3125 947 et
3170 892 3252 945 his
3296 894 3382 962 qui
3433 893 3619 948 aretati
3674 903 3822 949 tene-

2247 985 2458 1053 bantur,
2495 984 2687 1038 tribuet
2718 985 3037 1039 libertatem.
3068 986 3131 1039 Et
3160 987 3449 1054 apostolica
3480 988 3693 1056 quidem
3737 1002 3824 1043 se-

2247 1076 2340 1131 des
2370 1076 2455 1146 (ut
2499 1091 2643 1144 srepe
2684 1076 3028 1145 repetendum
3070 1075 3172 1144 est)
3214 1078 3483 1131 mstiutans
3520 1078 3821 1135 Orientales

2249 1169 2393 1222 nullo
2414 1168 2570 1222 modo
2595 1184 2699 1221 non
2726 1182 2881 1235 posse
2908 1182 3159 1235 respuere
3175 1167 3315 1236 quod
3346 1168 3503 1223 sedes
3529 1171 3820 1238 apostolica

2250 1260 2556 1325 refutasset,
2585 1276 2787 1330 eosque
2819 1262 2977 1315 saluti
3010 1262 3239 1332 propria:
3260 1272 3313 1316 et
3336 1262 3644 1331 apostolicae
3675 1280 3822 1319 com-

2251 1353 2489 1407 munioni
2521 1353 2717 1407 nullius
2766 1353 3016 1418 praeferre
3064 1367 3219 1422 posse
3252 1369 3555 1422 personam,
3605 1356 3721 1411 haec
3763 1357 3825 1413 de

2250 1462 2435 1501 eorum
2468 1446 2729 1501 mentibus
2752 1446 2939 1500 melius
2961 1447 3271 1501 mstimarat.
3318 1448 3422 1502 Sed
3451 1449 3591 1516 quod
3637 1449 3824 1505 iterum

2254 1554 2357 1591 non
2392 1538 2667 1593 tacendum
2704 1547 2805 1601 est,
2836 1539 3064 1600 dolenda
3098 1540 3360 1606 pernicies
3385 1556 3490 1595 non
3532 1542 3682 1597 velut
3729 1542 3826 1598 im-

2255 1629 2526 1696 providam
2570 1631 2703 1684 bene
2752 1630 2818 1684 de
2864 1630 3223 1685 Orientalibus
3274 1631 3593 1687 sentientem
3655 1641 3829 1702 potest

2252 1723 2557 1791 opinionem
2615 1723 2781 1789 magis
2825 1722 3133 1791 apostolicae
3176 1723 3317 1777 sedis
3358 1738 3611 1793 arguere,
3672 1740 3829 1793 quam

573 1802 879 1896 praestituta:
918 1825 1237 1894 receptionis
1267 1824 1532 1879 effectum.
1564 1823 1671 1878 Nec
1700 1836 1801 1892 qua
1834 1822 1945 1876 fieri
1979 1821 2148 1890 potuit

2269 1827 2366 1868 mre
2389 1812 2696 1882 pervicacia:
2724 1813 2898 1881 potius
2926 1814 3203 1881 deputare,
3256 1814 3397 1883 quod
3443 1816 3683 1870 oblatum
3732 1816 3831 1874 sibi

573 1919 854 1974 occasione
876 1926 1141 1973 cessatum
1169 1927 1271 1984 est,
1318 1932 1423 1987 quo
1470 1922 1837 1984 competenter
1886 1913 2146 1968 admoniti

574 2018 625 2064 et
674 2008 1002 2063 sufﬁcienter
1041 2009 1327 2070 instructi,
1390 2008 1589 2076 pariter
1636 2006 1875 2075 pericula
1932 2005 2145 2059 vitanda

577 2110 982 2174 cognoscerent,
1006 2115 1069 2153 ac
1098 2108 1279 2169 patere
1299 2098 1399 2154 sibi
1420 2099 1660 2167 januam,
1683 2098 1728 2152 si
1751 2099 1975 2153 sinceris
2002 2113 2152 2152 men-

581 2195 721 2249 tibus
748 2195 885 2247 hanc
914 2193 1210 2261 petiissent,
1264 2190 1568 2259 apostolicae
1616 2189 2012 2244 communionis
2058 2190 2154 2243 ad-

583 2292 876 2341 verterent.

651 2374 756 2431 Sed
780 2375 902 2444 quia
930 2390 995 2430 eo
1024 2383 1333 2445 perventum
1364 2383 1464 2438 est,
1494 2381 1554 2427 ut
1576 2373 1924 2429 hortamentis
1944 2388 2156 2443 quoque

582 2469 1009 2534 medicinalibus,
1040 2469 1166 2523 dum
1215 2469 1372 2523 etiam
1419 2483 1537 2537 quae
1576 2468 1841 2523 referrent
1886 2470 2157 2523 contraria

580 2577 686 2617 non
719 2561 1009 2628 haberent,
1072 2558 1347 2615 differrent
1388 2567 1563 2614 tamen
1610 2560 1863 2615 hactenus
1904 2559 2159 2614 adhibere

580 2666 932 2718 consensum;
966 2651 1175 2706 illorum
1202 2652 1415 2721 quidem
1444 2651 1852 2707 difﬁcultatibus
1882 2661 2158 2719 paternum

580 2745 867 2819 quemdam
893 2745 1148 2801 debemus
1180 2745 1250 2814 pii
1273 2745 1472 2799 doloris
1496 2744 1764 2810 affectum,
1809 2745 2161 2814 deprecantes

581 2838 1022 2911 omnipotentiam
1051 2837 1144 2891 Dei
1178 2836 1365 2903 nostri,
1399 2852 1516 2906 quae
1555 2837 1665 2890 sola
1695 2838 1937 2906 quamvis
1981 2838 2163 2892 devias

585 2934 643 2991 in
684 2932 929 2991 veritatis
964 2932 1103 2986 viam
1154 2940 1329 3000 potest
1378 2940 1692 2987 convertere
1739 2934 2057 2993 voluntates.
2109 2942 2166 2986 ut

586 3026 801 3084 eisdem
828 3042 938 3082 suae
964 3026 1354 3096 propitiationis
1383 3027 1693 3095 operatione
1739 3026 1970 3081 mirabili
2010 3026 2165 3095 spiri-

587 3129 700 3178 tum
730 3120 1105 3191 resipiseentiae
1147 3128 1199 3175 et
1239 3118 1528 3174 efficaciam
1570 3121 1911 3175 correctionis
1942 3120 2164 3190 dignan-

596 3223 676 3269 ter
710 3212 971 3268 infundat.
1000 3212 1129 3280 Quze
1151 3212 1321 3266 donec
1352 3211 1510 3282 (sicut
1541 3212 1607 3267 de
1634 3212 1748 3282 ejus
1775 3214 1967 3268 virtute
1999 3215 2165 3269 conﬁ-

591 3306 789 3376 dimus)
815 3306 992 3361 divina
1032 3306 1332 3376 placatione
1364 3305 1701 3374 proveniant,
1760 3306 1901 3361 hunc
1951 3310 2162 3364 interim

594 3398 684 3472 qui
704 3401 966 3469 supplicat
1003 3399 1430 3454 desiderabiliter
1474 3409 1810 3469 expetentem
1862 3402 2168 3458 nullatenus

597 3494 771 3561 perire
800 3494 1063 3560 patiamur
1096 3510 1108 3546 :
1141 3502 1197 3547 ut
1237 3494 1386 3562 cujus
1418 3510 1523 3549 non
1567 3504 1692 3551 sunt
1736 3496 2036 3553 Orientales
2076 3500 2168 3555 de-

595 3586 824 3657 jectione
854 3585 1140 3654 perterriti,
1167 3601 1234 3639 ne
1264 3586 1316 3640 iu
1338 3601 1525 3641 errore
1567 3589 1935 3655 persisterent,
1978 3591 2168 3644 saltem

598 3679 869 3733 curatione
899 3688 1279 3747 provocentur,
1306 3689 1363 3733 ut
1399 3679 1623 3735 redeant
1650 3681 1718 3735 ad
1745 3683 2000 3747 salutem;
2036 3699 2170 3751 prae-

600 3770 752 3837 cipue
775 3783 894 3822 cum
923 3769 1286 3836 dispositionis
1306 3769 1450 3824 sedis
1482 3772 1791 3837 apostolica:
1834 3772 2170 3829 clementiam

603 3866 755 3912 tenor
788 3860 1070 3913 comitetur
1113 3859 1229 3927 ipse
1274 3859 1561 3927 dictorum,
1612 3878 1784 3931 neque
1824 3866 2027 3933 prolata
2075 3868 2173 3924 sibi

603 3965 897 4022 repugnare
942 3952 1250 4007 constitutio
1292 3953 1581 4021 judicetur.
1645 3956 1929 4013 Definitum
1978 3963 2175 4032 quippe

604 4055 685 4101 est
712 4048 794 4118 (ut
818 4047 1061 4116 superius
1087 4048 1195 4118 jam
1228 4047 1538 4119 praedictum
1571 4051 1674 4122 est)
1728 4067 1820 4108 eos
1866 4053 1933 4109 de
1980 4056 2177 4125 quibus

603 4137 806 4206 agimus
852 4147 1077 4195 eatenus
1143 4138 1355 4195 debere'
1386 4142 1674 4211 suspendi,
1726 4145 1897 4201 donec
1958 4156 2177 4203 auctore

607 4230 745 4297 Deo,
776 4239 830 4285 et
875 4230 1107 4300 praefatis
1152 4232 1538 4301 adnitentibus,
1562 4238 1921 4293 Alexandrina
1956 4241 2179 4296 catholi-

603 4338 721 4376 cum
752 4325 1017 4393 receperit
1036 4324 1271 4380 Ecclesia
1297 4327 1631 4384 sacerdotem
1667 4348 1678 4383 :
1720 4346 1827 4385 non
1858 4333 2081 4401 abrupte
2127 4344 2181 4387 et

606 4418 720 4470 sine
748 4418 1065 4484 exceptione
1088 4418 1418 4485 propositum
1447 4428 1548 4485 est,
1582 4421 1674 4475 sed
1725 4437 1784 4475 ea
1835 4425 2042 4477 ratione
2090 4426 2182 4479 de-

2256 1908 2521 1963 tramitem
2556 1906 2780 1975 propria:
2808 1905 3279 1975 redintegrationis
3300 1916 3477 1961 secuta
3501 1923 3608 1961 non
3638 1908 3831 1963 fuerit:

2255 2018 2353 2058 nec
2390 2004 2509 2058 ideo
2540 2012 2714 2057 tamen
2746 2002 2861 2055 aliis
2893 2001 3051 2056 debet
3085 2001 3455 2057 medicinalem
3482 2001 3832 2058 desideranti-

2256 2097 2357 2151 bus
2407 2097 2665 2165 impedire
2716 2110 2811 2164 per
2872 2110 3020 2149 suam
3086 2095 3435 2164 pervicaciam
3502 2094 3826 2150 facultatem.

2258 2192 2408 2247 Tunc
2458 2192 2599 2246 enim
2647 2191 2786 2244 dicta
2829 2202 2952 2244 sunt
3004 2190 3069 2244 de
3114 2190 3422 2243 Grtecorum
3480 2190 3834 2245 consensione

2260 2286 2509 2349 fidenter,
2539 2285 2657 2354 quia
2688 2294 2739 2339 et
2765 2285 2919 2338 simul
2950 2284 3085 2338 beati
3113 2283 3253 2337 Petri
3285 2285 3599 2338 societatem
3622 2283 3833 2352 quihus-

2263 2382 2394 2435 libet
2420 2379 2737 2434 videbantur
2765 2391 3075 2446 praeponere
3120 2390 3278 2445 posse
3327 2377 3596 2444 personis,
3648 2384 3704 2429 et
3751 2376 3834 2443 qui

2262 2477 2580 2529 exstiterunt
2616 2482 2740 2527 ante
2782 2471 3054 2535 catholici,
3097 2470 3494 2525 arstimabantur
3521 2468 3835 2525 consensuri

2263 2567 2417 2622 facile
2440 2565 2671 2632 veritati,
2697 2574 2854 2634 atque
2892 2566 3010 2619 ideo
3038 2564 3319 2633 cujuslibet
3343 2562 3576 2618 hominis
3595 2562 3838 2619 affectum

2266 2662 2315 2714 in
2347 2658 2629 2714 desideriis
2650 2658 2955 2728 apostolicae
2978 2657 3369 2710 communionis
3395 2672 3498 2710 non
3524 2670 3688 2725 posse
3712 2670 3839 2724 prae-

2264 2754 2496 2823 ponere?
2524 2767 2642 2821 quae
2673 2766 2791 2805 cum
2824 2750 3058 2805 nondum
3086 2750 3417 2817 susceperint
3448 2764 3542 2819 per
3575 2765 3710 2819 quas
3761 2750 3841 2805 hic

2265 2844 2398 2897 ordo
2432 2843 2741 2898 decurreret
2785 2844 3085 2897 voluntates
3113 2884 3125 2907 ,
3181 2842 3231 2895 id
3274 2842 3412 2910 quod
3458 2857 3551 2909 per
3598 2856 3689 2896 ras
3733 2842 3842 2897 ﬁeri

2267 2951 2423 3005 posse
2468 2944 2847 3004 prmsumptum
2893 2942 2995 2995 est,
3046 2933 3283 2988 cernitur
3332 2933 3665 2996 absolutum;
3710 2947 3841 3001 quo-

2268 3030 2407 3083 niam
2433 3045 2556 3083 cum
2598 3028 2792 3084 desunt
2839 3030 2929 3097 qui
2982 3028 3259 3096 perficiant
3301 3026 3403 3098 [AL
3436 3026 3481 3078 si
3531 3026 3712 3080 desint
3756 3041 3847 3092 per

2270 3138 2404 3192 quos
2429 3123 2478 3175 id
2510 3121 2789 3190 efficiant],
2832 3121 3009 3175 nullus
3044 3121 3320 3189 provenire
3370 3119 3543 3188 possit
3592 3119 3846 3184 effectus;

2273 3218 2378 3271 imo
2401 3232 2520 3271 cum
2550 3215 2705 3269 iidem
2736 3214 2836 3281 ipsi
2860 3228 2955 3282 per
2982 3228 3115 3282 quos
3141 3211 3477 3279 judicabatur
3501 3227 3625 3267 esse
3655 3212 3847 3268 facieno

2272 3311 2418 3375 dum,
2464 3325 2528 3364 ne
2570 3309 2830 3363 efﬁciatur
2878 3307 3141 3361 obsistant
3193 3325 3205 3360 :
3253 3306 3343 3375 qui
3383 3306 3428 3358 si
3480 3306 3531 3358 in
3579 3305 3684 3360 hac
3735 3316 3849 3360 sunt

2275 3405 2437 3479 (quod
2465 3405 2623 3469 absit)
2656 3403 3015 3458 obstinatione
3046 3404 3305 3467 mansuri,
3338 3402 3571 3456 resoluta
3620 3403 3853 3458 conditio

2274 3508 2354 3555 est
2380 3498 2522 3552 illius
2551 3498 2647 3561 rei,
2672 3512 2790 3566 quae
2817 3510 3001 3550 eorum
3034 3494 3220 3549 studiis
3250 3494 3565 3549 fiducialiter
3596 3494 3853 3549 censeba-

2278 3601 2360 3645 tur
2385 3589 2613 3658 impleri.

2349 3678 2441 3732 Sin
2472 3694 2599 3733 vero
2632 3678 2794 3749 (sicut
2820 3678 2992 3747 potius
3023 3674 3291 3747 optamus)
3318 3676 3512 3731 fuerint
3539 3675 3604 3729 ad
3630 3676 3853 3731 meliora

2277 3772 2541 3839 conversi,
2578 3785 2641 3825 ne
2692 3770 2830 3824 inter
2876 3770 2988 3823 hzec
3037 3770 3249 3824 interim
3291 3769 3377 3838 qui
3430 3768 3853 3823 misericordiam

2282 3864 2529 3934 postulat,
2561 3864 2641 3917 vel
2669 3872 2845 3925 aetate,
2884 3862 2967 3917 vel
3000 3862 3210 3927 morbo,
3240 3875 3346 3930 quo
3398 3860 3706 3930 frequenter
3754 3862 3855 3914 im-

2282 3956 2511 4026 peditur,
2547 3956 2714 4024 possit
2744 3955 3009 4022 intercipi,
3046 3954 3167 4007 dum
3208 3968 3368 4022 super
3399 3955 3514 4008 istis
3545 3963 3619 4009 est
3652 3966 3853 4007 consu-

2281 4051 2518 4116 lendum,
2547 4066 2611 4103 ne
2651 4048 2896 4103 defuncto
2942 4048 3049 4116 jam
3100 4047 3301 4101 nullum
3353 4046 3519 4115 possit
3560 4046 3855 4101 remedium

2280 4148 2588 4219 subrogari;
2616 4147 2809 4216 quippe
2834 4158 2953 4200 cum
2981 4144 3181 4198 dictum
3214 4145 3300 4207 sit,
3335 4144 3445 4197 sive
3474 4142 3580 4196 illis
3612 4143 3855 4196 adniten-

2283 4244 2439 4305 tibus,
2473 4242 2588 4295 sive
2618 4240 2774 4295 etiam
2821 4236 3063 4293 fortassis
3104 4236 3315 4301 invitis,
3361 4237 3452 4289 sed
3499 4251 3619 4289 cum
3672 4250 3852 4289 eorum

2282 4336 2447 4403 magis
2474 4335 2661 4389 adnisu
2702 4332 2841 4402 quod
2876 4331 3267 4401 promulgatum
3312 4329 3487 4384 fuerat
3533 4345 3689 4397 posse
3726 4345 3854 4382 con-

2284 4436 2425 4481 stare
2461 4445 2471 4479 :
2514 4427 2653 4481 sicut
2693 4426 2850 4493 igitur
2874 4439 2995 4478 cum
3029 4423 3135 4477 illis
3163 4422 3524 4477 adnitentibus
3554 4420 3858 4473 nullatenus

609 4518 907 4573 promptum
949 4518 1048 4573 est,
1080 4523 1182 4577 qua
1227 4523 1331 4563 non
1371 4510 1483 4564 sive
1518 4511 1625 4565 illis
1659 4513 2043 4582 adnitentibus,
2069 4518 2179 4572 sive
2206 4553 2261 4614 Ι)
2288 4534 2415 4590 pace
2442 4520 2542 4574 ﬁxa
2570 4518 2676 4590 [ΑΙ.
2709 4516 2945 4589 praeﬁxa]
2974 4517 3265 4586 perdurant
3294 4532 3305 4569 :
3350 4514 3450 4568 hoc
3481 4514 3641 4567 etiam
3675 4524 3860 4567 tenore

610 4615 714 4653 non
744 4600 1125 4665 adnitentibus,
1151 4601 1517 4658 indifferenter
1546 4605 1815 4661 videretur
1860 4609 2018 4663 inﬁxa
2057 4626 2179 4665 sen-

610 4691 773 4745 tentia
799 4708 812 4743 :
844 4690 1068 4761 ideoque
1094 4694 1194 4748 sub
1215 4708 1321 4764 quo
1350 4702 1534 4750 tenore
1560 4697 1745 4751 librata
1790 4700 2028 4755 conditio
2073 4713 2175 4769 est,

610 4784 796 4841 eodem
826 4801 929 4840 non
956 4787 1240 4855 existente,
1274 4789 1646 4845 necessitatem
1693 4808 1803 4847 sua:
1837 4795 2182 4857 professionis

612 4877 856 4934 absolvit.
888 4878 1039 4947 Quod
1068 4880 1208 4935 enim
1254 4896 1374 4936 cum
1421 4881 1610 4938 adnisu
1655 4886 2025 4953 praedictorum
2056 4905 2181 4957 pro-

612 4969 910 5024 nuntiatum
937 4979 1159 5025 estesse
1199 4970 1521 5040 faciendum,
1544 4974 1646 5031 hoc
1670 4977 1861 5032 eodem
1903 4994 2005 5034 non
2056 4996 2179 5038 suc-

612 5062 836 5117 cedente
875 5077 979 5117 non
1026 5064 1143 5118 ﬁeri
1173 5080 1351 5133 posse,
1384 5067 1721 5123 manifestum
1752 5079 1853 5126 est.
1911 5070 2013 5127 Sed
2061 5090 2179 5128 cum

612 5171 796 5212 eorum
816 5157 975 5211 etiam
1009 5158 1307 5214 faciendum
1339 5174 1663 5217 memoratur
1687 5165 1895 5231 adnisu,
1917 5170 2046 5223 satis
2073 5171 2183 5224 cvi-

612 5249 798 5305 denter
819 5259 1091 5305 ostensum
1118 5260 1216 5315 est,
1246 5253 1383 5321 quod
1410 5254 1524 5309 sine
1557 5256 1655 5310 hoc
1699 5272 1802 5311 non
1851 5270 2032 5328 posset
2083 5263 2182 5317 im-

612 5340 928 5408 pleri.Licet
954 5357 1079 5411 ergo
1104 5342 1437 5413 illi,qttorum
1462 5348 1646 5402 deesse
1666 5334 1918 5417 probatur
1944 5353 2181 5421 adnisus,

613 5432 677 5487 de
706 5448 799 5488 sua
823 5436 928 5489 sint
952 5436 1307 5491 obstinatione
1330 5440 1639 5508 miserandi,
1669 5452 1842 5497 tamen
1866 5446 1987 5514 quia
2012 5448 2182 5515 deest,

614 5522 749 5579 sicut
778 5528 890 5581 sine
918 5543 983 5583 eo
1012 5529 1148 5584 effici
1175 5545 1277 5584 non
1304 5544 1473 5599 potest
1502 5534 1639 5601 quod
1668 5550 1785 5589 cum
1817 5538 2006 5595 eodem
2038 5542 2181 5596 efﬁci

687 5657 1364 5736 ‘Afexgndrimtucalholico
1402 5665 1656 5717 sacerdote
1695 5669 1917 5736 coepisset
1957 5672 2177 5728 Ecclesia

618 5728 890 5799 gratulari,
924 5740 976 5781 ut
1002 5734 1187 5786 scilicet
1228 5735 1531 5788 crederetur.
1569 5728 1777 5789 Fnou'rf
1801 5738 2043 5796 Duc-eus.

694 5801 713 5829 ’
747 5800 818 5852 Ac
840 5799 959 5909 velle
977 5809 1274 5867 putarentur
1298 5806 1654 5876 resipiscendo.
1693 5807 1891 5868 FBDNT.
1930 5814 2171 5869 Ducmtis.

2287 4613 2470 4668 beatus
2498 4611 2690 4665 Paulus
2718 4610 2989 4680 apostolus
3018 4624 3125 4663 non
3160 4608 3279 4662 ideo
3326 4606 3484 4676 (quod
3518 4606 3681 4674 absit)
3716 4605 3860 4658 fefel-

2286 4704 2411 4758 lisse
2454 4702 2752 4757 credendus
2782 4710 2893 4767 est,
2931 4709 3021 4753 aut
3058 4699 3159 4753 sibi
3203 4698 3469 4752 exstitisse
3521 4697 3857 4759 contrarius;

2286 4798 2533 4867 quoniam
2553 4810 2671 4850 cum
2694 4809 2749 4848 se
2771 4793 2836 4848 ad
2865 4790 3146 4861 Hispanias
3162 4790 3494 4860 promisisset
3518 4787 3736 4851 iturum,
3752 4786 3863 4840 dis-

2288 4892 2550 4962 positione
2579 4890 2757 4943 divina
2800 4886 3088 4955 majoribus
3131 4892 3416 4951 occupatus
3444 4896 3506 4934 cx
3539 4880 3737 4944 causis,
3763 4878 3863 4932 im-

2290 4984 2437 5053 plcre
2466 4988 2569 5037 nun
2597 4980 2768 5049 potuit
2791 4976 2931 5047 quod
2957 4976 3219 5046 promisit.
3243 4974 3505 5040 Quantum
3526 4972 3669 5026 enim
3695 4970 3865 5040 ipsius

2292 5077 2575 5130 voluntatis
2608 5072 2861 5135 interfuit,
2910 5071 3009 5123 hcc
3051 5066 3447 5137 pronuntiavit,
3486 5061 3628 5134 quod
3672 5076 3862 5117 revera

2290 5172 2539 5224 voluisset
2564 5164 2780 5221 efficere
2814 5180 2824 5213 :
2864 5171 3117 5231 quantum
3149 5160 3214 5214 ad
3253 5160 3413 5213 divini
3458 5165 3662 5213 secreta
3687 5154 3865 5211 consi-

2292 5266 2365 5328 lii,
2392 5277 2510 5333 quae
2545 5269 2598 5313 ut
2628 5258 2786 5309 homo
2815 5255 2991 5308 omnia
3025 5271 3128 5307 non
3164 5252 3330 5322 potuit
3362 5251 3484 5305 licet
3514 5248 3714 5319 Spiritu
3746 5248 3863 5316 ple-

2292 5372 2391 5411 nus
2439 5364 2731 5424 agnoscere
2765 5393 2777 5415 ,
2838 5363 3063 5416 superna
3126 5345 3464 5416 prmtermisit
3509 5338 3863 5413 dispositione

2291 5459 2619 5520 praeventus.
2655 5444 2761 5497 Nec
2812 5442 2931 5508 quia
2978 5440 3165 5495 beatus
3216 5438 3401 5493 Petrus
3445 5436 3721 5505 apostolus
3765 5450 3864 5507 pro

2292 5543 2481 5599 affectu
2522 5536 2714 5590 divina:
2758 5531 3068 5587 reverentiae
3121 5531 3219 5603 ipsi
3270 5528 3494 5584 Domino
3533 5525 3857 5597 respondit:

2353 5676 2373 5704 ⁸
2407 5672 2471 5726 Ut
2492 5688 2602 5725 cum
2624 5669 2904 5736 apostolica
2934 5667 3067 5721 sede.
3102 5666 3295 5721 Fnon'r.
3333 5666 3578 5720 Ducaws.

2354 5744 2374 5775 ‘
2404 5742 2634 5797 Nitentes
2660 5739 2942 5795 catholicis.
2981 5738 3186 5793 Fnonr.
3220 5739 3464 5792 ῡυοιιυε.

2354 5817 2371 5848 ί
2402 5814 2731 5868 ,‘iecurrereut
2752 5811 3030 5865 veritatem.
3066 5808 3267 5865 Faonr.
3309 5809 3554 5864 006508.
