4092 6350
240 374 347 430 189

751 374 1089 431 ΑΡΡΕΝΒΙΧ
1128 374 1397 430 TERTIA.
1440 373 1748 430 CONCILIA
1793 373 2104 465 QU/EDAM
2142 375 2187 429 A
2226 375 2993 437 GELASIO.CELEBRATA.

3397 391 3505 449 190

238 492 359 547 Νοη
384 490 572 544 lavabis
600 488 721 545 mihi
742 492 890 563 pedes
925 492 974 544 in
1018 500 1260 544 internum
1300 489 1480 560 (Joan.
1532 490 1691 559 xm);
1738 488 1813 543 fe-
1837 490 1893 551 Α
1919 496 2059 550 tibus
2106 496 2441 553 remittamus
2474 517 2487 565 ;
2542 502 2681 570 quod
2731 503 3018 570 Ecclesiae,
3076 505 3183 560 Deo
3223 507 3504 578 largiente,

237 583 439 640 fellisse
477 582 641 653 (quod
682 582 841 651 absit)
882 590 975 637 aut
1026 582 1078 636 in
1131 596 1222 636 sua
1274 580 1547 650 putabitur
1598 581 1817 636 minime

237 676 541 733 constitisse
570 678 853 743 sententia,
883 676 1023 747 quod
1056 691 1180 730 mox
1208 675 1383 731 eidem
1413 674 1610 730 divine
1634 688 1819 731 cesse-

240 772 308 824 rit
350 769 604 824 voluntati
645 788 656 822 :
694 779 748 824 et
778 769 917 840 quod
952 770 966 799 ¹
1002 782 1060 823 se
1104 754 1300 822 dixerit
1337 783 1441 822 non
1491 782 1609 822 esse
1644 767 1817 822 factu-

242 862 568 927 rmn,cansis
593 862 837 915 astrictus
867 859 1113 915 humanae
1130 860 1317 915 salutis
1342 865 1627 929 expeteret
1646 871 1819 928 prona

242 952 514 1007 voluntate
543 952 862 1007 faciendum.

317 1044 517 1098 Idcirco
541 1046 561 1074 ²
592 1044 679 1097 illa
722 1058 825 1098 non
854 1042 1142 1098 accedente
1168 1057 1274 1108 vra,
1305 1058 1406 1110 qua
1435 1056 1621 1096 eorum
1650 1046 1823 1097 fuerat

244 1136 605 1191 reconciliatio
642 1137 956 1200 constituta,
998 1137 1218 1189 alteram
1265 1136 1390 1189 licet
1430 1134 1665 1200 adoriri,
1717 1148 1821 1204 qua

242 1227 619 1289 subveniatur,
665 1228 855 1296 quibus
895 1226 1323 1282 subveniendum
1374 1240 1493 1281 esse
1546 1226 1823 1281 decretum

244 1329 327 1377 est
358 1340 373 1377 :
404 1321 636 1377 maxime
676 1335 797 1376 cum
841 1322 1044 1376 Miseno
1088 1336 1152 1374 ex
1195 1320 1432 1390 quolibet
1471 1335 1694 1375 excessu
1736 1322 1824 1375 vel

243 1413 481 1484 qualibet
512 1413 963 1482 praevaricationis
1006 1428 1163 1482 ptena
1205 1412 1455 1477 sufficiat,
1495 1429 1611 1482 quae
1656 1427 1824 1483 usque

241 1521 310 1564 eo
355 1515 579 1562 tractata
626 1516 742 1574 est,
782 1506 802 1535 ³
832 1515 890 1559 ut
939 1508 1050 1561 sola
1096 1506 1536 1561 consideratiouis
1580 1506 1825 1561 humanae

242 1613 494 1669 suprema
525 1598 953 1654 consideratione
980 1598 1203 1662 laxetur,
1260 1598 1687 1667 remittendaque
1732 1614 1827 1667 pn-

243 1694 378 1747 nitio
408 1692 497 1758 sit,
527 1707 646 1762 quae
676 1707 778 1745 non
808 1691 967 1745 habet
994 1692 1126 1744 ultra
1156 1706 1259 1759 quo
1286 1701 1519 1745 crescat.
1551 1691 1683 1755 Quia
1706 1706 1825 1745 cum

244 1786 381 1840 nulli
410 1788 599 1840 animae
632 1785 771 1839 Deus
816 1784 1158 1852 omnipotens
1195 1792 1248 1835 ct
1278 1783 1583 1835 misericors
1616 1797 1707 1851 per
1736 1796 1829 1836 ec-

1926 591 2181 659 possibile
2206 601 2289 646 est
2337 609 2349 645 :
2395 595 2484 663 qui
2526 610 2621 650 nos
2670 598 2829 653 etiam
2870 600 3090 654 mortuis
3129 602 3333 655 veniam
3378 616 3508 672 prae-

1926 692 2069 740 stare
2092 681 2415 753 deposcunt;
2442 688 2584 757 quod
2614 690 2767 744 nobis
2801 692 3052 759 possibile
3081 708 3186 747 non
3220 709 3359 759 esse,
3393 712 3507 750 ma-

1928 777 2177 832 nifestum
2199 786 2283 831 est
2320 797 2331 829 :
2366 779 2486 844 quia
2535 793 2656 832 cum
2698 780 2899 835 dictum
2938 785 3027 851 sit,
3078 784 3202 850 Qua:
3233 786 3509 855 ligaveritis

1927 884 2079 938 super
2108 880 2313 937 terram,
2348 883 2481 938 quos
2508 883 2635 940 ergo
2668 886 2771 925 non
2804 886 2925 926 esse
2948 874 3059 943 jam
3103 887 3310 931 constat
3348 894 3510 949 super

1929 974 2147 1029 terram,
2174 979 2279 1018 non
2309 963 2564 1027 humano,
2589 963 2681 1019 sed
2707 980 2805 1018 suo
2827 962 3027 1033 judicio
3053 972 3383 1038 reservavit;
3411 986 3510 1029 nec

1932 1058 2091 1113 audet
2124 1057 2359 1112 Ecclesia
2389 1056 2603 1110 sibimet
2633 1056 2939 1121 vindicare,
2987 1060 3127 1126 quod
3168 1062 3297 1129 ipsis
3344 1064 3511 1119 beatis

1930 1150 2187 1220 apostolis
2210 1148 2502 1216 conspiciat
2527 1164 2631 1202 non
2674 1148 2836 1203 fuisse
2867 1163 3181 1206 concessum
3219 1171 3232 1217 ;
3266 1156 3386 1224 quia
3410 1156 3509 1211 alia

1930 1244 2001 1297 sit
2024 1258 2182 1298 causa
2205 1244 2571 1310 superstitum,
2594 1244 2699 1296 alia
2725 1244 3118 1299 defunctorum.

2004 1334 2208 1389 Tulerit
2246 1334 2433 1388 Vitalis
2470 1344 2667 1389 sortem
2708 1334 2874 1389 divini
2924 1336 3110 1404 jndicii
3136 1380 3149 1404 ,
3200 1341 3281 1392 cui
3327 1341 3507 1403 etiam,

1932 1442 2051 1480 cum
2110 1440 2430 1493 magnopere
2473 1426 2731 1481 vellemus
2762 1469 2775 1492 ,
2830 1442 2934 1481 non
2974 1429 3147 1496 potuit
3192 1431 3507 1487 subveniri:

1934 1519 2056 1573 huic
2110 1520 2294 1573 saltem
2349 1521 2588 1589 prosint,
2635 1519 2760 1573 dum
2792 1521 2942 1588 copia
2976 1522 3200 1576 viventis
3243 1522 3510 1592 admittat,

1934 1612 1988 1662 in
2043 1609 2292 1663 remediis
2343 1610 2691 1678 assequendis
2740 1611 2961 1665 alterius
3023 1612 3386 1681 experimenta
3434 1630 3490 1670 re

1937 1711 2095 1767 pente
2116 1701 2393 1755 subtracti.
2423 1701 2663 1770 Cumque
2695 1702 2947 1770 scriptum
2981 1706 3286 1758 noverimus
3320 1723 3332 1757 :
3367 1704 3511 1759 Unus

1940 1803 2242 1858 assumetur,
2287 1803 2333 1846 et
2372 1811 2504 1846 unus
2542 1795 2850 1862 relinquetur
2889 1794 3037 1864 (Luc.
3080 1795 3231 1864 xvtt),
3276 1798 3511 1852 hortatur

244 1879 603 1935 Cleﬁiaslicam
656 1878 906 1946 Piemem
957 1876 1214 1944 qllﬂ'l‘emi
1262 1875 1493 1929 “Oluefil
1539 1875 1833 1930 remedium
1863 1879 1913 1938 B
1942 1900 2039 1941 nos
2081 1884 2360 1953 intercepti
2400 1882 2691 1952 periculum
2733 1885 2783 1937 in
2814 1885 3102 1951 superstite
3136 1886 3371 1940 subsidia
3409 1901 3514 1941 non

249 1970 526 2040 denegari,
560 1984 661 2022 non
696 1968 916 2021 dubium
946 1977 1045 2031 est,
1080 1967 1179 2020 hoc
1216 1966 1331 2033 ipso
1361 1976 1579 2021 auctore
1610 1966 1739 2029 Deo,
1780 1974 1834 2020 ct

249 2062 429 2117 divina
464 2062 871 2129 compunctione
901 2058 1132 2128 prodire,
1168 2066 1221 2111 ut
1253 2067 1375 2111 tunc
1407 2057 1472 2111 de
1518 2057 1634 2127 ejus
1681 2073 1831 2112 rece-

247 2154 431 2225 ptione
462 2160 743 2219 tractetur,
778 2151 988 2221 quando
1016 2165 1079 2206 ea
1111 2165 1215 2205 non
1265 2150 1578 2220 protelanda
1619 2165 1830 2220 quoque

246 2246 544 2303 necessitas
573 2243 860 2314 compellat
889 2242 1122 2312 impendi
1160 2258 1172 2293 ε
1216 2252 1399 2296 nostro
1425 2252 1682 2309 praeterea
1714 2242 1829 2297 Sal-

244 2347 431 2396 vatore
479 2338 535 2390 Β.
594 2338 751 2392 Petro
798 2336 1040 2406 apostolo
1089 2350 1200 2404 prae
1254 2339 1461 2389 caeteris
1507 2333 1824 2403 delegante:

248 2434 577 2501 Quaecunque
599 2430 832 2498 ligaveris
853 2444 1003 2499 super
1031 2437 1240 2493 terram,
1285 2436 1430 2480 erunt
1463 2427 1617 2497 ligata
1639 2427 1691 2479 in
1722 2442 1821 2479 cer.-

244 2528 345 2591 h’s;
376 2537 424 2580 et
451 2541 755 2594 quacunque
790 2524 996 2579 solveris
1029 2540 1179 2593 super
1217 2532 1426 2586 terram,
1469 2532 1612 2575 erum
1664 2524 1830 2575 soluta

243 2632 292 2679 at
319 2623 370 2676 in
395 2622 530 2676 caelis
554 2618 767 2691 (Matth.
798 2618 909 2689 xvi)
939 2635 951 2670 :
982 2618 1117 2672 sicut
1148 2625 1201 2671 et
1232 2616 1313 2670 his
1343 2615 1519 2671 verbis
1544 2614 1673 2669 nihil
1703 2630 1830 2668 con-

244 2725 349 2770 SIat
398 2724 726 2782 exceptum,
789 2711 865 2765 sic
919 2726 1015 2780 per
1058 2710 1366 2780 apostolica:
1414 2708 1831 2777 dispensationis

245 2808 482 2863 officium
504 2815 557 2861 et
583 2815 749 2860 totum
778 2804 945 2875 possit
966 2804 1287 2874 generaliter
1316 2803 1542 2872 alligari,
1576 2814 1629 2856 et
1659 2812 1827 2857 totum

244 2907 636 2969 consequenter
675 2897 899 2952 absolvi.
958 2897 1230 2966 Prmcipue
1269 2913 1387 2950 cum
1428 2912 1492 2951 ex
1524 2897 1623 2951 hoc
1660 2896 1828 2965 magis

244 2993 473 3061 prteberi
521 2992 727 3045 cunctis
788 2998 1033 3058 oporteat
1096 2988 1403 3057 apostolica:
1460 2989 1820 3044 miserationis

242 3083 553 3150 exemplum
580 3125 593 3148 ,
648 3090 708 3135 ut
743 3081 1077 3135 absolutione
1121 3081 1379 3145 damnati,
1424 3080 1467 3132 si
1510 3081 1830 3149 resipiscam

248 3175 512 3240 universi,
538 3184 590 3228 et
618 3174 684 3227 ab
720 3189 902 3228 errore
928 3188 985 3228 se
1007 3174 1303 3241 retrahant,
1334 3184 1493 3243 atque
1518 3175 1582 3228 ad
1614 3185 1825 3244 aposto-

1941 1979 2232 2033 differenda
2274 1978 2516 2041 sanandi,
2566 1979 2657 2047 qui
2689 1979 2789 2032 hoc
2814 1980 2927 2048 ipso
2957 1980 3293 2048 recipiendus
3322 1980 3515 2035 divini~

1939 2082 2023 2129 tus
2060 2072 2339 2137 indicatur,
2377 2087 2495 2127 cum
2530 2071 2603 2125 illi
2633 2072 2943 2139 supervivit,
2990 2072 3010 2101 θ
3050 2074 3137 2141 qui
3170 2073 3236 2126 ad
3261 2072 3374 2127 haec
3408 2088 3513 2128 non

1940 2167 2131 2221 meruit
2166 2164 2449 2233 pervenire
2483 2183 2494 2215 :
2529 2175 2583 2219 et
2602 2163 2870 2233 quoddam
2900 2164 2967 2218 de
3012 2173 3237 2231 utroque
3284 2165 3515 2220 caelestis

1931 2258 2117 2329 judicii
2164 2256 2390 2325 refulget
2429 2270 2691 2319 examen;
2746 2254 3151 2325 ostenditurque
3194 2256 3347 2310 nobis
3401 2260 3514 2311 evi-

1936 2351 2146 2406 dentius
2173 2350 2225 2403 in
2257 2349 2483 2412 duobus,
2517 2349 2568 2401 in
2597 2363 2703 2418 quo
2733 2347 2889 2403 fuerit
2917 2362 3079 2402 causa
3118 2349 3234 2403 sine
3258 2350 3430 2415 venia,
3464 2359 3516 2405 et

1939 2445 1958 2475 ⁷
1990 2445 2044 2497 iu
2080 2458 2185 2512 quo
2219 2442 2290 2496 sit
2340 2456 2458 2510 qua:
2509 2440 2835 2509 indulgentia
2886 2455 3071 2495 carere
3119 2456 3225 2495 non
3276 2440 3515 2499 debeat;

1938 2545 2099 2605 atque
2138 2535 2257 2589 ideo
2285 2548 2441 2603 quam
2466 2533 2582 2601 ipse
2608 2548 2819 2602 quoque
2841 2533 2885 2586 si
2907 2543 3177 2602 superstes
3202 2542 3517 2601 competen-

1940 2636 2021 2683 ter
2052 2628 2278 2683 Acacius
2307 2627 2619 2694 expetisset,
2656 2634 2901 2693 potuerat
2928 2625 3170 2679 obtinere
3202 2625 3418 2694 (quippe
3449 2624 3517 2680 de

1877 2770 1880 2774 .
1937 2734 2043 2789 quo
2070 2720 2146 2773 sic
2169 2719 2399 2789 positum
2426 2725 2527 2782 est,
2564 2716 2902 2771 ins‘olubilcm
2953 2717 3083 2777 fore,
3126 2704 3325 2768 ut'no't
3365 2715 3516 2769 dice-

1940 2821 2087 2867 retur
2112 2828 2125 2870 :
2153 2810 2374 2864 Etiamsi
2407 2808 2547 2863 forte
2585 2806 2926 2877 corrigeret),
2978 2806 3145 2861 multo
3186 2807 3353 2875 magis
3394 2805 3517 2861 huic

1938 2905 2025 2973 qui
2057 2902 2431 2958 communione
2459 2900 2573 2971 ejus
2602 2901 2827 2955 infectus
2857 2908 2958 2962 est,
3004 2898 3305 2968 imploranti
3337 2897 3497 2952 ﬂebili

1941 3008 2040 3063 ter,
2084 2996 2295 3065 pietatis
2322 3003 2405 3049 est
2435 2992 2742 3064 apostolica:
2774 3006 2879 3046 non
2920 3006 3133 3061 negare.

2010 3090 2288 3145 Professus
2315 3103 2441 3158 ergo
2478 3087 2713 3143 Misenus
2740 3084 3057 3156 regulariter
3100 3100 3158 3141 se
3198 3100 3385 3140 omnes
3417 3083 3496 3136 ha:

1938 3198 2109 3250 rescs,
2146 3183 2527 3253 Eutychianam
2561 3182 2827 3250 prarcipue
2866 3196 2987 3235 cum
3035 3181 3351 3250 Eutychete,
3397 3181 3522 3233 Dio-

246 3269 369 3324 licm
419 3264 815 3321 communionis
864 3265 1127 3319 sinceram
1180 3265 1400 3319 redeant
1448 3265 1702 3319 unitatem
1734 3265 1827 3336 [aL

1939 3288 2115 3341 scoro,
2150 3272 2435 3326 Timotheo
2459 3271 2667 3334 1Eluro,
2710 3271 2870 3326 Petro
2902 3268 3291 3334 Aleiandrino,
3324 3270 3519 3325 Acacio

244 3357 597 3431 puritatem],
654 3356 882 3410 vinculis
927 3370 987 3410 se
1038 3355 1394 3409 damnationis
1444 3356 1620 3423 illius,
1674 3372 1831 3425 quam

247 3450 627 3506 universalitcr
659 3449 851 3503 merito
872 3448 1312 3518 praevaricatores
1353 3456 1697 3516 exceperant,
1727 3463 1830 3502 non

248 3544 523 3613 ambigant
545 3540 841 3596 exuendos.

320 3636 503 3706 Neque
534 3636 674 3690 enim
704 3635 793 3705 qui
818 3635 972 3705 longe
1009 3634 1211 3705 positos
1248 3634 1313 3689 ad
1360 3635 1621 3705 integram
1672 3634 1828 3690 ﬁdem

250 3742 443 3785 errare
470 3729 709 3793 nitimur,
736 3738 1064 3783 revertentes
1093 3729 1143 3782 in
1171 3729 1419 3798 prtesenti
1446 3730 1710 3799 supplices
1749 3745 1831 3784 re-

248 3823 424 3878 futare
449 3821 707 3876 debemus
739 3838 751 3875 :
783 3821 871 3875 ubi
902 3822 1131 3877 sollicite
1181 3823 1587 3890 praecavendum
1632 3834 1714 3878 est
1764 3840 1830 3880 ne

243 3916 586 3971 conscientia:
624 3916 1002 3970 detrimentum
1048 3926 1323 3986 negantes,
1362 3918 1381 3947 εδ
1430 3934 1599 3987 usque
1627 3918 1691 3971 ad
1732 3934 1827 3972 ex-

243 4016 476 4063 tremum
506 4011 705 4078 peccati
734 4007 828 4081 [αι.
865 4008 1083 4080 petenti]
1139 4011 1417 4065 materiam
1461 4009 1623 4078 (ηυοά
1670 4010 1827 4079 absit)

247 4100 273 4132 ⁸
295 4100 597 4157 nullatenus
631 4100 925 4155 incidamus
966 4119 979 4155 :
1020 4116 1371 4172 censumque
1402 4104 1639 4157 veritatis
1669 4105 1830 4157 etiam

243 4192 393 4250 circa
421 4194 711 4262 supplices,
736 4194 853 4248 sine
893 4194 995 4248 fine
1018 4194 1331 4263 persistens,
1367 4204 1599 4248 transeat
1629 4196 1679 4247 in
1712 4210 1831 4249 rea-

243 4295 382 4340 tum.
414 4284 641 4340 Proinde
667 4295 948 4356 quantum,
981 4295 1345 4354 praemonente
1390 4287 1635 4350 Domino,
1662 4286 1836 4355 possi-

242 4378 467 4433 bilitatis
516 4379 759 4433 humana:
813 4378 1140 4434 desideranti
1188 4380 1419 4435 remedia
1478 4380 1831 4449 praebeamus,

243 4477 274 4507 ⁸
307 4478 476 4525 totum
506 4471 649 4541 quod
676 4486 835 4540 supra
881 4482 1077 4527 nostra:
1121 4472 1386 4528 facultatis
1430 4482 1509 4528 cst
1558 4472 1833 4527 modulum

241 4555 429 4618 divino
452 4563 654 4633 judicio
681 4564 1066 4634 relinquentes,
1120 4580 1222 4618 non
1272 4575 1447 4620 autem
1499 4565 1651 4621 nobis
1681 4574 1833 4634 potc-

1937 3363 2549 3432 Constantinopolitano,
2582 3362 2850 3431 Petroq‘uc
2878 3361 3236 3425 Antiocheuo,
3276 3360 3357 3413 vel
3388 3376 3517 3414 cun~

1938 3459 2038 3514 ctis
2070 3473 2255 3512 eorum
2283 3457 2706 3520 successoribus,
2745 3454 3099 3509 sectatoribus
3142 3463 3194 3507 et
3227 3440 3521 3507 communi-

1939 3551 2211 3606 caloribus
2234 3549 2511 3613 detestari,
2543 3563 2742 3616 eosque
2769 3546 3107 3600 anathemate
3140 3545 3301 3597 ferire
3327 3559 3516 3611 perpe-

1936 3654 2048 3706 tuo,
2077 3641 2467 3697 communionis
2488 3638 2817 3709 apostolicae,
2841 3644 2895 3690 et
2918 3633 3257 3690 sacerdotalis
3272 3634 3517 3702 gratiam,

1934 3750 2092 3807 quam
2122 3733 2383 3789 catholica
2416 3732 2697 3786 traditione
2727 3730 2986 3799 percepit,
3035 3728 3260 3796 recipiet
3298 3726 3522 3795 dignita-

1935 3828 2022 3883 tis.
2058 3828 2256 3882 Omnes
2277 3825 2511 3893 episc0pi
2531 3834 2584 3877 et
2608 3822 2907 3893 presbyteri
2933 3830 3214 3889 surgentes
3240 3820 3288 3872 in
3314 3817 3522 3889 synodo

1935 3922 2367 3978 acclamaverunt
2399 3934 2413 3973 :
2458 3918 2685 3983 Exaudi,
2718 3916 2932 3970 Christe
2965 3932 2977 3968 :
3024 3914 3234 3968 Gelasio
3267 3914 3368 3965 vita
3404 3931 3413 3961 :
3444 3910 3523 3964 di-

1935 4024 2077 4068 ctum
2132 4012 2463 4080 quindecies.
2517 4010 2739 4063 Domine
2786 4010 2982 4071 Petre,
3042 4016 3093 4059 tu
3143 4006 3285 4058 illum
3315 4018 3514 4057 serva:

1937 4105 2136 4159 dictum
2172 4104 2479 4157 duodecies.
2504 4100 2664 4167 Cujus
2704 4100 2885 4154 sedem
2910 4107 2963 4151 et
2992 4112 3159 4149 annos
3182 4114 3191 4145 :
3211 4096 3406 4148 dictum
3437 4110 3523 4145 se-

1942 4196 2103 4265 pties.
2146 4197 2165 4225 ⁸
2197 4194 2463 4247 Vicarium
2496 4191 2694 4245 Christi
2722 4199 2776 4243 te
2798 4189 3065 4250 videmus,
3093 4186 3291 4238 dictum
3324 4183 3519 4234 sexies.

1938 4283 2105 4351 Cujus
2133 4283 2313 4337 sedem
2345 4291 2395 4334 et
2427 4294 2597 4334 annos
2643 4296 2655 4330 :
2695 4278 2895 4332 dictum
2940 4276 3136 4344 septies
3168 4274 3431 4341 trigesies.
3546 4278 3550 4283 '

2018 4374 2201 4430 Sixxus
2254 4371 2493 4426 notarius
2537 4379 2733 4423 sanctae
2774 4367 3028 4421 Romanae
3082 4364 3333 4418 Ecclesiae
3375 4361 3526 4429 jussu

1944 4468 2147 4523 domini
2183 4466 2285 4521 mei
2318 4464 2611 4519 beatissimi
2643 4478 2793 4533 papae
2823 4459 3017 4517 Gelasii
3055 4472 3121 4513 ex
3147 4456 3343 4510 scrinio
3384 4454 3526 4509 edidi

1941 4563 2027 4617 die
2056 4566 2075 4595 θ
2106 4562 2261 4616 tertio
2291 4560 2408 4615 idus
2440 4558 2580 4625 lllaii,
2636 4558 2816 4612 Flavio
2841 4557 3054 4611 Viatore
3088 4552 3202 4609 viro
3228 4550 3527 4606 clarissimo

240 4662 373 4711 runt
395 4629 682 4725 imputare,
712 4671 806 4711 cur
838 4629 1302 4727 praevaricationis
1342 4656 1601 4712 ofl‘ensam
1645 4629 1829 4713 viveu-
1859 4650 1912 4709 D
1937 4656 2159 4713 consule
2192 4656 2360 4725 (anno
2387 4651 2584 4708 Christi
2612 4650 2761 4721 495).
2807 4629 2815 4651 ⁸

317 4998 348 5028 ι
377 4989 474 5044 Hic
506 4988 653 5043 locus
688 4989 1123 5059 integer,_usque
1167 4987 1233 5041 ad
1282 5001 1343 5041 ea
1374 4985 1557 5049 verba,
1582 4984 1705 5059 alia
1741 4984 1833 5036 de—

242 5063 561 5133 functorum,
606 5057 868 5115 eitatur'a
906 5057 1100 5127 Vigilio
1144 5073 1273 5127 papa
1329 5060 1381 5111 in
1421 5057 1713 5113 constituto
1743 5068 1829 5108 an.

318 5370 333 5399 ί
367 5366 438 5421 Se
463 5367 659 5420 dixerat
682 5380 781 5418 non
812 5379 917 5417 esse
943 5364 1215 5433 facturum.
1243 5359 1458 5433 Enonr.‘
1478 5359 1727 5433 Ducagus.

315 5438 338 5468 ’
367 5436 474 5489 Illa
517 5452 616 5489 non
660 5436 873 5504 faciente
918 5429 1031 5498 via,
1095 5434 1231 5486 forte
1274 5430 1553 5500 legendum
1610 5429 1825 5499 furente.

240 5507 451 5564 Fnos'r.
481 5509 723 5561 DUC£US.

313 5579 334 5609 ³
365 5578 429 5633 Ut
452 5578 563 5631 sola
591 5578 891 5630 conditionis
921 5577 1179 5629 humanm.
1226 5572 1429 5627 Fnoar.
1469 5571 1716 5626 DUCEUS.

313 5651 335 5677 ³
389 5650 553 5718 Usque
598 5649 666 5701 ad
720 5656 995 5701 extremam
1040 5647 1228 5716 peccati
1281 5644 1561 5697 materiam.
1617 5642 1825 5697 FRONT.

394 5735 490 5774 aus.

394 5737 405 5746 ‘
446 5735 490 5774 s.

240 5724 633 5845 Βυξῧῖιαιεηιιδ
670 5788 977 5847 incidamus.
1022 5802 1343 5857 censuraque
1389 5785 1626 5838 severitas
1666 5786 1824 5840 etiam

237 5865 403 5919 circa.
427 5861 629 5917 l‘ttortr.
656 5860 900 5914 Duelus.

1946 4984 2069 5040 555.
2105 4985 2361 5040 nantium.
2418 5028 2421 5031 .

2016 5357 2036 5387 ⁸
2067 5355 2170 5420 Qui
2198 5354 2265 5406 ad
2296 5353 2389 5405 hoc
2414 5368 2513 5405 non
2537 5351 2741 5406 meruit.
2767 5348 2970 5403 Faom.
3008 5348 3257 5402 DUCJUB.

2016 5430 2034 5457 7
2067 5428 2181 5464 nm.
2203 5423 2525 5464 irrrlulnpnlin
2590 5422 2723 5464 [ιη-14³
2764 5420 3047 5464 legendum
3080 5433 3179 5464 auo
3212 5410 3495 5464 indulaenti

2016 5430 2034 5457 ⁷
2067 5428 2181 5492 Quo
2203 5423 2545 5493 indulgentia,
2588 5422 2723 5476 forte
2764 5420 3047 5489 legendum
3080 5433 3179 5486 quo
3212 5420 3528 5481 indulgentia

1938 5513 2114 5551 carere
2141 5512 2241 5548 non
2265 5496 2438 5562 debet;
2463 5504 2615 5561 atque
2636 5494 2761 5546 adeo
2786 5491 2919 5560 quod
2939 5491 3047 5557 ipse
3075 5497 3289 5556 quoque.
3321 5480 3524 5538 Fuonr.

2006 5583 2184 5617 τηλευε.
3114 5610 3117 5613 ,

2006 5586 2016 5613 l
2125 5583 2132 5591 '
2173 5605 2184 5617 .
3114 5610 3117 5613 .

1941 5570 2343 5691 Dtecﬁyiscarium
2384 5636 2571 5690 Christi
2608 5644 2653 5686 te
2688 5632 2915 5685 videmus
2956 5645 2972 5681 :
3018 5628 3207 5679 dictum
3263 5622 3521 5677 undecies.

1937 5712 2237 5779 Apostolum
2263 5707 2479 5760 Petrum
2518 5716 2564 5755 te
2603 5705 2829 5759 uidemus
2862 5716 2880 5753 :
2913 5699 3095 5751 dictum
3136 5695 3317 5751 sexies.
3360 5691 3523 5765 Cujus

1937 5778 2125 5835 sedem.
2163 5780 2361 5834 Fuonr.
2398 5778 2643 5831 Ducnus.

2016 5856 2035 5884 °
2068 5851 2196 5906 Idus
2228 5848 2422 5903 Martii.
2460 5844 2663 5896 Fuour.
2692 5841 2930 5894 Ducxns.
