4092 6350
562 399 650 456 m
1782 395 1838 448 s.
1880 386 2125 448 smus
2167 387 2590 449 VIENNENSIS.

3718 395 3833 451 [93

765 518 3800 548 Mm

1790 624 1958 672 ANNO
1998 625 2232 672 DOMINI
2275 623 2606 671 CCCC-XCIV.

1109 767 2248 985 SANCTUS
2311 765 3264 981 AVITUS

1793 1050 2165 1109 EPISCOPUS
2194 1050 2612 1109 VIENNENSIS.

1908 1187 2008 1257 (Ex
2031 1187 2166 1242 Bibl.
2196 1184 2468 1258 Galland.)

2001 1325 2413 1338 ——-———-——-—

1735 1426 2317 1503 PROLEGOM
2327 1425 2464 1499 EN
2471 1427 2615 1501 ON
2625 1484 2643 1502 .

611 1696 835 1752 Exeunte
844 1693 1028 1750 steculo
1054 1708 1087 1748 γ
1103 1699 1148 1747 et
1164 1709 1215 1748 γι
1241 1693 1464 1759 ineunte,
1478 1708 1579 1746 non
1602 1691 1767 1746 minus
1779 1693 1963 1762 pietate
1983 1709 2137 1762 quam
2164 1693 2216 1753 Α
2241 1695 2447 1765 gaudia!
2462 1711 2753 1758 convenere,
2767 1694 3073 1750 celebratum
3088 1703 3157 1749 est
3181 1696 3475 1760 concilium.
3489 1699 3637 1768 cujus
3649 1699 3821 1756 dcere.

566 1788 790 1844 doctrina
808 1786 983 1857 ﬂoruit
1003 1785 1226 1839 Alcimus
1244 1783 1482 1837 Ecdicius
1504 1781 1846 1849 Avitusticii
1866 1800 1951 1837 seu
1971 1783 2139 1854 Hesy-

565 1882 665 1937 shii
690 1881 908 1951 primum
930 1877 1198 1933 clarissimi
1223 1877 1489 1941 senatoris,
1513 1876 1692 1930 deinde
1707 1876 2005 1930 Viennensis
2027 1877 2137 1948 epi-

565 1977 700 2048 scopi
725 1975 885 2044 ﬁlius,
910 1973 1139 2044 sedisque
1159 1988 1413 2026 successor
1438 1971 1570 2024 circa
1591 1988 1779 2024 annum
1795 1969 1983 2023 Christi
2009 1970 2137 2035 490,

565 2068 653 2123 sub
677 2067 825 2134 ﬁnem
846 2065 1046 2136 imperii
1067 2064 1306 2130 Zenonis,
1337 2071 1392 2115 ut
1420 2079 1482 2116 ea;
1501 2064 1610 2127 eius
1638 2062 1774 2115 Actis
1795 2062 2038 2130 colligunt
2065 2059 2140 2131 (a)

568 2157 889 2213 Bollandiani
935 2156 1117 2228 quibus
1157 2155 1369 2210 Gallicte
1413 2154 1660 2209 Historia:
1704 2155 1963 2207 litterariae
2017 2154 2142 2207 scri-

568 2261 739 2321 ptores
767 2254 1011 2307 accedunt
1041 2252 1134 2321 (ὁ).
1157 2249 1223 2305 1η
1252 2251 1544 2319 episcopatu
1566 2251 1695 2304 mira
1715 2251 1872 2304 edidit
1900 2251 2143 2304 virtutum

570 2345 805 2414 insignia.
832 2359 893 2398 ex
918 2343 1100 2415 quibus
1128 2359 1287 2396 unum
1307 2353 1392 2397 aut
1413 2345 1632 2398 alterum
1673 2361 1765 2412 pro
1803 2346 2024 2399 instituti
2052 2361 2142 2399 no-

570 2435 660 2489 stri
686 2435 884 2489 ratione
911 2443 988 2488 sat
1013 2435 1107 2488 erit
1135 2433 1219 2487 hic
1247 2437 1454 2504 referre.
1488 2434 1779 2489 Plurimum
1813 2437 1980 2506 itaque
2001 2435 2144 2490 labo-

574 2528 703 2581 rarit—
729 2538 933 2594 sanctus
956 2527 1182 2593 antistes,
1215 2543 1313 2596 quo
1336 2525 1687 2581 Gnndobadus
1721 2527 2145 2598 Burgundionum

574 2636 662 2675 rex
705 2621 950 2674 Arianam
975 2621 1209 2674 lueresim
1237 2624 1458 2691 eiuraret
1486 2662 1501 2686 ,
1548 2631 1602 2676 ut
1651 2631 1826 2677 narrat
1873 2623 2147 2693 Gregorius

577 2711 887 2769 Turonensis
919 2713 1010 2785 (c),
1064 2723 1301 2782 excerpta
1331 2713 1481 2768 simul
1511 2715 1760 2769 nonnulla
1792 2720 2013 2787 referens
2043 2716 2148 2770 co!—

582 2809 786 2864 lationis
814 2808 1027 2878 publica:
1049 2809 1178 2860 inter
1207 2807 1481 2861 catholicos
1506 2808 1768 2878 episcopos
1785 2817 1828 2861 et
1848 2809 2064 2862 Arianos
2091 2825 2148 2862 eo

581 2902 782 2956 nomine
811 2899 1044 2969 Lugduni
1071 2900 1254 2952 habita:
1281 2915 1415 2952 anno
1438 2900 1534 2954 501
1565 2909 1620 2952 ut
1642 2901 1839 2954 videtur
1858 2899 2022 2970 Pugio
2043 2901 2145 2973 (d),

579 2995 678 3049 sive
699 3003 751 3047 ut
780 2993 868 3048 alii
895 3002 1113 3056 censent,
1140 3008 1275 3045 anno
1304 2993 1408 3047 499
1435 2991 1550 3062 (e);
1583 3010 1696 3062 quer
1715 2994 1918 3063 quidem
1946 2994 2150 3048 co‘llatio

2243 1789 2306 1841 tis
2335 1789 2527 1860 primus
2553 1788 2847 1859 subscripsit
2877 1785 3054 1842 Avitus
3070 1789 3151 1841 die
3168 1804 3272 1844 xvn
3297 1790 3397 1844 cal.
3427 1790 3659 1846 Octobris
3683 1794 3821 1865 Aga-

2243 1894 2358 1951 peto
2370 1880 2432 1935 V.
2454 1880 2510 1934 C.
2531 1897 2668 1934 cons.
2693 1881 2766 1933 De
2783 1897 2883 1950 quo
2897 1880 3098 1950 quidem
3114 1883 3329 1935 concilio
3351 1885 3500 1952 plura
3515 1881 3714 1954 Pagius
3740 1888 3816 1958 (i).

2317 1971 2381 2025 II
2391 1972 2410 2025 1
2425 2015 2436 2027 .
2460 1971 2655 2026 Precter
2669 1972 2913 2025 Arianam
2936 1973 3166 2026 haeresim
3177 1989 3329 2043 quam
3341 1977 3586 2028 acerrime
3607 1977 3819 2030 insecta-

2247 2071 2326 2117 tus
2356 2074 2427 2116 est
2449 2063 2621 2119 beatus
2642 2063 2847 2132 prtesnl,
2881 2063 3098 2117 haereses
3138 2066 3292 2118 etiam
3339 2065 3778 2137 Eutychianorum
3801 2111 3816 2135 ,

2249 2154 2695 2218 Nestorianorum,
2729 2154 3156 2210 Photinianorum
3177 2174 3238 2210 ac
3267 2155 3674 2214 Bonosiacorum
3701 2179 3818 2216 con-

2249 2249 2430 2320 futavit
2464 2247 2556 2322 (j).
2590 2248 2812 2318 Scripsit
2841 2264 3034 2320 quoque
3059 2249 3300 2304 adversus
3343 2247 3602 2305 Faustum
3645 2251 3820 2308 Reien-
3933 2303 3936 2306 _

2247 2357 2348 2394 sem
2377 2339 2473 2413 (li),
2505 2342 2826 2395 simulantem
2849 2343 3053 2412 quidem
3081 2343 3322 2396 damnare
3365 2341 3662 2416 Pelagium,
3714 2365 3820 2402 cor-

2247 2433 2570 2488 roborantem
2598 2435 2899 2504 reroipsam
2924 2433 3258 2506 Pelagianam
3283 2439 3554 2507 perﬁdiam
3579 2481 3593 2502 ,
3648 2449 3699 2493 ut
3743 2445 3813 2496 ait

2250 2527 2510 2581 Baronius
2541 2527 2626 2597 (Ι).
2652 2526 2778 2580 Herc
2825 2544 2940 2580 vero
2972 2528 3218 2599 imprimis
3263 2537 3511 2584 testantur
3553 2531 3820 2604 Gregorius

2255 2619 2559 2673 Turonensis
2587 2619 2707 2689 (in),
2732 2619 3031 2690 Agobardus
3063 2619 3420 2690 Lugdunensis
3463 2623 3482 2694 (
3511 2624 3587 2694 η)
3622 2635 3670 2678 et
3719 2627 3822 2679 Αάο

2263 2709 2563 2764 Viennensis
2594 2712 2692 2780 (ο),
2722 2713 2961 2781 episcOpi.
2990 2710 3267 2778 Prteterea,
3295 2711 3492 2770 Fausto
3517 2725 3565 2770 et
3593 2717 3826 2788 Symma-

2254 2804 2347 2856 cho
2369 2803 2686 2857 senatoribus
2721 2801 2872 2857 Urbis
2901 2804 3117 2873 epistola
3145 2804 3414 2873 inscripta,
3463 2807 3827 2878 Symmachum

2254 2915 2437 2968 papam
2461 2897 2704 2950 adversus
2725 2897 3068 2951 schisntaticos
3094 2908 3297 2952 strenue
3317 2898 3514 2970 adjuvit
3557 2901 3664 2973 (ρ).
3696 2904 3828 2957 Reli-

2255 3006 2354 3059 qua
2385 2990 2587 3060 egregia
2608 2993 2718 3060 ejus
2744 2989 2976 3058 facinora
2996 2991 3225 3044 consulto
3253 2991 3576 3058 praeterimus
3593 2994 3830 3067 :longum

579 3089 762 3142 sa'culo
785 3088 982 3140 demum
1022 3087 1280 3158 superiore
1308 3085 1361 3139 in
1389 3089 1552 3139 lucem
1577 3087 1764 3158 prodiit
1793 3087 1880 3157 (f).
1921 3088 2023 3142 Sed
2052 3088 2148 3142 hac
2180 3077 2225 3136 Β
2255 3084 2384 3136 enim
2413 3090 2538 3135 esset
2560 3084 2634 3136 ire
2655 3100 2742 3153 per
2764 3084 2984 3154 singula.
3018 3085 3342 3154 Quapropter
3368 3089 3483 3154 iure
3513 3088 3673 3157 plane
3703 3091 3830 3160 apti-

581 3182 644 3236 de
673 3197 725 3236 re
755 3180 1076 3250 Agobardum
1105 3179 1285 3232 audire
1313 3169 1520 3250 prtestat
1539 3179 1618 3252 (g)
1654 3197 1667 3234 :
1703 3199 1720 3231 ί
1750 3181 1946 3248 Avitus,
1967 3182 2150 3252 inquit,

580 3274 681 3343 ﬁde
709 3271 1010 3336 catholicus,
1041 3271 1326 3341 eloquentia
1347 3271 1764 3340 facitndissimus,
1783 3274 1984 3340 ingenio
2013 3290 2154 3327 acer-

580 3365 757 3426 rimus,
782 3379 1044 3417 sacrarum
1072 3361 1379 3416 Litterarum
1405 3363 1661 3431 expositor
1690 3365 2040 3432 suavissimus,
2069 3367 2155 3420 lit-

583 3466 804 3512 terarum
826 3457 973 3510 etiam
998 3454 1318 3510 saecularium
1347 3456 1671 3511 doctissimus
1711 3466 1756 3512 et
1784 3459 1837 3513 in
1864 3461 2035 3516 metris
2067 3461 2151 3532 fa-

582 3550 820 3614 cillimus,
852 3565 967 3602 cum
993 3546 1313 3602 Gundobado
1346 3548 1633 3618 frequenter
1660 3551 1723 3603 de
1748 3552 1850 3620 ﬁde
1879 3553 2150 3619 altereans,

581 3651 629 3697 et
658 3643 884 3713 dialogos
905 3642 959 3695 in
989 3641 1222 3711 prtesenti
1266 3641 1539 3707 conﬁciens
1565 3681 1580 3706 ,
1626 3651 1672 3695 et
1710 3645 1935 3712 epistolis
1965 3645 2156 3699 absenti

584 3733 910 3802 respondens.
936 3732 1087 3800 plura
1115 3738 1164 3783 et
1189 3731 1332 3783 clara
1357 3730 1549 3800 ingenii
1578 3732 1658 3786 sui
1687 3741 1733 3786 et
1761 3735 1962 3787 virtutis
1998 3751 2155 3803 opera

585 3823 806 3892 reliquit.
841 3822 940 3888 Qui
969 3823 1084 3890 ipso
1109 3819 1427 3876 Gundobado
1466 3823 1520 3876 in
1560 3840 1653 3878 sua
1698 3827 1913 3895 perﬁdia
1959 3828 2155 3895 perdito

587 3930 922 3970 successorem
949 3914 1060 3983 ejus
1082 3913 1294 3985 (ﬁlium)
1320 3913 1708 3986 Sigismundum
1727 3933 1894 3988 regem
1911 3919 1978 3972 ad
2004 3920 2156 3986 ﬁdem

589 4009 890 4064 catholicam
913 4008 1194 4064 convertit:
1221 4008 1273 4062 in
1294 4014 1438 4082 cujus
1465 4013 1786 4068 conversione
1813 4015 2036 4068 recitavit
2064 4015 2157 4068 ho-

590 4104 778 4158 milium
804 4107 856 4157 in
901 4102 1094 4175 populo
1142 4119 1377 4158 sensuum
1428 4107 1676 4160 suavitate
1723 4107 2066 4177 plenissimam
2111 4119 2158 4163 et

590 4198 848 4253 verborum
877 4196 1245 4266 compositione
1275 4196 1641 4253 dulcissimam.
1684 4218 1702 4250 s
1751 4198 1886 4252 Hinc
1929 4217 2072 4265 vero,
2104 4207 2158 4252 ut

589 4289 848 4343 Hadriani
885 4287 1079 4343 Valesii
1109 4287 1268 4342 verbis
1305 4297 1421 4342 utar
1448 4288 1526 4359 (h)
1561 4307 1579 4340 ι
1622 4289 1866 4359 facillime
1914 4291 2157 4358 impetra-

2257 3189 2340 3226 mo
2367 3173 2741 3228 sanctissimum
2760 3177 2917 3246 juxta
2938 3184 2984 3229 et
3010 3177 3358 3230 doctissimum
3380 3187 3614 3232 nostrum
3634 3183 3832 3251 provin-

2257 3267 2350 3319 cia:
2380 3264 2682 3321 Viennensis
2714 3269 2993 3322 antistitem
3023 3269 3224 3341 magnis
3252 3268 3487 3323 laudibus
3518 3272 3834 3328 celebrarunt

2256 3357 2350 3409 viri
2376 3358 2659 3412 eruditione
2679 3375 2738 3411 ac
2767 3360 2951 3413 virtute
2971 3361 3241 3430 praeclari;
3260 3377 3386 3431 quos
3414 3361 3548 3415 inter
3569 3360 3835 3418 Ennodius

2261 3447 2543 3504 Ticinensis
2564 3452 2754 3521 prtesnl
2785 3451 2860 3523 (q)
2896 3470 2907 3503 :
2945 3471 2963 3502 ι
3000 3451 3486 3519 Ρτανειαηιὶεεὶηιυδ,
3518 3455 3712 3525 inquit,
3756 3460 3836 3512 in-

2259 3553 2332 3597 ter
2360 3543 2535 3598 Gallos
2567 3544 2742 3600 Avitus
2775 3545 3080 3600 Viennensis
3105 3549 3392 3617 episcopus,
3425 3551 3478 3602 in
3501 3567 3604 3619 quo
3625 3569 3680 3605 se
3708 3553 3837 3623 ρει-ῖς

2259 3643 2328 3694 ιὶα
2355 3642 2486 3694 velut
2517 3642 2570 3694 in
2601 3642 2879 3695 diversorio
2900 3643 3088 3696 lucida:
3117 3643 3297 3696 domus
3328 3644 3556 3698 inclusit.
3595 3664 3614 3697 s
3647 3645 3839 3718 Grego-

2258 3736 2365 3788 rius
2392 3733 2855 3788 vero'Turonensis
2885 3732 2956 3807 (r)
2990 3752 3004 3790 :
3040 3753 3057 3786 ε
3096 3735 3302 3807 Magum
3318 3736 3707 3804 facundia:,ait,
3733 3748 3838 3793 erat

2260 3841 2380 3882 tunc
2406 3829 2646 3900 temporis
2669 3828 2840 3881 beatus
2871 3830 3068 3883 Avitus.
3120 3859 3187 3869 —
3233 3829 3457 3884 Exstant
3491 3833 3674 3886 exinde
3703 3850 3841 3886 nunc

2259 3923 2399 3991 apud
2420 3938 2510 3976 nos
2536 3921 2764 3990 epistola:
2784 3922 3133 3988 admirabiles,
3160 3939 3274 3994 qua:
3305 3924 3436 3977 sicut
3463 3935 3574 3978 tunc
3600 3925 3837 3978 heresim

2260 4021 2630 4085 Oppresserunt,
2647 4014 2719 4066 ita
2749 4028 2883 4064 nunc
2914 4010 3194 4066 Ecclesiam
3220 4010 3314 4066 Dei
3335 4014 3644 4083 trdiﬁcant.»
3677 4013 3844 4068 Eum-

2261 4108 2376 4161 dem
2399 4115 2540 4161 vocat
2567 4103 2801 4160 Isidorus
2830 4104 3162 4174 Hispulensis
3206 4125 3225 4158 ι
3274 4107 3486 4161 scientia
3520 4109 3843 4163 steculan'um

2264 4199 2547 4254 litterarum
2573 4198 2919 4252 doctissimum
2943 4196 3032 4269 (s).
3074 4217 3092 4251 s
3132 4198 3204 4253 De
3233 4215 3290 4253 eo
3334 4200 3452 4253 item
3495 4217 3675 4254 rursus
3709 4201 3843 4270 Aga—

2264 4293 2451 4345 bardus
2481 4292 2541 4360 (t)
2573 4309 2584 4344 :
2642 4311 2659 4342 ι
2699 4290 2960 4344 Alc/timus
2978 4290 3176 4355 Avitus,
3203 4291 3386 4359 inquit,
3413 4290 3658 4346 Ecclesitc
3691 4293 3842 4347 l'ien-

596 4396 700 4438 tum
729 4392 803 4438 est
829 4401 859 4436 a
885 4381 1331 4450 Burgundionibus
1355 4423 1370 4446 ,
1421 4391 1475 4434 ut
1528 4383 1662 4452 regis
1709 4382 1790 4435 sui
1842 4383 2161 4438 imitarentur
2265 4383 2436 4435 nensis
2457 4383 2739 4451 episcopus,
2771 4396 2922 4451 quam
2951 4382 3162 4435 eximius
3192 4381 3371 4436 doctor
3398 4392 3444 4437 et
3474 4383 3727 4453 facundus
3753 4401 3844 4438 e1:-

593 4474 897 4545 exemplum,
923 4481 967 4526 et
990 4473 1284 4542 religionem
1313 4471 1612 4525 catholicam
1644 4473 1697 4524 in
1731 4489 1828 4540 qua
1847 4488 2023 4526 eorum
2053 4491 2160 4527 ma-
2188 4458 2236 4523 C
2265 4475 2465 4536 stiterit,
2494 4491 2619 4544 pene
2641 4483 2744 4528 tota
2779 4474 2918 4527 novit
2945 4471 3178 4528 Ecclesia
3203 4473 3412 4528 Christi.
3453 4494 3470 4527 s
3497 4475 3669 4530 Adoni
3705 4477 3847 4531 deni-

595 4567 726 4638 iores
751 4564 932 4617 versati
954 4572 1117 4629 erant,
1143 4564 1344 4632 ejnrato
1383 4577 1556 4616 errore
1578 4572 1922 4633 sequerentur.
1959 4583 1978 4616 ι
2010 4565 2159 4618 Anno

597 4657 776 4728 quippe
796 4655 919 4720 517,
949 4663 1004 4707 ut
1033 4669 1151 4708 mea:
1175 4654 1386 4705 advertit
1430 4651 1564 4706 idem
1611 4651 1849 4707 Valesius
1871 4695 1886 4719 ,
1937 4655 2024 4726 qui
2066 4657 2160 4724 fuit

597 4751 842 4805 secundus
873 4748 1016 4819 regni
1045 4744 1385 4820 Sigismundi,
1418 4743 1626 4815 Epaone
1651 4761 1749 4815 quo
1776 4748 1998 4817 episcOpi
2024 4746 2162 4803 Bur-

676 4888 1101 4964 (a)A_Bolland.‘
1133 4885 1254 4943 Act.
1331 4892 1636 4942 sanctorum
1687 4853 1816 4940 tom.
1870 4885 1912 4941 1.
1964 4886 2125 4944 Febr.
2157 4928 2170 4954 ,

598 4959 717 5034 lng-
861 5005 873 5024 ο
905 4975 1050 5034 "um:
1081 4959 1132 5034 1:

668 5025 740 5105 '(b)
765 5032 996 5105 llistoirg
1020 5027 1274 5105 Iittérsde
1295 5027 1344 5081 la
1359 5027 1752 5105 france,__tom.
1781 5025 1870 5092 lll,
1898 5041 2017 5105 pag.
2045 5028 2166 5084 116.

675 5097 742 5175 ἐ)
767 5103 926 5172 Greg.
956 5101 1154 5154 Tui-on.
1191 5099 1327 5152 llist.
1359 5097 1548 5152 Franc.
1578 5097 1666 5153 lib.
1703 5113 1759 5163 ιι,
1793 5112 1911 5168 cap.
1935 5100 2022 5154 51.

669 5110 751 5244 ἑά)
785 5175 930 5242 l’agi,
960 5172 1024 5223 ad
1050 5186 1174 5244 amt.
1205 5169 1330 5244 50},
1362 5169 1421 5239 ἐξ
1452 5168 1509 5236 5,
1532 5167 1588 5221 4.

669 5167 751 5244 (τί)
785 5167 930 5242 Pagi,
960 5172 1024 5223 ad
1050 5186 1174 5223 amt.
1208 5169 1330 5232 501,
1362 5169 1421 5239 ἐξ
1452 5168 1509 5236 5,
1532 5167 1588 5221 4.

669 5246 740 5318 (ρ)
767 5245 964 5318 galla}.
993 5241 1182 5318 epise.,
1205 5237 1360 5318 infra.
1386 5309 1426 5318 _

669 5308 740 5389 (Γ)
766 5313 998 5371 Histoire
1021 5310 1182 5366 littér.
1216 5309 1281 5365 de
1309 5309 1357 5364 la
1386 5309 1612 5376 France,
1657 5308 1776 5364 loco
1825 5309 2011 5378 citato,
2045 5325 2166 5382 pag.

599 5392 721 5450 117.

673 5451 1443 5532 (g)iAgobard_._lib:_ad1.leg.
1470 5450 1720 5507 Gundob.
1759 5465 1876 5521 cap.
1910 5451 1998 5520 15,
2042 5467 2167 5523 opp.

603 5522 739 5586 ῑοιὲῖί
765 5531 801 5592 Ι,
827 5522 943 5599 pag.
977 5525 1078 5599 120
1099 5525 1228 5599 edit.
1254 5522 1434 5599 Balgz.

675 5601 752 5673 (Ιι)
777 5591 946 5675 ilad'r.
982 5598 1154 5675 Vales.
1185 5595 1314 5675 iter.
1343 5593 1533 5648 Franc.
1562 5591 1652 5675 lib.
1680 5607 1772 5658 vn,
1797 5593 1866 5649 ad
1887 5608 2017 5651 ann.
2043 5593 2169 5661 516,

606 5667 743 5730 tom.
773 5670 821 5735 1,
849 5684 998 5739 pagg.
1031 5668 1154 5731 550,
1184 5667 1308 5739 551.

704 5742 741 5810 i)
773 5732 896 5810 Pagi
916 5732 984 5793 ad
1011 5755 1145 5810 ann.
1163 5738 1289 5810 5093
1400 5732 1453 5800 6,
1478 5733 1526 5788 7.

711 5807 743 5876 ἱ)
774 5807 912 5864 Av'it.
946 5810 1100 5876 epist.
1122 5809 1157 5860 2
1175 5817 1228 5864 et
1253 5807 1304 5865 5,

705 5877 756 5956 λέ)
779 5881 853 5937 ld.
883 5880 1039 5953 epist.
1069 5877 1123 5933 t.

2265 4586 2363 4639 quc
2397 4568 2583 4621 dicitur
2614 4569 2692 4638 (υ)
2722 4586 2739 4619 s
2779 4567 3067 4639 eloquentia
3112 4577 3156 4622 et
3210 4573 3478 4623 sanctitate
3524 4571 3845 4640 praecipuus,

2265 4659 2487 4714 scribens
2514 4658 2914 4714 luculentissima
2941 4668 2989 4714 et
3023 4661 3270 4732 castigato
3290 4665 3412 4715 satis
3432 4678 3663 4717 sermone
3683 4680 3742 4716 ac
3764 4663 3846 4716 lu-

2269 4750 2527 4804 cidissima
2558 4750 2676 4820 ﬁde.
2717 4769 2736 4802 s

2350 4887 2413 4956 (ι)
2448 4888 2641 4942 Baron.
2667 4888 2730 4942 ad
2755 4903 2879 4942 ann.
2910 4887 3035 4952 516,
3072 4887 3098 4956 §
3124 4889 3214 4943 51.

2349 4959 2445 5026 (in)
2469 4959 2628 5029 Greg.
2661 4959 2864 5013 Turon.
2891 4959 3026 5014 Hist.
3053 4959 3242 5014 Franc.
3279 4959 3370 5013 lib.
3399 4975 3455 5023 ll,
3488 4973 3606 5023 cap.
3633 4959 3719 5011 54.

2347 5029 2805 5100 (η)Λευι).Ιέυε‹1.
2851 5030 2943 5083 lib.
2982 5030 3110 5083 adv.
3135 5029 3300 5084 Felic.
3328 5071 3342 5095 ,
3380 5045 3499 5099 cap.
3551 5031 3612 5084 41
3645 5070 3660 5095 ,
3722 5045 3849 5098 opp.

2277 5109 2408 5154 tom.
2436 5101 2476 5162 Ι,
2506 5115 2624 5168 pag.
2657 5099 2726 5154 55
2747 5099 2876 5154 edit.
2903 5099 2990 5153 cit.

2275 5170 2424 5296 lt1‘30)
2457 5171 2573 5225 Ado
2605 5170 2756 5225 Vien.
2789 5171 2839 5224 in
2867 5170 3069 5226 Chron.
3102 5170 3166 5224 ad
3191 5187 3279 5225 an.
3311 5169 3416 5225 499
3448 5178 3501 5225 et
3549 5182 3676 5227 ante
3721 5187 3849 5227 anu.

2275 5265 2307 5296 ι)
2386 5279 2400 5294 ο

2273 5265 2400 5296 ῧΙῧο

2351 5312 2427 5381 (ρ)
2451 5312 2591 5366 Avil.
2620 5312 2772 5381 epist.
2799 5313 2887 5368 5i.

2275 5380 2666 5522 paéqnggéiod.
2691 5383 2796 5437 Vit.
2833 5385 2892 5437 Β.
2924 5380 3119 5452 Ερίριι.
3147 5397 3272 5453 opp.
3306 5382 3590 5476 Sirmond.
3618 5392 3754 5440 tom.
3793 5382 3850 5451 Ι,

2349 5519 2421 5594 (τ)
2452 5519 2609 5594 Greg.
2640 5524 2839 5579 Turon.
2867 5526 2988 5581 loco
3015 5525 3200 5580 citato.

2354 5593 2422 5666 (s)
2454 5593 2576 5649 Isid.
2604 5595 2752 5661 llisp.
2785 5596 2851 5650 de
2878 5597 3072 5661 Script.
3099 5596 3260 5662 ech,
3289 5609 3409 5666 cap.
3438 5594 3528 5651 25.
3681 5623 3684 5625 -

2351 5664 2614 5737 (ἠίθεοι).
2644 5666 2735 5720 lib.
2761 5667 2828 5722 de
2853 5666 3058 5723 Judaic.
3107 5664 3388 5737 Supersti,
3436 5681 3563 5736 opp.
3609 5675 3740 5722 tom.
3785 5665 3849 5732 l,

2199 5745 2254 5802 ι)
2281 5736 2498 5807 pag.7_0
2517 5736 2644 5807 edit.
2669 5737 2762 5790 cit.

2351 5806 2430 5878 (τι)
2452 5805 2567 5861 Ado
2594 5808 2646 5864 in
2673 5807 2873 5866 Chron.
2899 5808 2960 5863 ad
2986 5824 3110 5864 ann.
3136 5808 3243 5864 492
3269 5813 3323 5866 et
3345 5816 3474 5866 ante
3497 5822 3624 5864 aut).
3651 5808 3776 5866 519.
