4092 6350
538 333 644 395 105

1748 325 1803 384 S.
1845 326 2095 384 AVITUS
2142 326 2560 388 VIENNENSIS.

3696 329 3812 386 196'

535 458 750 520 quatuor
793 463 918 516 quas
962 445 1026 499 ν.
1066 442 1125 499 C.
1176 442 1470 510 Stephanus
1520 436 1764 494 Baluzius
1810 457 1872 495 ex
1920 452 2110 496 vetusto
2139 443 2193 504 Α
2225 460 2243 492 ι
2281 441 2589 512 temporibus
2615 440 2714 508 fuit
2756 438 2807 492 in
2845 405 3043 493 Vienna
3073 437 3195 493 urbe
3231 448 3378 494 teme
3422 450 3588 495 motus
3633 442 3798 496 maxi-

539 539 682 594 Petri
712 536 971 591 Mummii
998 534 1246 590 senatoris
1265 531 1736 600 Gratianopolitani
1769 531 1899 586 libro
1938 535 2114 604 vulga-

536 634 608 687 vit
635 631 735 704 (a).
770 630 959 684 Deinde
988 628 1269 713 frugmenta
1315 624 1510 694 aliquot
1553 625 1719 692 operis
1750 626 1810 678 de
1844 623 2116 678 Divinitate

539 722 767 792 Spiritus
802 721 995 786 sancti,
1032 711 1148 786 quia
1190 733 1251 771 ex
1284 717 1496 787 antiquo
1540 711 1834 771 monasterii
1878 717 1939 771 S.
1978 715 2117 771 Galli

539 816 712 869 codice
756 813 890 866 idem
936 810 1181 864 Baluzius
1237 809 1392 862 edidit
1431 809 1554 878 (b).
1602 807 1862 863 Praeterea
1901 806 2116 862 Collatia

539 922 652 961 cum
689 917 807 978 rege
846 902 1165 958 Gundobado
1217 904 1455 957 adversus
1492 903 1711 957 Arianos
1745 901 1987 975 Lugduni
2028 902 2119 954 ha-

537 998 670 1065 bita,
712 1012 828 1051 cum
872 995 1093 1050 universi
1137 994 1291 1065 ferme
1328 993 1574 1049 Ecclesia:
1611 991 1966 1066 Lugdunensis
2006 994 2117 1062 epi-

536 1091 678 1162 scopi
719 1105 776 1145 eo
817 1088 1190 1151 convenissent,
1236 1087 1310 1140 uti
1345 1096 1603 1140 notaverat
1643 1084 1986 1154 Hieronymus
2023 1084 2118 1138 Vi-

537 1183 791 1255 gnierius,
843 1182 987 1253 cujus
1030 1195 1092 1233 ea:
1135 1178 1330 1234 schedis
1360 1177 1489 1231 hanc
1534 1178 1665 1232 Aviti
1716 1176 2121 1230 lucubrationem

541 1275 830 1331 Dacherius
855 1273 1128 1344 publicavit
1156 1272 1227 1342 (ι’)
1254 1287 1272 1324 :
1295 1271 1382 1341 qui
1411 1270 1646 1324 admonet
1675 1270 1802 1323 nihil
1827 1281 1990 1335 lamett
2021 1285 2125 1322 esse

539 1363 676 1433 quod
703 1371 850 1433 cogat
872 1363 1037 1431 ipsam
1062 1363 1273 1432 referre,
1301 1361 1376 1414 uti
1401 1360 1580 1430 fecisse
1605 1359 1803 1414 videtur
1825 1360 1900 1412 vir
1927 1361 2120 1424 doctus,

545 1457 615 1510 ad
642 1457 776 1510 illud
804 1455 1075 1510 concilium
1118 1454 1477 1524 Lugdunense,
1511 1454 1589 1506 cui
1622 1469 1675 1507 se
1701 1469 1803 1505 una
1824 1467 1935 1504 cum
1964 1449 2124 1504 Char-

544 1548 682 1604 tenio
720 1547 944 1618 quodam
977 1548 1212 1616 episcopo
1250 1546 1543 1615 interfuisse
1572 1545 1748 1597 Avitus
1788 1551 1997 1596 testatur
2024 1541 2122 1611 (ά).

548 1637 687 1696 Nam
718 1622 905 1709 primo,
937 1638 1136 1691 Avitum
1165 1638 1226 1690 de
1268 1636 1370 1704 ﬁde
1410 1651 1524 1688 cum
1552 1633 1875 1689 Gundobado
1919 1634 2126 1702 swpius,

547 1745 679 1784 nunc
712 1744 882 1782 coram
912 1743 1000 1797 per
1027 1729 1275 1796 dialogos,
1307 1741 1439 1779 nunc
1467 1727 1724 1778 absentem
1752 1741 1838 1795 per
1878 1722 2128 1791 epistolas

2223 551 2242 584 ι
2279 551 2408 598 mus,
2455 533 2541 586 ubi
2583 533 2757 586 multa:
2792 532 3016 585 ecclesia:
3053 539 3098 585 et
3143 533 3323 585 domus
3354 533 3634 586 multorum
3681 545 3805 588 can-

2223 643 2242 675 ι
2280 641 2438 679 συεεω
2471 625 2673 694 fuerunt
2709 631 2753 676 et
2793 624 3069 692 subversae,
3115 623 3199 675 ubi
3247 624 3414 677 bestico
3451 623 3629 678 multm
3663 627 3798 680 ober-

2225 736 2243 768 ι
2281 726 2471 783 rantes,
2505 718 2644 786 lupi,
2678 718 2780 770 ursi
2808 715 2977 769 acerbi
3005 716 3221 786 ingressi
3247 734 3336 787 per
3369 726 3568 786 portant
3593 719 3806 775 civitatis

2226 829 2244 861 ι
2283 812 2578 864 devorantes
2605 810 2873 878 plurimos,
2901 825 2988 876 per
3014 817 3174 861 totum
3199 825 3392 862 annum
3413 807 3508 863 Ιιο·
3533 811 3802 880 faciebant.

2227 923 2245 956 ι
2288 903 2425 957 Nam
2467 904 2688 956 veniente
2733 902 3050 956 solemnitate
3095 902 3260 954 sancti
3305 900 3550 965 Pascha',
3603 912 3806 956 sanctus

2230 1017 2248 1049 ι
2289 997 2588 1060 Mamertus,
2620 998 2706 1066 qui
2745 997 2793 1049 in
2825 1012 2882 1048 ea
2917 995 3038 1049 urbe
3067 1007 3171 1049 erat
3203 996 3500 1066 episcopus,
3531 1007 3654 1051 dum
3682 1000 3806 1050 mis-

2231 1107 2250 1140 ι
2291 1105 2464 1142 sarum
2513 1087 2758 1142 solemnia
2807 1088 2918 1156 ipsa
2972 1087 3147 1158 vigilia
3202 1087 3510 1158 celebraret,
3562 1087 3806 1159 palatium

2232 1199 2249 1230 ι
2289 1197 2488 1251 quaque
2529 1181 2697 1251 regale
2733 1181 2867 1249 quod
2887 1181 2955 1251 \in
2983 1197 3043 1234 ea
3080 1180 3276 1232 civitate
3303 1190 3442 1247 erat,
3487 1181 3659 1234 divino
3701 1182 3808 1251 igne

2234 1275 2584 1326 (succensum
2627 1281 2718 1326 est.
2767 1272 2991 1342 Cumque
3038 1275 3144 1327 haec
3190 1285 3479 1344 agerentur,
3531 1275 3806 1345 apprOpin-

2235 1383 2252 1414 ι
2291 1373 2478 1434 quante
2508 1366 2810 1418 Ascensione
2841 1363 3079 1429 Domini,
3105 1366 3286 1420 indixit
3307 1367 3569 1438 jejunium
3595 1369 3671 1420 vir
3697 1384 3809 1422 san-

2237 1476 2254 1506 ι
2294 1463 2398 1509 ctus
2433 1455 2525 1509 Dei
2555 1457 2843 1508 triduanum
2873 1457 2923 1509 in
2957 1459 3147 1527 populo
3183 1474 3298 1510 cunt
3334 1459 3523 1528 gemitu
3553 1468 3599 1512 et
3627 1461 3809 1514 contri-

2240 1566 2258 1598 ι
2298 1548 2455 1611 tione,
2478 1557 2583 1601 elc.

2312 1660 2327 1689 ι
2368 1639 2626 1703 Alterum,
2659 1644 2792 1709 quod
2822 1643 2872 1692 in
2908 1639 3135 1694 Ecclesia
3168 1639 3436 1695 Viennensi
3472 1643 3598 1712 feria
3622 1658 3677 1699 ιιι
3711 1643 3810 1698 Ro-

2235 1733 2492 1803 gatiunum
2536 1734 2585 1783 in
2627 1733 2808 1784 divinis
2849 1733 3096 1801 legeretur
3135 1733 3319 1802 ofﬁciis
3346 1735 3609 1804 prophetia
3636 1735 3804 1800 Amos,

544 1823 723 1892 egisse,
764 1821 935 1876 scribit
978 1820 1274 1892 Agobardus
1309 1819 1384 1890 (e)
1413 1835 1425 1870 :
1458 1830 1502 1871 et
1543 1819 1595 1870 id
1635 1834 1698 1873 ex
1730 1818 1853 1887 ipsis
1892 1833 2006 1887 qua:
2045 1834 2131 1869 ea-
2161 1831 2209 1890 Β
2237 1827 2382 1894 cujus
2417 1826 2583 1877 locum
2615 1827 2707 1876 hoc
2737 1840 2964 1877 sermone
2984 1825 3344 1891 explicandum
3375 1826 3583 1892 suscipit
3621 1826 3809 1880 Avitus.

545 1923 681 1969 stant
706 1913 841 1966 Aviti
877 1912 1103 1981 epistolis
1131 1912 1255 1964 satis
1285 1911 1460 1979 liquet.
1495 1909 1688 1964 Deinde
1721 1927 1782 1964 ea:
1807 1910 1911 1964 illis
1942 1911 2126 1979 episto-

548 2005 616 2060 lis
653 2005 808 2076 liquet
837 2005 986 2058 etiam
1018 2005 1068 2055 in
1099 2003 1479 2071 moremositum
1511 2002 1684 2070 fuisse,
1724 2002 1852 2054 sicut
1890 2001 2128 2055 Sirmon-

545 2097 642 2152 dus
672 2104 810 2150 notat
853 2094 952 2166 (f),
991 2103 1044 2148 ut
1081 2092 1302 2164 episcOpi
1342 2093 1624 2146 vicinarum
1667 2092 1864 2145 sedium
1912 2091 2129 2162 collegas

547 2191 810 2262 episcopos
854 2189 922 2241 ad
969 2187 1168 2240 urbium
1212 2202 1422 2240 suarum
1463 2185 1774 2239 celebritates
1815 2186 2127 2239 invitarent:

545 2283 818 2354 imprimis,
849 2284 1007 2336 sancti
1043 2278 1180 2334 Justi
1209 2279 1532 2334 celeberrima
1562 2278 1805 2351 Lugduni
1837 2279 2132 2333 solemnitas

548 2387 691 2444 erat;
723 2378 785 2431 de
815 2392 913 2445 qua
949 2385 995 2430 et
1027 2374 1275 2430 Sidonius
1306 2374 1405 2445 (g).
1437 2391 1454 2424 ι
1493 2372 1560 2426 Et
1605 2374 1711 2427 haec
1748 2373 1950 2442 quidem
1998 2371 2135 2425 Bau-

626 2561 729 2616 γι.
763 2560 862 2616 His
912 2577 1064 2629 porro
1112 2560 1354 2613 hactenus
1391 2557 1637 2625 expositis
1677 2556 1976 2613 Sermonem
2019 2557 2136 2611 sub-

551 2654 748 2728 iicimus
789 2651 851 2707 Β.
883 2651 1014 2706 Aviti
1066 2651 1195 2722 feria
1249 2665 1303 2704 ιιι
1355 2651 1407 2702 in
1459 2647 1826 2718 Ilogationibus
1873 2649 2133 2715 habitum,

550 2763 697 2816 quem
728 2762 793 2800 ex
829 2761 926 2798 ms.
962 2744 1179 2815 Majoris
1216 2743 1500 2797 Carthusice
1540 2742 1851 2811 descriptum
1883 2742 2037 2796 edidit
2068 2743 2133 2795 cl.

552 2836 837 2893 Hartenius
867 2835 974 2905 (h),
1007 2835 1299 2905 hujusmodi
1343 2835 1735 2887 admonitionem
1780 2833 2088 2900 praemittens
2124 2852 2134 2885 :

557 2949 577 2986 t
615 2928 796 2986 Sancti
831 2928 964 2981 Aviti
1009 2926 1312 2980 Viennensis
1355 2925 1728 2994 archiepiscOpi
1765 2941 2046 2978 sermonem
2087 2925 2137 2977 in

553 3020 923 3093 Rogationibus
965 3020 1090 3088 feria
1139 3034 1194 3070 ιιι
1235 3017 1617 3086 pronuntiatum
1654 3017 1932 3086 reperimus
1975 3016 2029 3068 in
2060 3031 2141 3068 ve-

554 3115 644 3170 teri
686 3113 862 3166 codice
899 3128 994 3164 ms.
1034 3109 1251 3178 Majoris
1291 3107 1604 3171 Carthasim,
1635 3124 1779 3177 quem
1822 3124 1912 3178 pro
1960 3125 2050 3160 sua
2090 3110 2139 3160 in

2235 1914 2300 1968 In
2331 1918 2536 1982 antiquo
2579 1926 2742 1968 tamen
2787 1917 3078 1968 lectionario
3112 1915 3400 1982 Gallicana,
3434 1917 3568 1984 quod
3611 1934 3674 1972 eo;
3709 1917 3807 1970 Lu-

2234 2010 2461 2063 ccoviensi
2489 2026 2583 2062 ms.
2612 2009 2800 2079 publici
2825 2010 2958 2076 juris
2989 2009 3102 2078 fecit
3134 2018 3299 2062 noster
3332 2007 3681 2076 Mabillonius,
3714 2026 3811 2063 non

2235 2102 2500 2172 prophetia
2553 2076 2703 2154 mith
2754 2103 2879 2171 feria
2926 2076 2995 2154 m-
3035 2102 3321 2172 legebatur,
3372 2102 3463 2154 sed
3512 2103 3574 2153 ad
3615 2090 3820 2155 tertiam

2236 2193 2467 2264 Epistola
2500 2193 2524 2246 Ι
2549 2194 2710 2246 sancti
2739 2191 2910 2257 Petri,
2940 2194 3006 2244 atl
3032 2205 3224 2246 sextam
3256 2192 3487 2265 Epistola
3519 2191 3547 2244 Ι
3576 2191 3823 2262 Joannis;

2236 2284 2306 2336 ad
2344 2301 2528 2337 nonam
2576 2285 2698 2337 liber
2739 2282 2942 2336 Iudith.
2994 2283 3181 2337 Verum
3212 2285 3262 2336 id
3313 2288 3492 2336 mirum
3521 2285 3681 2337 videri
3711 2299 3807 2338 non

2238 2376 2401 2440 debet,
2431 2391 2543 2428 cum
2565 2392 2664 2428 non
2689 2391 2790 2427 una
2806 2386 2928 2429 esset
2953 2376 3003 2427 in
3023 2374 3249 2428 omnibus
3268 2372 3508 2428 Ecclesiis
3530 2373 3808 2428 Gallicanis

2239 2466 2393 2519 divini
2425 2465 2584 2533 ofﬁcii
2612 2465 2897 2519 celebrandi
2936 2467 3096 2530 ratio;
3140 2465 3228 2519 sed
3254 2482 3407 2534 neque
3436 2466 3572 2518 idem
3604 2466 3729 2518 ordo
3765 2465 3812 2518 in

2241 2560 2464 2628 legendis
2489 2574 2648 2612 sacra:
2679 2559 2961 2626 Scriptum
2991 2558 3115 2611 locis
3142 2557 3325 2627 ubique
3348 2558 3645 2612 servabatur
3670 2576 3683 2611 :
3714 2548 3816 2610 cutis

2242 2652 2310 2704 ad
2341 2651 2693 2720 episcoporum
2726 2657 2901 2703 nutum
2933 2650 3109 2717 ﬁerent
3141 2651 3330 2702 Omnia.
3373 2648 3538 2702 Porro
3585 2665 3816 2719 superva-

2243 2760 2453 2796 caneum
2490 2743 2572 2794 hic
2612 2758 2709 2795 non
2751 2741 2844 2794 erit
2881 2752 3056 2794 notare
3092 2741 3145 2793 id
3179 2741 3315 2810 quod
3360 2739 3505 2792 habet
3547 2739 3818 2794 Herbertus

2247 2833 2558 2888 Turricanus
2599 2833 3009 2902 archiepiswpus
3053 2832 3158 2902 (lt);
3187 2833 3319 2899 quod
3359 2831 3550 2886 scilicet
3595 2832 3649 2885 in
3695 2831 3820 2885 Nor-

2249 2928 2455 2979 mannia
2490 2944 2506 2977 ι
2539 2927 2593 2978 in
2622 2925 2798 2978 diebus
2829 2924 3172 2993 Rogationum
3195 2941 3309 2977 cum
3338 2922 3503 2978 clerus
3536 2934 3583 2977 et
3611 2923 3821 2994 populus

2252 3040 2268 3072 ι
2309 3020 2676 3090 processionem
2726 3020 2926 3088 longius
2975 3017 3291 3088 procedendo
3334 3016 3667 3085 extenderet,
3706 3032 3821 3070 cou-

2253 3129 2270 3161 ι
2309 3111 2526 3164 suetudo
2554 3119 2661 3164 erat
2705 3118 2757 3162 ut
2789 3110 3117 3178 pausantibus
3165 3110 3415 3162 interdum
3455 3108 3675 3176 clericis,
3722 3125 3823 3163 ntu-

553 3221 647 3260 ttos
673 3203 988 3257 humanitate
1018 3201 1338 3263 transcripsit
1370 3200 1434 3252 ll.
1469 3199 1532 3251 P.
1567 3201 1782 3252 domnus
1814 3197 2142 3252 Innocentius
2170 3211 2216 3275 ρ
2254 3223 2271 3255 i
2310 3202 2457 3256 lieres
2495 3202 2716 3255 vicissim
2757 3199 3066 3254 modulanda
3105 3201 3447 3255 succederent.
3480 3219 3500 3252 ι
3549 3199 3599 3252 Η
3610 3215 3824 3263 ucusqus

554 3295 815 3353 Bouchart
859 3293 1246 3367 ejusdemrloci
1294 3293 1576 3345 monachus
1629 3292 1770 3345 nobis
1815 3291 2144 3360 singulariter

555 3390 769 3444 amicus.
802 3389 868 3442 In
894 3405 952 3442 eo
983 3390 1082 3440 duo
1115 3387 1390 3456 prtcsertim
1417 3384 1677 3438 advertere
1700 3385 1836 3439 licet.
1873 3383 2137 3451 Primum,

557 3480 866 3553 Rogationes
905 3496 992 3533 seu
1037 3481 1285 3533 solemnes
1324 3478 1720 3547 supplicationes
1745 3495 1857 3547 qua:
1889 3490 2005 3531 ante
2048 3482 2140 3532 As-

557 3577 834 3631 censionem
863 3575 916 3628 in
965 3573 1191 3626 Ecclesia
1239 3573 1572 3636 celebrantur,
1608 3575 1718 3643 ejus
1766 3582 2010 3642 tempore,
2056 3589 2141 3625 seu

557 3677 610 3721 ut
642 3669 753 3734 ipse
780 3668 880 3728 ait,
911 3675 1084 3732 nostm
1115 3663 1320 3727 sa'culo,
1351 3666 1610 3716 institutas
1652 3664 1830 3731 fuisse,
1863 3673 1910 3718 et
1942 3665 2140 3731 quidem

559 3776 590 3812 tt
623 3759 683 3811 S.
716 3756 986 3820 Mamerto,
1015 3757 1100 3823 qui
1130 3771 1264 3806 anno
1292 3755 1397 3808 47‘2
1433 3753 1785 3808 Viennensem-
1813 3755 2143 3808 administra-

562 3852 643 3905 bat
685 3847 997 3911 Ecclesium,
1038 3856 1090 3900 ut
1132 3847 1273 3900 docet
1314 3847 1434 3901 alibi
1479 3849 1614 3902 idem
1661 3849 1853 3913 Avitus,
1895 3848 1982 3918 qui
2029 3859 2142 3914 post

569 3943 879 4012 Hesychium
920 3941 976 3994 in
1015 3940 1189 3994 eadem
1225 3941 1341 3994 sede
1385 3943 1482 4009 ipsi
1512 3945 1784 4004 successit,
1818 3952 1862 3995 et
1895 3943 2142 3997 Sidonius

565 4034 879 4106 Apollinaris
931 4034 1255 4088 Arverneusis
1327 4035 1532 4088 antistes
1583 4037 1682 4105 (i);
1729 4037 1907 4104 quibus
1951 4037 2144 4089 accedit

565 4129 836 4199 Gregorius
861 4125 1172 4181 Turonensis
1192 4169 1205 4191 ,
1242 4129 1326 4196 qui
1355 4129 1509 4181 etiam
1535 4144 1743 4181 causam
1769 4128 1914 4181 istius
1944 4130 2142 4183 institu-

564 4222 710 4276 tionis
740 4221 1040 4290 modumque
1071 4199 1306 4274 describit
1333 4220 1385 4272 in
1419 4220 1528 4274 haec
1569 4221 1713 4275 verba
1750 4221 1832 4293 (j)
1861 4240 1870 4272 :
1920 4241 1937 4271 ι
1974 4222 2035 4276 In
2068 4225 2144 4278 his

636 4379 710 4442 (α)
752 4378 934 4432 Baluz.
968 4377 1190 4432 Misce“.
1219 4388 1348 4431 tom.
1376 4378 1417 4440 l,
1449 4393 1566 4446 pag.
1597 4379 1721 4432 555.

641 4447 714 4516 (b)
748 4447 1002 4511 Ι‹1.ἰι)ἱ(1.,
1027 4463 1146 4514 pag.
1171 4447 1293 4502 561.

641 4521 713 4587 (c)
750 4518 972 4570 Dachcr.
1006 4528 1136 4587 tom.
1175 4517 1208 4568 V
1240 4516 1448 4584 Spicil.,
1483 4533 1600 4587 pag.
1632 4519 1753 4573 HO.

631 4587 710 4654 (ά)
751 4587 890 4639 Avit.
919 4588 1073 4655 epist.
1102 4586 1195 4642 ‘28.

641 4655 712 4727 (e)
735 4658 904 4731 Agpp.
929 4658 1022 4731 lib.
1045 4658 1172 4731 adv.
1193 4655 1440 4711 Gundob.
1479 4659 1581 4727 leg.
1603 4674 1722 4729 cap.
1755 4662 1838 4726 15,
1863 4675 1986 4731 opp.
2018 4670 2146 4715 tom.

577 4723 625 4792 I,
653 4723 902 4796 psgxmo
929 4728 1057 4782 edit.
1084 4728 1266 4786 Baluz.

649 4799 723 4867 (f)
751 4798 1018 4868 Sirmond.
1043 4799 1108 4851 ad
1143 4801 1283 4854 Avit.
1310 4799 1468 4868 epist.
1494 4799 1582 4854 58.

647 4870 720 4938 (g)
751 4867 935 4922 Sidon.
966 4869 1057 4924 lib.
1080 4885 1135 4938 ν,
1168 4871 1322 4940 epist.
1349 4867 1443 4925 ⁷16,

2176 4547 2224 4604 D

2249 3293 2553 3347 Martenius.

2327 3385 2400 3438 Vl
2411 3385 2458 3438 1.
2492 3385 2555 3438 Et
2585 3385 2715 3438 hanc
2745 3385 2947 3452 quidem
2981 3383 3397 3438 Sirmondianam
3429 3399 3643 3455 aperum
3673 3385 3824 3440 sancti

2247 3481 2381 3534 Aviti
2425 3481 2695 3534 editionem
2743 3478 3038 3550 hujusmodi
3086 3480 3341 3550 opusculis
3378 3488 3583 3532 auctam
3629 3479 3826 3533 exhibe-

2250 3590 2379 3637 mus,
2423 3589 2573 3641 quam
2614 3583 2853 3642 praeterea
2890 3571 3147 3624 nonnullis
3187 3572 3237 3623 in
3285 3572 3406 3624 locis
3459 3570 3826 3632 obscurioribus

2250 3666 2447 3736 aliquot
2499 3665 3017 3717 animaduersionibus
3066 3682 3096 3716 a
3157 3663 3537 3716 Sirmondianis
3588 3661 3825 3733 sejunctis

2247 3776 2338 3827 pro
2389 3758 2572 3810 viribus
2618 3757 2986 3809 illustravimus
3022 3771 3036 3807 :
3069 3755 3257 3808 additis
3299 3769 3497 3824 quoque
3535 3755 3603 3805 ad
3643 3755 3825 3806 calcent

2250 3853 2483 3906 carminis
2524 3851 2556 3904 6
2588 3852 2746 3903 tribus
2782 3848 3000 3901 versibus
3037 3847 3099 3916 (ι)
3128 3864 3251 3917 quos
3291 3846 3517 3900 Labbeus
3555 3864 3616 3899 ea:
3653 3846 3826 3899 codicc

2249 3947 2316 3999 ‘26
2361 3943 2667 3997 bibliothecis
2711 3940 3009 3995 Naudeana:
3045 3940 3320 4009 descriptos
3364 3939 3415 3990 in
3461 3939 3616 3991 lucem
3653 3936 3823 3990 emisit

2254 4037 2382 4107 (in),
2417 4036 2536 4104 quia
2579 4034 2630 4086 in
2683 4033 2911 4086 omnibus
2960 4031 3107 4086 editis
3147 4030 3519 4100 exemplaribus
3569 4027 3822 4083 desidera-

2253 4131 2455 4184 bantur.

2324 4379 2402 4447 (h)
2436 4378 2658 4431 Manen.
2688 4374 2850 4447 Thes.
2875 4373 3119 4447 nnecdot.
3149 4380 3279 4447 toni.
3304 4370 3370 4436 V,
3401 4386 3552 4447 pagg.
3585 4372 3657 4447 ω
3678 4385 3824 4447 seqq.

2321 4441 2393 4520 (if
2426 4446 2802 4520 S_idon._lib..t,
2832 4445 2989 4520 epiSI.
3020 4447 3072 4520 fl,
3105 4452 3159 4498 et
3187 4443 3290 4520 ιιι).
3313 4457 3410 4508 vn,
3445 4441 3723 4520 epist._|_5.

2327 4513 2404 4589 (ἀ)
2435 4518 2594 4589 Greg.
2621 4515 2987 4589 Turon._l_list.
3018 4514 3330 4589 Franc_.lib.
3357 4530 3423 4580 ιι,
3453 4529 3572 4582 cap.
3598 4513 3687 4568 54.

2327 4519 2404 4658 (
2435 4519 2594 4586 Grcg.
2621 4519 2820 4596 Turon.
2851 4519 2987 4594 l_list.
3018 4519 3208 4570 Franc.
3237 4519 3264 4568 ll

2327 4595 2344 4666 (_
2367 4663 2396 4666 Ἡ
2452 4588 2734 4666 ΔΜῆτιν-[ιιι.
2767 4604 2778 4638 ι
2805 4585 3007 4666 Mirum,
3035 4600 3153 4666 cap.
3174 4585 3264 4666 _2l.

2327 4653 2405 4732 (ι’)
2437 4660 2576 4713 Avit.
2629 4658 2811 4712 Poeni.
2854 4653 2942 4710 lib.
2995 4653 3245 4719 v1.7inl'ra
3287 4654 3423 4726 (Col.
3458 4654 3552 4709 58!
3612 4669 3830 4719 summa,

2263 4743 2370 4786 not.
2416 4741 2491 4786 ἰὶ.

2329 4739 2622 4927 (night).
2648 4798 2777 4863 Nov.
2815 4799 2944 4855 bibl.
2969 4813 3097 4853 mss.
3127 4799 3254 4854 libb.
3299 4811 3419 4867 pag.
3443 4797 3548 4853 226
3577 4796 3709 4852 edit.
3737 4796 3830 4850 Pa-

2261 4871 2354 4928 ris.
2386 4871 2541 4927 i655.

1446 5182 1829 5247 VETERUM
1873 5181 2363 5246 TESTIMONIA
2415 5180 2517 5241 DE
2559 5179 2629 5239 s.
2677 5176 2941 5238 AVITO.

740 5338 782 5394 l.
811 5335 1153 5395 ENNODIUS
1192 5338 1556 5397 EPISCOPUS
1587 5341 1991 5401 TlClNENSlS.

860 5471 947 5547 (In
967 5471 1088 5530 Vita
1115 5471 1255 5528 beati
1276 5472 1556 5544 Epiphanii
1583 5476 1870 5546 episcopi.)

653 5588 814 5645 Dedit
847 5592 1009 5646 etiam
1052 5587 1524 5671 pratantissimus
1564 5592 1702 5646 Inter
1737 5589 1922 5648 Gallos
1963 5589 2154 5646 Avitus

590 5676 905 5736 Viennensis
930 5683 1231 5753 episcopus,
1265 5681 1320 5738 in
1347 5696 1455 5752 quo
1475 5696 1537 5737 se
1563 5683 1751 5752 peritia
1777 5725 1792 5750 ,
1821 5683 1970 5741 velut
1997 5685 2051 5741 in
2073 5683 2156 5737 di-

593 5773 830 5828 Versorio
859 5773 1047 5829 lucida
1067 5776 1258 5832 domus
1281 5773 1518 5831 inclusit.

2565 5341 2626 5395 ιι.
2661 5341 3054 5400 GREGOBIUS
3090 5331 3529 5402 TURONENSIS.

2481 5463 2624 5546 (Lib.
2651 5477 2692 5531 ll
2723 5477 2973 5534 Historiae
3007 5480 3335 5537 Francorum
3366 5498 3487 5554 cap.
3512 5482 3630 5554 54.)

2332 5593 2532 5662 Magna:
2562 5593 2822 5650 facundia:
2847 5606 2963 5652 erat
2985 5605 3113 5654 tunc
3159 5603 3415 5672 temporis
3445 5602 3634 5658 beatus
3657 5601 3845 5660 Avitus

2261 5683 2539 5752 episcopus
2595 5683 2936 5741 Viennensis.
2990 5686 3228 5776 Namque
3285 5693 3588 5762 insurgente
3653 5693 3844 5751 haeresi

2262 5775 2402 5844 apud
2448 5775 2630 5834 urbem
2675 5775 3358 5848 Constantinopolitanam,
3401 5784 3532 5838 nihil
3553 5783 3852 5840 divinitatis
