4092 6350
221 331 331 398 Ιοῒ

1585 305 2118 369 PROLEGOIIINA.

3375 287 3483 356 198

216 447 464 507 h’abnlsse
513 442 794 498 Domlnum
841 446 1081 493 nostrum
1125 433 1307 488 Jesum
1352 427 1628 483 Christum
1652 466 1665 488 ,
1708 439 1796 478 ro—
1825 425 1879 484 Α
1903 419 2186 476 Homitiam
2213 416 2266 470 in
2293 408 3072 507 popuio,sensun_m_sunvitste
3093 404 3482 477 plenissimam,

153 555 160 582 -‘
214 553 373 617 gante
422 537 757 596 Gundobado
806 547 962 603 rege,
997 531 1112 599 ipse
1148 532 1334 582 contra
1385 535 1503 576 eam
1552 518 1786 587 scripsit.

216 611 445 691 Exstant
473 629 664 685 exinde
688 625 827 687 apud
857 636 954 678 nos
987 618 1229 690 epistola:
1262 611 1607 669 admirabiles
1635 626 1649 662 :
1675 623 1797 678 qua:

214 728 356 782 sicut
382 732 507 777 tunc
532 719 778 774 haeresim
807 719 1207 783 oppresserunt,
1241 707 1310 760 ita
1337 717 1478 759 nunc
1503 699 1795 755 Eeclesiam

216 823 318 879 Dei
365 818 646 874 aedificant.
695 809 921 879 Scripsit
970 806 1131 861 etiam
1194 798 1546 856 Homiliarum
1597 791 1792 847 librum

216 930 409 981 unum,
451 912 517 966 de
539 907 718 964 mundi
750 902 1009 974 principio
1040 908 1087 952 et
1118 897 1185 952 de
1210 893 1436 950 diversis
1467 887 1587 944 aliis
1615 884 1801 942 condi-

218 1005 490 1066 tionibus,
538 1002 699 1055 libros
745 1011 836 1052 sex
886 1007 1041 1047 versu
1079 987 1497 1057 compaginatos.
1535 981 1798 1052 Epistola-

217 1115 343 1161 rum
377 1099 540 1154 libros
570 1107 784 1159 novem,
829 1087 966 1144 inter
993 1099 1129 1156 quos
1168 1079 1486 1152 supradictae
1517 1074 1801 1132 continen-

221 1203 312 1249 tur
341 1187 603 1258 epistolae.

255 1303 348 1361 ιιι.
379 1296 835 1358 FORTUNATUS
867 1288 1329 1348 PICTAVIENSIS
1363 1282 1755 1340 EPISCOPUS.

625 1413 762 1483 (Lib.
794 1411 897 1465 Ide
932 1409 1045 1463 Vita
1075 1406 1130 1461 S.
1161 1404 1415 1473 Martini.)

300 1533 450 1603 Quod
490 1546 638 1586 sacra
672 1527 926 1594 explicuit
949 1523 1086 1578 serie
1123 1520 1442 1590 genealogus
1473 1518 1623 1582 olim,
1660 1515 1805 1571 Alci-

228 1646 348 1689 mus
376 1627 589 1700 egregio
614 1623 832 1692 digessit
854 1619 1088 1673 carmine
1118 1615 1328 1684 praesul.

547 1759 634 1815 IV.
687 1753 995 1811 lSIDOliUS
1041 1749 1499 1805 HISPALENSIS.

327 1877 429 1947 (De
451 1870 747 1927 lllustribns
788 1866 1037 1919 Ecclesiie
1068 1862 1430 1929 Scriptorihus
1462 1876 1578 1928 cap.
1611 1859 1728 1929 25.)

313 1986 501 2040 Avitus
545 1981 854 2050 episcopus,
888 1975 1103 2030 scientia
1141 1975 1472 2028 swcularium
1521 1973 1816 2026 litterarum

135 2105 138 2108 ·
233 2078 615 2139 doctissimus,
664 2069 828 2126 edidit
864 2069 1097 2139 quinque
1140 2067 1348 2121 libellos
1393 2065 1608 2120 heroico
1648 2074 1818 2119 metro

228 2169 564 2238 compositos
595 2181 608 2218 :
642 2178 865 2233 quorum
908 2161 1110 2230 primus
1153 2170 1236 2213 est
1267 2159 1330 2211 de
1352 2159 1568 2227 Origine
1610 2157 1812 2224 mundi,

227 2262 504 2318 secundus
534 2260 600 2312 de
636 2254 890 2324 Uriginali
940 2254 1178 2319 l'cccato,
1217 2252 1404 2306 tertius
1440 2251 1507 2305 de
1536 2252 1811 2305 Sententia

226 2353 356 2418 Dei,
387 2359 610 2422 quartus
646 2349 710 2400 de
741 2345 946 2400 Diluvio
977 2343 1189 2409 mundi,
1223 2345 1439 2413 quintus
1475 2343 1539 2396 de
1567 2343 1817 2397 Transitu

227 2452 402 2508 maris
442 2449 628 2504 Rubri.
668 2446 892 2515 Scripsit
938 2456 990 2498 et
1025 2442 1091 2496 ad
1138 2442 1420 2498 Fuscinam
1472 2458 1709 2496 SOI‘OI'elI
1752 2444 1818 2495 de

225 2543 420 2602 Laude
435 2543 753 2612 virginitatis
784 2539 972 2594 librum
999 2553 1179 2602 unum,
1215 2536 1577 2605 pulcherrimo
1603 2552 1820 2604 compo-

225 2639 400 2696 situm
418 2634 656 2689 carmine
683 2643 734 2687 et
761 2631 986 2700 eleganti
1014 2631 1394 2699 epigrammate
1422 2639 1745 2698 coaptatnni.

312 2793 380 2851 γ.
412 2789 825 2848 AGOBARDUS
856 2786 1324 2844 LUGDUNENSIS
1359 2787 1743 2844 EPISCOPUS.

596 2902 887 2970 (Adversus
917 2901 1086 2967 legem
1117 2898 1480 2968 Gundebadi.)

307 3057 601 3126 Temporis
633 3055 947 3112 Gundebadi
993 3058 1134 3124 regis
1166 3055 1600 3125 Burgundionum
1644 3058 1737 3111 fuit
1771 3058 1822 3112 in

1844 1814 1894 1871 B

1899 521 1956 570 et
1985 511 2270 568 verborum
2297 505 2692 576 compositione
2717 501 3101 558 dulcissimam.

1977 600 2218 672 Ejusdem
2261 599 2504 653 Moeret:
2550 598 2738 665 dogma
2790 589 3001 645 Felicis.
3055 590 3246 645 Beatus
3289 588 3481 643 Avitus

1904 692 2347 747 Pbotinianornm
2367 687 2739 743 haereticorum
2761 681 3119 737 validissimus
3138 690 3482 750 expugnator.

1978 782 2112 838 Item
2149 782 2210 836 de
2238 780 2477 836 Judaicis
2524 774 2988 847 superstitionibus.
3017 770 3255 826 Alcimus
3302 771 3486 824 Avitus

1905 875 2166 930 Ecclesiae
2197 871 2514 928 Viennensis
2535 870 2842 938 episcopus,
2872 880 3029 936 quam
3058 862 3283 916 eximius
3308 863 3490 914 doctor

1906 967 2241 1023 orthodoxus
2278 972 2332 1020 et
2378 961 2634 1017 facundus
2683 958 2982 1024 exstiterit,
3026 969 3164 1024 pene
3200 961 3308 1006 tota
3344 952 3492 1006 novit

1908 1059 2149 1114 Ecclesia
2179 1056 2399 1112 Christi.

2077 1150 2161 1205 Vl.
2225 1147 2494 1204 FLOliUS
2569 1140 2907 1200 DIACONUS
2974 1136 3326 1195 ECCLESUE

2440 1214 2934 1273 LUGDUNENSIS.

1983 1334 2274 1391 Sententia:
2320 1348 2383 1388 ex
2416 1330 2640 1400 epistola
2685 1329 2826 1383 beati
2857 1326 3007 1382 Pauli
3027 1323 3257 1395 apostoli
3295 1320 3363 1375 ad
3384 1319 3492 1375 lto-

1912 1443 2121 1493 manos,
2137 1444 2164 1481 a
2179 1435 2428 1482 sanetoet
2443 1421 2802 1478 illustrissimo
2823 1420 3043 1477 doctore
3067 1414 3323 1472 Ecclesia:
3343 1412 3500 1492 Avito

1913 1522 2168 1591 episcOpo
2201 1516 2491 1574 Viennensi
2519 1515 2802 1585 OXPOSiliIP,
2834 1523 2994 1583 atque
3026 1527 3088 1566 ex
3121 1510 3240 1578 ejus
3264 1519 3498 1584 opuscuf

1914 1616 1981 1671 lis
2011 1616 2061 1667 in
2090 1613 2328 1667 ordinem
2357 1611 2594 1678 digestae.

2139 1725 2242 1779 Vll.
2286 1723 2422 1778 ADO
2471 1720 2860 1776 VIENNENSIS
2895 1715 3280 1774 EPISCOPUS.

2317 1839 2397 1905 (ln
2427 1836 2692 1891 Chronico
2723 1844 2881 1888 tctate
2911 1831 3110 1898 sexta.)

1997 1956 2183 2010 Avitus
2214 1951 2532 2007 Viennensis
2562 1950 2866 2019 episcopus,
2899 1945 3201 2015 eloquentia
3233 1953 3282 1998 et
3311 1939 3504 1996 sancti;

1925 2057 2032 2103 tate
2064 2047 2390 2115 principuus,
2432 2054 2486 2098 et
2528 2044 2644 2112 ejus
2689 2042 2849 2095 frater
2893 2037 3215 2108 Apollinaris
3249 2033 3506 2091 Valentia:

1923 2141 2206 2209 episcopus
2241 2135 2510 2190 miraculis
2535 2132 2776 2202 insignis,
2803 2131 2961 2194 lsicii,
2999 2127 3252 2184 senatorii
3275 2124 3505 2197 primum

1922 2234 2042 2298 viri,
2079 2242 2260 2302 postea
2292 2228 2613 2282 Viennensis
2642 2226 2900 2294 episcopi,
2931 2225 3036 2278 duo
3069 2223 3289 2288 lumina,
3317 2219 3508 2275 claris-

1926 2325 2045 2378 simi
2078 2323 2188 2376 lilii.
2225 2322 2318 2376 llic
2345 2321 2531 2375 beatus
2577 2320 2763 2374 Avitus
2791 2316 3047 2371 adversus
3079 2315 3324 2369 hmresitn
3358 2311 3508 2367 Aria-

1924 2432 2076 2482 nam,
2111 2431 2228 2484 qua:
2258 2423 2383 2468 tunc
2427 2428 2532 2466 non
2573 2411 2743 2464 solum
2777 2409 3011 2463 Africani
3034 2451 3046 2472 ,
3083 2406 3177 2462 sed
3205 2417 3257 2459 et
3285 2403 3508 2459 Galliam’

1927 2509 2241 2575 Italiamque
2287 2523 2474 2576 magna
2507 2522 2570 2560 ex
2605 2514 2754 2573 parte
2791 2512 3166 2571 occupaverat,
3202 2516 3393 2569 magno
3423 2515 3510 2553 su-

1925 2601 2058 2655 dore
2092 2598 2418 2663 decertavit;
2451 2597 2592 2666 quod
2632 2597 2929 2650 clarissima
2967 2595 3080 2662 ejus
3111 2608 3272 2660 opera
3311 2600 3512 2645 testan-

1931 2706 2034 2747 tur.
2059 2693 2252 2748 Scribit
2271 2693 2410 2745 enim
2433 2691 2726 2758 dia10guni,
2753 2688 2997 2743 haeresim
3020 2687 3164 2740 illam
3183 2697 3512 2754 oppugnatis,

1931 2785 2246 2841 fidelissimo
2296 2797 2349 2839 et
2378 2783 2693 2838 doctissimo
2723 2783 3116 2851 immortalique
3163 2779 3405 2850 ingenio,
3452 2777 3517 2832 ad

1927 2879 2316 2935 Gundehaduni
2340 2877 2775 2947 Burgundionqu
2803 2892 3001 2946 regem,
3031 2874 3195 2927 lilium
3219 2871 3517 2927 Gundovei.

1931 2972 2058 3026 item
2106 2970 2236 3024 alios
2280 2969 2491 3025 libellos
2531 2969 2667 3024 duos
2713 2977 2899 3022 contra
2931 2965 3229 3020 Nestorium
3261 2972 3315 3019 et
3346 2963 3516 3032 Euty-

1929 3063 2114 3126 chem,
2149 3075 2393 3116 anetores
2433 3060 2664 3124 erroris,
2706 3059 3132 3113 luculentissimo
3164 3067 3216 3111 et
3264 3055 3521 3124 castigato

221 3151 386 3209 urbe
413 3149 617 3203 Vienna
648 3149 952 3214 episcopus,
985 3148 1169 3200 Avitus
1199 3147 1439 3214 nomine.
1471 3149 1571 3202 “de
1599 3150 1823 3203 CulhOli-
1855 3191 1898 3252 Ο
1933 3155 2062 3208 satis
2102 3170 2366 3208 sermone.
2419 3151 2658 3207 Fuerunt
2699 3161 2753 3207 et
2800 3152 2902 3206 alia
2948 3150 3086 3204 illius
3137 3149 3286 3216 plura
3327 3146 3520 3201 eximia

221 3256 378 3307 cus,
423 3239 721 3309 eloquentia
767 3236 1210 3304 facundissimus,
1260 3240 1470 3308 ingenio
1511 3241 1824 3305 acerrimus,

217 3347 524 3391 sacrarum
551 3330 868 3384 Litterarum
892 3329 1164 3397 expositor
1188 3331 1557 3397 suavissimus,
1581 3342 1633 3386 et
1651 3334 1699 3386 in
1724 3350 1836 3386 me-

220 3427 337 3483 tris
376 3423 680 3485 facillimus,
707 3423 842 3476 sicut
865 3432 920 3475 et
948 3421 1063 3490 ejus
1086 3437 1244 3488 opera
1279 3431 1560 3478 testantur.
1591 3425 1688 3490 Qui
1720 3443 1836 3481 cum

1935 3263 2098 3316 opera
2142 3247 2193 3298 in
2241 3244 2436 3299 Christi
2489 3243 2725 3298 Ecclesia
2780 3242 3175 3312 probatissima.
3217 3239 3310 3292 llic
3351 3239 3518 3308 Sigis-

1942 3337 2198 3391 mundum
2240 3351 2416 3405 regem
2458 3335 2511 3389 in
2535 3335 2636 3390 fide
2680 3335 2891 3404 pietatis
2921 3332 3185 3388 erudivit:
3219 3333 3306 3399 qui
3335 3339 3524 3401 agente

1947 3430 2038 3482 illo
2072 3428 2408 3497 postmodum
2435 3427 2814 3480 monasterium
2875 3435 3181 3478 sanctorum
3225 3432 3516 3491 martyrum

217 3518 441 3576 eodem
493 3514 827 3570 Cundobado
874 3516 1181 3581 frequenter
1227 3511 1294 3567 de
1327 3514 1429 3569 fide
1459 3517 1755 3581 altercans,
1789 3529 1843 3574 et
1946 3520 2366 3589 Agaunensiuin,
2395 3519 2625 3573 Mauritii
2648 3520 3023 3583 sociorumque
3044 3516 3180 3583 ejus,
3203 3516 3524 3567 construxit.

221 3615 492 3680 dialogos
524 3612 574 3663 in
629 3607 875 3677 praesenti
915 3607 1204 3662 conliciens
1225 3647 1238 3672 ,
1275 3616 1329 3662 et
1358 3610 1601 3675 epistolis
1634 3611 1840 3666 absumi

220 3704 609 3774 respondens,
635 3701 788 3770 plura
808 3701 1014 3755 etclara
1044 3698 1238 3768 ingenii
1259 3701 1338 3754 sui
1360 3709 1414 3754 et
1443 3700 1651 3755 virtutis
1674 3719 1833 3770 epeia

221 3796 491 3867 reliquit.
517 3796 614 3860 Qui
645 3793 762 3863 ipso
785 3792 1114 3846 Gundohado
1141 3795 1192 3846 iii
1219 3808 1312 3848 sua
1356 3794 1568 3862 perfidia
1604 3796 1834 3866 perdito,

220 3902 624 3949 successorem
669 3885 784 3954 ejus
815 3884 1214 3952 Sigismundnm
1251 3901 1427 3953 regem
1465 3887 1530 3940 ad
1564 3887 1718 3942 fidem
1747 3905 1832 3942 ca-

222 3983 515 4038 tholicam
561 3978 863 4032 convertit:
899 3977 949 4028 iii
997 3975 1147 4043 cujus
1188 3959 1542 4032 conversione
1591 3983 1836 4036 recitavit

1946 3615 2113 3680 Quem
2153 3611 2492 3683 postmodum
2519 3621 2731 3682 captum
2763 3619 2816 3664 et
2852 3626 2879 3662 a
2924 3606 3145 3662 Francis
3177 3607 3410 3660 occisum
3443 3621 3528 3659 ve-

1947 3705 2226 3761 hementer
2265 3705 2454 3760 doluit.
2489 3704 2730 3771 Quantus
2759 3711 2938 3757 autem
2969 3703 3022 3755 in
3070 3699 3305 3754 Ecclesia
3330 3697 3528 3753 Christi

1943 3801 2165 3863 vixerit,
2196 3800 2436 3870 quisquis
2467 3800 2606 3852 scire
2636 3797 2702 3851 ad
2735 3799 2950 3866 plenum
2986 3793 3117 3858 vult,
3149 3801 3268 3862 post
3299 3791 3414 3861 ejus
3447 3791 3527 3845 it.-

1941 3907 2160 3946 numera
2185 3894 2236 3945 in
2280 3891 2475 3945 divinis
2517 3889 2787 3944 laboribus
2818 3902 3001 3956 Opt'l‘a,
3036 3884 3360 3954 epitaphium
3413 3883 3528 3951 ejus

1944 3984 2103 4052 legat.

991 4212 1485 4275 EPITAPHIUM
1532 4215 1603 4274 Β.
1653 4217 1877 4280 AVITI
1918 4220 2272 4282 EPISCOPI
2317 4221 2817 4282 VlENNENSlS.

304 4335 586 4405 Quisquis
614 4332 946 4388 mmstiﬁcum
975 4335 1160 4388 tumuli
1197 4335 1322 4389 dum
1353 4334 1529 4391 cernis
1551 4335 1810 4394 honorem

220 4430 475 4502 Cespite
509 4428 752 4482 concludi
784 4437 951 4483 totum
976 4428 1197 4484 deflebis
1231 4431 1464 4494 Avitum,

221 4527 400 4584 Exue
434 4523 699 4585 sollicitas
728 4521 865 4576 triSti
893 4521 960 4576 de
992 4533 1208 4589 pectore
1238 4537 1414 4577 curas.

223 4617 378 4674 Nam
415 4630 587 4686 quem
629 4615 783 4684 plena
810 4614 966 4679 fides,
989 4616 1147 4669 celsa:
1176 4631 1332 4686 quem
1359 4618 1523 4688 gloria
1558 4621 1772 4688 mentis,

221 4713 422 4783 Quem
463 4708 658 4780 pietas,
694 4724 850 4778 quem
877 4709 1022 4779 larga
1046 4713 1121 4778 (α)
1146 4726 1354 4777 manus,
1390 4728 1546 4782 quem
1583 4715 1715 4768 fama
1751 4731 1841 4784 pc—

1549 4803 1775 4876 [rennat.

219 4899 316 4954 Nil
351 4896 588 4952 socium
617 4907 739 4947 cum
776 4902 949 4947 morte
975 4900 1140 4947 tenet.
1173 4893 1312 4960 Quin
1337 4895 1584 4965 prospice
1611 4897 1780 4950 sancti

216 4991 411 5046 Gesta
448 4987 561 5041 viri
589 5001 602 5040 :
634 4986 858 5055 primum
891 4984 1180 5039 florescens
1211 4985 1389 5041 indole
1417 4998 1613 5056 quanta

221 5073 797 5155 Spreverit’antiquo
828 5077 1078 5132 dimissos
1105 5086 1392 5134 stemmate
1418 5081 1610 5147 fasces,

221 5177 542 5234 laturum
573 5172 771 5226 teneris
791 5169 1028 5224 animum
1050 5169 1176 5224 dum
1210 5180 1426 5238 przestat
1457 5173 1508 5226 in
1533 5173 1708 5239 annis,

217 5269 300 5324 Et
327 5268 568 5322 licitum
600 5262 804 5329 mundi,
840 5262 950 5316 voti
979 5262 1173 5318 virtute
1203 5263 1423 5334 relegat.

217 5361 349 5419 Nec
387 5371 564 5415 mora
596 5374 611 5410 :
644 5355 910 5426 pontificis
933 5356 1013 5410 sic
1042 5355 1200 5425 digna
1229 5355 1460 5427 insignia
1494 5359 1678 5428 sumit,

217 5458 477 5525 Augeat.
511 5458 574 5505 ut
599 5448 744 5505 soliti
767 5447 939 5504 felicia
967 5459 1142 5519 empta
1173 5450 1395 5507 laboris.

334 5656 403 5722 α)
441 5649 617 5721 Apud
665 5651 1021 5708 Duchesnium
1061 5662 1190 5707 tom.
1220 5651 1263 5717 Ι,
1293 5664 1413 5721 pag.
1442 5649 1570 5722 514,
1599 5661 1854 5722 prompta.

334 5674 375 5710 α
441 5656 617 5721 Apud
665 5656 1021 5708 Duchesnium
1061 5662 1190 5707 tom.
1220 5656 1263 5717 I,
1293 5664 1413 5721 pag.
1442 5656 1570 5716 5M,
1599 5661 1854 5722 prompta.

305 5656 403 5800 ξὺῖ
431 5722 878 5800 Locondnorum
906 5723 1100 5800 borum
1129 5738 1378 5800 versuum
1425 5720 1624 5778 ibidem
1669 5722 1862 5800 legitur

213 5791 511 5860 sequens
551 5809 564 5843 :
597 5791 808 5848 Culmen
845 5792 1121 5855 dulcedini.
1154 5811 1252 5847 non
1275 5794 1438 5848 obstat
1460 5807 1651 5857 pompa
1673 5791 1855 5858 rigori.

1958 4343 2034 4417 (ὁ)
2064 4343 2172 4401 Nec
2197 4355 2371 4401 tamen
2397 4346 2466 4400 ob
2495 4345 2690 4400 summi
2731 4343 2938 4398 culmen
2970 4340 3288 4397 tumefactus
3315 4337 3534 4394 honoris

1959 4441 2211 4511 Erigitur,
2244 4456 2408 4511 seque
2437 4441 2549 4510 ipse
2572 4439 2690 4493 aliis
2712 4439 2830 4510 plus
2858 4437 3104 4500 a'stimat,
3144 4437 3249 4490 imo

1956 4532 2246 4602 Snbjicitur
2277 4548 2517 4603 magnus.
2555 4541 2733 4588 servat
2765 4531 3050 4586 mediocria
3083 4544 3343 4584 summus.

1960 4623 2238 4680 Distribuit
2268 4639 2478 4692 parens,
2515 4625 2680 4692 pascit
2720 4623 2956 4691 jejunus,
2989 4621 3214 4675 amando

1955 4713 2165 4778 Terret,
2189 4725 2244 4768 et
2269 4715 2500 4770 austeris
2525 4714 2980 4783 indulgenti-siina
3016 4713 3224 4766 miscet.

1957 4805 2280 4860 Cunctantcs
2308 4822 2466 4860 suasu
2492 4807 2648 4872 juvit,
2676 4804 2937 4858 solamine
2972 4812 3214 4868 mmstos,

1957 4898 2134 4969 Jurgia
2168 4898 2239 4970 (ε)
2271 4898 2536 4964 disolvit,
2569 4905 2840 4952 certantes
2871 4895 3071 4951 findere
3095 4895 3294 4964 junxit.

1959 4989 2178 5043 Dissona
2214 4989 2498 5044 veridicum
2526 4989 2605 5059 (ά)
2640 4987 2882 5042 inficiunt
2909 5002 3027 5057 quae
3049 4988 3294 5058 dogmata
3328 4989 3521 5057 legem,

1963 5082 2204 5144 llortatu,
2240 5080 2452 5148 ingenio
2472 5125 2484 5146 ,
2520 5080 2758 5141 monitis,
2789 5079 3100 5148 meritisque
3129 5079 3358 5151 subegit.

1965 5172 2112 5229 Unus
2144 5173 2194 5226 in
2225 5187 2348 5227 arce
2373 5169 2491 5240 fuit,
2524 5173 2604 5226 cui
2631 5171 2875 5241 quolibet
2896 5171 3082 5226 ordine
3107 5170 3256 5226 fandi

1963 5267 2153 5322 Orator
2182 5266 2360 5319 nullus
2381 5266 2589 5331 similis,
2615 5265 2904 5340 nullusque
2929 5275 3083 5334 poeta
3110 5281 3126 5319 :

1963 5358 2205 5414 Clamant
2226 5358 2365 5429 quod
2397 5359 2564 5429 sparsi
2590 5373 2682 5428 per
2710 5359 2898 5414 crebra
2931 5357 3200 5411 volumina
3228 5352 3371 5409 libri.

1965 5453 2064 5522 Qui
2088 5452 2239 5521 vixit,
2271 5452 2428 5518 vivit,
2462 5468 2662 5523 perque
2692 5451 2876 5508 omnia
2905 5449 3098 5506 saecla
3124 5447 3288 5502 vivet.

2033 5655 2105 5721 (ε)
2144 5651 2300 5718 lbid.,
2332 5653 2563 5706 diremit.

2039 5723 2118 5794 (ὀ)
2149 5724 2304 5790 lbid.,
2328 5722 2549 5793 ﬁngunt.
