4092 6350
585 340 685 405 199

1806 331 1869 392 8.
1907 328 2157 391 AVITUS
2195 326 2629 389 VlENNENSlS.-

3741 316 3851 386 1ὑο

611 433 3840 484 _______________________________...___.______._.._.

1175 562 1203 594 ⁸
1232 563 1883 681 ALGIMI
1955 558 2175 675 EG

2282 555 2630 673 acu
2688 552 3253 699 ᾼνιτι

1203 773 1317 847 m

1074 1123 1400 1181 EPISTOLA
1440 1121 1670 1178 PRIMA.

590 1274 777 1321 Ανιτυε
804 1271 1105 1315 VIINNBNSIB
1136 1269 1411 1313 EPISCOPUS
1437 1267 1609 1310 DOMNO
1639 1250 1666 1291 δ
1687 1263 1998 1308 GUNDOBADO
2025 1261 2167 1304 REGI.

664 1394 892 1449 Tantum
932 1391 1149 1448 Christo
1181 1390 1413 1461 propitio
1452 1403 1547 1460 per
1581 1387 1829 1444 diversas
1859 1384 2175 1442 sollicitudi-

593 1499 689 1542 nes
726 1494 960 1540 mentem
1008 1490 1244 1538 vestram
1272 1481 1471 1538 veritas
1501 1479 1750 1551 indagata
1780 1476 2084 1549 perdocuit,
2119 1483 2175 1531 ut

593 1576 727 1633 nihil
748 1589 969 1646 prorsus
993 1573 1231 1644 sitquod
1271 1572 1337 1628 de
1378 1571 1658 1628 catholica:
1696 1571 1828 1641 legis
1866 1568 2175 1626 dellnitione

592 1681 689 1722 vos
721 1666 902 1722 lateat.
934 1664 1088 1721 Unde
1110 1680 1173 1720 ex
1205 1664 1287 1719 his
1322 1679 1441 1734 qua:
1484 1664 1653 1733 pietas
1687 1661 2019 1718 celsitudinis
2050 1673 2172 1715 ves-

594 1772 691 1820 trae
715 1763 965 1833 dignatur
1005 1762 1294 1831 inquirere,
1331 1758 1440 1829 jam
1481 1759 1549 1814 de
1595 1760 1764 1829 plenas
1810 1758 2175 1814 instructionis

593 1871 716 1912 arce
745 1855 1100 1919 descendens,
1125 1867 1230 1907 non
1258 1862 1340 1908 est
1370 1851 1658 1906 nescientis
1678 1850 2050 1920 interrogatio,
2078 1849 2172 1905 sed

591 1947 1008 2005 conferentis.ln
1035 1954 1237 2001 tantum
1253 1953 1310 1999 ut
1331 1944 1590 1999 sententia
1614 1943 1884 2014 Evangelii
1904 1959 2063 2013 quam
2087 1942 2174 1997 lit-

594 2039 726 2095 teris
746 2038 1136 2110 attigistis,lnon
1158 2036 1356 2106 aliquid
1384 2035 1740 2106 ambiguitatis
1764 2036 1814 2089 in
1838 2034 2170 2101 ﬁdehabeat,

598 2132 696 2189 sed
719 2123 1165 2201 reprehensiones
1193 2128 1442 2184 Judaicas
1466 2129 1517 2182 in
1541 2142 1748 2182 summa
1772 2128 1939 2196 magis
1964 2127 2173 2193 exposi-

594 2225 755 2281 tionis
784 2224 1035 2294 iuquirat.
1058 2223 1147 2279 Sic
1172 2237 1300 2292 ergo
1329 2221 1403 2276 ait
1423 2222 1579 2276 lectio
1610 2222 1914 2291 evangelica
1938 2221 2090 2289 cujus
2120 2220 2171 2274 in

594 2315 808 2372 subdito
856 2314 1180 2370 mentionem
1228 2312 1468 2368 iecistis:
1508 2312 1612 2366 Vos
1658 2321 1825 2365 autem
1874 2311 2080 2379 dicitis,
2131 2313 2174 2364 si

595 2407 777 2461 dixerit
800 2406 949 2460 homo
980 2406 1113 2476 patri
1136 2420 1228 2459 suo
1256 2413 1347 2458 aut
1395 2405 1570 2473 matri,
1607 2403 1817 2471 carban,
1852 2403 1904 2457 id
1934 2412 2018 2459 est
2050 2403 2171 2457 Hze-

1678 712 2784 914 EPISTOLEE.

2188 1119 2244 1178 Α
2266 1113 2481 1169 desueta
2511 1109 2856 1180 subterfugit,
2887 1107 3190 1164 invenietis.
3219 1106 3359 1177 Ergo
3390 1120 3495 1161 non
3525 1104 3747 1161 missum
3776 1105 3850 1161 {an

2279 1204 2422 1268 citis,
2450 1202 2502 1257 id
2528 1210 2631 1269 est,
2657 1199 2770 1256 Non
2798 1199 3069 1255 dimittitis
3098 1214 3219 1255 eum
3245 1197 3529 1268 quidquam
3555 1196 3731 1253 facere
3757 1212 3851 1267 pa-

2290 1295 2357 1351 tri
2388 1293 2475 1350 vel
2509 1292 2698 1357 matri,
2731 1307 2761 1346 a
2791 1306 2897 1362 quo
2928 1290 3181 1346 honorari
3226 1293 3377 1345 senio
3425 1289 3708 1359 parentali,
3751 1305 3849 1343 non

2276 1386 2456 1442 verbis
2514 1393 2714 1440 tantum
2743 1426 2758 1450 ,
2821 1382 2916 1438 sed
2966 1382 3125 1438 rebus
3189 1379 3563 1450 obsequiisque
3622 1395 3852 1451 praecep-

2280 1487 2392 1533 tum
2420 1484 2523 1532 est.
2548 1477 2615 1531 Et
2657 1474 2874 1542 similia,
2907 1473 3099 1544 inquit,
3135 1471 3437 1542 huiusmodi
3469 1472 3635 1526 multa
3662 1471 3846 1539 facilis,

2279 1570 2617 1626 traditionem
2684 1576 2916 1623 vestram
2966 1565 3223 1621 institutis
3272 1564 3586 1619 cmlestibus
3652 1579 3852 1634 ῃτωρο-

2280 1662 2477 1717 nendo.
2504 1658 2610 1715 Sed
2640 1659 2753 1713 haec
2782 1657 2848 1712 ad
2880 1658 3024 1713 solos
3046 1657 3248 1711 scribas
3275 1665 3330 1711 et
3369 1654 3666 1709 Pharisaaos
3694 1654 3847 1720 diota,

2277 1752 2367 1823 qui
2388 1751 2489 1807 sibi
2511 1751 2579 1805 de
2609 1750 2740 1820 legis
2770 1747 3056 1818 supercilio
3098 1747 3455 1813 blandientes,
3499 1746 3649 1816 quasi
3680 1746 3851 1801 debita

2281 1843 2544 1901 doctrinae
2568 1840 2738 1911 pretia
2781 1839 3151 1909 reposcebant,
3185 1838 3386 1893 nullum
3435 1837 3607 1891 locum
3654 1837 3704 1889 in
3738 1852 3849 1890 ser—

2278 1952 2437 1993 mone
2468 1936 2559 2006 qui
2593 1934 2658 1989 de
2680 1932 2783 1988 ﬁde
2813 1939 3070 1987 tractatus
3099 1943 3180 1987 est
3203 1930 3453 1985 habuisse
3487 1930 3716 1999 reperio.
3751 1929 3851 1983 Ra-

2279 2030 2376 2085 cha
2413 2044 2542 2083 vero
2570 2027 2852 2081 Hebraeum
2882 2039 3075 2079 nomen
3104 2033 3222 2089 est;
3257 2022 3445 2078 Latine
3490 2030 3642 2077 sonat
3682 2021 3853 2075 inanis

2279 2131 2370 2175 aut
2404 2135 2605 2175 vacuus
2632 2136 2643 2172 :
2676 2117 2819 2188 quod
2844 2126 2899 2171 ut
2930 2117 3128 2171 nostris
3167 2113 3573 2170 convenientius
3600 2112 3849 2182 exprimit

2282 2229 2388 2267 uno
2421 2210 2683 2265 vocabulo
2703 2206 2729 2247 ἀ
2752 2210 2970 2265 Graecus
2997 2209 3182 2263 dicens
3205 2209 3360 2268 κενός.
3396 2207 3507 2261 lloc
3529 2216 3697 2260 autem
3724 2218 3821 2259 con

2278 2306 2475 2363 vicium
2505 2305 2673 2371 fratri,
2706 2304 2755 2359 id
2781 2314 2864 2359 est
2884 2306 2985 2361 sub
3011 2318 3117 2359 uno
3140 2303 3251 2359 Deo
3282 2312 3429 2372 patre
3468 2310 3523 2357 et
3546 2316 3649 2356 una
3674 2299 3797 2355 Eccl

2277 2400 2354 2454 sia
2383 2407 2551 2454 matre
2582 2396 2634 2452 in
2667 2413 2769 2452 una
2796 2396 2898 2451 [ide
2926 2398 3101 2466 posito
3132 2396 3308 2452 dicere
3332 2394 3708 2465 prohibemur:
3731 2408 3795 2460 qn
3836 2380 3841 2383 “

596 2499 776 2556 braica
804 2498 980 2568 lingua
1014 2512 1209 2553 munus
1253 2496 1380 2551 illud
1412 2496 1720 2565 specialiter
1743 2496 1884 2566 quod
1915 2496 2172 2565 obsequio
2204 2502 2254 2563 Β
2279 2490 2551 2546 inanitatis
2594 2488 2884 2558 opprobrio
2931 2487 3145 2558 indigne
3192 2486 3460 2555 appetitur
3505 2484 3597 2554 qui
3644 2487 3748 2537 non
3776 2495 3829 2537 es

597 2591 805 2648 devota:
827 2590 1113 2646 oblationis
1133 2589 1374 2655 offertur,
1405 2588 1495 2642 tibi
1512 2588 1781 2659 profucrit,
1814 2588 1913 2642 hoc
1938 2598 2017 2643 est
2038 2589 2169 2657 patri

597 2689 692 2738 aut
731 2681 908 2747 matri,
932 2689 978 2734 et
998 2682 1110 2751 jam
1157 2697 1257 2735 non
1288 2681 1498 2734 missum
1540 2680 1710 2749 facitis
1742 2696 1855 2732 eum
1895 2680 2172 2748 quidquam

597 2772 766 2842 facere
791 2771 923 2842 patri
952 2777 1041 2824 aut
1081 2770 1235 2823 matri
1268 2768 1470 2840 (Marc.
1509 2783 1600 2835 vn,
1636 2769 1755 2836 Η).
1787 2768 1920 2822 Ρυιο
1950 2782 2045 2822 vos
2080 2783 2176 2821 au-

599 2872 707 2920 tem
734 2862 836 2918 hoc
861 2877 1108 2917 sermone
1134 2860 1458 2929 ordiri,quia
1483 2874 1670 2914 revera
1701 2862 1870 2927 ipsum
1890 2860 2175 2929 specialius

600 2956 654 3012 in
684 2954 907 3025 epistola
955 2954 1313 3018 memorastis,
1357 2950 1483 3021 quid
1536 2951 1619 3005 vel
1670 2951 1811 3005 unde
1850 2952 2048 3006 dictum
2081 2954 2173 3017 sit,

601 3061 707 3103 non
756 3045 977 3101 missum
1027 3044 1219 3097 facitis.
1250 3041 1401 3109 Quod
1449 3041 1668 3096 omnino
1720 3040 1853 3095 nihil
1901 3050 1982 3096 est
2035 3042 2179 3097 aliud

602 3155 760 3211 quam
803 3154 908 3194 non
945 3136 1232 3192 dimittitis.
1257 3134 1477 3205 Acujus
1525 3133 1846 3203 proprietate
1886 3132 2173 3198 sermonis,

602 3233 658 3288 in
687 3230 933 3287 ecclesiis
979 3227 1295 3298 palatiisque
1335 3225 1449 3281 sive
1490 3225 1774 3295 praetoriis,
1801 3235 1823 3263 °
1855 3225 2016 3280 missa
2064 3225 2179 3281 ﬁeri

604 3323 997 3396 pronuntiatur,
1018 3335 1137 3374 cum
1160 3319 1387 3389 populus
1402 3318 1469 3372 ab
1486 3317 1859 3373 observatione
1875 3317 2178 3374 dimittitur.

603 3414 735 3471 Nam
763 3430 930 3485 genus
976 3415 1076 3467 hoc
1118 3410 1348 3466 nominis
1371 3410 1531 3465 etiam
1566 3409 1614 3464 id
1643 3410 1915 3466 smcularis
1944 3414 2179 3467 auctori-

605 3508 722 3571 bus.
758 3508 857 3564 nisi
888 3506 1197 3564 memoriam
1229 3516 1460 3560 veStram
1494 3518 1590 3573 per
1612 3506 1992 3574 occupationes
2020 3506 2180 3562 lectio

678 3686 753 3755 tu)
778 3685 895 3738 Duo
926 3684 1035 3737 fere
1063 3682 1305 3755 usurpari
1335 3683 1457 3755 ejus,
1476 3684 1687 3755 nomina
1720 3686 1915 3751 solent,
1941 3685 2179 3742 Alcimus

607 3752 824 3817 Avitus;
850 3755 1064 3808 tertium
1107 3768 1212 3806 non
1259 3754 1385 3807 olim
1429 3752 1882 3819 deprehendimus
1928 3757 1980 3811 in
2024 3759 2180 3811 titulo

607 3827 1025 3898 epistola:__quam
1054 3821 1120 3898 de
1149 3832 1450 3898 poematum
1474 3838 1689 3898 suorum
1714 3827 1946 3898 editione
1968 3830 2184 3898 scripsit

608 3893 674 3950 ad
704 3896 1062 3964 Apollinarem
1095 3893 1336 3947 fratrem.
1372 3894 1549 3963 Itaque
1577 3897 1767 3965 triplex
1807 3896 1947 3950 Aviti
1986 3893 2181 3953 nomen

610 3967 728 4029 fuit,
757 3966 848 4019 sed
871 3978 1054 4038 verum
1079 3978 1139 4018 ac
1184 3964 1453 4038 pr0priunt
1484 3964 1690 4038 Avitus,
1722 3967 1861 4036 quod
1900 3966 2019 4022 ideo
2061 3984 2184 4038 pos-

609 4048 835 4093 tremum
871 4036 1041 4089 locum
1076 4042 1239 4102 tenet,
1269 4036 1336 4089 de
1362 4035 1527 4089 veteri
1568 4052 1717 4091 more
1742 4035 2104 4094 Romanorum
2130 4050 2184 4095 et

608 4108 833 4164 aliorum
858 4107 944 4176 qui
971 4105 1235 4160 Romanos
1272 4106 1656 4178 minulabantur
1690 4124 1701 4160 ;
1733 4108 1871 4176 apud
1900 4126 2034 4178 quos
2064 4120 2181 4166 tan-

606 4181 728 4235 dem
776 4178 1015 4243 invaluit,
1046 4186 1101 4230 ut
1127 4192 1158 4251 e
1188 4176 1375 4251 multis
1407 4177 1708 4232 nominibus
1738 4177 1789 4233 id
1818 4176 1959 4248 quod
1992 4183 2183 4251 cuique

606 4251 877 4321 proprium
911 4248 1294 4321 Aerat,_iultimo
1348 4248 1471 4321 loco,
1515 4251 1984 4321 statuerenthua
2028 4248 2184 4307 (le—re

608 4318 846 4389 pluribus
876 4319 1006 4372 alias
1035 4318 1233 4373 dictum
1266 4319 1318 4371 in
1368 4318 1506 4371 notis
1556 4318 1620 4371 ad
1672 4320 1969 4375 Ennodium
2017 4332 2072 4376 et
2115 4324 2181 4377 ad

607 4391 905 4452 Sidonium,
925 4390 976 4459 in
1005 4403 1229 4459 quorum
1262 4389 1586 4459 nominibus,
1621 4390 1848 4458 aliisque
1868 4406 2027 4459 quam
2064 4393 2182 4459 plu-

608 4461 783 4522 rimis,
815 4459 866 4511 id
907 4458 1364 4510 observabantus:
1398 4458 1538 4523 quod
1588 4460 1757 4524 ipsum
1802 4470 1853 4512 et
1888 4458 1944 4513 in
1998 4458 2184 4516 sancto

611 4530 935 4599 Hieronymo
957 4526 1265 4599 videreest1
1272 4525 1429 4599 cuius
1451 4527 1656 4595 integra
1683 4530 2179 4599 nomenclatiot‘uit,

612 4595 942 4666 Saphronius
965 4596 1222 4649 Eusebius
1248 4595 1619 4666 Hieronymus.
2054 4596 2061 4603 “

682 4664 754 4739 (b)
790 4666 1319 4739 Burgundionumiu
1339 4664 1508 4720 Gallia
1523 4682 1633 4739 rex
1661 4668 1778 4732 fuit,
1802 4670 1885 4725 vel
1914 4684 1979 4725 ex
2019 4671 2184 4726 Frau-

611 4737 793 4794 coruni
860 4738 1077 4791 historia
1136 4737 1463 4791 notissimus.
1522 4737 1653 4792 lluic
1697 4742 1837 4794 enim
1880 4741 2181 4799 Clodoveus

613 4821 796 4863 noster
840 4809 1002 4863 armis
1049 4809 1216 4861 victor
1244 4806 1496 4879 tributum
1527 4809 1798 4879 imposuit,
1836 4813 2080 4878 Patricio,
2124 4824 2184 4869 ut

613 4880 807 4934 Marius
839 4880 889 4932 in
928 4879 1195 4950 Qhrpuico
1223 4877 1405 4950 refert,
1435 4890 1489 4933 et
1518 4877 1743 4950 Hypatio
1764 4883 2092 4948 consulibus,
2129 4886 2179 4939 id

610 4960 693 5005 est
741 4965 880 5025 anno
926 4946 1129 5025 Christi
1172 4950 1294 5003 500.
1338 4946 1649 5007 Gundobadi
1678 4968 1806 5007 vero
1847 4953 1983 5007 ﬁlios
2016 4946 2181 5025 Sigis-

612 5021 864 5094 muudutn
915 5018 1410 5094 ct__Godomarum,
1457 5030 1574 5089 post
1623 5032 1824 5091 patrem
1870 5018 2178 5094 regnant'es,

609 5091 867 5145 Clodovei
913 5090 1003 5143 lilii
1050 5091 1155 5143 vita
1207 5105 1475 5160 regnoque
1524 5090 1837 5160 spoliarunt.
1887 5090 2079 5149 verum
2111 5100 2178 5151 ad

608 5162 895 5236 Godotnari
928 5169 1163 5236 tempora
1186 5160 1423 5236 epistolae
1450 5162 1589 5236 Aviti
1631 5180 1735 5218 non
1768 5166 2092 5236 pertinguut,
2126 5169 2177 5221 in

608 5234 803 5303 quibus
823 5229 1137 5286 Gundebadi
1177 5239 1232 5303 et
1270 5231 1593 5301 Sigismundi
1616 5229 1801 5288 crebra
1829 5245 1910 5289 est
1943 5229 2175 5291 'tncntio.

680 5304 757 5375 (π)
792 5302 1076 5383 Redarguit
1118 5301 1342 5367 primum
1384 5302 1670 5383 hic-locus
1695 5319 1904 5383 cassum
1938 5307 2179 5362 laborum

2279 2596 2477 2637 vacuus
2498 2595 2527 2634 a
2550 2580 2741 2635 s'alute.
2770 2578 2876 2634 Sed
2906 2578 2989 2633 his
3012 2576 3313 2639 collationis
3339 2575 3507 2646 magis
3544 2588 3705 2645 quam
3732 2572 3851 2629 luci-

2239 2710 2243 2714 -
2279 2673 2469 2729 daudzn
2513 2672 2636 2727 ﬁdei
2665 2671 2921 2728 exercitio
2951 2669 3257 2734 reservatis,
3291 2667 3417 2723 illud
3462 2668 3641 2737 potius
3684 2665 3822 2722 revol

2277 2780 2491 2828 ventus,
2522 2763 2662 2833 quod
2685 2779 2714 2817 a
2747 2761 3118 2818 sacerdotibus
3139 2760 3333 2814 vestris
3360 2758 3655 2829 scripsistis
3680 2758 3814 2827 objea
3844 2789 3853 2795 -

2280 2867 2410 2912 tum.
2463 2854 2625 2926 Igitur
2682 2850 3089 2909 discdtientibus
3138 2852 3311 2919 vobis,
3348 2860 3371 2889 θ
3406 2860 3584 2906 utrum
3636 2849 3831 2919 Spiritu

2281 2956 2521 3013 sanctus,
2551 2946 2641 3017 qui
2668 2946 2722 3001 in
2749 2954 2958 3001 secreto
2990 2944 3309 3015 baptismate
3350 2940 3597 2996 indivisa:
3625 2940 3855 2995 nomina-

2293 3045 2452 3099 tionis
2475 3042 2712 3099 vindicat
2732 3043 3016 3106 unitatem,
3048 3048 3259 3095 creator
3284 3053 3349 3092 an
3379 3046 3624 3092 creatura
3647 3036 3854 3092 credenc

2286 3139 2387 3193 dus
2442 3140 2545 3204 sit;
2597 3152 2717 3192 cum
2769 3137 2815 3191 si
2844 3144 3056 3190 creator
3097 3143 3196 3197 est,
3254 3146 3284 3186 a
3318 3130 3605 3186 Divinitate
3646 3136 3858 3199 nequeat

2286 3231 2556 3301 separari;
2588 3230 2635 3286 si
2677 3238 2939 3292 creatura,
2970 3212 3082 3282 Deo
3121 3242 3226 3281 non
3257 3225 3427 3295 possit
3447 3223 3588 3279 uniri
3618 3241 3630 3275 :
3657 3238 3759 3294 pro
3784 3235 3859 3292 pe-

2288 3325 2440 3380 nuria
2472 3322 2851 3394 respondendi,
2886 3321 2985 3376 sub
3011 3319 3287 3389 cujusdam
3320 3319 3526 3373 lubrico
3556 3317 3859 3389 quaestionis

2287 3419 2671 3489 interrogatum
2704 3428 2785 3473 cst
2810 3432 2839 3472 a
2861 3424 3011 3486 parte
3037 3414 3268 3480 diversa,
3288 3421 3463 3467 utrum
3494 3411 3724 3483 spiritus
3751 3426 3861 3467 nos-

2289 3523 2372 3570 ter
2382 3520 2596 3569 creatus
2606 3528 2671 3568 an
2687 3512 3043 3582 sempiternus
3059 3510 3249 3566 debeat
3259 3507 3485 3579 judicari
3502 3526 3513 3561 :
3529 3507 3684 3577 quasi
3696 3520 3863 3562 exent-

2285 3691 2489 3762 populi,
2518 3708 2635 3760 qua:
2665 3708 2721 3747 re.
2756 3701 2968 3762 peracta
3016 3692 3196 3755 ﬁebat,
3239 3691 3494 3745 translata
3529 3705 3633 3745 vox
3667 3692 3769 3745 fuit
3802 3692 3861 3745 ad

2284 3761 2661 3829 signiﬁcattdas
2694 3761 2777 3817 res
2797 3764 2937 3832 ipsas
2959 3779 3074 3831 quae
3097 3764 3439 3833 gerebantur.
3456 3762 3586 3833 Nam
3618 3772 3673 3816 et
3695 3764 3863 3816 missa)

2286 3836 2561 3886 matutinm
2596 3845 2650 3888 et
2677 3835 2999 3903 vespertina:
3038 3832 3316 3901 appellata:
3344 3844 3465 3887 sunt
3498 3832 3748 3900 litui-giae,
3772 3848 3864 3887 seu

2287 3905 2544 3957 solemnia
2573 3904 2768 3969 ofﬁcia,
2798 3920 2917 3974 qua:
2946 3903 3218 3958 matutinis
3252 3912 3343 3957 aut
3374 3904 3686 3974 vespertinis
3716 3903 3865 3974 horis

2288 3974 2718 4028 celebrabantur.
2741 3972 2896 4042 Quod
2926 3990 3055 4029 sane
3077 3976 3271 4029 mirum
3297 3988 3363 4028 eo
3389 3975 3561 4028 minus
3579 3972 3745 4026 videri
3774 3972 3864 4028 de-

2291 4044 2400 4107 bet,
2431 4045 2573 4114 quod
2605 4047 2720 4100 vice
2759 4059 2912 4100 versa
2963 4046 3178 4116 synaxis
3218 4055 3273 4100 et
3321 4046 3560 4099 collectae
3590 4043 3867 4116 vocabula,

2290 4130 2409 4183 quae
2442 4117 2655 4183 proprie
2684 4114 3006 4171 conventum
3028 4125 3083 4171 et
3112 4117 3579 4184 congregationem
3600 4115 3666 4169 ad
3692 4114 3866 4169 divina

2288 4185 2464 4240 ollicia
2506 4186 2828 4255 signiﬁcant,
2875 4201 2974 4256 pro
3017 4188 3145 4255 ipsis
3175 4201 3386 4256 quoque
3433 4186 3627 4240 divinis
3677 4185 3867 4240 ofﬁciis

2293 4267 2417 4339 tum
2435 4256 2728 4323 matutinis,
2764 4267 2871 4311 tum
2901 4257 3219 4326 vespertinis
3246 4258 3442 4327 passim
3476 4266 3730 4325 usurpata
3760 4270 3867 4311 me-

2291 4343 2560 4381 minimus.

2364 4394 2438 4467 (d)
2473 4398 2700 4452 llilarius
2731 4398 2782 4453 in
2812 4396 3116 4453 Matthteum
3140 4413 3260 4467 cap.
3291 4412 3340 4450 tv
3369 4414 3383 4451 :
3420 4398 3556 4452 Raca
3604 4398 3870 4451 vacuitatis

2293 4469 2619 4536 opprobrium
2640 4480 2734 4531 est,
2768 4478 2813 4523 et
2841 4469 2928 4539 qui
2971 4481 3145 4522 sancto
3175 4469 3373 4539 Spiritu
3418 4470 3625 4536 plenum
3652 4469 3870 4521 convicio

2291 4540 2557 4592 vacuitatis
2589 4541 2870 4607 insimulat,
2896 4538 2952 4607 ﬁt
2974 4555 3091 4593 reus
3113 4538 3330 4592 concilio
3353 4550 3667 4605 sanctorum,
3698 4547 3873 4592 contu-

2292 4608 2493 4689 meliam
2522 4609 2749 4689 Spiritus
2779 4612 2942 4675 sancti
2962 4620 3257 4664 sanctorum
3277 4610 3513 4681 judicum
3550 4611 3873 4664 animadver-

2291 4680 2434 4733 sione
2462 4680 2701 4735 luiturus.

2363 4748 2436 4819 (θ)
2460 4749 2539 4833 ,ΕΞ
2556 4750 2810 4833 Spiritum
2838 4751 3074 4807 divinum
3106 4761 3400 4833 creatorem
3424 4768 3527 4808 non
3549 4761 3871 4833 creaturam,

2291 4830 2347 4875 et
2391 4823 2637 4890 spiritum
2679 4832 2916 4877 nostrum
2962 4838 3068 4878 non
3112 4823 3499 4892 sempiternum
3547 4823 3874 4880 credendum

2291 4905 2433 4956 esse,
2470 4892 2561 4945 sed
2592 4902 2850 4962 creatum.
2882 4892 3085 4962 liquido
3114 4904 3168 4949 et
3208 4893 3417 4949 abunde
3446 4895 3638 4961 probat
3679 4894 3875 4949 adver-

2291 4976 2384 5015 sus
2432 4961 2739 5017 sacerdotes
2790 4961 3124 5020 Gundebadi.
3175 4964 3324 5030 Quod
3365 4980 3494 5020 vero
3543 4966 3697 5025 istos,
3751 4965 3876 5020 dum

2291 5047 2468 5112 causzn
2493 5033 2785 5112 indulgent,
2800 5049 2905 5112 pro
2919 5049 2983 5112 eo
2998 5035 3423 5112 quodinspiravit
3450 5033 3587 5089 Deus
3606 5039 3658 5112 in
3680 5034 3876 5090 Genesi

2292 5101 2535 5176 legimus,
2553 5104 2833 5176 insui/lavit
2855 5101 3054 5161 dixisse
3074 5101 3410 5171 criminatur,
3426 5120 3531 5159 non
3556 5108 3687 5160 satis
3714 5122 3879 5176 appa-

2290 5182 2376 5226 ret
2405 5173 2529 5241 quid
2564 5173 2777 5245 illorum
2802 5190 3014 5229 causam
3036 5177 3186 5245 juvet
3213 5177 3325 5230 haec
3357 5178 3580 5230 mutatio
3605 5193 3620 5232 :
3650 5173 3762 5230 aut'
3780 5173 3879 5231 cur

2289 5243 2613 5325 reprehendi
2659 5244 3017 5325 hoc_nomi_ne
3038 5243 3272 5325 possint,
3293 5262 3418 5325 cum
3461 5246 3634 5325 theci
3661 5246 3879 5325 codices

2289 5313 2614 5388 ξνεφρσησεν,
2647 5316 2787 5388 quod
2817 5324 2901 5370 est
2949 5313 3250 5388 insufﬂauit,
3293 5313 3691 5388 lega_nt,'atquc
3740 5317 3879 5371 hanc

609 5373 1115 5456 illorittntltiitnissze
1132 5387 1324 5456 nomen
1353 5374 1638 5456 creticum,
1658 5375 2178 5456 id_est,llebraicum
2208 5382 2262 5443 D
2285 5373 2571 5456 leciionem
2603 5373 2901 5440 'eihibeant
2947 5373 3701 5456 Teriulliatitts,"Cyprianus,
3747 5389 3878 5441 Am-

612 5444 808 5511 liugcre
836 5441 950 5498 ausi
980 5453 1121 5510 sunt,
1153 5452 1258 5496 non
1288 5441 1549 5505 Latinum,
1584 5445 1723 5513 quod
1768 5462 1851 5499 res
1897 5459 1998 5511 est,
2031 5458 2085 5502 ct
2112 5466 2179 5503 ex

610 5517 749 5568 Aviti
791 5516 964 5569 verbis
1008 5514 1365 5585 perspicuum.
1409 5514 1569 5567 Docet
1598 5515 1810 5579 deinde,
1858 5519 1995 5585 quod
2038 5520 2175 5572 haud

611 5588 721 5637 scio
751 5601 815 5638 an
840 5601 869 5639 a
899 5601 1161 5654 quoquam
1196 5584 1449 5638 hactenus
1480 5585 1768 5653 proditum,
1805 5584 1909 5639 non
1935 5592 1985 5641 in
2014 5591 2178 5644 eccle-

612 5654 704 5708 siis
725 5656 899 5725 modo,
922 5672 1102 5709 verum
1126 5655 1282 5710 etiam
1315 5655 1366 5708 in
1400 5655 1605 5725 palatiis
1631 5657 1998 5725 praatoriisque
2022 5676 2175 5715 usur-

612 5727 722 5796 pari
754 5724 929 5799 missae
980 5741 1171 5799 nomen
1214 5724 1532 5792 consuesse,
1567 5741 1686 5780 cum
1735 5726 1958 5799 populus
1986 5744 2015 5782 a
2044 5745 2175 5784 ear.-

612 5794 769 5855 ventu
799 5794 1178 5853 dimittebatur.
1204 5800 1280 5855 Ab
1305 5799 1400 5854 hac
1433 5800 1591 5865 igitur
1616 5794 1777 5855 missa
1806 5794 1901 5855 Seu
1923 5802 2178 5862 missione

2286 5452 2497 5509 brosius
2546 5464 2601 5509 ct
2650 5459 2994 5526 Augustinus,
3048 5474 3114 5512 ne
3163 5452 3679 5513 alios'rece-nseam.
3724 5456 3879 5511 Adde

2286 5526 2427 5591 quod
2457 5527 2741 5594 Sapientiae
2773 5528 2946 5595 capite
2974 5544 3060 5588 xv,
3102 5544 3168 5582 ne
3199 5530 3427 5597 argutari
3462 5529 3637 5591 liceat,
3662 5538 3877 5582 utrum-

2285 5609 2387 5679 que
2418 5599 2721 5679 copulatum
2754 5606 2857 5679 est,
2882 5600 2966 5679 τρν
3006 5600 3524 5679 ἓμφεύσαντφαὺηῷ
3554 5600 3759 5679 ψιυχὴγ,
3792 5602 3877 5654 καὶ

2284 5670 2647 5747 susurrus-avra:
2682 5674 2881 5747 πνεῦμα
2904 5671 3155 5747 ιζιέινιίιιὸν,Δ
3172 5679 3230 5747 et_
3247 5672 3333 5740 qui
3358 5671 3617 5739 inspiravit
3644 5670 3877 5726 animant

2282 5745 2333 5788 et
2355 5739 2440 5808 qui
2461 5739 2739 5810 insui/Iuvit
2768 5742 2812 5794 ei
2835 5740 3073 5809 spiritum
3109 5740 3331 5797 vitalem.
3364 5778 3371 5784 -
