4092 6350
262 410 362 467 201

1665 406 1996 465 EPISTOLA
2036 406 2103 460 Il.

3439 403 3547 459 202

259 507 657 598 ploScripturae
704 521 942 579 caelestis
971 520 1286 593 interposito
1312 563 1326 588 ,
1356 536 1462 592 quo
1500 520 1703 576 dictum
1734 531 1844 578 est:
1877 527 1930 586 Α
1957 520 2204 591 spiritum
2236 517 2532 574 divinitatis
2567 517 2791 574 infundi.
2828 516 3056 592 Perinde
3086 529 3144 573 se
3184 515 3410 571 fortasse
3452 516 3549 569 Ju-

261 617 545 688 Insuﬁlavit
564 615 700 671 Deus
720 618 955 688 spiritum
975 616 1030 668 in
1055 615 1276 668 animam
1304 615 1417 668 uiue
1446 613 1608 683 (Sap.
1628 629 1716 679 xv,
1739 615 1850 683 ll).

259 711 502 767 Primum
540 725 668 780 ergo
708 709 959 779 conjicite
1011 707 1137 779 quid
1181 710 1233 762 in
1279 708 1615 776 expositione
1664 707 1854 762 facturi

259 804 496 875 suntqui
523 804 591 859 de
607 802 911 859 testimonio
938 803 1263 857 mentiuntur
1293 819 1304 854 :
1341 810 1432 855 aut
1457 800 1684 870 qualiter
1700 800 1854 856 adin-

260 897 546 950 ventiones
569 909 692 950 suas
719 893 946 948 fallacia:
977 893 1274 948 tumoribus
1291 892 1568 960 impleant,
1587 893 1676 962 qui
1704 891 1851 947 dicta

256 987 457 1042 divinae
483 985 817 1042 auctoritatis
861 985 1162 1040 immutant.
1193 983 1328 1038 Nam
1375 983 1519 1055 quod
1562 984 1853 1050 dixerunt,

257 1080 561 1136 lnsufllavit
592 1081 732 1135 Deus
754 1078 1000 1148 spiritum
1033 1078 1083 1132 in
1114 1076 1344 1132 animam
1375 1077 1519 1144 vitae,
1563 1075 1854 1131 artificiosa

265 1188 459 1229 eorum
493 1169 678 1226 fraude
697 1170 983 1226 confictam
1006 1178 1109 1224 est.
1158 1168 1326 1235 Quem
1381 1168 1556 1223 locum
1588 1168 1634 1222 si
1668 1181 1858 1222 recen-

258 1263 485 1319 sendum
507 1261 610 1318 sibi
643 1261 813 1331 pietas
844 1270 1017 1316 vestra
1050 1259 1306 1315 decernat
1352 1258 1570 1324 offerri,
1602 1258 1681 1314 sic
1709 1258 1856 1313 inve-

259 1357 370 1412 niet
390 1357 644 1426 scriptum
676 1372 689 1408 :
722 1355 785 1408 Et
836 1356 953 1424 fecit
978 1353 1115 1408 Deus
1141 1353 1396 1408 hominem
1422 1355 1484 1408 de
1531 1355 1652 1408 limo
1685 1363 1853 1419 term,

261 1461 306 1506 et
326 1451 591 1521 inspiravit
625 1450 677 1502 in
702 1450 888 1519 facient
913 1450 1024 1517 ejus
1064 1449 1380 1516 spiraculum
1410 1449 1558 1503 vitm:
1586 1457 1632 1501 et
1688 1447 1856 1516 [actus

262 1555 333 1600 est
365 1545 515 1599 homo
546 1545 598 1598 in
629 1543 854 1597 animam
888 1543 1131 1597 viventem
1177 1541 1328 1612 (Gen.
1363 1558 1420 1607 ιι,
1454 1540 1530 1610 7).
1553 1540 1850 1608 Perpendi-

263 1646 317 1694 te
347 1652 488 1693 nunc
518 1646 717 1708 quanta
744 1635 811 1689 sit
844 1636 895 1689 in
948 1649 1200 1690 sermone
1245 1632 1517 1688 distantia.
1575 1632 1654 1687 llli
1707 1632 1857 1688 dixe-

263 1740 407 1797 runt,
436 1729 734 1786 lnsufllzwit
765 1728 816 1781 in
855 1727 1108 1792 animam,
1139 1741 1260 1780 cum
1299 1726 1555 1794 scriptum
1588 1725 1655 1778 sit
1685 1741 1696 1776 :
1745 1723 1858 1779 lns—

265 1822 460 1891 piravit
482 1822 536 1875 in
567 1820 779 1876 faciem.
807 1819 1074 1887 InSpirare
1103 1819 1244 1873 enim
1270 1818 1617 1887 incorporeus
1659 1825 1853 1886 potest,

1963 611 2102 680 dmo,
2151 611 2436 679 ltmretico,
2485 613 2814 682 gentilique,
2863 619 2922 666 ut
2973 609 3265 672 catholico,
3315 607 3548 676 Spiritus

1963 712 2179 760 sanctus
2199 703 2455 770 insinuat,
2486 719 2552 758 an
2583 706 2803 759 forsitan
2834 705 3005 759 Patris
3030 703 3111 758 vel
3141 701 3261 757 Filii
3303 701 3547 770 iussione

1961 795 2158 852 invitus
2207 796 2260 851 in
2291 797 2703 852 criminosorum
2747 797 2985 852 membra
3039 795 3407 852 contruditur?
3437 795 3546 849 Sed

1960 889 2088 960 quid
2118 890 2360 955 facimus,
2394 890 2537 960 quod
2584 889 2816 959 Spiritus
2860 888 2949 943 ubi
2972 889 3084 944 vult
3114 890 3327 958 spirat?
3371 888 3472 956 Qui
3502 889 3548 943 si

1961 983 2160 1054 absque
2189 984 2415 1039 arbitrio
2441 998 2540 1039 suo
2571 997 2796 1052 corpora
2843 981 3057 1051 indigna
3102 983 3423 1048 sanctificat,
3455 997 3548 1037 re-

1960 1075 2122 1131 vincit
2169 1075 2482 1148 prophetam
2549 1075 2839 1140 dicentem,
2885 1073 3025 1144 quod
3055 1087 3164 1127 non
3211 1072 3469 1128 habitavit
3495 1073 3546 1127 in

1959 1185 2185 1240 corpore
2206 1172 2419 1226 subdito
2441 1174 2674 1240 peccatis
2699 1169 2854 1241 (Sap.
2885 1185 2923 1236 ι,
2957 1168 3034 1238 4).
3064 1168 3324 1235 Quocirca
3353 1168 3546 1222 huma-

1959 1277 2060 1317 nus
2088 1263 2309 1330 spiritus
2340 1262 2612 1318 creatione
2647 1262 2948 1324 inchoatur,
2981 1259 3193 1316 divinus
3240 1269 3418 1316 autem
3446 1260 3546 1315 be-

1959 1355 2216 1425 nignitate
2244 1356 2576 1412 conceditur.
2606 1355 2723 1411 Non
2748 1356 2891 1410 enim
2923 1353 3127 1425 absque
3151 1354 3275 1408 vita:
3295 1367 3408 1408 suae
3436 1353 3547 1422 spi-

1958 1448 2064 1504 ritu
2095 1457 2268 1514 erant,
2301 1449 2494 1520 quibus
2539 1449 2594 1504 in
2633 1447 2996 1518 apostolorum
3043 1445 3209 1517 gestis
3256 1443 3548 1515 imponitur

1958 1557 2150 1598 manus
2179 1544 2516 1615 utaccipiant
2538 1543 2798 1612 Spiritum
2829 1552 3072 1598 sanctum
3101 1541 3237 1612 (Act.
3297 1555 3412 1605 vm,
3446 1539 3544 1605 l7;

1958 1651 2073 1703 χιι,
2106 1636 2184 1708 6).
2217 1637 2372 1704 Quod
2427 1638 2472 1692 si
2513 1638 2684 1706 ipsum
2714 1649 2929 1706 quoque
2977 1633 3235 1704 Spiritum
3281 1638 3547 1693 sanctum,

1960 1745 2058 1798 pro
2080 1745 2146 1785 eo
2169 1731 2310 1800 quod
2335 1740 2640 1786 creatorum
2675 1728 2911 1783 fidelium
2935 1736 3142 1782 mentes
3169 1726 3429 1784 introeat.
3458 1737 3553 1778 vo-

1962 1822 2079 1876 lunt
2107 1823 2220 1877 fieri
2251 1831 2578 1888 creaturam,
2609 1822 2676 1877 de
2728 1821 3090 1892 suprascripta
3121 1817 3372 1874 videlicet
3425 1830 3528 1872 con

272 1913 548 1968 insufﬂare
589 1913 690 1981 nisi
720 1926 1010 1981 corporeus
1040 1927 1144 1966 non
1168 1919 1363 1980 potest.
1395 1911 1536 1968 Deus
1553 1918 1731 1965 autem
1755 1924 1858 1964 non
1888 1915 1937 1978 Β
1964 1914 2204 1970 clusione
2227 1955 2243 1982 ,
2299 1915 2391 1985 qui
2434 1913 2797 1985 peremptorie
2845 1913 2978 1967 nihil
3029 1911 3286 1974 dicentes,
3337 1909 3384 1964 si
3436 1908 3552 1975 Dei,

271 2003 423 2074 quasi
447 2003 638 2059 animm
663 2005 772 2073 jam
805 2002 1001 2057 viventi
1025 2002 1274 2071 spiritum
1327 2002 1519 2070 legitur
1557 2000 1860 2056 insufflasse

269 2112 425 2166 quem
454 2097 756 2162 addiderit;
792 2097 885 2151 sed
917 2095 1156 2150 materia
1189 2095 1422 2150 nondum
1471 2095 1691 2160 viventi,
1725 2094 1862 2149 sicut

265 2185 732 2255 antiq‘uLcodices
777 2185 997 2250 habent,
1044 2185 1431 2254 spiramentum
1475 2186 1598 2240 vita:
1647 2199 1752 2254 quo
1805 2185 1858 2240 in

266 2278 499 2333 animam
531 2279 798 2335 viventem
829 2278 1232 2344 sublimaretur,
1265 2277 1476 2333 infudit.
1510 2279 1648 2348 Ergo
1690 2280 1734 2334 si
1776 2279 1859 2334 in-

264 2373 559 2444 spiratione
590 2373 686 2428 hac
724 2373 902 2428 anima
965 2372 1197 2428 hominis
1253 2373 1391 2428 facta
1427 2382 1532 2440 est,
1562 2382 1749 2428 etnon
1778 2382 1861 2429 est

265 2468 410 2524 aliud
441 2469 616 2524 anima
649 2469 880 2523 humana
905 2482 1067 2538 quam
1101 2467 1355 2538 spiritus,
1396 2474 1564 2522 restat
1615 2467 1860 2537 spiritum

264 2561 532 2631 principio
564 2577 668 2616 non
690 2576 900 2618 carere.
928 2560 1082 2627 Quod
1115 2559 1380 2630 objurgati
1411 2574 1439 2612 a
1463 2558 1616 2613 vobis
1671 2573 1858 2614 sense-

263 2660 393 2705 runt
422 2650 521 2706 sibi
554 2651 795 2720 protinus
825 2648 1227 2720 opponendum,
1251 2648 1352 2703 nisi
1370 2663 1462 2718 per
1488 2646 1862 2704 insufﬂationis

273 2744 496 2799 carnale
523 2752 886 2799 commentum
935 2741 1183 2810 spiritum
1230 2742 1400 2810 ipsum
1450 2741 1644 2795 animae
1688 2741 1863 2810 potius

262 2852 428 2906 quam
460 2836 677 2908 corpori
703 2835 930 2891 inditum
963 2834 1338 2889 mentirentur.
1387 2833 1518 2888 Nam
1570 2848 1691 2888 cum
1719 2849 1865 2904 quae-

262 2938 391 2984 rant
417 2929 714 2984 intentione
739 2928 944 2994 lethali,
973 2942 1078 2982 non
1098 2926 1368 2996 quomodo
1382 2941 1502 2996 qum
1523 2935 1650 2981 sunt
1665 2926 1864 2995 scripta

261 3031 619 3091 cognoscant,
652 3020 747 3076 sed
778 3020 1006 3090 qualiter
1046 3019 1244 3088 scripta
1293 3027 1546 3089 putentur
1593 3034 1716 3075 esse
1745 3035 1864 3089 qua:

263 3114 600 3184 praedicant,
644 3113 770 3184 quid
813 3123 1060 3183 putamus
1095 3114 1354 3184 imperitis
1409 3113 1630 3180 faciunt,
1662 3116 1751 3184 qui
1781 3116 1865 3170 in-

264 3204 592 3260 structionis
615 3213 813 3259 vestrae
838 3205 1193 3260 reverentiam
1225 3220 1330 3261 non
1370 3217 1663 3275 pavescunt
1691 3206 1867 3262 l'l‘ra-

1965 2007 2133 2070 aiunt,
2163 2005 2387 2076 spiritus
2413 2016 2658 2062 creatura
2680 2021 2786 2060 non
2811 2014 2913 2071 est,
2956 2018 3018 2058 ac
3047 2003 3090 2057 si
3115 2017 3212 2057 nec
3239 2002 3290 2055 in
3340 2000 3558 2056 homine

1963 2109 2207 2154 creatura
2241 2099 2438 2168 poterit
2461 2098 2569 2154 dici
2602 2117 2614 2152 :
2643 2099 2766 2168 quid
2797 2111 2939 2152 nunc
2984 2097 3054 2152 de
3085 2095 3254 2150 Patris
3307 2093 3392 2148 vel
3436 2092 3558 2148 Filii

1961 2190 2238 2247 divinitate
2261 2193 2590 2258 censebunt,
2639 2206 2798 2262 quam
2839 2199 2894 2246 et
2925 2197 3162 2245 creatam
3219 2186 3557 2242 comminisci

1964 2297 2069 2337 non
2103 2291 2377 2354 poterunt,
2409 2295 2463 2339 et
2494 2284 2725 2339 lectione
2770 2280 3041 2353 perterriti
3075 2279 3315 2334 habitare
3341 2287 3557 2333 sancto-

1963 2393 2080 2431 rum
2103 2392 2330 2448 corpora
2357 2392 2464 2432 non
2492 2377 2784 2447 negabunt,
2833 2372 3092 2444 Apostolo
3138 2371 3386 2426 ﬁdelibus
3433 2385 3557 2440 pro.

1966 2478 2196 2524 testante
2227 2486 2239 2523 :
2275 2470 2539 2540 Templum
2579 2470 2711 2522 enim
2742 2466 2836 2520 Dei
2869 2475 3102 2521 sanctum
3131 2474 3226 2530 est,
3274 2464 3410 2534 quod
3438 2465 3558 2517 estis

1964 2578 2052 2616 vos
2083 2564 2134 2633 (1
2167 2563 2286 2619 Cor.
2322 2579 2409 2630 ιιι,
2442 2563 2579 2630 17)?
2609 2560 2716 2616 Sed
2734 2575 2854 2615 cum
2896 2557 3386 2628 incomparabiliter
3408 2555 3557 2625 plura

1966 2655 2072 2710 sint
2099 2670 2218 2725 qua:
2241 2655 2342 2710 sub
2372 2653 2656 2724 praesentia
2683 2652 2867 2722 glorise
2894 2659 3087 2706 vestrae
3106 2648 3318 2719 suggcri
3339 2656 3557 2716 queant,

1967 2745 2095 2801 illud
2129 2747 2180 2801 in
2212 2749 2316 2802 line
2360 2746 2654 2810 sermonis,
2688 2745 2774 2814 qui
2809 2759 2913 2798 non
2962 2742 3136 2797 solum
3190 2740 3421 2795 tribuitis
3465 2740 3559 2798 sed

1969 2839 2250 2910 injungitis
2279 2840 2604 2906 libertatem,
2654 2837 2822 2892 Deum
2852 2851 3053 2908 vosque
3074 2877 3090 2902 ,
3123 2835 3304 2891 divina
3355 2841 3558 2889 vestra.

1967 2949 2073 3004 que
2097 2935 2457 3004 promissione
2481 2932 2668 2998 fretus,
2702 2930 2928 2986 obsecro
2959 2944 3028 2985 ne
3053 2927 3254 2984 diutius
3303 2924 3560 2980 sacerdo-

1971 3036 2049 3080 tes
2077 3027 2240 3081 vestri
2265 3026 2544 3089 dicantur,
2575 3024 2664 3093 qui
2690 3031 2876 3077 saucto
2897 3021 3116 3090 Spiritui
3136 3019 3511 3076 contradicunt
3543 3034 3558 3072 :

1970 3135 2036 3173 ne
2065 3119 2318 3189 deinceps
2346 3134 2527 3175 coram
2553 3118 2702 3172 vobis
2732 3117 3110 3187 permittantur
3139 3115 3334 3170 docere
3357 3115 3444 3185 qui
3471 3130 3558 3168 re-

1970 3221 2140 3266 nuunt
2165 3211 2372 3266 discere
2406 3231 2416 3264 :
2452 3226 2520 3266 ne
2550 3221 2576 3248 ⁸
2626 3210 2694 3264 ad
2740 3208 3123 3279 perfectionem
3172 3218 3404 3264 vestram
3464 3207 3559 3261 ali-

262 3305 508 3361 ctemus,
527 3297 571 3350 si
606 3296 826 3366 propitii
854 3297 1052 3363 sinitis,
1077 3307 1272 3368 quanta
1294 3297 1490 3367 ineptia
1516 3309 1864 3370 proponatur,
1894 3294 1943 3359 C
1972 3313 2235 3372 quatenus
2263 3302 2612 3358 differendam
2657 3301 2947 3371 persislant
2998 3301 3375 3370 blaSphemare
3421 3299 3560 3370 quod

258 3387 415 3459 quod
441 3388 486 3442 si
515 3388 609 3444 Dei
639 3389 860 3459 spiritus
889 3397 1135 3445 creatura
1166 3405 1272 3444 non
1303 3400 1408 3457 est,
1448 3406 1509 3444 ac
1558 3392 1636 3446 sic
1679 3407 1776 3448 nec
1815 3394 1867 3448 in

265 3480 501 3536 homine
527 3489 773 3536 creatura
801 3481 1003 3552 poterit
1030 3480 1135 3536 dici
1159 3482 1396 3552 spiritus,
1425 3498 1584 3553 quem
1614 3483 1755 3539 Deus
1782 3483 1866 3539 in-

259 3573 522 3630 sufﬂasse
548 3572 880 3643 perhibetur.
912 3571 1054 3627 Nihil
1100 3572 1318 3628 omnino
1347 3589 1468 3630 esse
1522 3584 1718 3644 prmter
1739 3575 1866 3646 duo,

258 3667 314 3724 id
363 3676 449 3722 est
478 3675 775 3723 creatorem
811 3675 1238 3736 creaturamque,
1277 3682 1420 3736 saepe
1459 3668 1734 3724 definitum
1760 3681 1863 3726 est.

259 3760 370 3818 Dei
407 3775 569 3831 porro
598 3760 819 3831 spiritus
843 3760 1036 3828 factor,
1068 3760 1300 3818 hominis
1322 3777 1450 3817 vero
1473 3763 1673 3819 factura
1697 3765 1865 3835 accipi

262 3853 461 3910 debet.
487 3853 639 3910 Unde
669 3853 890 3923 spiritus
920 3854 1008 3923 qui
1031 3852 1082 3908 in
1107 3853 1259 3908 nobis
1290 3854 1444 3920 vivit,
1489 3858 1728 3926 potentia
1773 3857 1867 3913 Dei

258 3945 608 4017 intelligitur,
637 3960 742 4001 uon
774 3955 984 4001 natura.
1011 3945 1143 4001 Nam
1171 3947 1214 4001 si
1239 3948 1546 4017 vegetandis
1569 3949 1721 4005 nobis
1743 3950 1868 4005 sub-

261 4039 475 4094 stantia
504 4037 675 4094 sancti
731 4038 963 4106 Spiritus
1005 4038 1254 4094 credatur
1284 4039 1556 4104 immixta,
1587 4040 1868 4110 placabilis

257 4135 332 4189 sit
365 4133 470 4189 Dei
501 4143 554 4189 et
584 4141 762 4189 vester
793 4131 1025 4198 auditus,
1079 4131 1412 4200 blasphemia
1457 4133 1597 4198 talis,
1631 4133 1868 4188 utetiam

258 4226 643 4294 convincatur,
677 4226 767 4280 vix
797 4225 915 4280 sine
938 4232 1159 4294 peccato
1187 4223 1355 4293 repeti
1386 4232 1580 4292 potest.
1604 4224 1867 4291 Quoniam

237 4320 306 4391 _si
360 4327 678 4390 praeventus
726 4318 1015 4373 carnaliter
1063 4325 1250 4386 peccat
1298 4317 1520 4387 spiritus
1569 4317 1864 4384 humanus,

259 4414 511 4484 Spiritus
553 4421 772 4468 sanctus
822 4425 1046 4480 peccare
1098 4411 1150 4465 in
1206 4425 1270 4465 eo
1319 4409 1575 4466 dicendus
1621 4421 1741 4468 est:
1781 4413 1863 4468 vel

259 4515 427 4562 certe
448 4506 671 4575 Spiritui
687 4515 872 4562 sancto
885 4505 1258 4561 remissionem
1281 4504 1397 4560 dari
1427 4507 1715 4576 poscimus,
1741 4523 1862 4564 cum

259 4613 366 4669 pro
419 4597 789 4654 defunctorum
839 4599 1110 4670 Spiritibus
1167 4599 1549 4669 supplicamus.
1597 4601 1864 4659 Parumne

257 4705 407 4763 rogo
448 4691 706 4748 hactenus
731 4691 848 4759 fuit,
901 4701 959 4746 ut
987 4691 1122 4747 alter
1165 4691 1393 4760 Spiritus
1439 4703 1690 4762 sanctus,
1724 4695 1862 4752 alter

259 4782 588 4839 Paraclelus
613 4783 884 4840 diceretur
915 4799 928 4836 :
963 4783 1064 4838 nisi
1117 4782 1341 4837 addatur
1372 4785 1486 4838 haec
1527 4800 1623 4854 pro
1674 4786 1861 4843 ultima

258 4875 504 4946 perfugii
528 4876 846 4931 necessitate
876 4875 1252 4941 numerositas,
1303 4886 1359 4930 ut
1404 4877 1687 4947 mancipati
1718 4879 1864 4936 insu-

259 4981 364 5035 per
400 4966 652 5037 contagio
678 4965 992 5022 delictorum
1027 4975 1105 5020 tot
1132 4966 1296 5020 divini
1345 4967 1563 5038 spiritus
1591 4979 1721 5038 quot
1763 4970 1862 5025 ho-

257 5060 450 5117 mines
478 5059 908 5130 computentur?
955 5059 1021 5113 Et
1058 5060 1224 5128 perite
1263 5059 1468 5115 scilicet
1494 5059 1732 5116 decrevit
1771 5078 1860 5117 sa-

258 5152 565 5208 cerdotalis
594 5151 909 5216 auctoritas,
941 5165 1050 5207 uno
1098 5150 1258 5206 modo
1303 5153 1510 5207 cunctis
1538 5155 1863 5223 generaliter

336 5345 366 5374 α
394 5332 786 5392 Gundobadum
816 5345 998 5392 narrat
1023 5333 1314 5404 Gregorius
1343 5333 1698 5399 Turonensis,
1723 5334 1859 5390 lihro

257 5419 324 5473 ιι,
357 5407 507 5462 Aviti
531 5408 767 5478 episcopi
822 5405 1288 5464 dissertationibus
1320 5405 1646 5478 convictum,
1680 5404 1857 5478 Trini-

260 5479 508 5548 talisque
547 5475 905 5548 aequalitatem
952 5480 1279 5540 confessum,
1313 5475 1449 5548 clam
1506 5484 1562 5528 ut
1598 5476 1859 5531 chrisma-

259 5547 738 5619 retur’expetiisse
771 5567 785 5616 ;
820 5559 962 5605 metu
987 5559 1165 5605 autem
1198 5547 1376 5618 populi
1408 5547 1744 5619 deterritum,
1792 5564 1862 5605 ne

256 5618 589 5691 conceptam
622 5622 780 5676 fidem
811 5621 1044 5690 publice,
1078 5619 1218 5690 quod
1244 5619 1528 5691 episcopus
1578 5618 1859 5685 suadebat,

257 5688 640 5818 profiteretur,
669 5688 918 5763 usquead
966 5688 1170 5748 exitum
1211 5688 1331 5746 vitae
1380 5690 1433 5744 in
1483 5688 1691 5744 insania
1742 5705 1862 5760 per-

299 5778 518 5818 urasse.

299 5778 518 5820 urasse.

336 5833 369 5873 ι’
422 5835 495 5891 De
542 5837 643 5890 hac
681 5835 901 5905 epistola
943 5844 998 5891 et
1037 5833 1302 5905 sequenti,
1355 5833 1577 5903 aliisque
1621 5831 1862 5902 ejusdem

256 5906 599 5977 argumenti,
621 5922 739 5977 qua:
762 5908 813 5962 in
842 5907 985 5963 Flori
1015 5907 1293 5978 Excerptis
1321 5911 1712 5972 memorantur,
1739 5918 1864 5961 cum

520 6000 792 6062 ΡΑτιιοι.
840 5999 1030 6063 LIX.’

1971 3396 2220 3462 audiatis,
2251 3395 2341 3465 qui
2370 3395 2562 3449 nolunt
2587 3395 2791 3449 sentire
2815 3394 2956 3463 quod
3007 3392 3229 3448 creditis
3263 3411 3275 3445 :
3331 3408 3399 3447 ne
3427 3393 3560 3447 tolc-

1973 3488 2142 3542 rando
2171 3487 2542 3554 imperitorum
2582 3485 2845 3540 versutias
2874 3494 2930 3540 et
2960 3485 3186 3554 ineptias
3211 3485 3560 3550 callidorum,

1973 3578 2378 3650 suspendamini
2405 3594 2433 3632 a
2458 3576 2815 3648 professione,
2843 3592 2963 3631 cum
2987 3576 3096 3646 jam
3127 3577 3325 3630 dudum
3357 3577 3409 3631 in
3434 3592 3561 3631 con-

1972 3671 2208 3728 fessione
2241 3672 2551 3728 teneamini.
2584 3669 2745 3725 Vobis
2783 3685 2878 3739 per
2905 3669 3186 3740 epistolam
3229 3685 3379 3724 suam
3429 3687 3561 3726 san-

1971 3772 2088 3818 ctus
2117 3763 2394 3834 apostolus
2424 3759 2619 3817 Paulus
2659 3761 2911 3816 inclamat
2941 3779 2953 3814 :
2985 3760 3112 3826 Qum
3139 3777 3241 3833 pax
3270 3761 3412 3829 ﬁdeli
3443 3779 3560 3816 cum

1969 3856 2260 3924 inﬁdelibus
2291 3858 2315 3911 ?
2342 3873 2454 3928 quae
2483 3858 2695 3912 societas
2745 3855 2845 3909 luci
2874 3871 2989 3910 cum
3043 3856 3297 3909 tenebris?
3338 3854 3558 3924 Propter

1969 3953 2129 4021 quod,
2163 3952 2352 4022 inquit,
2376 3953 2507 4006 exite
2534 3953 2595 4004 de
2621 3951 2788 4004 medio
2811 3966 3007 4014 eorum,
3036 3960 3082 4003 et
3129 3951 3442 4019 separamim’
3469 3950 3516 4020 (Ι
3533 3948 3560 4000 Ι

1969 4041 2089 4095 Cor.
2118 4057 2191 4105 vr,
2232 4042 2318 4104 12,
2365 4041 2454 4110 17)
2484 4059 2498 4105 ;
2533 4043 2580 4094 id
2613 4049 2717 4106 est,
2771 4056 2838 4095 ne
2883 4041 3370 4095 communicaturos
3424 4041 3560 4092 ultra

1972 4133 2203 4202 peccatis
2231 4133 2419 4186 alienis
2445 4134 2592 4187 laeva:
2622 4132 2789 4200 partis
2826 4133 3070 4186 vicinitas
3128 4131 3376 4195 maculet,
3426 4146 3560 4200 quos

1968 4222 2208 4279 dextera:
2235 4223 2434 4278 veritas
2454 4223 2759 4293 acquisivit.

2513 4330 2539 4369 ⁸)
2581 4330 2912 4387 EPISTULA
2953 4332 3016 4386 ll.

1970 4428 2159 4471 AVITUS
2198 4425 2503 4468 VIENNENSIS
2542 4426 2822 4467 EPISCOPUS
2859 4427 3036 4466 DOHNO
3074 4425 3381 4467 GUNDOBADO
3413 4426 3556 4467 REGI.

2039 4506 2268 4563 Unicum
2301 4506 2460 4561 simul
2486 4515 2540 4561 et
2565 4504 2845 4575 multiplex
2867 4505 3067 4561 donum
3117 4507 3316 4562 sarculo
3370 4516 3558 4561 nostro

1969 4605 2097 4654 nutu
2125 4598 2428 4654 Divinitatis
2455 4598 2719 4653 indultum
2752 4605 2856 4665 est,
2887 4607 2944 4653 ut
2972 4598 3110 4653 inter
3135 4599 3310 4668 regias
3339 4599 3558 4653 ordina-

1889 4676 2143 4750 Dtiones
2171 4693 2542 4765 gloriosissimi
2587 4693 2918 4764 principatus
2963 4691 3151 4758 vestri,
3195 4693 3556 4763 principaliter

1970 4788 2038 4844 de
2068 4788 2261 4843 tuenda
2290 4787 2570 4842 catholicae
2597 4784 2761 4855 partis
2790 4786 3011 4840 veritate
3056 4784 3273 4840 curetis.
3301 4785 3376 4841 De
3405 4785 3555 4856 cujus

1970 4880 2128 4936 studii
2162 4881 2357 4950 pietate
2388 4879 2669 4950 processit,
2699 4877 2839 4948 quod
2870 4877 3085 4932 dimissa
3121 4891 3290 4948 nuper
3322 4879 3550 4934 clemens

1972 4973 2039 5027 tis
2067 4973 2318 5043 praecepti
2345 4973 2663 5027 auctoritate
2685 4971 2941 5041 iussistis,
2970 4981 3028 5026 ut
3049 4982 3232 5027 contra
3267 4971 3549 5042 Eutychia-

1973 5066 2028 5121 ni
2057 5066 2322 5137 dogmatis
2353 5065 2651 5122 redivivum
2685 5065 2943 5132 furorem,
2991 5066 3137 5121 velut
3182 5065 3250 5120 ab
3291 5066 3557 5120 exstincto

1969 5161 2306 5228 resurgentis
2353 5157 2587 5215 incendii
2629 5157 2816 5212 fomite
2863 5157 3236 5227 pullulantem,
3291 5157 3359 5211 de
3401 5169 3544 5210 sacrt

1964 5336 2123 5392 laude
2154 5335 2398 5391 meminit
2428 5335 2569 5391 idem
2603 5334 2894 5407 Gregorius
2937 5333 3125 5407 eodem
3181 5331 3320 5407 loco.
3370 5325 3559 5407 Insur-

1961 5418 2125 5478 gente,
2158 5409 2349 5477 inquit,
2402 5398 2760 5478 haeresidapu'd
2809 5406 2976 5459 urbem
3033 5398 3560 5478 (inustantiimp‘olita-

1964 5469 2351 5544 ἷιαηιξιαηίὶηὰ
2390 5496 2542 5546 quam
2571 5469 2823 5547 Euiyches
2856 5472 3129 5547 quam‘ill‘a
3160 5483 3332 5547 _quatzt
3373 5469 3560 5547 sabel-

1969 5550 2071 5604 lius
2093 5539 2300 5613 vdocuit,
2327 5551 2379 5603 id
2405 5539 2513 5614 'est,
2545 5539 2982 5614 niltilvdivinitalis
3016 5539 3251 5614 habuisse
3277 5539 3558 5593 Dominum

1969 5633 2199 5676 nostrum
2215 5621 2246 5673 J
2253 5609 2393 5675 esum
2407 5609 2686 5682 Christum,
2700 5625 2906 5685 rogante
2922 5609 3235 5685 uuchbado
3251 5626 3368 5682 rege
3383 5613 3559 5685 Avitus

1969 5704 2141 5747 contra
2196 5710 2281 5747 eos
2337 5691 2563 5758 scripsit.
2617 5681 2834 5758 Exstant
2879 5681 3062 5758 estinde
3091 5681 3252 5751 ipsius
3279 5681 3416 5754 apud
3465 5699 3560 5758 nos

1967 5765 2215 5834 epistolre,
2268 5780 2382 5832 qua:
2405 5752 2535 5834 sicut
2589 5767 2709 5834 tunc
2756 5752 2985 5808 Itwresim
3043 5752 3441 5826 oppresserunt,
3488 5755 3559 5806 ita

1969 5825 2102 5889 nunc
2127 5825 2410 5888 Ecclesiam
2441 5829 2535 5884 Dei
2558 5825 2839 5890 cedi/iram.

3243 5991 3284 6049 'I
