4092 6350
542 401 649 458 I03
726 409 731 415 ”

1790 392 1851 447 S.
1891 389 2073 445 AVlTl
2118 386 2524 447 VIENNENSIS

3713 393 3818 451 204

544 518 937 587 Scripturarum
971 502 1265 575 cmlestium
1290 500 1439 562 fonte
1483 506 1856 577 exemplorum
1908 505 2126 559 ﬂumina
2152 507 2205 567 Α
2231 506 2415 561 situm.
2439 504 2634 559 Filium
2662 504 2777 572 Dei,
2809 518 2930 559 curn
2951 504 3112 561 Patre
3132 512 3255 561 ante
3276 504 3472 562 saecula
3498 518 3815 575 permanen-

442 652 449 668 ι
546 608 878 665 deriventur.
904 605 947 661 Ο
968 617 1056 658 res
1081 600 1417 672 dignissima,
1444 613 1605 670 quam
1630 606 1805 654 tantus
1829 597 2023 668 praesul
2042 597 2129 665 ju-

546 702 717 767 beret,
740 697 786 752 si
813 697 1093 765 eligeretur
1121 693 1210 763 qui
1248 692 1546 762 iussionem
1575 690 1767 761 dignus
1806 690 2080 759 exciperet
2110 700 2126 743 ε

544 792 591 847 si
616 791 783 846 virtus
813 786 1072 843 facundia:
1102 785 1351 840 thematis
1406 784 1764 854 responderet
1793 781 1998 837 auctori
2035 796 2049 834 :
2081 781 2129 836 si

543 884 611 938 ad
635 880 1088 951 multiplicandam
1120 878 1437 948 populorum
1469 877 1697 931 salutem
1724 876 1802 929 sic
1830 881 2012 928 nostra
2043 886 2130 927 sa-

543 973 1014 1042 tisfaceretlingua
1038 970 1306 1041 proloqui,
1359 980 1419 1024 ut
1462 969 1674 1024 abunde
1723 967 1920 1023 sulticit
1978 965 2129 1021 beni-

543 1067 717 1137 gnitas
746 1072 922 1119 vestra
946 1063 1239 1132 praecipere
1262 1078 1278 1115 :
1304 1075 1425 1115 cum
1454 1061 1687 1116 devincti
1713 1058 1865 1115 vobis
1898 1058 2129 1128 impera-

545 1159 678 1214 toris
723 1156 948 1226 patriam
974 1168 1537 1226 personamque,non,
1572 1162 1633 1208 ut
1672 1154 1892 1223 regibus
1915 1152 2126 1207 caeteris

545 1253 711 1308 moris
738 1260 841 1320 est,
873 1250 1241 1305 tantummodo
1266 1250 1335 1303 ad
1358 1248 1696 1304 commodum
1728 1247 2011 1304 mundanae
2037 1262 2124 1316 pa-

547 1343 626 1400 cis
660 1342 850 1397 amatis
885 1358 897 1395 ι
932 1341 1028 1396 sed
1047 1341 1173 1395 dum
1205 1355 1386 1396 coram
1419 1340 1570 1395 vobis
1619 1339 1905 1408 praeveniri
1931 1339 2129 1394 timetis

547 1448 751 1499 errore,
773 1447 987 1488 omnem
1016 1448 1136 1503 qua:
1164 1432 1305 1488 inter
1326 1447 1421 1489 vos
1436 1440 1521 1488 est
1546 1432 1839 1486 amicitiam
1884 1432 1935 1485 in
1964 1446 2029 1485 eo
2051 1430 2129 1484 illi

545 1527 711 1583 vultis
732 1525 989 1596 prodesse
1012 1540 1079 1579 ne
1106 1535 1311 1594 peccet.
1340 1526 1513 1593 Quem
1535 1524 1750 1593 quidem
1776 1532 1832 1579 et
1863 1524 2130 1591 praeconio

548 1620 811 1688 attollitis,
836 1629 890 1676 et
916 1619 1124 1675 fidelem
1176 1619 1287 1675 Deo
1346 1619 1706 1687 devotumque
1754 1616 2001 1675 laudatis.
2056 1616 2129 1669 De

546 1726 649 1781 qua
678 1712 947 1781 praecipue
974 1709 1041 1764 ad
1069 1710 1407 1779 triumphalis
1440 1710 1650 1764 veniam
1679 1707 2022 1777 plenitudinis
2041 1722 2131 1763 ve-

546 1808 697 1859 niant
725 1802 845 1872 quis
866 1802 1024 1870 digne
1043 1808 1296 1856 meretur.
1326 1800 1440 1870 Ego
1470 1809 1645 1857 tamen
1670 1800 1838 1855 Deum
1871 1815 1967 1869 pro
1997 1798 2129 1853 viri-

2233 607 2362 664 tem,
2393 614 2549 668 quem
2574 596 2772 651 idcirco
2817 597 2882 651 ad
2918 598 3145 653 salutem
3190 608 3430 661 nostram
3472 598 3816 655 descendisse

2233 691 2300 746 de
2323 690 2463 747 ctelo
2500 699 2559 744 ut
2584 705 2779 760 corpus
2797 698 3098 746 assumeret
3124 690 3259 746 ﬁdes
3304 699 3457 747 recta
3503 691 3810 759 conﬁtetur,

2238 792 2431 852 negant
2456 782 2512 836 in
2542 782 2721 837 alvum
2762 781 3049 837 femineam
3085 772 3326 852 potuisse
3370 782 3663 849 contrudi;
3692 798 3811 838 cum

2234 874 2331 929 Dei
2359 874 2545 941 Filius,
2570 872 2754 943 utique
2780 873 2945 938 Deus,
2968 874 3057 943 qui
3080 874 3289 929 dixerat
3308 887 3406 943 per
3454 872 3772 944 prophetam
3797 890 3811 927 ε

2235 969 2429 1023 Caelum
2450 979 2497 1023 et
2529 978 2713 1023 terram
2742 985 2834 1040 ego
2851 968 3037 1039 impleo
3061 968 3195 1041 (lar.
3222 984 3388 1037 um,
3429 969 3521 1038 ﬁt)
3541 1009 3557 1036 ,
3587 985 3695 1026 non
3723 985 3815 1040 po-

2233 1062 2396 1116 tuerit
2424 1061 2607 1117 venire
2630 1075 2736 1130 quo
2761 1070 2894 1126 erat,
2926 1062 3027 1115 nisi
3077 1074 3169 1131 per
3211 1061 3611 1133 susceptionem
3638 1062 3814 1117 cumis

2231 1152 2597 1222 acquiesceret
2622 1166 2741 1207 esse
2763 1151 2903 1222 quod
2921 1167 3029 1207 non
3054 1160 3194 1207 erat.
3211 1152 3383 1219 Quam
3412 1152 3811 1208 conclusionem

2231 1254 2478 1300 metuens
2492 1242 2765 1314 Eutyches
2788 1244 2879 1299 ille
2898 1258 3057 1314 quem
3082 1244 3373 1314 loquimur,
3396 1258 3520 1300 cum
3537 1243 3591 1298 in
3609 1244 3811 1315 synodo

2236 1338 2483 1404 superius
2530 1336 2806 1406 designata
2824 1335 3149 1403 studiosefab
3163 1335 3497 1391 auditoribus
3510 1347 3810 1407 urgeretur,

2232 1438 2292 1483 ut
2321 1427 2346 1467 δ
2380 1429 2598 1484 Mariam
2630 1428 2891 1498 virginem
2920 1439 2944 1468 ι
2968 1429 3204 1485 Θιοτὸαον
3228 1468 3244 1494 ,
3283 1427 3336 1484 id
3362 1438 3448 1487 est
3492 1444 3612 1500 qua
3650 1430 3814 1484 Deum

2233 1523 2550 1594 peperisset,
2586 1524 2955 1592 pronuntiaret
2982 1533 3143 1594 atque
3164 1520 3548 1590 subscriberet,
3572 1522 3641 1576 ad
3666 1523 3814 1590 inge-

2235 1616 2307 1669 nii
2336 1614 2629 1684 nequitiam
2671 1614 2860 1670 fraude
2908 1628 3235 1683 conversus,
3274 1615 3645 1691 Xpto‘roro'm,
3698 1628 3815 1684 quis

2233 1705 2505 1761 Christum
2538 1707 2908 1763 tantummodo
2939 1707 3212 1776 videretur
3238 1706 3493 1775 edidisse,
3538 1707 3814 1763 confessus

2233 1811 2353 1863 est;
2386 1810 2443 1857 ut
2468 1802 2676 1857 scilicet
2694 1801 2868 1856 divisa
2890 1801 3143 1857 credatur
3194 1815 3426 1871 persona
3470 1815 3594 1870 qua
3639 1812 3815 1856 servat

543 1896 646 1951 bus
668 1907 873 1963 quaeso,
898 1899 957 1945 ut
975 1891 1021 1947 is
1044 1891 1160 1960 ipse
1183 1890 1252 1947 de
1283 1907 1389 1961 quo
1412 1892 1700 1961 loquimur,
1749 1891 1931 1947 Caesar
1972 1890 2123 1946 Ωκε-
2151 1895 2201 1957 B
2228 1892 2525 1949 divinitatis
2557 1902 2831 1963 naturam,
2879 1894 2948 1950 ab
2996 1908 3059 1948 ea
3106 1908 3231 1963 qua:
3263 1894 3519 1950 sustinuit
3554 1893 3816 1962 passionis

544 2001 751 2053 corum,
778 1985 823 2039 si
847 1984 1020 2039 fidelis
1060 1983 1234 2049 vobis,
1261 1986 1421 2040 etiam
1448 1984 1606 2040 nobis
1621 1984 1968 2049 honorabilis,
1998 1998 2122 2053 per-

544 2079 830 2137 suadeatur
856 2091 887 2131 a
940 2075 1183 2146 principe
1236 2087 1421 2132 nostro
1450 2077 1593 2147 quod
1648 2076 1869 2132 suadeat
1925 2077 2126 2146 populo

544 2187 645 2230 suo
673 2189 686 2225 :
710 2180 761 2227 et
786 2185 908 2224 cum
937 2182 996 2223 se
1020 2168 1088 2223 ad
1110 2169 1393 2224 tenendam
1438 2170 1715 2225 veritatem
1767 2169 1918 2225 vobis
1945 2168 2124 2225 reddi.

543 2266 687 2323 derit
711 2263 966 2328 docilem,
988 2260 1056 2317 ad
1083 2263 1435 2333 expugnanda
1468 2262 1699 2332 propria
1735 2262 1967 2331 regionis
1997 2276 2125 2316 con-

544 2361 684 2430 tagia
713 2356 1110 2429 praedicationis
1135 2365 1327 2412 vestra:
1374 2356 1573 2411 factum
1622 2371 1683 2411 se
1721 2355 1949 2426 gaudeat
1974 2354 2126 2424 adju-

541 2461 715 2508 torem
743 2459 769 2487 ει
798 2447 1066 2519 Eutyches
1090 2463 1239 2516 ergo,
1274 2448 1528 2518 perniciei
1562 2449 1715 2519 cujus
1769 2448 1969 2503 mentio
2018 2455 2122 2515 est,

541 2544 785 2598 funestus
803 2541 1068 2608 incentor,
1089 2539 1695 2611 Constantinopolitanm
1726 2542 1981 2598 Ecclesiae
2001 2542 2123 2611 qui-

542 2636 661 2692 dem
687 2636 987 2707 presbyter,
1017 2634 1113 2690 sed
1133 2635 1365 2704 copiosas
1409 2636 1797 2689 monachorum
1825 2634 2126 2689 multitudi-

540 2730 624 2785 nis
654 2730 971 2799 prszpositus
989 2728 1089 2783 luit
1116 2743 1132 2782 ς
1161 2728 1312 2796 cujus
1380 2728 1545 2781 ofﬁcii
1592 2743 1847 2796 personas
1888 2729 2126 2797 episcopi

540 2822 832 2878 orientales
886 2820 1333 2875 archimandritas
1382 2822 1675 2890 appellant.
1732 2820 1828 2875 Hic
1881 2835 2012 2891 ergo
2059 2821 2126 2877 ad

541 2929 808 2973 summum
836 2913 1194 2969 sacerdotium
1218 2912 1374 2968 lamiae
1400 2912 1654 2983 suffragio
1681 2914 2125 2984 comparandum,

540 3006 963 3065 intromittenda
1018 3004 1386 3075 cujuscunque
1436 3007 1690 3061 novitatis
1733 3008 1914 3063 studio
1959 3022 2126 3078 appe-

540 3112 719 3159 tenter
746 3099 1213 3165 ardescens,istud
1233 3100 1373 3169 quod
1401 3101 1453 3154 in
1484 3100 1837 3157 sectatoribus
1864 3102 1983 3172 eius
2001 3102 2129 3157 hor-

540 3207 745 3263 remus,
772 3192 1005 3248 susurris
1048 3191 1244 3247 dicitur
1257 3193 1424 3262 magis
1443 3192 1711 3247 invexisse
1725 3208 1885 3263 quam
1911 3194 2123 3250 litteris.

2225 1985 2496 2055 iniuriam.
2530 1985 2922 2041 Refrenandam
2973 2000 3004 2039 a
3044 1994 3314 2055 praerupto
3351 1983 3575 2054 ancipiti
3624 1986 3809 2051 laevam

2224 2078 2455 2147 fugiens,
2480 2079 2761 2135 dexteram
2788 2094 2895 2134 non
2929 2093 3286 2149 praesumens,
3330 2093 3394 2135 ac
3412 2078 3639 2149 perinde
3671 2080 3810 2134 latus

2226 2178 2512 2241 utrumque
2534 2171 2828 2227 formidans
2858 2212 2873 2238 ,
2918 2172 3022 2228 sub
3073 2173 3485 2242 temperamenti
3523 2171 3696 2231 medio
3724 2172 3809 2226 via

2227 2266 2412 2333 tutior,
2439 2265 2490 2319 in
2513 2280 2618 2335 qua
2642 2264 2913 2335 duplicem
2935 2263 3289 2319 substantiam
3310 2262 3685 2332 Redemptoris
3706 2262 3814 2318 dis-

2235 2358 2382 2414 cerni
2406 2358 2631 2412 dicimus
2654 2372 2838 2428 posse,
2872 2372 2978 2412 non
3007 2356 3194 2412 dividi.
3234 2356 3417 2427 Neque
3445 2370 3543 2411 nos
3572 2356 3811 2421 nitimur,

2228 2459 2285 2505 ut
2315 2449 2637 2506 inviolabilis
2668 2448 2929 2505 Divinitas
2955 2450 3169 2507 dolores
3218 2434 3511 2518 corporeos
3558 2463 3811 2519 perpessa

2227 2543 2493 2607 credatur,
2523 2558 2643 2598 eum
2672 2543 2851 2597 omnis
2869 2551 3181 2599 cinctorum
3231 2557 3517 2610 corporum
3546 2541 3708 2597 dolor
3728 2557 3813 2597 se-

2228 2646 2467 2691 cuturam
2493 2644 2723 2689 mortem
2752 2634 2985 2689 naturali
3015 2634 3244 2704 quodam
3292 2633 3563 2703 praecedat
3609 2634 3809 2689 ofﬁcio.

2231 2727 2384 2783 Unde
2405 2729 2544 2783 sicut
2561 2737 2618 2782 et
2645 2727 2757 2796 ipsa
2784 2740 2914 2789 caro
2954 2736 3162 2794 nostra,
3210 2725 3631 2781 resurrectionis
3676 2724 3813 2779 dono

2230 2822 2573 2892 impassibilis
2599 2820 2777 2876 futura
2820 2829 2951 2889 post
2975 2829 3206 2875 mortem
3243 2828 3365 2875 est:
3394 2819 3473 2875 sie
3518 2806 3684 2884 Deus,
3726 2816 3812 2887 qui

2230 2916 2432 2973 sentire
2454 2914 2658 2970 obitum
2682 2927 2794 2970 non
2817 2920 3015 2983 potest,
3038 2922 3293 2983 suscepto
3317 2912 3534 2982 corpori
3583 2914 3671 2969 cui
3700 2912 3810 2967 uni-

2232 3016 2314 3062 tus
2341 3007 2660 3072 adhaeserat,
2693 3005 2813 3061 sine
2839 3004 3077 3076 patiendi
3102 3004 3398 3061 acerbitate
3443 3005 3775 3074 compatieus
3795 3045 3810 3069 ,

2230 3113 2330 3153 nec
2350 3098 2522 3153 defuit
2552 3098 2603 3153 in
2650 3098 2841 3153 salutis
2866 3106 3069 3154 nostrae
3087 3098 3326 3169 glorioso
3358 3112 3551 3168 agone,
3596 3111 3697 3153 nec
3720 3097 3817 3153 do-

2233 3191 2347 3245 luit.
2378 3192 2577 3246 Contra
2598 3191 2757 3260 hujus
2788 3192 3150 3246 distinctionis
3197 3205 3416 3246 sensum
3464 3190 3693 3247 haeresis
3715 3192 3814 3247 ad-

540 3287 820 3359 Siquidem
875 3286 1008 3342 nihil
1054 3286 1258 3342 exstitit
1302 3287 1467 3342 clarae
1519 3287 1837 3343 eruditionis
1884 3288 1939 3343 in
1988 3289 2124 3355 viro,
2154 3281 2203 3347 ϐ
2235 3301 2387 3341 versa
2410 3301 2468 3341 se
2494 3286 2799 3355 subrigens,
2843 3286 2985 3340 veris
3040 3284 3366 3341 cruciatibus
3394 3299 3496 3343 nec
3536 3284 3813 3341 Christian

542 3382 687 3452 quod
714 3382 766 3436 in
792 3379 963 3450 aliqua
1015 3380 1148 3437 recti
1184 3381 1535 3436 similitudine
1582 3396 1799 3437 sensum
1851 3394 2126 3453 concepta;

541 3473 895 3530 animositatis
918 3481 1204 3527 astrueret.
1230 3472 1442 3528 Infectis
1468 3474 1715 3543 primitus
1741 3474 2125 3530 monachorum

542 3567 738 3621 animis
770 3566 870 3620 hoc
895 3580 1125 3629 veneno,
1160 3580 1297 3633 quos
1352 3565 1559 3621 nefario
1588 3566 1788 3621 docens
1824 3568 1925 3621 sub
1948 3567 2128 3622 colore

525 3658 885 3730 gubernaculi
913 3657 1207 3726 naufragiis
1237 3658 1540 3726 exponebat
1567 3699 1583 3725 ,
1629 3658 1921 3722 numerosi,
1956 3667 2012 3712 ut
2039 3673 2129 3713 su-

541 3765 637 3819 pra
672 3750 925 3815 diximus,
959 3749 1242 3804 comitatus
1280 3747 1665 3804 bteresiarches
1709 3750 1954 3813 effectus,
1988 3751 2128 3805 mul-

539 3850 718 3898 torum
750 3841 1047 3896 antistitum
1074 3840 1343 3910 iudicante
1364 3843 1612 3913 concilio,
1635 3859 1732 3899 nec
1762 3859 1868 3899 non
1898 3855 1951 3899 et
1981 3859 2130 3913 pres-

540 3933 747 4006 byteris
774 3934 921 3988 urbis
957 3933 1143 3987 Romae
1170 3934 1223 3987 in
1245 3934 1298 3988 id
1328 3934 1502 4003 ipsum
1542 3936 1785 4004 directis,
1830 3937 2126 4006 discussus,

539 4025 785 4082 detectus
814 4032 977 4095 atque
1005 4024 1287 4081 damnatus
1317 4036 1418 4081 est.
1452 4027 1557 4084 Sed
1574 4028 1697 4097 quia
1723 4028 1931 4083 nullum
1959 4030 2129 4086 schiso

537 4132 626 4173 ma
652 4118 729 4173 sic
754 4131 987 4187 unquam
1009 4132 1130 4172 cum
1161 4126 1381 4174 auctore
1418 4134 1522 4175 suo
1554 4121 1726 4189 potuit
1779 4122 2041 4193 abrogari,
2072 4130 2130 4179 ut

537 4224 602 4264 ex
632 4209 840 4279 integro
871 4209 1165 4279 depelleret
1186 4210 1476 4280 perniciem
1509 4214 1803 4282 magisterii
1830 4232 1843 4279 ;
1870 4230 1993 4270 mox
2012 4230 2131 4271 ma-

536 4299 647 4356 lum
678 4302 819 4371 quod
851 4301 1011 4370 digna
1039 4302 1351 4371 pontiﬁcum
1398 4303 1570 4358 fuerat
1598 4306 1905 4373 provisione
1950 4309 2127 4363 succi-

538 4407 679 4457 sum,
711 4392 957 4461 contagio
986 4401 1355 4461 susceptorum
1400 4394 1510 4462 jam
1544 4396 1750 4463 pridem
1780 4398 1984 4452 semina
2014 4414 2129 4454 ser-

541 4497 698 4551 vans,
725 4483 959 4539 velutab
1011 4483 1206 4538 infecta
1251 4485 1392 4539 loliis
1438 4486 1633 4545 tellure
1678 4492 1934 4543 surrexit.
1992 4490 2127 4546 Hinc

541 4590 687 4633 nunc
715 4574 987 4632 haereseos
1015 4583 1202 4630 contra
1228 4590 1388 4644 quam
1418 4576 1707 4646 loquimur,
1737 4581 1914 4636 audite
1934 4596 2127 4652 propoo

2230 3379 2426 3447 patitur
2455 3377 2699 3431 inclinari
2731 3395 2743 3429 :
2780 3391 2902 3432 cum
2930 3377 2988 3431 in
3029 3377 3143 3446 ipsa
3186 3377 3474 3433 Divinitate
3496 3378 3554 3432 in
3576 3394 3692 3448 qua
3730 3380 3814 3433 in-

2233 3470 2409 3525 veniri
2434 3485 2543 3524 non
2572 3478 2751 3538 potest
2773 3468 2989 3525 afﬂictio
3010 3470 3324 3539 corporalis,
3344 3469 3617 3525 interdum
3638 3480 3816 3527 tamen

2231 3563 2444 3632 pietatis
2472 3556 2771 3632 reperiatur
2822 3562 3057 3629 eiectio,
3112 3562 3254 3618 sicut
3308 3563 3535 3634 legimus
3590 3565 3698 3618 dici
3748 3565 3816 3619 de

2230 3654 2521 3710 lsraelitis:
2556 3652 2981 3708 Exclamaverunt
3015 3654 3083 3706 ad
3135 3654 3316 3720 Deum,
3362 3656 3453 3725 qui
3478 3655 3645 3710 doluit
3670 3672 3816 3727 sapor

2232 3750 2449 3806 ntiseriis
2474 3763 2645 3800 eorum
2669 3744 2820 3815 (Iud.
2852 3763 2909 3811 is,
2939 3746 3030 3812 {5,
3082 3747 3170 3816 i6)
3204 3765 3217 3812 ;
3246 3758 3302 3802 et
3334 3748 3623 3816 Apostolus
3664 3749 3816 3818 jubet

2232 3854 2290 3900 ut
2320 3860 2427 3900 non
2466 3842 2848 3897 contristamus
2885 3840 3141 3909 Spiritum
3187 3850 3428 3896 sanctum
3460 3841 3556 3896 Dei
3592 3842 3812 3913 (b‘pltes.

2227 3954 2314 4005 tv,
2346 3937 2438 4003 50)
2464 3952 2479 4001 ;
2504 3945 2556 3990 et
2579 3935 2623 3988 si
2644 3949 2748 4003 qua
2768 3933 2855 3988 bis
2882 3934 3148 3988 sententia
3176 3933 3368 3988 similis
3392 3933 3632 3989 iusseris
3659 3933 3814 3986 volu-

2229 4032 2467 4088 minibus
2496 4028 2787 4094 recensita,
2811 4028 3024 4083 bonitas
3044 4029 3222 4098 potius
3242 4028 3627 4085 misericordias
3650 4042 3815 4099 quam

2232 4124 2522 4180 necessitas
2546 4128 2627 4175 est
2657 4127 2881 4174 naturae.
2904 4120 3122 4175 Interim
3139 4121 3195 4175 in
3208 4121 3665 4191 consequentibus
3682 4120 3817 4177 dum

2232 4231 2352 4272 rum
2381 4215 2680 4269 assertione
2701 4211 2889 4279 dilata,
2912 4213 3090 4268 unitas
3141 4213 3273 4269 mihi
3320 4214 3374 4269 in
3423 4213 3639 4270 Christo
3691 4213 3817 4269 sub-

2231 4308 2441 4363 stantiae
2458 4305 2686 4375 duplicis
2737 4312 3028 4360 astruetur.
3078 4304 3181 4360 Ubi
3214 4314 3343 4361 sunt
3382 4307 3525 4363 enim
3566 4316 3713 4362 tanta
3760 4308 3841 4377 in-

2231 4399 2523 4468 Seripturis
2564 4397 2805 4452 calestia
2858 4397 3114 4468 mysteria
3178 4400 3458 4467 veritatis,
3514 4416 3638 4471 quas
3681 4400 3815 4455 nihil

2232 4492 2377 4547 aliud
2406 4489 2721 4558 moliuntur,
2746 4489 2850 4545 nisi
2878 4499 2939 4544 ut
2990 4492 3148 4546 nobis
3196 4492 3623 4549 incarnationem
3655 4492 3814 4549 Verbi

2231 4601 2353 4642 eum
2384 4584 2621 4640 hominis
2647 4582 2927 4639 divinitate
2970 4585 3334 4653 persuadeant
3363 4586 3386 4639 i
3437 4584 3507 4639 In
3534 4586 3811 4658 principio,

609 4762 637 4834 ἒ
677 4752 1071 4839 celeberrima,
1095 4750 1555 4839 COPSiaPliQOPOF
1601 4758 1930 4839 monasterio
1976 4776 2117 4828 υνδε·
2142 4764 2194 4824 D
2220 4764 2492 4839 concepit,
2524 4762 2692 4817 Deum
2713 4761 2947 4833 denique
2972 4763 3029 4818 in
3056 4762 3417 4824 Cbristoesse
3438 4777 3659 4839 natura,
3700 4787 3812 4829 non

537 4823 702 4879 fuisse
734 4833 955 4878 testatur
986 4822 1267 4877 Liberatus
1299 4825 1347 4877 in
1380 4824 1678 4891 Breviario;
1714 4828 1806 4881 sed
1839 4822 2111 4889 monaste-

535 4896 601 4951 rii
633 4909 857 4959 nomen,
909 4908 1007 4947 nec
1038 4894 1150 4961 ipse
1196 4909 1293 4948 nec
1323 4895 1410 4949 alii
1446 4896 1696 4963 produnt.
1746 4898 1841 4953 llic
1879 4904 2111 4959 nominis

536 4966 621 5021 sui
654 4965 897 5019 haeresim
926 4965 1159 5019 condere
1184 4966 1407 5019 adorsus
1438 4982 1578 5021 anno
1597 4970 1790 5024 Christi
1812 4972 1937 5035 447,
1962 4974 2117 5028 dam-

535 5046 694 5110 natus
740 5035 1107 5110 e_st_printu_m
1171 5036 1223 5090 in
1268 5038 2110 5110 synodoAConstantinopolitana

535 5106 795 5171 Flaviani,
827 5104 1019 5160 deinde
1046 5106 1098 5158 in
1125 5104 1449 5161 mcumenica
1478 5104 1921 5168 Chalcedonensi.

606 5176 635 5216 b
671 5175 895 5250 Eutychi
942 5176 1132 5250 tribuit
1164 5178 1302 5246 quod
1335 5178 1579 5233 Nestorio
1626 5186 1973 5250 COligl‘Ulfbat.
2008 5186 2111 5240 Nc-

534 5249 686 5309 slorii
712 5252 854 5303 enim
884 5262 1037 5301 error
1064 5247 1181 5315 fuit,
1214 5259 1451 5302 sanctam
1492 5252 1707 5305 Mariam
1735 5247 1967 5309 emam
2003 5273 2109 5311 non

536 5318 990 5397 essedicendam,
1018 5320 1111 5397 s_ed
1138 5320 1493 5397 Χριᾳτοτςὸκον.
1519 5321 1648 5375 Tota
1674 5324 1832 5393 igitur
1860 5328 2106 5397 epistola,

536 5392 637 5446 etsi
666 5391 829 5446 habet
862 5404 987 5461 qua!
1028 5389 1251 5459 Euty‘hi
1303 5390 1674 5459 adversentur,
1698 5389 1982 5461 praecipue
2034 5389 2111 5451 ta:

536 5476 662 5516 men
692 5463 948 5516 adversus
977 5463 1278 5515 Nestorium
1311 5461 1551 5527 dimicat,
1597 5466 1685 5532 qui
1714 5465 1845 5520 duas
1870 5468 1923 5520 in
1952 5467 2113 5523 Chri-

537 5539 624 5605 sto
649 5546 901 5601 personas
930 5533 1219 5605 statuebat,
1253 5548 1411 5605 unum
1447 5534 1559 5598 Dei,
1601 5535 1822 5589 alteram
1854 5539 2104 5605 hominis,

539 5600 862 5672 Mariamque
907 5603 1083 5656 aiebat
1128 5618 1236 5657 non
1274 5603 1440 5658 Deum
1474 5605 1762 5672 peperisse,
1813 5609 1906 5661 sed
1938 5600 2110 5665 homi;

539 5686 662 5744 nem
688 5673 777 5741 qui
807 5670 1079 5729 divinitate
1117 5683 1300 5744 postea
1346 5675 1397 5728 in
1448 5670 1711 5742 baptismo
1750 5670 1823 5729 sit
1860 5678 2107 5735 donatus.

540 5742 750 5817 Avitus,
778 5751 986 5807 cetera,
1010 5742 1225 5799 unicam
1252 5744 1484 5817 docetdin
1505 5744 1717 5800 Christo
1741 5747 1969 5817 duplicis
1985 5754 2109 5807 sub-

540 5814 746 5867 stantia:
778 5827 1079 5883 personam,
1106 5832 1254 5884 mque
1284 5816 1376 5871 Dei
1404 5815 1594 5870 Filium
1618 5824 1672 5871 et
1692 5814 1925 5873 hominis
1950 5820 2108 5877 fuisse

541 5897 697 5953 quem
731 5884 886 5938 l'atrr
928 5884 1043 5940 sine
1090 5897 1258 5942 matre
1302 5888 1503 5957 genuit,
1552 5888 1777 5958 genitrix
1807 5892 1923 5951 sine
1953 5902 2104 5965 patre

2259 4849 2413 4892 raua.

2225 4854 2577 4981 εἰἹέθυῖίοιηιιῃ
2618 4908 2842 4981 alterum
2888 4913 3089 4960 tantum
3141 4907 3455 4981 admittebat
3501 4910 3801 4981 Nestorius,

2224 4988 2473 5033 neutrum
2526 4978 2829 5047 Eutychos,
2896 4989 3175 5047 utrumque
3229 4978 3467 5034 Ecclesia
3517 4978 3803 5040 catholica.

2224 5050 2504 5125 ﬁestorius
2532 5048 2698 5112 enim,
2753 5056 2809 5125 ut
2837 5048 3036 5125 dictum
3081 5058 3183 5125 est,
3234 5050 3516 5118 Deiparam
3555 5058 3807 5125 negabat,

2223 5118 2611 5186 Cbristiparam
2645 5118 3021 5183 conﬁtebatur,
3050 5120 3140 5175 sed
3174 5124 3425 5177 hazrctieo
3442 5118 3813 5187 sensquhri;

2224 5200 2363 5265 stum
2396 5205 2642 5265 asserens
2676 5191 2944 5244 hominem
2984 5192 3350 5265 tantummodo
3394 5209 3456 5247 ex
3487 5196 3649 5249 Maria
3682 5214 3807 5265 pro-

2225 5260 2407 5315 diisse.
2446 5260 2717 5330 Eutyches
2749 5275 2895 5323 vero,
2916 5276 3034 5313 cum
3059 5276 3271 5315 carnem
3298 5264 3365 5317 de
3387 5267 3527 5319 caelo
3555 5260 3806 5323 habuisse

2217 5332 2517 5403 Christum,
2554 5346 2653 5386 nec
2678 5330 2812 5403 illia
2844 5331 3383 5403 Mariaministra’tam
3408 5338 3646 5403 doceret,
3670 5340 3808 5393 nihil

2216 5417 2393 5476 causai
2422 5402 2605 5476 habuit
2630 5418 2727 5476 cur
2754 5402 2852 5457 Dei
2884 5411 2974 5455 aut
2998 5400 3199 5457 Christi
3226 5414 3451 5460 matrem
3484 5400 3802 5476 appellaret.

2214 5476 2283 5526 At
2300 5474 2433 5527 lides
2451 5473 2744 5527 orthodoxa
2765 5484 3047 5543 utrumque
3062 5476 3139 5527 sic
3151 5473 3587 5545 amplectitur,'u't
3600 5490 3807 5533 utrum-

2215 5544 2397 5615 quein
2432 5553 2657 5611 utroque
2684 5545 2844 5599 tacite
2866 5546 3207 5615 proﬁteatur.
3244 5544 3389 5600 Nam
3418 5564 3539 5602 cum
3568 5551 3621 5603 in
3645 5550 3807 5604 Chri-

2214 5623 2299 5669 sto
2328 5614 2493 5669 Deum
2527 5616 2593 5668 ab
2649 5614 3003 5670 hominenon
3032 5615 3271 5684 divellat,
3318 5633 3420 5672 nec
3444 5619 3722 5675 hominem
3748 5624 3802 5675 in

2220 5685 2443 5761 Deipara
2474 5686 2730 5749 excludit,
2778 5702 2879 5741 nec
2909 5686 3074 5761 Deum
3100 5688 3153 5741 in
3182 5690 3510 5761 Cbristipara
3536 5708 3549 5744 :
3582 5703 3804 5761 propter

2215 5757 2535 5829 singularem
2572 5757 3125 5829 personagunitatem,
3158 5776 3258 5829 qua
3290 5757 3522 5816 Verbum
3552 5757 3605 5818 in
3634 5757 3804 5827 carne

2212 5842 2357 5953 iero,
2395 5828 2554 5909 homo
2576 5830 2627 5883 in
2656 5827 2770 5884 Deo
2800 5824 2942 5885 Deus
2983 5839 3085 5899 est,
3137 5824 3195 5886 ui
3217 5831 3456 5901 loquitur
3480 5824 3801 5900 Vincentius

2259 5912 2525 5953 trtnensls.

2259 5912 2525 5955 ιτιηωειθε.
