4092 6350
275 345 386 444 ’205
462 433 464 435 .

277 591 418 646 Deus
443 601 550 645 erat
588 589 814 644 Verbum
842 587 1022 659 (locis.
1045 602 1085 653 ι,
1121 584 1192 658 i).
1225 585 1367 641 Ecce
1397 586 1709 656 agnovimus
1738 584 1866 655 quid

274 693 392 740 erat
416 682 557 752 «quod
587 697 696 738 non
723 691 954 750 emptum
983 689 1102 746 est;
1131 694 1273 734 nunc
1327 677 1638 734 studeamus
1682 676 1870 732 videre

275 777 402 847 quid
431 785 666 844 θωρωιη
693 784 856 844 atque
875 784 1117 832 secutum
1153 774 1244 828 sit.
1299 770 1367 826 Et
1390 770 1634 838 Verbum,
1676 771 1866 841 inquit,

277 887 396 923 caro
412 871 603 938 factum
617 880 709 924 est.
723 867 876 935 Quod
891 867 1030 922 Deus
1045 866 1099 921 in
1117 865 1377 936 principio
1397 863 1662 935 eratapud
1676 864 1867 919 Deum.

279 974 326 1018 et
356 962 509 1020 initio
531 971 676 1018 caret
693 971 752 1016 et
779 961 1037 1025 termino;
1067 959 1209 1029 quod
1240 957 1470 1014 Verbum
1501 972 1666 1014 carne
1702 955 1873 1010 vesti-

279 1064 388 1120 tur,
409 1037 558 1112 caret
585 1054 713 1119 fine,
743 1052 840 1109 sed
870 1058 1080 1122 constat
1104 1051 1348 1120 acapite.
1395 1047 1552 1104 Adsit
1579 1061 1725 1103 nunc
1749 1060 1870 1102 ser-

275 1148 424 1206 moui
456 1155 641 1204 nostro
673 1145 984 1202 Emmanuel
1017 1143 1108 1198 ille
1131 1143 1307 1212 prisca
1355 1140 1692 1213 prephetalis
1737 1153 1861 1195 ora-

274 1240 383 1296 culi
415 1254 544 1296 voce
570 1238 875 1308 praedictus,
902 1237 995 1306 qui
1021 1246 1079 1294 ut
1105 1235 1393 1291 Nobiscum
1425 1234 1568 1289 Deus
1595 1239 1768 1294 esset,
1793 1231 1866 1286 si-

277 1341 369 1388 cut
396 1332 527 1388 dixit
553 1332 735 1389 Esaias
760 1347 772 1382 :
807 1328 944 1384 Puer
975 1338 1125 1384 natus
1152 1337 1197 1382 et
1243 1327 1398 1381 datus
1425 1333 1501 1380 est
1527 1323 1668 1379 nobis
1698 1321 1869 1378 Filius

278 1425 378 1484 Dei
409 1425 564 1496 (lsai.
592 1440 678 1490 ix,
711 1423 792 1494 6).
841 1422 1112 1478 incassum
1146 1418 1500 1490 aorporalitas
1537 1431 1574 1471 a
1620 1415 1872 1470 divinita—

288 1518 358 1572 tis
388 1517 640 1572 dividitur
669 1522 1040 1579 sacramento,
1066 1511 1115 1568 si
1157 1511 1418 1570 veraciter
1461 1506 1724 1581 propheta
1774 1504 1870 1560 Dei

291 1610 486 1666 Filium
534 1608 859 1680 processisse
907 1604 1191 1662 corrfirmat
1236 1605 1290 1660 in
1331 1615 1523 1672 puero.
1561 1598 1627 1656 Et
1665 1596 1870 1652 vocabi-

281 1712 391 1772 tur,
422 1704 615 1774 inquit,
638 1717 771 1772 puer
803 1702 917 1770 ipse
942 1696 1285 1763 admirabilis,
1335 1692 1682 1758 consiliarius,
1733 1689 1872 1746 Deus

281 1798 458 1869 furtis,
493 1805 636 1865 pater
687 1793 847 1862 futuri
875 1790 1072 1854 swculi,
1114 1788 1348 1857 princeps
1391 1784 1561 1854 pacis.
1607 1783 1873 1850 Quantum

283 1889 528 1957 pertinet
559 1885 621 1942 ad
656 1881 902 1940 vocabuli
959 1877 1360 1950 prOprietatem,
1405 1872 1608 1932 sufﬁcit
1661 1871 1876 1926 Emma-
1904 1872 1952 1933 B

279 1979 415 2036 siuei
449 1991 669 2046 puerum
699 1972 1017 2042 nuncupari.
1040 1969 1109 2026 At
1132 1983 1257 2022 vero
1279 1981 1398 2022 cum
1421 1966 1580 2029 dicat,
1615 1962 1873 2017 vocabitur

275 2068 627 2134 summissis,
659 2065 1004 2128 consiliarius,
1038 2061 1178 2116 Deus
1211 2060 1379 2132 fortis,
1413 2057 1498 2114 vel
1529 2065 1724 2112 castera
1755 2068 1871 2124 qua:

271 2174 605 2236 sequuntur,
637 2178 778 2232 quae,
813 2175 964 2231 rogo,
995 2166 1073 2216 tot
1102 2153 1486 2211 vocabulorum
1515 2150 1653 2204 ratio
1715 2161 1870 2218 repeo

275 2259 442 2324 ritur,
463 2255 562 2312 nisi
595 2262 651 2312 ut
676 2264 1027 2325 agnoscamus
1075 2246 1364 2304 veridicum
1408 2251 1605 2308 vatem,
1659 2241 1712 2296 in
1768 2252 1870 2294 una

275 2349 582 2417 eademque
651 2359 877 2417 persona
943 2356 1062 2414 quin
1128 2337 1396 2396 divinitati
1448 2330 1872 2400 humanitatique

271 2445 653 2508 sonipetercnt
675 2434 1090 2508 exprimentem,
1124 2445 1191 2490 ex
1218 2425 1474 2500 operibus
1497 2423 1761 2480 secuturis
1781 2421 1874 2476 be-

274 2530 475 2586 neficia
508 2525 817 2586 Mediatoris
839 2525 1018 2598 p0tius
1045 2533 1395 2578 enumerasse
1422 2531 1580 2587 quam
1614 2510 1872 2569 nomina?

271 2623 483 2696 Cogam
515 2631 689 2676 tamen
720 2617 808 2674 hic
860 2616 1173 2672 haereticum
1219 2609 1570 2682 reSpondere,
1607 2604 1725 2677 quis
1775 2619 1872 2661 vo-

265 2695 488 2774 candus
510 2712 673 2785 possit
694 2709 920 2780 intelligi
950 2706 1086 2762 Deus
1111 2705 1281 2779 fortis,
1315 2714 1462 2776 pater
1483 2700 1653 2774 futuri
1672 2695 1867 2765 swculi,

262 2810 516 2880 princeps
545 2806 730 2876 pacis?
754 2803 809 2860 Si
834 2803 999 2859 Filius
1024 2800 1116 2856 Dei
1142 2808 1265 2854 ante
1286 2795 1480 2852 sarcula
1501 2807 1744 2855 manens,
1778 2806 1874 2846 cur

261 2900 460 2965 adhuc
483 2899 535 2954 in
565 2899 739 2953 futuro
757 2899 832 2951 sic
857 2893 1132 2948 vocabitur
1154 2891 1242 2966 qui
1259 2903 1472 2959 semper
1504 2888 1604 2941 hoc
1633 2881 1873 2939 exstitit?

257 2992 323 3048 Si
351 2991 506 3047 filius
524 2989 749 3047 hominis
765 2988 851 3059 qui
874 2996 1147 3050 nascetur,
1167 2991 1345 3040 servat
1363 2979 1679 3050 copulandas
1693 2976 1872 3031 diver-

262 3083 792 3153 sitatismysterium
832 3090 1132 3147 temporum
1176 3073 1470 3148 plenitudo.
1527 3071 1696 3138 Quam
1751 3083 1873 3122 cum

263 3180 876 3248 utiqueconsequenter
906 3171 1191 3240 Apostolus
1220 3169 1537 3238 replicaret:
1572 3165 1869 3234 Postquam,

257 3243 564 3340 inquiens,
593 3243 764 3322 auiam
791 3264 921 3318 venit
950 3260 1216 3334 plenitudo
1257 3260 1516 3330 temporis,
1564 3257 1700 3309 misit
1742 3252 1878 3308 Deus
1905 3243 1952 3310 C

261 3363 490 3421 Filium
514 3376 685 3426 suum,
715 3359 732 3389 ¹
759 3366 935 3412 natum
989 3373 1050 3410 ea;
1104 3354 1316 3410 muliere
1340 3351 1484 3422 (Gal.
1510 3367 1582 3418 tv,
1611 3347 1690 3420 4).
1724 3347 1876 3415 Quod

255 3465 460 3518 triater
493 3449 722 3524 peperit,
756 3448 914 3504 Pater
943 3446 1088 3502 misit
1121 3463 1137 3500 :
1189 3445 1290 3499 hoc
1347 3451 1451 3508 est,
1506 3441 1652 3496 nasci
1685 3453 1877 3509 corpo-

257 3561 430 3606 reum
464 3583 481 3610 ,
535 3541 676 3612 quod
727 3539 908 3596 venire
953 3537 1210 3593 divinum.
1273 3534 1454 3590 Noluit
1521 3531 1663 3587 Deus
1710 3531 1877 3587 latere

259 3653 437 3710 quem
464 3634 704 3692 destinat
736 3650 748 3686 :
777 3632 953 3706 capiat
976 3629 1209 3686 mundus
1231 3625 1484 3683 dominici
1511 3625 1773 3680 adventus
1796 3626 1876 3679 in-

259 3731 439 3786 dicia.
469 3727 645 3793 Quem
676 3725 832 3781 Pater
851 3723 965 3779 sine
1011 3731 1182 3778 matre
1227 3723 1429 3790 genuit,
1482 3716 1710 3788 genitrix
1758 3716 1875 3772 sine

255 3830 429 3896 patre
501 3816 806 3887 concepit,
860 3815 945 3869 hic
983 3827 1135 3883 aeque
1185 3811 1280 3867 Dei
1334 3811 1474 3864 ﬁlius
1537 3817 1592 3865 et
1644 3808 1873 3863 hominis

261 3917 394 3972 erit.
443 3913 632 3982 Super
677 3916 1011 3966 sacramento
1063 3916 1238 3961 tamen
1291 3905 1395 3960 isto
1437 3903 1742 3959 Gabrielem
1791 3917 1876 3956 ar-

257 4006 614 4078 changelum
665 4002 1008 4058 consulamus
1040 4017 1055 4054 :
1091 3999 1380 4070 principem
1428 3997 1676 4053 videlicet
1715 3996 1874 4050 mini-

255 4113 550 4166 strorum,
613 4096 700 4152 cui
753 4093 1042 4150 ineffabilia
1089 4091 1390 4164 perspicuae
1441 4089 1737 4159 majestatis
1787 4105 1874 4142 ar-

257 4209 437 4260 cana,
483 4201 551 4246 ut
600 4199 722 4260 pote
751 4189 836 4258 qui
871 4185 1154 4242 indefessa:
1185 4182 1550 4238 obsecutionis
1579 4180 1878 4235 ministerio

258 4285 676 4362 corispectihus
708 4291 982 4352 perpetua:
1007 4277 1265 4334 claritatis
1293 4277 1529 4343 assistat,
1564 4289 1670 4329 non
1714 4273 1876 4328 intel-

253 4378 485 4450 ligenda
528 4372 930 4442 tantummodo,
977 4371 1071 4426 sed
1112 4366 1521 4438 contemplanda
1569 4373 1876 4464 monstran-

248 4485 370 4532 tur.
407 4475 519 4532 llic
583 4469 782 4541 quippe
822 4467 1027 4540 primus
1062 4465 1383 4536 legationem
1415 4459 1670 4516 cmlorum
1719 4459 1875 4513 terris

248 4567 486 4630 attulit;
544 4562 642 4618 hic
672 4559 834 4615 verbo
873 4557 1133 4628 virginem
1166 4554 1499 4610 fecundatam
1539 4550 1702 4605 divini
1755 4565 1875 4620 ger-

257 4661 434 4716 minis
472 4655 852 4729 promissioue
877 4652 1109 4718 dolavit;
1147 4647 1236 4703 hic
1265 4648 1420 4702 unius
1463 4646 1706 4702 mulieris
1737 4645 1877 4699 salu-
1903 4626 1958 4688 ἶ)

247 4735 478 4810 talione
511 4762 744 4805 omnem
782 4743 1032 4808 mundum
1065 4742 1237 4797 salute
1267 4738 1575 4810 complevit.
1623 4738 1874 4807 Spiritus,

255 4847 470 4914 inquit,
526 4850 749 4898 sanctus
776 4837 1081 4908 superveniet
1134 4836 1186 4887 in
1227 4845 1294 4898 te,
1344 4843 1391 4885 et
1430 4833 1588 4884 virtus
1633 4831 1881 4884 Altissimi

255 4935 615 4992 obumbrabit
647 4929 772 4996 tibi;
814 4929 1024 4998 ideoque
1055 4936 1099 4980 et
1139 4924 1277 4997 quod
1321 4934 1555 4977 nascetur
1595 4938 1658 4976 ea:
1685 4932 1732 4976 te
1763 4939 1883 4974 stm-

242 5003 422 5099 Ictum,
493 5023 776 5081 vocabitur
807 5020 974 5073 Filius
1015 5017 1279 5087 Dei(Luc.
1317 5032 1354 5081 t,
1413 5015 1526 5084 55).
1559 5013 1690 5070 Cum
1747 5014 1881 5068 ratio

249 5123 409 5184 nulla
466 5115 728 5190 reperiat
756 5123 812 5167 ut
869 5111 1016 5165 solus
1069 5109 1229 5163 homo
1258 5108 1508 5162 credatur
1555 5106 1620 5160 de
1673 5107 1878 5176 Spiritu

250 5227 460 5274 sancto
495 5220 812 5280 conceptus
835 5248 848 5274 ,
877 5221 997 5261 cum
1049 5217 1264 5260 omnem
1296 5203 1564 5256 hominem
1597 5199 1880 5256 Psalmista

241 5291 306 5366 in
371 5307 689 5381 iniquitate
729 5297 959 5367 concipi,
1011 5304 1066 5350 et
1115 5295 1167 5348 in
1215 5300 1432 5360 peccato
1475 5303 1682 5347 asserat
1735 5293 1879 5347 nasci

241 5382 270 5473 ’(
288 5402 449 5455 Psal.
479 5415 544 5464 L,
573 5396 674 5463 fi);
707 5389 1006 5445 ostenditur
1027 5387 1112 5442 hic
1136 5401 1232 5457 per
1257 5384 1525 5456 angelum,
1559 5385 1627 5439 oh
1651 5385 1880 5454 Spiritus

251 5491 440 5546 sancti
473 5487 748 5542 virtutem
793 5481 1007 5536 feminae
1038 5477 1294 5534 membris
1339 5475 1599 5543 infusam,
1633 5487 1875 5531 sanctum

242 5654 245 5655 '
331 5649 346 5679 ι
404 5641 611 5708 Vulg.,
666 5635 855 5708 factum
887 5650 904 5688 :
934 5635 1019 5688 cui
1063 5633 1300 5708 concinit
1327 5630 1729 5708 fingeremus».
1779 5631 1876 5686 llic

249 5730 448 5774 tatncn
487 5702 851 5763 variafcrtur
870 5706 1251 5776 exemplarium
1285 5713 1391 5757 tum
1421 5702 1725 5776 Graecarum
1757 5713 1863 5755 tum

251 5772 608 5844 Latinorum
671 5777 843 5829 lectio.
907 5772 1362 5841 Quemadmodum
1413 5772 1635 5844 Avitus,
1695 5784 1869 5843 mltum

252 5841 486 5922 ιιιιιμιυε
521 5854 719 5914 legunt
744 5846 968 5900 lrenaeus
999 5846 1086 5900 lib.
1118 5860 1190 5911 ιιι,
1225 5861 1336 5912 ρῳ.
1376 5846 1459 5911 18,
1493 5855 1544 5898 ct
1569 5841 1870 5910 Cyprianus

1691 379 2017 436 EPISTOLA
2061 379 2121 434 11.

274 499 469 569 inquit,
500 507 610 552 erat
639 495 883 561 Verbum,
912 503 962 549 et
998 493 1215 550 Verbum
1236 501 1349 548 erat
1397 493 1539 562 apud
1586 489 1774 559 Deum,
1818 501 1865 546 et
1894 484 1957 555 A'

3439 384 3543 441 206

1969 491 2112 562 quod
2137 490 2206 546 de
2233 492 2324 546 tali
2352 493 2653 552 ministerio
2680 505 2822 551 esset
2851 495 3130 554 dicendum
3164 513 3177 552 :
3211 497 3353 567 quod
3404 513 3546 556 nunc

1977 581 2317 653 separatione
2344 596 2585 640 connexa
2611 584 2861 658 intelligit
2900 586 3211 658 Apostolus,
3259 603 3321 642 ac
3359 587 3547 645 definit

1973 673 2116 744 quod
2133 673 2198 728 ad
2220 673 2644 745 redemptionem
2665 688 2900 733 nostram
2921 681 3060 738 Deus
3075 683 3288 739 essetin
3305 681 3543 740 Christo.

1974 766 2081 822 Sed
2107 766 2331 824 callidus
2357 766 2583 824 forsitan
2611 770 2971 829 contradictor
3020 776 3099 829 sic
3123 776 3402 846 apostolici
3427 791 3541 833 ser-

1970 862 2146 918 monis
2195 861 2352 934 hujus
2393 863 2700 920 testimonio
2731 863 2860 922 velit
2920 864 3090 934 abuti,
3135 876 3194 924 ut
3241 869 3550 939 acquiescas

1973 952 2143 1010 Deum
2165 967 2286 1010 esse
2309 954 2364 1010 in
2391 943 2628 1022 Christo,
2656 955 2752 1012 sed
2781 956 2971 1028 gratia,
2992 973 3103 1014 non
3144 969 3335 1018 natura
3362 979 3375 1014 :
3414 963 3551 1018 sicut

1973 1052 2056 1101 est
2083 1045 2138 1100 in
2180 1045 2345 1102 corde
2391 1057 2719 1116 sanctorum,
2755 1063 2978 1118 quorum
3011 1059 3220 1108 mentes
3267 1067 3296 1106 a
3329 1066 3551 1124 peccato

1973 1137 2170 1196 liberas
2199 1137 2459 1196 habitatio
2489 1139 2792 1198 Divinitatis
2815 1143 3064 1200 illustrat.
3096 1144 3382 1200 Videamus
3411 1163 3552 1202 nunc

1972 1240 2225 1302 pareatne
2287 1243 2684 1300 commentum,
2752 1233 2798 1288 si
2870 1236 3137 1292 sententia
3190 1238 3606 1315 commeaturus.

1969 1319 2131 1388 Deus,
2183 1323 2371 1394 inquit,
2421 1333 2532 1378 erat
2570 1325 2622 1378 in
2666 1322 2866 1380 Christo
2917 1326 3168 1381 mundum
3213 1329 3552 1384 reconcilians

1971 1414 2067 1468 sibi
2093 1411 2180 1484 (Il
2202 1414 2324 1471 Cor.
2355 1430 2409 1484 v,
2445 1415 2558 1487 l9).
2593 1415 2769 1490 Eligat
2802 1418 2885 1474 hic
2915 1419 3103 1475 doctor
3129 1420 3406 1487 adversus,
3429 1423 3551 1492 quis

1971 1504 2232 1562 mundum
2266 1506 2404 1562 inter
2428 1506 2542 1576 ipsa
2586 1523 2724 1578 pene
2749 1509 2832 1565 sui
2862 1511 3065 1567 exordii
3098 1511 3416 1579 rudimenta,
3458 1513 3554 1570 hc-

1975 1595 2290 1666 nignissimo
2309 1595 2551 1654 Creatori
2576 1610 2794 1668 peccato
2822 1601 2979 1673 primi
3003 1604 3241 1674 parentis
3265 1603 3551 1672 offensum,

1975 1688 2190 1744 sibimet
2235 1688 2335 1761 ipsi
2382 1690 2437 1746 in
2476 1691 2792 1746 sa'culorum
2843 1693 2948 1748 fine
2993 1694 3264 1750 conciliet.
3296 1693 3351 1750 Si
3408 1696 3554 1750 solus

1979 1780 2148 1851 Deus,
2179 1780 2305 1853 quid
2335 1793 2555 1838 excuset
2585 1781 2801 1839 sibimet
2828 1783 2969 1854 quod
2996 1785 3193 1840 sufficit
3237 1785 3552 1841 remisisse?

1979 1873 2025 1930 si
2069 1881 2246 1930 autem
2275 1873 2422 1930 solus
2465 1874 2648 1942 homo,
2699 1890 2806 1946 quo
2833 1876 3024 1932 effectu
3051 1877 3153 1933 sibi
3180 1880 3422 1933 mortalis
3471 1893 3557 1934 rc-

1975 1967 2230 2024 conciliat
2255 1967 2402 2040 quod
2431 1967 2696 2023 Divinitas
2726 1984 2832 2024 non
2875 1969 3116 2025 relaxat?
3144 1970 3290 2026 Unus
3324 1981 3404 2025 est
3431 1987 3558 2042 ergo

1973 2056 2116 2114 Deus
2155 2067 2209 2114 et
2238 2059 2421 2124 homo,
2448 2060 2539 2129 qui
2589 2060 2688 2116 sibi
2727 2061 2982 2116 mundum
3014 2063 3128 2132 ipse
3168 2063 3504 2118 commendet
3539 2081 3553 2115 :

1971 2153 2060 2222 qui
2110 2167 2208 2221 pro
2251 2153 2431 2208 saeculi
2475 2154 2578 2208 vita
2610 2153 2710 2209 sibi
2744 2156 2912 2224 patris
2956 2155 3066 2212 filio
3109 2157 3373 2226 supplicet
3417 2157 3557 2214 ﬁlius

1972 2245 2177 2302 matris.
2225 2244 2381 2303 Unde
2428 2262 2535 2303 non
2561 2246 2696 2305 dixit
2725 2249 3043 2320 Apostolus,
3077 2251 3332 2305 mundum
3363 2264 3556 2306 recon-

1972 2337 2162 2392 cilians
2194 2339 2323 2406 Deo,
2359 2339 2452 2395 sed
2481 2340 2582 2396 sibi
2616 2357 2628 2395 :
2655 2356 2724 2397 ne
2753 2342 2892 2400 forte
2912 2359 3010 2414 pro
3051 2343 3424 2413 redemptione
3458 2345 3557 2400 hu-

1973 2429 2119 2484 mani
2149 2431 2360 2502 generis
2399 2433 2572 2487 solum
2605 2433 2877 2490 hominem
2921 2449 3105 2490 orasse
3158 2437 3390 2492 sentires
3419 2453 3433 2490 :
3466 2438 3557 2506 qui

1976 2525 2160 2596 utique
2184 2525 2286 2579 nisi
2305 2524 2359 2580 in
2381 2525 2677 2581 divinitatis
2693 2536 2937 2582 naturam
2957 2529 3210 2584 transiret
3225 2539 3556 2600 assumptus,

1976 2630 2088 2683 non,
2107 2617 2282 2672 solum
2305 2616 2701 2674 obnoxictatem
2726 2617 2945 2674 humani
2976 2620 3188 2689 generis
3210 2620 3354 2675 nulla
3393 2621 3559 2675 inter-

1975 2709 2608 2787 cessionefdissolveret,
2652 2711 2746 2767 sed
2794 2721 2848 2767 et
2901 2713 3014 2784 ipse
3067 2713 3364 2768 communis
3395 2713 3560 2770 debiti

1974 2803 2239 2858 sarcinam
2264 2803 2525 2875 parentali
2553 2803 2910 2874 chirographo
2954 2805 3264 2861 sustineret.
3297 2805 3407 2861 lioc
3431 2821 3558 2876 ergo

1975 2894 2275 2950 remedium
2323 2895 2462 2952 idem
2488 2895 2775 2967 Apostolus
2805 2898 2936 2953 dicit
2969 2897 3111 2968 (Gul.
3143 2913 3222 2966 ιιι,
3255 2897 3344 2970 19)
3376 2899 3557 2970 dispo-

1977 2985 2139 3042 situm
2167 3002 2286 3044 esse
2312 3003 2408 3059 per
2435 2990 2652 3060 angelos
2677 2989 2730 3045 in
2757 3006 2918 3046 manu
2940 2990 3265 3046 hicdiatoris.
3291 2993 3358 3046 Et
3377 3000 3559 3047 osten-

1979 3077 2113 3134 dens
2139 3095 2354 3136 causam
2385 3096 2490 3151 qua
2512 3082 2744 3138 medium
2769 3097 2828 3138 se
2854 3083 3135 3152 praeberet,
3163 3094 3467 3160 assumptus
3489 3085 3557 3138 ab

1978 3172 2199 3240 infimis,
2233 3173 2515 3228 inclinatus
2542 3189 2572 3228 a
2602 3173 2857 3229 summis:
2887 3173 3163 3240 Mediator,
3185 3177 3374 3248 inquit,
3407 3177 3558 3232 unius

1981 3273 2182 3321 nonest
2210 3280 2230 3320 :
2259 3263 2396 3320 Deus
2421 3274 2591 3321 autem
2626 3283 2760 3322 unus
2801 3276 2873 3320 est
2899 3265 3088 3337 (Ibid.,
3131 3266 3248 3338 20).
3281 3268 3408 3334 Quae
3435 3283 3558 3323 cum

1981 3358 2054 3412 ita
2079 3357 2205 3424 sint,
2228 3359 2364 3413 sicut
2393 3359 2494 3413 nisi
2525 3359 2664 3414 inter
2694 3359 2828 3414 duos
2859 3369 3000 3429 agat,
3031 3361 3325 3430 incongrue
3347 3359 3554 3415 media-

1981 3451 2059 3507 tio
2086 3450 2426 3507 nominatur:
2457 3451 2530 3506 ita
2570 3453 2685 3521 ipse
2720 3467 2878 3522 quem
2914 3451 3266 3509 mediatorem
3308 3453 3552 3520 dicimus,

1977 3542 2026 3602 si
2045 3543 2214 3599 solam
2245 3558 2405 3614 quam
2422 3543 2553 3599 velis
2577 3559 2642 3599 ex
2665 3544 2871 3600 duabus
2897 3544 3249 3600 substantiam
3273 3546 3556 3615 reciperet,

1977 3635 2045 3692 ad
2103 3635 2436 3693 subeundum
2487 3635 2722 3693 medium
2776 3636 2912 3692 nihil
2959 3637 3202 3694 haberet.
3252 3636 3404 3708 Quod
3451 3652 3558 3693 uno

1977 3728 2216 3799 quidem,
2244 3739 2297 3784 et
2339 3729 2428 3784 tali
2455 3731 2544 3800 qui
2575 3729 2716 3786 nulla
2742 3729 3028 3786 calliditate
3051 3730 3278 3799 f'ucetur,
3311 3745 3560 3788 sermone

1977 3820 2251 3878 concludit
2287 3821 2471 3877 dicens
2497 3839 2509 3874 :
2541 3820 2664 3892 Ipse
2699 3831 2771 3876 est
2799 3825 2930 3877 enim
2959 3840 3062 3896 pax
3089 3835 3280 3892 nostra,
3325 3825 3411 3894 qui
3439 3824 3560 3895 fecit

1977 3923 2194 3984 utraque
2221 3931 2374 3968 unum
2405 3913 2623 3986 (Ephes.
2658 3931 2716 3984 ιι,
2748 3915 2858 3986 id).
2887 3916 3006 3985 Ipse
3051 3916 3299 3972 videlicet
3326 3931 3424 3988 pax
3453 3915 3558 3970 hu-

1980 4007 2184 4059 milium
2205 4014 2365 4075 atque
2392 4006 2680 4071 celsorum,
2702 4023 2837 4060 unus
2864 4007 3034 4061 factus
3057 4023 3119 4061 ex
3145 4017 3371 4075 utroque
3393 4022 3558 4060 unum

1981 4097 2213 4151 reddidit
2258 4111 2321 4152 ex
2369 4098 2625 4167 utrisque.
2658 4097 2818 4150 Certe
2851 4098 3004 4152 sicut
3049 4111 3208 4164 supra
3261 4097 3556 4164 posuimus,

1983 4196 2076 4241 aut
2119 4187 2456 4258 expositione
2483 4188 2868 4251 testimonium,
2902 4197 2994 4240 aut
3036 4194 3348 4258 argumento
3400 4201 3560 4256 egero

1983 4279 2197 4335 videtur
2242 4280 2570 4351 exemplum.
2603 4281 2740 4348 Quid
2791 4281 2873 4336 vel
2905 4280 2995 4336 illo
3022 4281 3262 4351 Apostoli
3311 4295 3560 4338 sermone

1983 4371 2232 4438 lucidius,
2279 4387 2384 4444 quo
2425 4387 2545 4428 cum
2585 4371 2815 4428 diversis
2867 4372 3141 4428 hominum
3181 4373 3467 4444 generibus
3502 4388 3560 4430 se

1981 4475 2266 4535 coeptans,
2299 4465 2547 4519 omnibus
2566 4464 2746 4519 omnia
2776 4479 2833 4518 se
2864 4462 3060 4519 factum
3084 4464 3329 4530 referret,
3353 4473 3412 4520 ut
3435 4479 3553 4521 om-

1981 4558 2127 4613 nium
2152 4558 2355 4614 animas
2383 4558 2698 4614 talentorum
2735 4557 3033 4614 caelestium
3069 4559 3294 4630 cupidus
3322 4559 3560 4630 duplica-

1985 4659 2068 4705 tor
2095 4651 2395 4721 acquireret
2425 4669 2439 4706 ε
2473 4647 2665 4706 Factus
2687 4667 2821 4717 sum,
2854 4650 3008 4717 dixit,
3054 4650 3132 4704 Itis
3178 4652 3266 4722 qui
3312 4652 3421 4705 sine
3457 4651 3565 4724 lege

1985 4752 2129 4795 erant
2157 4741 2301 4812 quasi
2322 4743 2431 4794 sine
2459 4742 2564 4810 lege
2591 4757 2768 4804 essem,
2797 4757 2911 4793 cum
2937 4742 3044 4794 sine
3065 4741 3172 4810 lege
3199 4740 3293 4795 Dei
3320 4758 3420 4794 non
3443 4743 3560 4808 sim,

1986 4835 2072 4888 sed
2104 4833 2155 4886 in
2194 4832 2303 4906 lege
2326 4833 2422 4885 sint
2462 4831 2651 4885 Christi
2682 4831 2734 4898 (1
2766 4830 2885 4885 Cor.
2920 4848 2996 4900 lx,
3027 4829 3157 4904 2|)?
3188 4832 3432 4902 Nunquid
3484 4841 3566 4886 est

1987 4926 2266 4996 quisquam
2302 4935 2406 4979 tam
2440 4925 2492 4978 in
2516 4923 2775 4994 profunda
2820 4924 3117 4989 demersus,
3150 4924 3237 4994 qui
3267 4924 3406 4978 istud
3435 4938 3564 4976 cen-

1991 5025 2108 5072 seat
2131 5015 2544 5084 explanandum,
2569 5015 2614 5070 si
2637 5015 2688 5070 in
2719 5016 2833 5085 lege
2856 5015 3054 5069 Christi
3091 5024 3177 5071 est
3205 5016 3322 5071 sine
3346 5016 3459 5085 lege
3487 5015 3566 5067 ιιι.

1989 5106 2150 5166 vina?
2185 5107 2342 5164 Pater
2375 5124 2565 5181 nempe
2613 5107 2755 5180 quod
2788 5123 2924 5164 unus
2971 5117 3055 5165 est
3095 5108 3231 5164 lator
3271 5109 3425 5176 legis,
3473 5105 3565 5173 qui

1989 5218 2130 5256 unus
2172 5201 2446 5270 idemque,
2487 5209 2546 5255 ut
2593 5201 2855 5273 signiﬁcat
2902 5200 3138 5270 psalmus
3188 5203 3430 5270 (LXXXIII,
3487 5194 3589 5276 8),,

1988 5293 2259 5364 praeterita
2331 5293 2613 5364 futuraque
2662 5293 3064 5362 complectens,
3137 5287 3593 5345 benedictionem

1989 5385 2138 5439 dabit
2181 5384 2234 5438 in
2279 5384 2565 5453 baptismo,
2594 5384 2685 5456 qui
2710 5385 2880 5454 legem
2927 5383 3150 5438 dederat
3195 5381 3248 5432 in
3280 5385 3565 5448 praecepto.

1989 5461 2222 5532 Ofl'endit
2258 5477 2473 5549 quidem
2521 5486 2731 5532 mentes
2774 5474 3088 5530 carnalitate
3141 5469 3455 5539 depressas,
3513 5479 3568 5524 et

1985 5631 2080 5687 lib.
2113 5647 2152 5687 ιι
2190 5631 2257 5686 ad
2289 5631 2503 5697 Quirin.
2541 5630 2722 5696 Neque
2762 5626 2916 5697 aliter
2957 5623 3297 5691 Augustinus.
3327 5655 3394 5665 -—
3420 5627 3569 5680 Nota:

1975 5717 2201 5758 numero
2254 5695 2609 5775 praesignaue
2641 5695 2909 5775 Call-audii
2965 5704 3145 5775 sunt}
3199 5706 3403 5775 caetera:
3464 5699 3569 5750 Sir-

1977 5775 2178 5896 alendo
2209 5766 2494 5838 debentur,
2528 5769 2679 5833 cujus
2709 5766 2997 5826 editionem
3031 5766 3343 5820 Gallandius
3371 5783 3477 5819 εχει
3499 5773 3570 5820 ri-

2019 5842 2078 5896 it.
2118 5845 2266 5896 Eutr.
2849 5873 2872 5892 ι
