4092 6350
552 300 654 359 207
1802 291 1860 347 S.
1907 290 2089 347 AVITl
2127 284 2534 346 VlENNENSlS
3732 282 3836 345 205

551 419 878 493 coniecturis
920 418 1165 475 humanae
1186 408 1589 470 consuetudinis
1623 406 1922 473 liebetatas,
1974 415 2135 462 tantae
2162 410 2217 471 Α
2240 405 2365 461 dum
2390 405 2595 474 jactus;
2629 401 2723 459 sed
2764 406 2919 474 putes
2948 407 3005 458 et
3032 400 3166 457 istos
3196 403 3441 472 tempore
3486 410 3586 457 suo
3614 401 3831 459 veritati

502 501 521 564 Ῐ
553 513 919 586 disparilitatis
948 512 999 567 in
1025 524 1185 565 unum
1216 512 1399 562 coacta
1459 501 1759 574 proprietas
1795 519 1806 553 :
1840 509 1899 555 ut
1925 498 2136 554 scilicet

551 609 728 664 divina
759 602 1033 676 plenitudo
1061 608 1115 656 et
1136 601 1369 655 humana
1398 595 1634 653 conditio
1654 639 1668 663 ,
1699 600 1761 649 ut
1788 592 1927 649 servi
1949 590 2131 646 humi-

550 702 672 759 litas
698 698 1016 767 Dominique
1045 694 1318 764 maiestas,
1352 700 1411 747 ut
1453 691 1714 747 creatoris
1742 689 1912 744 virtus
1941 697 1995 744 et
2018 702 2132 742 ser-

548 796 687 850 vitus
710 801 993 857 creaturae,
1025 805 1188 846 unam
1210 805 1275 844 ex
1298 787 1383 842 his
1408 786 1658 843 omnibus
1684 786 1972 840 videantur
2001 782 2130 839 red-

547 887 747 944 didisse
778 900 1091 956 personam.
1120 884 1223 938 Sed
1268 896 1367 938 nec
1413 882 1552 937 ratio
1581 879 1870 936 soliditatis
1922 879 2078 933 istius
2106 892 2136 932 a

547 980 848 1049 sapientum
882 977 1153 1032 soliditate
1178 976 1463 1045 longinqua
1493 982 1595 1039 est,
1633 988 1753 1043 qum
1779 972 1996 1027 videtur
2025 985 2138 1026 ma-

544 1074 751 1129 ximum
778 1082 962 1127 tenere
990 1071 1043 1125 in
1069 1070 1370 1125 haeredibtts
1398 1089 1411 1123 :
1446 1068 1585 1139 quod
1619 1067 1709 1122 ille
1731 1068 1876 1122 solus
1902 1065 2138 1120 hominis

546 1175 745 1223 statum
772 1165 943 1235 potuit
988 1162 1287 1218 reformare
1317 1162 1385 1217 dc
1437 1160 1664 1230 perdito,
1688 1161 1779 1230 qui
1813 1158 2059 1214 formavit
2105 1171 2137 1213 e

547 1272 725 1313 caeno.
780 1257 933 1312 Unde
986 1254 1326 1311 beatissimus
1371 1252 1604 1307 Paulus:
1642 1250 1888 1316 Primus,
1940 1247 2132 1318 inquit,

547 1350 700 1403 homo
748 1349 811 1402 de
846 1358 978 1403 terra
1036 1355 1287 1412 terrenus,
1338 1343 1591 1399 secundus
1643 1342 1705 1396 de
1756 1341 1880 1396 caelo
1919 1340 2134 1395 caelestis

548 1440 603 1511 (Ι
630 1439 749 1495 Cor.
782 1455 876 1506 xv,
909 1438 1020 1509 47).
1055 1438 1252 1493 Verum
1285 1436 1501 1505 quidem
1533 1434 1803 1488 hominem
1850 1432 2007 1497 dixit,
2041 1430 2136 1486 sed

548 1541 822 1589 terrenum
852 1547 971 1585 cum
1022 1529 1269 1600 contagio
1317 1527 1651 1597 pollutionis,
1702 1525 1980 1581 caelestem
2013 1536 2133 1577 cum

548 1623 819 1679 consortio
846 1622 1163 1676 divinitatis.
1194 1621 1344 1692 Rogo
1375 1635 1532 1685 nunc,
1580 1634 1701 1673 cum
1736 1615 2025 1687 Apostolus
2050 1614 2135 1667 di-

547 1725 631 1770 cat
665 1715 939 1769 hominem
974 1712 1318 1768 descendisse
1340 1713 1407 1766 de
1435 1711 1608 1779 ccelis,
1641 1710 1761 1780 quis
1788 1719 1872 1764 est
1917 1708 2005 1778 qui
2039 1722 2133 1763 ne-

544 1821 671 1876 gare
691 1806 886 1861 audeat
906 1805 1071 1859 Deum
1097 1802 1321 1857 rediisse
1338 1802 1405 1857 de
1426 1800 1626 1857 terris?
1652 1800 1841 1855 Adhuc
1868 1799 1913 1853 si
1946 1812 2132 1868 parum
2164 1802 2214 1865 B
2240 1806 2490 1855 tueantur
2537 1817 2553 1856 :

546 1906 648 1965 est,
681 1897 823 1968 quod
865 1911 959 1951 vas
985 1896 1264 1952 electionis
1305 1895 1560 1961 asseruit,
1594 1894 1941 1949 consulamus
1980 1892 2129 1947 illum

544 1993 635 2063 qui
660 2001 889 2050 mentem
912 1993 1069 2049 electi
1090 1992 1463 2062 pretiosissimi
1486 1992 1627 2046 vasis
1644 1990 1915 2060 implevit:
1940 1987 2130 2056 Nemo,

544 2089 737 2157 inquit,
767 2087 990 2141 ascendit
1017 2086 1071 2139 in
1101 2086 1299 2153 caelum,
1336 2085 1435 2139 nisi
1457 2085 1543 2153 qui
1573 2084 1637 2139 de
1679 2084 1801 2139 creto
1847 2083 2132 2149 descendit,

542 2180 711 2235 Filius
743 2180 962 2235 hominis
990 2182 1077 2251 qui
1123 2187 1195 2234 est
1226 2180 1279 2232 in
1309 2179 1431 2233 cazlo
1480 2175 1658 2249 (Joan.
1689 2193 1766 2244 ut,
1814 2176 1926 2245 i3).
1974 2176 2031 2231 Si
2060 2175 2131 2231 ita

542 2273 656 2344 ipse
698 2275 840 2331 Deus
867 2276 1066 2330 veritas
1108 2288 1230 2328 cum
1278 2288 1371 2327 sua
1418 2273 1786 2328 incarnatione
1816 2271 2127 2339 concordat,

540 2376 600 2424 ut
654 2377 778 2422 ante
833 2382 993 2423 omne
1048 2367 1304 2422 saeculum
1357 2366 1538 2421 uniret
1599 2365 1938 2434 prmscientia
1988 2364 2129 2435 quod

540 2460 597 2514 in
660 2460 981 2516 saeculorum
1042 2460 1147 2515 fine
1199 2473 1475 2515 assumere
1530 2456 1870 2527 disposuerat
1922 2457 1973 2510 in
2035 2470 2131 2509 na-

539 2562 658 2609 tura
710 2571 726 2609 :
777 2554 955 2610 videte
1006 2564 1309 2609 utrumnam
1364 2555 1506 2609 Deus
1552 2554 1620 2609 sit
1669 2554 1758 2624 qui
1815 2552 2130 2609 conscendit

540 2654 665 2717 post
694 2646 1108 2702 resurrectionis
1138 2647 1467 2716 triumphum
1492 2691 1505 2714 ,
1558 2645 1602 2700 si
1625 2661 1746 2701 cum
1772 2644 1932 2701 Patre
1960 2646 2129 2700 Filius

537 2738 705 2794 fuisse
746 2740 941 2795 dicitur
969 2749 1092 2793 ante
1136 2742 1313 2794 carnis
1342 2739 1619 2794 etordium
1655 2758 1667 2791 :
1700 2749 1791 2793 aut
1820 2748 2015 2809 quanta
2043 2739 2127 2793 Ca-

536 2842 622 2889 cta
663 2834 732 2887 sit
778 2832 1018 2888 soliditas
1048 2832 1186 2904 [Alia
1217 2832 1384 2900 lectio,
1435 2840 1628 2901 quanta
1659 2832 1733 2885 sit
1774 2828 2042 2901 soliditas]
2072 2832 2125 2885 in

537 2925 845 2996 praeteritis,
869 2926 1021 2994 cuius
1056 2933 1202 2978 tanta
1249 2925 1426 2978 unitas
1456 2922 1778 2994 praedicatur
1826 2923 1879 2977 in
1909 2922 2123 2979 futuris.

538 3017 646 3076 Sed
699 3034 765 3074 ne
813 3018 1013 3087 aliquid
1053 3018 1120 3073 de
1160 3018 1260 3072 hac
1308 3015 1739 3072 immutabilitate
1789 3027 2122 3082 cunetemur,

537 3112 712 3165 adhue
739 3110 887 3164 addit
930 3110 1218 3179 Apostolus
1268 3109 1336 3165 de
1385 3110 1592 3180 psalmo
1624 3108 1987 3164 testimonium
2020 3124 2118 3181 po-

2243 500 2539 571 pcrspicuae
2590 512 2712 553 cum
2768 495 2918 551 duris
2977 494 3245 552 mentibus
3293 509 3421 550 saxa
3464 493 3716 565 iaculari.
3755 494 3832 551 Ne

2242 594 2385 651 Deus
2426 602 2481 650 et
2511 594 2672 648 homo
2716 606 2880 647 unum
2916 589 3192 657 credatur,
3235 588 3483 660 coniurat
3523 588 3673 644 furor
3700 589 3832 645 dno-

2241 704 2382 743 rum.
2416 687 2600 743 Liceat
2641 701 2772 757 rogo
2802 684 2947 756 quod
2978 684 3103 739 facti
3156 698 3341 738 sumus
3386 682 3442 737 in
3471 682 3664 738 melius
3706 698 3830 753 pro-

2245 780 2369 836 vehi
2404 796 2417 834 :
2450 780 2611 835 liceat
2639 788 2971 849 compactam
3012 778 3124 833 luto
3152 778 3437 833 materiam
3467 790 3826 846 supernorum

2241 874 2445 929 honore
2471 872 2702 932 sustolli.
2726 872 2864 940 Quid
2891 880 3095 927 tantum
3117 879 3304 927 contra
3335 880 3387 926 te
3412 870 3576 926 homo
3614 870 3825 935 niteris,

2240 981 2309 1021 ne
2354 966 2407 1021 in
2443 965 2609 1021 Deum
2660 980 2820 1036 posse
2873 966 3105 1021 transire
3147 963 3418 1021 credaris?
3460 962 3630 1035 Vocat
3681 962 3823 1018 teatl

2240 1059 2705 1130 participationem
2746 1059 2828 1114 sui
2870 1073 3099 1128 superna
3144 1058 3398 1129 maiestas
3426 1073 3441 1113 :
3473 1072 3570 1114 cur
3593 1057 3826 1114 offeren-

2239 1161 2352 1208 tem
2406 1152 2628 1208 renuis?
2659 1152 2784 1223 quid
2813 1152 3045 1221 despicis
3088 1151 3460 1223 ingerentem?
3493 1150 3704 1207 Excolo
3730 1167 3824 1221 pro

2240 1242 2589 1313 adipiscenda
2639 1243 2990 1299 similitudine
3036 1242 3339 1307 veritatem,
3390 1242 3553 1312 diligo
3596 1256 3693 1310 pro
3741 1228 3826 1296 seé

2238 1335 2429 1390 ctanda
2471 1336 2770 1391 imitatione
2812 1336 3128 1391 doctrinam.
3174 1336 3230 1391 Si
3257 1344 3417 1405 caput
3456 1345 3698 1390 nostrum
3743 1343 3824 1390 est

2238 1428 2505 1495 Christus,
2554 1428 2611 1483 in
2652 1428 3029 1485 sublimatione
3081 1437 3295 1484 sument
3337 1427 3823 1499 quantulacunque

2243 1519 2590 1576 sublimitatis
2616 1521 2946 1576 consortium
2975 1521 3213 1577 membra
3239 1521 3307 1577 de
3347 1522 3569 1577 vertice.
3594 1521 3825 1577 Poscant

2239 1613 2399 1683 igitur
2429 1613 2518 1669 alii
2542 1614 2910 1670 destructores
2939 1614 3006 1670 de
3035 1615 3312 1685 utriusque
3339 1614 3670 1669 Testamenti
3705 1629 3825 1670 eor-

2239 1721 2368 1776 pore
2414 1708 2785 1778 exemplorum
2837 1706 3264 1774 similitudinem,
3304 1708 3497 1777 quibus
3550 1709 3822 1777 proposita

2604 1800 2819 1871 negotio
2882 1800 3007 1856 huic
3054 1801 3135 1855 sic
3200 1800 3419 1856 adnisus
3482 1800 3822 1856 bibliothecas

2240 1897 2517 1968 utriusque
2542 1904 2775 1967 constat,
2829 1898 2960 1953 utsi
2995 1896 3317 1952 confirmare
3365 1897 3505 1967 quod
3555 1897 3821 1964 loquimur

2236 1992 2549 2047 testimonio
2574 1991 2903 2061 astipulante
2927 1991 3185 2057 velimus,
3227 1999 3416 2045 cuncta
3456 1990 3737 2045 videantur
3768 1991 3820 2045 in

2236 2100 2398 2139 unum
2432 2099 2567 2155 opus
2617 2086 2999 2141 canonicorum
3049 2085 3381 2140 voluminum
3434 2085 3642 2140 oracula
3678 2099 3812 2139 con-

2234 2177 2493 2247 gerenda.
2528 2178 2605 2233 De
2633 2192 2859 2249 quorum
2891 2178 3232 2234 multitudine
3259 2177 3424 2248 iuste,
3456 2178 3523 2233 ad
3552 2176 3817 2233 declinan-

2236 2269 2359 2323 dam
2400 2269 2786 2341 prolixitatem,
2844 2270 3016 2327 electa
3057 2286 3282 2342 quasque
3335 2285 3397 2326 ac
3441 2270 3695 2326 deflorata
3727 2286 3819 2341 po-

2235 2372 2460 2425 nuntur.
2484 2363 2619 2431 Quia
2650 2363 2788 2419 sicut
2818 2364 3027 2419 minimi
3055 2363 3276 2419 eti'ectus
3295 2370 3441 2428 sunt,
3466 2378 3585 2433 quas
3613 2372 3813 2418 tantum

2234 2455 2302 2512 de
2357 2466 2543 2512 nostro
2597 2444 2828 2528 profata,
2882 2457 3028 2513 nullo
3071 2456 3467 2527 Scripturarum
3521 2457 3811 2512 etelestium

2234 2555 2564 2611 adminiculo
2604 2555 2897 2611 fulciuntur
2926 2574 2941 2609 :
2976 2555 3044 2609 ita
3075 2556 3162 2626 qui
3189 2556 3429 2625 recipere
3470 2570 3638 2625 pauca
3670 2554 3813 2610 lasti-

2233 2647 2331 2713 dit,
2365 2662 2470 2703 non
2510 2647 2738 2712 virtute,
2790 2647 2901 2704 sed.
2931 2648 3075 2703 mole
3117 2662 3231 2703 rem
3277 2646 3496 2717 conjicit
3525 2664 3539 2701 :
3570 2648 3813 2718 quoniam

2233 2743 2373 2798 vinci
2406 2750 2687 2809 metuens,
2722 2741 2913 2797 instrui
2961 2742 3171 2804 nolens,
3203 2740 3271 2795 ad
3313 2739 3671 2795 deserendam
3705 2739 3812 2795 veri

2233 2834 2594 2905 COgnitionem
2623 2834 2873 2889 volumen
2906 2834 3083 2904 petitis
3109 2848 3268 2904 quam
3316 2832 3638 2889 documenta
3678 2832 3811 2888 desi-

2231 2925 2448 2993 derans,
2499 2940 2606 2980 non
2636 2940 2827 2980 causas
2858 2934 3010 2995 putat
3061 2940 3243 2981 rerum
3289 2923 3660 2993 magnitudine
3690 2938 3811 2979 con-

2232 3025 2405 3088 stare,
2456 3017 2550 3073 sed
2600 3017 2827 3088 paginis.
2882 3017 3141 3073 Dominus
3181 3017 3362 3088 itaque
3399 3031 3463 3072 ac
3491 3016 3812 3085 Redemptor

2232 3119 2439 3175 noster,
2493 3109 2781 3164 adventum
2828 3108 3015 3178 gloriae
3068 3124 3178 3165 sua:
3205 3107 3482 3178 discipulis
3530 3108 3813 3178 specialius

536 3218 671 3259 nens
702 3220 715 3258 :
753 3202 972 3274 PrOpter
1011 3202 1151 3272 quod
1175 3202 1340 3256 dicit:
1369 3202 1661 3256 Ascendens
1687 3203 1742 3256 in
1766 3203 1930 3257 altum
1956 3202 2119 3270 capti-
2150 3184 2197 3250 (ἶ
2232 3203 2374 3257 inter
2403 3212 2669 3274 praecepta
2698 3202 2877 3257 omnia
2910 3201 3261 3258 manifestans
3281 3247 3295 3273 ,
3340 3201 3486 3265 Cum,
3514 3202 3707 3271 inquit,
3730 3217 3812 3256 ce-

534 3314 648 3351 vam
684 3297 829 3350 duxit
857 3297 1228 3367 captivitatem,
1273 3297 1411 3352 dedit
1441 3297 1579 3350 dona
1608 3296 1918 3351 hominibus.
1969 3297 2119 3365 Quod

537 3398 707 3443 autem
738 3389 989 3453 ascendit,
1023 3388 1212 3458 inquit,
1248 3388 1371 3458 quid
1395 3396 1469 3442 est
1498 3388 1597 3441 nisi
1645 3388 1782 3459 quod
1827 3393 1981 3443 etiam
2029 3389 2119 3443 de-

529 3481 724 3533 scendit
752 3480 805 3534 in
831 3481 1079 3551 inferiora
1107 3490 1253 3535 terrw
1286 3479 1499 3553 (Ephes.
1542 3496 1614 3552 tv,
1647 3479 1739 3552 8)?
1791 3481 1987 3537 Parum
2036 3488 2121 3537 est

531 3567 675 3637 quod
705 3568 874 3623 Deum
904 3568 1034 3623 dicit
1070 3568 1122 3622 in
1157 3576 1355 3622 terram
1395 3572 1628 3637 venisse,
1678 3570 1782 3624 nisi
1831 3570 2120 3625 confirmet

534 3671 655 3712 eum
674 3667 893 3727 propter
914 3659 1169 3713 unitatem
1197 3673 1442 3725 persona:
1464 3675 1624 3728 quam
1641 3671 1952 3730 susceperat
1969 3662 2020 3715 in
2039 3663 2119 3715 in-

531 3750 679 3805 ferna
692 3751 1019 3806 descendere
1033 3750 1173 3825 [Alia
1190 3752 1360 3818 lectio,
1378 3754 1429 3807 in
1444 3754 1709 3808 infernum
1728 3754 2114 3828 descendisse].

535 3851 561 3880 ³
592 3845 749 3898 Certe
776 3844 1333 3900 circumfrementibus
1370 3846 1603 3916 Judaeis,
1648 3857 1703 3903 et
1744 3848 1797 3903 in
1832 3850 2115 3904 Dominum

535 3943 777 3990 nostrum
819 3935 1272 4006 hlaSphemiarum
1305 3939 1408 3993 tela
1458 3939 1808 4008 vibrantibus,
1839 3942 1965 4012 quid
1996 3957 2115 3999 res-

529 4026 781 4098 pondisse
832 4028 1097 4085 credimus
1130 4046 1144 4082 :
1174 4029 1333 4084 Amen
1362 4031 1477 4085 dico
1500 4030 1671 4100 vobis,
1704 4043 1824 4087 ante
1853 4034 2113 4089 Abraham

525 4138 617 4193 ego
646 4139 757 4176 sum
784 4121 961 4193 (Joan.
997 4139 1125 4193 vut,
1174 4122 1286 4192 58),
1329 4120 1439 4181 nisi
1469 4128 1593 4196 quia
1626 4142 1724 4197 per
1766 4127 2109 4183 concordiam

523 4217 782 4286 genitoris
811 4227 863 4272 et
894 4218 1079 4286 geniti,
1136 4220 1249 4287 ipse
1281 4234 1374 4287 per
1413 4220 1689 4276 traducem
1741 4232 2107 4278 maternorum

523 4317 803 4378 parentum
834 4308 1113 4365 descendit
1142 4327 1218 4364 ex-
1240 4312 1469 4366 Abrahae
1498 4316 1725 4382 semine,
1753 4316 1842 4386 qui
1867 4318 1983 4372 sine
2012 4334 2108 4372 an-

523 4414 715 4455 norum
764 4416 990 4456 numero
1034 4399 1305 4456 Abraham
1357 4405 1567 4472 prteivit
1618 4406 1962 4461 aeternitate?
2004 4410 2107 4478 Qui

522 4491 786 4547 maximus-
818 4492 1267 4562 patriarcharum,
1294 4509 1413 4548 cum
1460 4494 1664 4551 videret
1696 4497 1848 4551 illum
1876 4497 2017 4553 diem
2051 4500 2103 4554 in

522 4600 627 4656 quo
657 4588 773 4641 sine
802 4584 908 4641 ﬁne
938 4595 1216 4656 permanet
1238 4586 1401 4656 Deus,
1425 4589 1731 4658 concupivit
1756 4600 1932 4646 tamen
1956 4590 2104 4647 illum
2137 4578 2191 4641 Β

520 4679 708 4736 videre
733 4694 838 4750 quo
866 4680 1025 4735 homo
1056 4679 1236 4734 ttnittts
1264 4688 1344 4735 est
1376 4680 1503 4735 Deo.
1536 4680 1700 4750 Vidit,
1739 4682 1911 4752 inquit
1942 4692 1986 4737 et
2009 4700 2102 4756 ga-

518 4776 655 4829 visus
703 4784 775 4829 est
812 4773 999 4847 (Ibid.,
1044 4776 1139 4845 56)
1172 4791 1187 4830 :
1220 4775 1341 4845 quia
1387 4775 1525 4832 sicut
1553 4778 1812 4833 cernebat
1857 4778 2005 4833 illum
2052 4782 2104 4837 in

519 4881 625 4937 quo
654 4877 767 4919 erat
801 4866 1030 4934 genuina
1088 4867 1359 4935 maiestas,
1404 4868 1476 4921 ita
1525 4878 1579 4922 et
1622 4868 1781 4924 istum
1834 4871 2104 4929 desiderio

518 4967 839 5029 conceperat
868 4960 921 5013 in
965 4974 1071 5029 quo
1097 4959 1344 5029 ad0ptata
1375 4962 1745 5019 illustrabatur
1776 4963 2052 5022 humilitas
2085 4985 2099 5021 :

517 5050 762 5108 Tulerunt
779 5070 920 5123 ergo,
944 5052 1139 5123 inquit,
1165 5054 1361 5123 lapides
1385 5064 1435 5107 ut
1444 5058 1676 5126 jacerent
1699 5058 1751 5109 in
1768 5074 1885 5111 eum
1907 5057 1959 5130 (1
1964 5059 2095 5125 bid.,

513 5146 795 5218 59).Quid
850 5161 1012 5215 porro
1065 5146 1323 5200 miramur
1352 5146 1710 5218 Eutychianos
1757 5160 1945 5207 contra
2004 5167 2095 5207 ca-

512 5242 766 5297 tholicam
816 5241 1064 5305 fremere,
1096 5256 1220 5296 cum
1267 5240 1543 5299 videamus
1592 5254 1753 5315 caput
1781 5257 2021 5304 nostrum
2063 5265 2094 5305 a

513 5336 622 5390 suis
653 5335 719 5391 ad
749 5351 884 5404 quos
905 5344 1126 5391 venerat
1152 5334 1457 5404 pertulisse,
1493 5336 1936 5409 redditurumque
1975 5356 2096 5409 per-

516 5422 692 5481 ﬁdiam
740 5428 1101 5499 indignatione
1144 5442 1245 5483 una
1278 5442 1400 5482 cum
1458 5427 1603 5483 fine?
1632 5429 1709 5484 Eo
1756 5434 2094 5490 contumelia:

512 5535 675 5575 sensu
727 5522 813 5577 hic
838 5523 1052 5579 Judacus
1096 5523 1268 5588 saevit,
1320 5537 1427 5593 quo
1474 5522 1562 5578 hic
1605 5522 1891 5582 hrereticus
1937 5528 2085 5585 livet.

513 5614 853 5671 Parricidalis
884 5618 1095 5685 quidem
1123 5607 1232 5673 illic
1256 5616 1356 5673 fuit
1400 5618 1453 5672 in
1486 5617 1768 5676 Dominum
1797 5625 1921 5680 caeli
1952 5626 2089 5696 lapi-

584 5727 783 5805 f_li_unc
807 5727 982 5805 locum
1006 5728 1569 5805 proferetAgobardus
1587 5731 1870 5805 adversum
1895 5735 2084 5805 dogma

514 5796 707 5859 Felicis
738 5798 838 5855 sub
866 5796 1047 5855 ﬁnem.
1080 5800 1265 5856 Beatus
1293 5796 1491 5872 quoque
1517 5804 1710 5868 Avitus,
1740 5796 2081 5864 P/totittidno-

2227 3300 2363 3351 neris
2385 3295 2557 3351 Filius
2584 3296 2805 3351 hominis
2833 3297 2885 3350 in
2914 3297 3181 3367 majestate
3207 3311 3325 3361 sua,
3354 3303 3402 3348 et
3442 3309 3618 3348 omnes
3648 3293 3809 3365 angeli

2225 3407 2340 3444 cum
2363 3406 2443 3458 eo,
2475 3399 2594 3444 tunc
2621 3389 3065 3461 congregabantur
3089 3396 3207 3441 ante
3238 3387 3384 3441 illum
3410 3401 3585 3440 omnes
3615 3394 3806 3457 gentes,

2224 3492 2271 3536 et
2292 3482 2550 3553 separabit
2574 3497 2660 3536 eas
2679 3482 2742 3534 ab
2764 3480 2997 3546 invicem,
3029 3490 3075 3535 et
3102 3487 3287 3535 statuet
3305 3478 3474 3549 justas
3490 3480 3639 3545 quasi
3660 3493 3810 3548 agnos

2223 3591 2255 3628 a
2283 3574 2494 3637 dextris,
2525 3574 2711 3641 impios
2742 3581 2913 3627 autem
2953 3573 3085 3626 sicut
3115 3571 3289 3627 haedos
3328 3570 3395 3623 ad
3422 3570 3625 3624 lwuam.
3675 3569 3809 3623 Tunc

2224 3665 2355 3718 dicet
2377 3681 2467 3718 rea:
2495 3664 2600 3718 illis
2627 3681 2646 3719 :
2684 3662 2883 3730 Venite,
2916 3663 3163 3718 benedicti
3190 3661 3367 3717 Patris
3410 3662 3530 3731 mei,
3563 3662 3811 3730 possidete

2221 3774 2433 3828 regnum
2461 3757 2597 3828 quod
2624 3768 2861 3828 paratum
2884 3765 2958 3811 est
2982 3756 3120 3811 vobis
3147 3773 3179 3810 a
3208 3755 3567 3810 constitutione
3598 3755 3808 3820 mundi;

2221 3862 2265 3907 et
2302 3852 2375 3907 eis
2400 3851 2488 3923 qui
2515 3868 2546 3903 a
2575 3852 2797 3906 sinistris
2826 3859 2967 3916 sunt,
3001 3860 3055 3904 ut
3078 3849 3342 3903 discedant
3370 3849 3432 3902 ab
3465 3865 3521 3903 eo
3558 3849 3608 3902 in
3638 3849 3812 3919 ignem

2218 3954 2488 4012 wternum,
2512 3962 2663 4016 quem
2701 3945 3009 4017 prwparavit
3037 3942 3175 3999 Deus
3215 3942 3373 3997 Pater
3408 3940 3605 3997 diabolo
3633 3950 3683 3995 et
3710 3959 3807 3996 an-

2218 4038 2348 4108 gelis
2380 4042 2493 4111 ejus
2521 4037 2737 4110 (Matth.
2770 4054 2895 4102 xxv,
2928 4037 3020 4104 51,
3052 4035 3144 4104 54,
3176 4035 3288 4104 41).
3337 4035 3495 4106 Quid,
3527 4050 3677 4106 rogo,
3723 4035 3809 4091 hic

2216 4130 2623 4200 contemptibile
2659 4130 2712 4185 in
2737 4130 2958 4185 Christo
2983 4129 3236 4200 superbia
3268 4130 3495 4184 humana
3530 4128 3809 4191 fastidiat?

2215 4225 2344 4295 quid
2394 4234 2502 4281 tam
2548 4234 2697 4281 metu
2741 4225 2986 4295 dignum,
3028 4233 3137 4279 tam
3176 4224 3381 4281 honore
3432 4224 3805 4294 conspicuum,

2221 4328 2327 4372 tam
2352 4328 2558 4374 terrore
2574 4317 2972 4395 venerandum?
2996 4316 3279 4387 Excogitet
3300 4316 3602 4384 haereticus,
3629 4325 3806 4371 utrum

2216 4412 2355 4467 istuc
2386 4412 2558 4468 Patris
2607 4412 2795 4483 glorise
2847 4412 3122 4483 adiungat,
3152 4427 3218 4467 an
3252 4412 3391 4468 Filii.
3418 4411 3500 4466 Ad
3532 4412 3804 4481 negotium

2213 4504 2355 4575 quod
2377 4506 2634 4577 gerimus,
2659 4506 2845 4563 audire
2870 4507 3001 4561 mihi
3024 4505 3239 4561 sufficit.
3267 4505 3394 4561 Cum
3416 4507 3606 4560 venerit
3634 4504 3681 4557 F
3683 4506 3806 4559 ilius

2220 4598 2438 4653 hominis
2463 4600 2515 4653 in
2542 4601 2814 4672 majestate
2832 4617 2947 4656 sua.
2974 4599 3032 4654 In
3063 4600 3309 4669 prtesenti
3340 4599 3538 4654 saeculo
3565 4617 3576 4651 :
3616 4596 3806 4651 Discite

2218 4709 2249 4745 a
2275 4710 2371 4758 me,
2404 4694 2525 4764 quia
2547 4694 2683 4748 mitis
2713 4709 2826 4749 sum
2844 4704 2891 4748 et
2917 4692 3127 4748 humilis
3152 4694 3309 4747 corde
3336 4690 3553 4761 (Matth.
3583 4707 3659 4755 ιι,
3680 4688 3805 4759 29).

2211 4786 2269 4841 ln
2300 4786 2510 4853 futuro,
2544 4787 2863 4856 prmnoscite
2904 4785 3025 4856 quia
3065 4785 3240 4839 celsus
3277 4794 3332 4840 et
3361 4782 3615 4838 terribilis
3639 4781 3809 4837 clari-

2209 4887 2317 4934 tate
2364 4880 2418 4934 in
2447 4878 2614 4949 gloria
2650 4895 2744 4934 sua
2796 4878 2973 4934 veniet
3004 4894 3126 4933 cum
3175 4876 3379 4948 angelis
3426 4875 3628 4931 sanctis
3663 4876 3806 4931 suis.

2210 4970 2360 5025 Dicat
2395 4986 2538 5024 nunc
2567 4969 2771 5025 divisor
2798 4969 3109 5025 mediatoris
3132 4969 3290 5033 uniti,
3334 4969 3388 5024 in
3419 4983 3649 5039 corpore
3672 4982 3810 5023 con-

2207 5065 2440 5120 tumeliis
2471 5065 2726 5121 inclinato
2754 5064 2896 5121 unde
2946 5066 3018 5120 sit
3055 5079 3390 5136 quaecunque
3430 5064 3708 5133 maiestas,
3752 5063 3809 5119 si

2206 5172 2312 5213 non
2337 5166 2421 5214 est
2466 5157 2572 5212 ulla
2611 5157 2866 5214 divinitas
2892 5176 2905 5213 :
2938 5166 2997 5213 ut
3028 5167 3233 5213 taceam
3263 5156 3405 5229 quod
3434 5172 3463 5212 a
3506 5155 3675 5224 Patre:
3700 5168 3809 5212 seu

2205 5253 2386 5325 regnis
2416 5267 2513 5309 seu
2540 5252 2787 5323 gentibus
2817 5269 2913 5323 per
2954 5253 3293 5324 singulorum
3340 5253 3534 5309 merita
3564 5251 3812 5309 destina-

2206 5356 2314 5402 tur.
2346 5346 2766 5403 Formidabilius
2794 5347 2965 5402 videri
3014 5357 3211 5417 potest,
3257 5346 3531 5403 hominem
3564 5345 3810 5403 retribu-

2208 5443 2381 5498 tiones
2426 5456 2692 5514 congruas
2724 5441 3017 5513 iudicando
3046 5441 3365 5510 decernere,
3417 5456 3578 5513 quam
3626 5441 3807 5497 Deum

2206 5534 2419 5592 Patrem
2441 5537 2638 5592 sentiat
2655 5535 2793 5591 Filio
2817 5536 3052 5591 hominis
3070 5536 3424 5592 instrumenta
3448 5533 3637 5605 iudicii
3663 5548 3809 5605 prm-

2204 5643 2439 5699 parasse.
2476 5626 2650 5684 Filius
2671 5629 2807 5684 enim
2828 5628 3048 5683 hominis
3079 5637 3323 5683 uenturus
3349 5636 3422 5682 est
3445 5627 3499 5681 in
3525 5628 3809 5688 maiestate

2195 5757 2307 5795 rum
2364 5743 2719 5797 hwreticorum
2782 5742 3128 5814 validissimus
3180 5748 3524 5814 expugnator,
3558 5748 3809 5814 {scripstt

2191 5814 2361 5869 dicens
2388 5830 2405 5869 :
2428 5815 2581 5870 Certe
2611 5812 3169 5871 circumfrementibus
3197 5812 3372 5882 suae,
3402 5822 3496 5868 etc.
