4092 6350
1227 344 1362 364 ’¹’κ‹ι-

238 412 337 467 909
1632 404 1854 462 EPISTt

1894 405 1966 462 LA
2008 407 2089 460 ΙΙΙ.
3407 419 3510 473 210

241 533 413 589 Patris
443 534 524 589 sui
546 548 663 589 eum
683 533 880 604 angelis
905 532 1010 586 suis
1034 531 1241 597 sanctis,
1265 538 1314 584 et
1342 538 1462 583 tunc
1491 526 1666 581 reddet
1698 526 1813 579 uni-
1849 529 1904 589 Α
1930 532 2296 586 tantummodo
2322 535 2493 601 fieret,
2524 534 2731 592 facilius
2760 550 2913 608 caput
2951 547 3190 608 tangeret
3216 542 3490 612 adjuratus

238 632 419 702 cuique
438 629 718 686 secundum
738 643 895 699 Opera
928 642 1023 681 sua
1050 624 1269 696 (Matth.
1300 640 1411 690 xvi,
1441 624 1558 691 27).
1591 621 1707 676 Non
1739 619 1819 675 di-
1932 623 2037 678 Aut
2080 638 2200 694 quae
2245 639 2405 680 causa
2452 627 2690 695 femoris,
2725 632 3038 699 interposita
3071 631 3161 687 Dei
3194 648 3255 691 ac
3304 635 3511 691 Domini

237 727 335 795 xit,
378 740 502 781 cum
529 723 705 781 Patris
759 720 964 793 angelis
993 720 1192 786 veniet,
1225 718 1319 775 sed
1364 733 1485 773 cum
1511 716 1623 773 suis
1659 733 1671 768 :
1703 716 1824 785 quia
1929 716 2205 772 mentione
2227 716 2479 786 jurandi;
2527 719 2629 773 nisi
2671 722 2793 791 quia
2822 738 2918 792 per
2952 724 3099 780 illum
3130 726 3298 781 Deum
3321 742 3382 783 ac
3412 728 3514 783 Do-

192 782 204 913 :
236 782 570 891 quaecunque
590 816 753 872 habet
774 782 952 882 Pater,
980 822 1035 870 et
1059 827 1157 868 sua
1177 782 1323 867 sunt.
1354 811 1506 867 Unde
1531 824 1650 866 cum
1685 782 1825 864 ﬁlius
1930 808 2132 863 minum
2155 782 2283 863 coeli
2304 782 2473 880 quem
2492 810 2617 867 inde
2641 782 2839 868 saecula
2869 815 3189 873 videbantur
3218 820 3513 889 prolatura,

236 913 424 969 matris
462 910 685 981 recipiat
730 910 783 964 in
820 906 1136 964 celsitudine
1160 905 1302 977 quod
1335 904 1502 974 patris
1535 903 1677 958 filius
1697 916 1825 957 con-
1926 900 2161 972 juratum
2184 902 2300 957 est?
2345 902 2457 958 Scit
2488 919 2619 975 ergo
2650 906 2924 971 nimirum,
2956 912 3042 963 cui
3096 913 3362 982 prosapiae
3408 928 3514 968 non

237 1013 472 1074 temptus
495 1012 578 1059 est
602 1003 657 1058 in
682 998 1163 1070 humilitatezquis
1187 1012 1425 1068 unquam
1448 996 1521 1052 sit
1540 995 1825 1049 haereticus
1930 1004 2037 1050 tam
2092 996 2442 1065 praeemineat
2483 997 2596 1065 ipse
2640 1014 2801 1067 quam
2850 1001 3070 1056 serviat.
3113 1003 3273 1059 Novit
3318 1007 3517 1076 quippe

235 1105 347 1153 tam
386 1096 605 1153 rebellis
646 1094 739 1166 qui
768 1094 956 1161 Deum,
1000 1092 1084 1149 cui
1118 1090 1473 1146 immortalem
1515 1088 1824 1157 angelorum
1930 1089 2057 1159 quid
2082 1090 2134 1143 in
2166 1104 2393 1157 corpore
2420 1104 2518 1145 suo
2547 1088 2743 1145 debeat
2774 1091 3001 1148 adorare
3027 1111 3039 1147 :
3068 1094 3316 1166 intelligit
3342 1114 3514 1152 mem-

236 1174 591 1249 substantiam
620 1189 766 1245 videt
815 1187 1030 1257 subjici,
1072 1185 1190 1257 ipse
1228 1184 1471 1240 mortalis
1515 1184 1566 1238 in
1598 1190 1826 1238 mortem
1931 1182 2055 1248 bra,
2105 1199 2225 1253 quas
2268 1193 2455 1239 contra
2501 1184 2791 1241 humanam
2822 1188 3260 1244 consuetudinem
3291 1192 3515 1259 speciali

239 1296 486 1342 mortuus
515 1282 683 1339 nollet
712 1280 944 1337 inﬂecti?
967 1279 1108 1334 Dixit
1138 1276 1369 1348 quodam
1404 1274 1679 1345 Evangelii
1704 1275 1826 1329 loco
1931 1274 2140 1332 honore
2178 1285 2479 1333 veneretur.
2516 1277 2643 1333 Post
2695 1294 2813 1348 qua:
2842 1280 3239 1351 prmcedentum
3296 1282 3514 1353 indicia,

240 1376 395 1448 (Luc.
427 1391 539 1444 xvt,
592 1373 685 1446 51)
717 1372 984 1429 Abraham
1036 1370 1130 1427 ille
1178 1370 1334 1438 cujus
1387 1383 1549 1437 supra
1599 1365 1827 1421 fecimus
1932 1371 2646 1443 miraculasuhsequentum,
2677 1373 2803 1429 licet
2826 1374 3053 1444 plurima
3080 1376 3513 1431 testimoniorum

240 1472 595 1535 mentionem,
646 1483 768 1523 cum
800 1482 829 1522 a
872 1464 1105 1537 quodam
1138 1479 1235 1535 pro
1264 1462 1505 1519 remedio
1549 1463 1827 1517 aestuantis
1931 1461 2000 1518 de
2029 1461 2333 1534 Evangeliis
2355 1465 2719 1535 apostolisque
2749 1480 3075 1534 promamus,
3117 1481 3299 1523 metuo
3339 1468 3406 1523 ad
3437 1468 3521 1523 ul-

240 1562 472 1620 incendii
500 1562 670 1618 cassis
712 1575 835 1616 sero
866 1558 1115 1630 precibus
1140 1566 1406 1623 oraretur,
1454 1556 1593 1626 quod
1636 1556 1681 1611 si
1708 1556 1828 1624 quis
1934 1557 2145 1623 timum,
2194 1556 2337 1627 quod
2384 1572 2506 1613 cum
2555 1558 2875 1630 Eutychiani
2924 1576 3024 1616 nec
3077 1562 3518 1631 patriarchalibus

172 1650 175 1653 ’
242 1654 479 1727 Moysem
501 1654 589 1709 vel
617 1651 907 1723 prophetas
930 1649 1197 1706 noluisset
1218 1648 1487 1718 recipere,
1519 1648 1705 1719 utique
1728 1663 1829 1703 nec
1934 1648 2111 1713 factis,
2142 1663 2241 1703 nec
2256 1648 2416 1703 dictis
2444 1650 2844 1720 prophetalibus
2869 1654 3189 1721 excitentur,
3218 1655 3259 1707 si
3284 1652 3520 1724 Moysem

240 1751 549 1804 Venientem
589 1761 617 1799 a
659 1744 888 1800 mortuis
920 1743 1126 1797 audire.
1156 1742 1287 1809 Quis
1316 1749 1401 1795 est
1420 1748 1603 1795 autem
1630 1740 1830 1809 pracdi-
1935 1749 1992 1797 et
2043 1740 2331 1810 prophetas
2363 1756 2467 1795 non
2518 1743 2817 1811 audierint,
2853 1760 2953 1801 nec
3003 1746 3052 1803 ei
3083 1746 3173 1817 qui
3200 1762 3264 1802 ex
3300 1748 3522 1804 mortuis

241 1847 396 1893 cator
423 1854 490 1893 ex
520 1836 747 1890 mortuis
795 1834 1103 1899 suscitatus,
1147 1831 1252 1886 nisi
1278 1832 1522 1886 Christus
1561 1833 1739 1898 Jesus,
1776 1833 1831 1887 in
1940 1848 2192 1891 reversus
2220 1843 2302 1891 est
2331 1836 2573 1892 credent.

244 1930 403 2000 cujus
425 1928 692 1999 duplicem
723 1942 883 1998 quani
915 1927 1185 1996 loquimur
1214 1926 1568 1982 substantiam
1597 1926 1831 1996 duplicis
1860 1921 1911 1983 Β
2500 1929 2837 1988 EPISTOLA
2876 1931 2967 1989 Ill.

243 2020 578 2079 Testamenti
624 2019 800 2075 unitas
842 2034 907 2075 ex
942 2018 1254 2075 diversitate
1302 2018 1601 2088 colligitur?
1632 2017 1708 2073 Ea
1761 2019 1834 2073 si-
2032 2034 2225 2077 cvrrvs
2264 2036 2570 2077 vrsansusrs
2610 2039 2884 2081 EPISCOPUS
2923 2041 3095 2081 nouuo
3131 2039 3437 2084 cuunosano

239 2114 464 2187 quidem
493 2111 801 2167 referuntur
830 2111 881 2165 in
904 2110 1216 2181 Evangeliis
1245 2126 1364 2179 quae
1393 2110 1678 2180 praedicata
1706 2101 1848 2167 sunt.
2664 2111 2804 2151 REGI-

240 2207 296 2263 in
327 2207 624 2278 prophetis,
658 2214 714 2261 et
738 2203 795 2259 fit
816 2219 885 2260 ex
916 2204 1118 2258 viribus
1142 2203 1491 2269 Testameuti,
1516 2217 1622 2257 non
1654 2202 1834 2258 diver-
2011 2202 2148 2259 Puto
2190 2220 2333 2261 nunc
2384 2220 2489 2260 non
2546 2208 2697 2275 parvi
2746 2223 2923 2278 opera:
2970 2212 3200 2280 pretium
3244 2226 3361 2267 esse
3412 2227 3524 2269 mm

244 2299 428 2367 sitate,
461 2297 557 2354 sed
584 2306 845 2368 tempore.
876 2296 1084 2352 Recens
1112 2296 1309 2366 quippe
1335 2294 1478 2365 quod
1507 2293 1667 2350 hodie
1690 2310 1832 2350 com-
1936 2297 2147 2363 menti,
2212 2296 2258 2353 si
2316 2299 2655 2355 occasionem
2703 2317 2821 2372 qua:
2873 2304 3121 2373 praesenti
3178 2314 3419 2376 tempore
3472 2306 3525 2361 in

242 2391 422 2463 pietur
446 2409 457 2445 :
483 2391 626 2462 quod
654 2400 831 2445 autem
854 2388 947 2444 diu
973 2388 1386 2460 exspectabatur
1405 2387 1700 2458 Antiquum
1724 2398 1827 2444 est.
1937 2390 2180 2461 abrupta:
2220 2392 2551 2448 diversitatis
2597 2394 2958 2451 Iaztabundum
3009 2398 3156 2451 virus
3180 2399 3376 2468 erupit,
3427 2414 3525 2469 pa-

239 2486 377 2543 Nam
408 2488 530 2558 quia
556 2486 624 2541 de
653 2484 923 2541 Abraham
946 2485 1321 2555 opportunitas
1350 2485 1619 2540 sermonis
1641 2494 1830 2541 exorta
1939 2483 2098 2553 gallae
2129 2484 2410 2553 praesentis
2432 2485 2706 2541 mentione
2735 2489 3067 2558 contingam.
3085 2490 3375 2556 Quieverat
3399 2506 3525 2561 ergo

245 2593 356 2651 est,
386 2582 477 2653 qui
513 2591 705 2639 auctor
729 2584 1008 2653 utriusque
1036 2581 1367 2637 Testamenti
1400 2580 1594 2651 legitur
1616 2581 1831 2637 institu-
1939 2586 2065 2648 post
2111 2584 2137 2614 ι
2181 2577 2363 2633 Acacii
2404 2579 2672 2648 quondam
2702 2580 3281 2650 Coustantinopolitani
3339 2598 3521 2637 sacer-

242 2674 739 2749 tus,Vetusti[yAlia
757 2670 1176 2744 lectio,Veteris]
1201 2672 1408 2729 scilicet
1428 2672 1835 2730 intromittenda
1940 2669 2084 2726 dotis
2133 2684 2438 2739 excessum,
2488 2672 2616 2727 mali
2646 2672 2763 2742 ejus
2814 2672 2955 2742 quod
2998 2675 3407 2744 expugnandum
3436 2690 3527 2731 su«

243 2771 738 2837 circumcisionem,
771 2769 905 2826 Novi
947 2786 1078 2827 vero
1106 2763 1385 2842 placenda
1419 2786 1515 2842 per
1555 2771 1739 2841 ﬁdem,
1776 2774 1834 2829 in
1940 2763 2236 2834 scepimus,
2269 2764 2539 2833 pullulans
2590 2766 2660 2820 ab
2691 2765 2991 2838 Eutychete
3032 2768 3331 2838 persuasio.
3361 2769 3526 2836 Cujus

240 2861 668 2917 illoJudaeor-um
692 2862 1086 2928 tantummodo,
1117 2862 1171 2918 in
1204 2863 1311 2919 isto
1338 2871 1518 2919 autem
1544 2864 1834 2921 multarum
1941 2855 2083 2912 idem
2132 2856 2393 2924 Aeacius,
2459 2866 2518 2913 ut
2573 2858 2832 2915 celsitudo
2878 2869 3054 2915 vestra
3100 2871 3277 2931 potest
3332 2861 3527 2918 habere

239 2956 485 3025 gentium
538 2964 692 3027 pater
735 2974 748 3010 :
792 2957 1135 3025 experiamur
1178 2966 1357 3013 utrum
1410 2959 1715 3029 Evangeliis
1764 2938 1865 3017 (ια’
1940 2960 2301 3020 compertum.
2349 2960 2560 3006 amator
2602 2953 2771 3023 magis
2809 2954 3046 3024 trepidus
3085 2969 3244 3025 quam
3293 2965 3527 3012 assertor

239 3045 449 3101 Christi
475 3048 819 3117 generatione
846 3048 1141 3104 concordet
1170 3050 1220 3104 in
1250 3064 1359 3120 quo
1385 3065 1446 3106 se
1473 3060 1678 3121 patrem
1700 3068 1834 3123 gen-
1938 3045 2187 3114 publicus
2209 3054 2325 3100 erat
2349 3063 2363 3100 :
2388 3045 2615 3102 laudans
2638 3046 2853 3117 quidem
2879 3063 2999 3119 quae
3024 3049 3092 3103 ab
3110 3049 3203 3105 illo
3226 3059 3520 3119 repererat,

241 3141 385 3196 tium
413 3150 783 3211 recognoscat,
816 3158 883 3196 an
915 3145 1270 3199 aeternitatem
1302 3145 1460 3214 hujus
1482 3145 1651 3215 ipsius
1675 3151 1835 3205 sobo-
1937 3142 2033 3198 sed
2063 3142 2352 3212 pradicare
2377 3158 2439 3198 ea
2489 3141 2850 3198 devoto'tunc
2888 3145 3066 3215 itaque
3106 3144 3386 3215 impolluta
3430 3161 3528 3216 po-

238 3231 312 3288 lis
335 3247 497 3303 quam
515 3234 951 3304 eratgeniturus,
980 3233 1259 3305 intelligat.
1282 3236 1830 3307 Utrumsejuniorcm
1869 3301 1908 3311 _
1939 3234 2067 3303 pulo
2099 3249 2205 3288 non
2254 3248 2605 3303 praesumens.
2650 3235 2753 3289 Pro
2787 3240 2938 3303 cujus
2982 3238 3387 3295 obumbratione
3432 3240 3528 3311 tig«

248 3333 458 3395 nepote
497 3335 827 3396 cognoscat:
859 3336 1168 3381 utrumnam
1201 3326 1553 3397 redemptori,
1604 3332 1749 3401 quod
1776 3349 1836 3390 se
1861 3301 1910 3366 θ’
1940 3329 2107 3383 menti
2137 3326 2395 3391 simulati,
2430 3329 2500 3382 ob
2538 3328 2763 3397 gratiam
2803 3328 3143 3398 imperatoris
3189 3332 3369 3387 saeculi
3420 3301 3528 3396 sui,

238 3427 374 3474 ante
401 3417 675 3488 Abraham
699 3421 869 3489 ponit,
898 3429 952 3475 et
982 3419 1101 3490 ipse
1121 3424 1425 3477 consentiat
1455 3438 1470 3478 :
1505 3432 1681 3480 utrum
1721 3427 1838 3484 sine

1943 3434 2051 3475 non
2083 3419 2379 3488 impunitus
2420 3420 2813 3486 tantummodo,
2864 3436 3047 3476 verum
3095 3433 3151 3478 et
3198 3424 3527 3478 indiscussus

238 3511 537 3582 supercilio
567 3512 857 3580 parentali,
890 3522 1204 3568 reverenter
1230 3514 1568 3583 impenderet
1590 3518 1835 3575 ministeo
1946 3511 2173 3567 interiil-
2220 3511 2355 3567 Hinc
2407 3527 2467 3567 se
2498 3512 2566 3567 de
2613 3513 2971 3581 impendenda
2998 3514 3250 3570 defuncto
3283 3532 3529 3571 commu-

239 3603 391 3661 rium
443 3603 649 3660 semine
691 3604 954 3675 corporali
995 3616 1186 3660 exorto
1223 3607 1478 3663 creatori.
1522 3608 1726 3665 luserat
1777 3626 1838 3669 se

1943 3602 2109 3657 nione
2141 3602 2194 3657 in
2233 3604 2564 3658 contrarium
2592 3604 2754 3674 vulgi,
2795 3604 2922 3673 imo,
2970 3606 3112 3677 quod
3142 3607 3381 3677 asperius
3411 3607 3528 3673 fuit,

234 3698 522 3771 paulisper
562 3699 681 3754 loco
731 3700 985 3769 praesenti
1032 3699 1121 3753 ille
1166 3700 1489 3767 obtestatio,
1545 3702 1835 3771 juramemi
1941 3704 1998 3753 et
2042 3694 2385 3751 sacerdotum
2454 3695 2630 3751 studia
2694 3697 3014 3755 diviserunt.
3082 3700 3149 3755 Et
3201 3708 3258 3754 ut
3306 3700 3529 3771 quisque

236 3793 406 3849 ﬁdem
433 3806 683 3861 poscens,
714 3792 808 3848 sed
836 3803 1171 3847 sacramenta
1210 3793 1558 3862 patefaciens,
1584 3811 1687 3866 qua
1721 3797 1833 3853 dis-

1939 3795 2088 3844 recte
2145 3797 2238 3842 aut
2289 3802 2454 3859 prave
2502 3788 2571 3845 de
2620 3787 2743 3844 fidei
2795 3792 3003 3846 ratione
3051 3803 3393 3862 conceperat,
3459 3793 3528 3851 ita

234 3895 588 3956 pensatorem
638 3884 829 3940 domus
866 3900 977 3941 sua:
1020 3899 1127 3939 non
1174 3884 1292 3941 sine
1342 3888 1599 3957 mysterio
1645 3892 1832 3959 gratim
1938 3884 2102 3939 etiam
2132 3882 2201 3938 de
2240 3882 2609 3953 praedicatoris
2639 3885 2898 3953 praeteriti
2944 3887 3199 3942 memoria
3244 3887 3527 3943 sentiebat.

236 3979 623 4049 subsequentis
670 3978 946 4047 adjurans,
980 3976 1153 4044 Pone,
1187 3978 1379 4049 inquit,
1432 3997 1645 4034 manuue
1688 3992 1832 4038 tuam
1937 3977 2132 4033 Tracta
2182 3986 2266 4032 est
2308 3978 2546 4043 interim,
2604 3992 2711 4032 non
2762 3994 2857 4047 per
2899 3979 3182 4034 manifesta
3211 3980 3304 4035 sed
3333 3981 3528 4047 subita,

236 4075 329 4126 sub
357 4072 552 4142 femore
581 4086 712 4133 meo,
744 4076 789 4122 et
809 4072 936 4141 jura
965 4069 1087 4122 mihi
1128 4085 1219 4137 per
1248 4069 1525 4123 Dominum
1555 4072 1667 4125 creti
1692 4076 1832 4141 quod
1940 4086 2041 4126 nec
2069 4081 2178 4125 tam
2199 4069 2542 4137 separatione
2558 4084 2717 4138 quam
2740 4070 3007 4124 simultate
3027 4070 3313 4125 dissensio.
3338 4074 3529 4125 Actum

236 4180 340 4218 non
404 4162 626 4232 accipias
676 4176 890 4215 uxorem
942 4160 1052 4228 ﬁlio
1101 4174 1211 4213 meo
1260 4159 1323 4214 de
1368 4161 1575 4229 ﬁliabus
1603 4161 1833 4217 Cannam
1944 4172 2028 4218 est
2061 4161 2223 4231 igitur
2252 4158 2281 4197 δ
2331 4174 2452 4214 cum
2493 4174 2621 4231 rege
2661 4160 2894 4215 Orientis
2940 4175 3082 4214 anno
3120 4161 3418 4228 superiore,
3474 4172 3530 4218 ut

235 4254 574 4325 (Gemxnv,
606 4252 685 4323 2).
723 4252 872 4308 Dicat
900 4251 1067 4318 mihi,
1100 4265 1307 4322 quaeso,
1338 4266 1457 4321 quae
1483 4252 1832 4322 jurisjurandi
1943 4255 2070 4309 hinc
2106 4267 2229 4308 cum
2269 4251 2523 4321 episcopo
2570 4251 2719 4307 urbis
2758 4266 2869 4307 suae
2916 4250 3067 4322 quasi
3117 4251 3223 4307 leni
3261 4252 3529 4322 colloquio

235 4347 545 4404 reverentia
597 4355 810 4416 putetur
839 4346 892 4401 in
932 4344 1159 4400 femore.
1201 4343 1354 4411 Quod
1384 4344 1449 4415 si,
1473 4348 1831 4417 personaliter
1943 4360 1997 4407 et
2018 4347 2213 4405 blanda
2229 4346 2576 4404 meditatione
2597 4347 2885 4404 conferret.
2904 4346 3001 4404 Est
3020 4356 3198 4405 autem
3223 4348 3376 4405 illicc
3400 4363 3530 4405 con-

305 4516 333 4544 ι
369 4504 570 4558 Primis
600 4502 688 4557 hic
716 4502 873 4575 armis
891 4516 1084 4571 sapere
1110 4501 1257 4575 visus
1285 4509 1468 4575 est,_et
1494 4516 1591 4570 pro
1624 4503 1832 4575 synodo
1946 4503 2121 4575 pheus
2149 4502 2466 4575 episcopus,_
2503 4502 2591 4571 qui
2639 4510 2695 4557 ut
2734 4501 3243 4575 Theopaschitarum
3282 4502 3527 4558 hreresim

236 4574 673 4631 Chalcedonensi
698 4573 975 4628 decertare
996 4581 1183 4645 contra
1214 4572 1598 4645 E_utychianos.
1624 4571 1835 4631 Mutato
1947 4571 2053 4641 qua
2104 4572 2404 4638 laborabat,
2454 4571 2751 4645 induceret,
2809 4571 3101 4629 clausulam
3151 4576 3288 4630 hanc
3336 4575 3529 4645 adjecit

235 4659 431 4716 postea
460 4645 715 4707 consilio,
749 4659 919 4716 quam,
937 4659 1125 4714 graves
1154 4644 1213 4716 in
1241 4643 1481 4716 Ecclesia
1515 4644 1705 4700 turbas
1737 4661 1836 4700 ex-
1943 4644 2225 4714 Trisagio:
2258 4658 2362 4713 qua
2393 4644 2598 4716 scilicet
2626 4645 2735 4699 Deo
2763 4646 2905 4699 trino
2949 4646 3015 4699 ad
3055 4662 3213 4715 quem
3250 4643 3531 4715 superiora

236 4712 442 4785 citarit,
467 4719 550 4770 vel
572 4712 806 4795 occulte,
838 4715 925 4771 vel
946 4712 1154 4795 aperte
1184 4714 1370 4768 iisdem
1397 4714 1686 4795 adhaerens
1724 4718 1829 4771 ‘ad-
1864 4733 1921 4795 ι)
1948 4712 2317 4795 spectabant,“
2332 4712 2525 4795 ascribi
2584 4716 2772 4795 passio
2810 4712 3111 4795 videbatur.
3166 4716 3263 4771 Cui
3305 4712 3446 4795 malo
3472 4726 3530 4772 ut

235 4784 435 4844 versus
457 4787 719 4860 synodum
759 4786 978 4860 ejusque
1002 4784 1340 4860 defensores,
1388 4786 1830 4860 decl_aran_tpon-
1864 4784 1913 4795 '
1944 4784 2251 4860 mederetur
2277 4784 2563 4852 Calendio,
2584 4784 2843 4850 'Gnaphei
2875 4787 2928 4860 _in
2959 4788 3205 4842 exsiliunt
3240 4788 3374 4855 pulsi
3410 4798 3529 4857 post

237 4860 447 4936 titicum
470 4856 731 4929 epistolre,
762 4869 870 4911 tum
886 4857 1167 4926 Simplicii,
1196 4858 1284 4925 qui
1313 4872 1433 4936 eun}
1458 4856 1835 4936 aii-meliorem
1942 4859 2147 4936 aliquot
2172 4872 2350 4936 annuos
2369 4858 2935 4936 successor,c|ausul:e
2965 4860 3035 4912 illi
3059 4860 3316 4936 praemisit
3341 4856 3527 4936 Χριστᾶ

236 4934 483 4987 mentem
508 4925 767 4984 revocare
809 4925 1030 4984 conatus
1063 4938 1179 4993 est,
1227 4938 1335 4981 tum
1391 4925 1610 4988 Felicis.
1653 4943 1681 4981 a
1731 4945 1837 4999 quo
1943 4930 2197 5054 Euam,
2225 4926 2427 4979 Christe
2455 4944 2545 4981 rex
2568 4968 2581 4991 ,
2614 4930 2920 4995 errorisque
2951 4925 3134 4983 ansam
3165 4925 3529 4986 duobus'ver-

238 5003 470 5054 tandem
523 5000 593 5054 ob
631 4999 988 5054 pervicaciam
1037 4998 1323 5052 damnatus
1382 5009 1437 5052 et
1490 4998 1838 5054 anathemate
1986 5002 2027 5054 is
2060 4997 2395 5054 praeciderat.
2447 4998 2549 5053 nisi
2593 4998 2884 5054 Gnapheus
2924 5000 2991 5053 ab
3039 5002 3229 5054 exsilio
3278 5016 3527 5054 reversus

238 5003 470 5057 tandem
523 5000 593 5056 ob
631 4999 988 5069 pervicaciam
1037 4998 1323 5052 damnatus
1382 5009 1437 5052 et
1490 4997 1838 5057 anathemate
1943 4997 2027 5056 bis
2060 4997 2395 5066 praeciderat,
2447 4998 2549 5053 nisi
2593 4998 2884 5066 Gnapheus
2924 5000 2991 5053 ab
3039 5002 3229 5055 exsilio
3278 5016 3527 5056 reversus

235 5086 538 5143 percussus
565 5068 666 5143 est.
706 5070 1097 5143 Episcopaturn
1130 5078 1308 5143 tamen
1329 5113 1343 5136 ,
1379 5069 1591 5143 favente
1614 5069 1834 5143 Zenone
1941 5071 2168 5143 sedique
2200 5069 2499 5143 restituttg,
2560 5068 2747 5143 iisdem
2790 5071 3015 5143 sublatis
3048 5072 3323 5141 pristinam
3350 5073 3522 5143 labem

238 5138 513 5212 Augusto,
559 5142 625 5196 ad
667 5138 870 5195 obitum
903 5155 1072 5212 usque
1106 5139 1345 5212 retinuit.
1380 5138 1622 5212 Defuncti
1671 5157 1834 5210 porro
1942 5138 2381 5212 redintegrasset.
2435 5139 2791 5207 Theophanes
2836 5143 2887 5195 in
2928 5138 3195 5198 Chronico
3239 5143 3305 5195 de
3334 5142 3526 5212 Calen:

220 5210 427 5271 Acacii
460 5226 653 5296 nomen
685 5212 835 5295 Felix
862 5227 893 5266 e
923 5210 1194 5293 diptychis
1246 5210 1427 5301 delerji'
1457 5211 1731 5301 ju'sserat‘:
1765 5215 1835 5269 de

1940 5211 2100 5267 dione
2144 5230 2173 5301 ε,
2201 5219 2305 5301 "1‘qu
2326 5214 2593 5301 ςΓριῖ-αγςςρ,
2628 5214 2909 5301 προσζὲρηδεί
2946 5224 3163 5301 XPISTAE‘
3200 5222 3463 5301 BAElAET,
3498 5210 3525 5299 ξ

239 5302 347 5360 quo
379 5287 527 5360 varia
561 5299 745 5339 rursus
776 5283 932 5360 inter
970 5280 1255 5360 episcopos
1288 5280 1460 5334 studia
1506 5280 1746 5348 fuerunt,
1782 5293 1837 5360 e_t

1942 5280 2509 5360 σταυρῳᾷεἰξᾷίῆμ-ὄεςξ
2533 5280 2717 5360 Πέτρρς
2828 5287 2965 5360 ad)?
2994 5287 3203 5360 ἁνιλθῴν
3224 5282 3435 5360 περξξῖλι
3465 5283 3524 5337 τὸ

239 5351 331 5431 vix
381 5356 599 5431 tandem
652 5364 711 5409 ut
766 5351 1231 5421 Constantinopoli
1280 5360 1677 5422 expungeretur
1736 5354 1837 5409 sub

1941 5351 2128 5431 ξρισίτὲ
2152 5351 2391 5431 ῥασιλεῡζ
2413 5353 2539 5409 ιιωο
2565 5351 3364 5431 AritiochimLConstantinopoli
3400 5367 3526 5431 vero

238 5426 533 5483 Hormisda
563 5427 907 5497 impetratum
938 5432 1059 5480 est:
1393 5464 1447 5497 A__
1507 5496 1513 5497 ί
1576 5495 1586 5497 Α
1706 5495 1719 5497 _
1940 5422 2255 5497 Anastasius
2292 5424 2489 5497 imper.
2535 5442 2639 5480 una
2687 5442 2808 5480 cum
2866 5422 3525 5497 Timotheopatriarcha,

312 5498 342 5537 δ
376 5497 510 5554 Cum
539 5492 822 5553 Anastasio
854 5497 1184 5563 imperatore
1217 5509 1360 5551 anno
1390 5494 1590 5551 Christi
1626 5495 1753 5565 5l2,
1778 5506 1836 5551 ut
1945 5496 2089 5551 idem
2132 5492 2389 5563 Gnaphei'
2420 5497 2837 5553 additamentum
2890 5498 2942 5551 in
2984 5492 3280 5565 Trisagiurn
3328 5494 3527 5551 inferre

240 5570 535 5641 sequentia
562 5568 1029 5641 demonstrabunt.
1133 5638 1143 5641 Α
1415 5638 1425 5641 _
1740 5563 1746 5565 ’
1943 5576 2188 5634 conatus,
2233 5576 2353 5636 post
2381 5567 2557 5641 varios
2592 5570 2872 5641 tumultus,
2926 5563 3101 5619 caedes
3126 5564 3523 5641 _et__i_ncendi_a,

321 5633 347 5682 ε
377 5639 1013 5715 iTrisagiumAhvmnum
1064 5638 1239 5715 prima
1283 5638 1521 5715 omnium
1575 5653 1837 5715 usurpare
1945 5633 2275 5715 reclamante
2303 5633 3302 5715 populoorthodoxot,”consequi_nihil
3334 5638 3523 5715 potuit,

242 5714 416 5782 coepit
442 5706 734 5768 Theodosii
775 5706 992 5766 Minoris
1030 5706 1149 5765 sivo
1193 5710 1432 5764 Ecclesia
1465 5706 1843 5782 Constaniino-
1946 5710 2191 5782 utdocet
2226 5706 2518 5782 Marcellini
2566 5707 2780 5782 comitis
2805 5706 3108 5782 Chronicon
3130 5706 3305 5782 Paulo
3330 5722 3381 5762 et
3414 5710 3528 5761 Μιιο

240 5774 510 5852 ροιῖιαηε,
548 5783 643 5839 sed
683 5784 800 5838 sine
829 5783 932 5837 illis
955 5782 1221 5856 verbierJ
1244 5781 1565 5856 ᾳτανρῳθιὶς
1603 5780 1662 5835 δι’
1685 5785 1841 5856 ἡμᾶς,

1946 5781 2172 5856 schiano
2200 5780 2543 5856 consulibus,
2571 5774 2894 5856 idestanno
2913 5776 3251 5856 ChriStiSj‘Z,
3284 5780 3335 5831 in
3368 5794 3524 5856 quem

240 5844 455 5938 iliacos
482 5844 640 5938 ipse,
663 5869 781 5924 qua:
808 5862 942 5938 tunc.
959 5844 1218 5938 temporis
1242 5844 1647 5938 ignorat-satillum
1677 5844 1843 5938 Αλωίὲ
1949 5852 2154 5938 incidis
2178 5844 2771 5938 annusAr’t‘aLsE'S‘iiﬁgt
2810 5848 2897 5938 cui
2928 5844 3528 5938 limereade‘rnassignat

243 5928 413 5986 tionis
439 5915 584 5987 enim
598 5915 799 5985 auctor
821 5915 1121 5985 Antiochiie
1149 5915 1338 5995 postea
1362 5921 1464 5981 fuit
1486 5921 1676 5984 Petrus
1702 5923 1846 5982 Gna-
1951 5923 2308 5993 Theophanes
2349 5920 2403 5977 in
2435 5915 2707 5971 Chronico
2741 5933 2755 5971 :
2800 5916 2888 5978 ubi
2931 5929 2988 5975 et
3022 5918 3287 5977 Timothei
3316 5933 3530 5989 quoque
