4092 6350
563 346 664 402 2H

1801 335 1859 391 S.
1903 332 2085 390 AVITI
2124 328 2526 389 VIENNENSIS

3720 342 3825 395 2H.

565 464 790 520 suetudo
847 463 898 517 in
954 460 1188 517 ccclesiis
1244 457 1499 512 nobilium
1562 455 1835 512 civitatum
1862 496 1878 523 ,
1938 452 2139 523 suppli-
2168 451 2347 510 Anco
2394 453 2671 520 innocens,
2716 454 2843 509 sede
2885 455 3199 525 propellitur
3232 472 3245 511 :
3275 456 3412 511 sicut
3441 458 3666 525 legimus
3697 474 3822 528 quo-

564 559 827 613 cationem
881 571 997 611 cum
1050 553 1203 607 laude
1250 550 1427 604 divina
1469 549 1610 604 inter
1664 548 1944 604 missarum
1990 546 2137 601 initia

565 649 827 704 celebrari
871 666 883 699 :
926 661 1082 715 quam
1121 648 1264 699 tanta
1318 642 1603 697 devotione
1648 649 1807 712 atque
1864 639 2141 695 alacritate

566 757 817 797 consona:
846 740 1012 809 plebis
1038 738 1242 793 clamor
1267 737 1481 804 attollit,
1502 746 1558 792 ut
1580 736 1801 793 credant
1818 749 1920 790 non
1954 735 2141 789 imme-

562 832 689 897 rito,
734 844 892 886 omne
936 830 1244 899 suffragium
1283 828 1528 884 sacrificii
1583 829 1955 898 subsequentis
2006 841 2139 895 prae-

566 924 733 979 misso
763 923 920 995 hujus
940 923 1238 978 devotionis
1266 921 1523 992 obsequio
1553 910 1895 990 placiturum.
1928 918 2141 988 Suppli-

559 1019 785 1073 cationis
817 1032 945 1073 vero
974 1017 1139 1085 ipsius
1167 1017 1325 1070 imam
1350 1022 1574 1084 partem,
1596 1014 1722 1069 licet
1745 1014 1923 1083 pietati
1949 1022 2138 1066 vestra:

562 1111 921 1176 notissimam,
966 1110 1020 1164 in
1059 1108 1198 1173 loco,
1238 1108 1391 1163 sicuti
1431 1122 1517 1162 res
1564 1106 1816 1175 postulat,
1850 1098 2139 1176 suggeren-

558 1205 680 1259 dam
714 1208 910 1274 putavi.
946 1203 1113 1278 ’Λγιος
1145 1203 1169 1260 ὁ
1199 1205 1337 1265 Θεὸς,
1381 1198 1523 1277 ἅγιος
1566 1203 1808 1278 ἰσχυρὸς,
1846 1200 1988 1273 ἅγιος
2018 1200 2135 1254 ἀθά·

559 1322 729 1365 νατος,
778 1298 981 1357 ἐλέησον
1026 1302 1180 1370 ἡμᾶς,
1233 1298 1256 1352 ὁ
1297 1299 1608 1373 σταυρωθεὶς
1653 1296 1711 1351 δι’
1750 1298 1903 1368 ἡμᾶς,
1938 1296 2136 1353 ἐλέησον

561 1393 714 1459 ἡμᾶς.
766 1390 943 1459 Itaque
986 1390 1121 1442 sicut
1164 1390 1551 1441 insuSnrralum
1594 1386 1766 1441 fuerat
1810 1386 2055 1454 principi,
2085 1394 2139 1440 et

560 1482 673 1550 ipse
703 1483 935 1537 insinuat
962 1480 1247 1546 sacerdoti,
1282 1480 1355 1533 nil
1381 1481 1429 1533 in
1461 1480 1730 1548 querelam
1769 1478 1975 1543 venire,
2018 1478 2137 1531 nul-

561 1574 663 1626 iam
707 1566 821 1627 fieri
866 1574 933 1628 de
978 1574 1266 1627 schismate
1309 1572 1656 1633 mentionem,
1705 1571 1747 1622 si
1789 1570 1886 1623 hoc
1915 1568 2052 1637 quod
2083 1567 2135 1623 in

564 1669 672 1736 'psa
722 1669 965 1722 oratione
1021 1666 1229 1720 animos
1275 1667 1724 1735 aliquantulorum
1773 1665 2059 1731 movebat,
2107 1682 2135 1720 a

558 1750 800 1827 principe
848 1759 1155 1813 obsecratus
1187 1758 1410 1811 antistes
1439 1762 1527 1809 aut
1552 1756 1766 1826 juberet
1797 1766 1887 1811 aut
1919 1758 2138 1826 permit-

2204 553 2209 559 ’
2246 546 2368 599 dam
2397 547 2515 599 loco
2542 546 2829 617 Scriptura:
2864 565 2877 603 :
2916 547 2975 603 Si
2997 551 3275 620 peccaverit
3300 550 3373 603 vir
3394 550 3449 603 in
3475 548 3661 615 virum,
3712 564 3824 604 ora-

2244 642 2315 694 bit
2345 658 2436 709 pro
2460 657 2517 695 eo
2539 641 2809 708 sacerdos;
2836 643 2971 712 quod
2989 645 3033 695 si
3054 648 3272 712 peccavit
3300 644 3536 697 sacerdOS
3566 643 3618 696 in
3639 640 3822 708 Deum,

2244 733 2357 801 quis
2396 733 2622 787 exorabit
2649 750 2740 805 pro
2784 749 2841 788 eo
2886 732 2952 804 (I
2988 735 3111 804 Reg.
3146 750 3229 800 tn,
3260 735 3359 803 25)
3385 735 3411 788 ?
3442 732 3619 805 super
3648 738 3823 790 Omnia

2244 840 2372 880 vero
2400 826 2589 882 deliCta
2621 828 2902 897 specialius
2927 830 2977 883 in
3013 828 3173 884 Deum
3206 837 3411 900 peccat,
3445 832 3533 899 qui
3566 826 3823 885 doctrina:

2244 919 2555 988 apostolicae
2586 920 2982 989 contradicens,
3014 934 3040 974 a
3068 924 3248 991 regula
3268 922 3506 977 veritatis
3528 924 3820 977 exorbitat:

2244 1012 2381 1066 sicut
2408 1011 2541 1065 nihil
2573 1022 2653 1067 est
2686 1016 2918 1082 gravius,
2966 1030 3121 1084 quam
3166 1016 3208 1069 si
3249 1030 3446 1083 cmcus,
3500 1024 3822 1083 prmsumpto

2243 1105 2460 1169 ducatu,
2496 1120 2559 1159 ex
2593 1107 2940 1174 praedicatore
2966 1108 3085 1163 ﬁdei
3107 1106 3325 1177 incipiat
3356 1124 3475 1164 esse
3500 1108 3815 1165 destructor.

2243 1197 2350 1253 Vos
2403 1199 2562 1253 modo
2615 1200 2930 1269 perpendite
2976 1203 3260 1256 amentiam
3304 1204 3466 1255 totius
3520 1202 3741 1257 hzcresis
3770 1208 3855 1259 in-

2242 1294 2398 1349 unius
2426 1294 2804 1361 reprobatione
2837 1297 3119 1349 sermonis.
3160 1295 3214 1350 in
3246 1312 3349 1363 quo
3380 1310 3565 1366 parum
3594 1304 3675 1351 est
3704 1299 3820 1367 qui-

2244 1388 2362 1443 dem
2408 1388 2546 1456 quod
2586 1388 2803 1441 auribus
2849 1374 3065 1458 putetur
3094 1389 3369 1444 ablatum:
3404 1391 3499 1444 sed
3534 1400 3674 1445 lotus
3703 1402 3825 1447 cum

2243 1481 2409 1535 verbo
2433 1480 2522 1534 illo
2542 1481 2820 1536 catholica!
2838 1483 3074 1536 veritatis
3103 1496 3291 1536 sensus
3314 1484 3635 1538 excluditur.
3672 1490 3695 1522 θ
3720 1484 3819 1537 No-

2244 1576 2358 1629 lunt
2391 1575 2530 1628 enim
2577 1588 2604 1626 a
2652 1574 2805 1627 nobis
2838 1574 2884 1627 ei
2937 1572 3025 1645 qui
3059 1574 3341 1629 crucifixus
3388 1584 3471 1630 est
3511 1575 3817 1645 supplicari,

2243 1677 2299 1721 ut
2329 1666 2574 1719 videatur
2606 1673 2710 1719 tam
2743 1661 2769 1701 τι
2799 1664 2932 1718 nihil
2966 1680 3121 1733 posse
3162 1679 3414 1735 prceStare
3460 1681 3691 1735 persona
3728 1668 3821 1721 ho-

2242 1756 2422 1823 minis,
2476 1770 2633 1827 quam
2676 1756 2804 1810 nihil
2840 1772 3010 1825 pana:
3044 1758 3147 1826 pati
3182 1760 3351 1828 potuit
3376 1759 3671 1813 substantia
3712 1772 3820 1813 ma~

558 1860 693 1906 teret
722 1850 985 1919 abrogari.
1017 1848 1149 1903 illttd
1180 1851 1402 1902 moleste
1428 1847 1705 1918 quospiam
1738 1848 1896 1916 ferre,
1917 1849 2055 1918 quod
2088 1850 2137 1904 in
2170 1828 2217 1889 Β
2239 1849 2451 1920 jestatis
2484 1867 2495 1902 :
2539 1848 2678 1919 quod
2724 1848 2848 1918 quid
2894 1858 2976 1903 est
2999 1847 3139 1902 aliud
3169 1865 3328 1918 quam
3359 1850 3536 1903 odium
3569 1866 3665 1919 pro
3691 1848 3817 1905 dile-

555 1945 657 1995 ima
686 1939 1079 2007 prsrdicatiunis
1106 1938 1272 2005 ipsius
1301 1946 1448 2007 parte
1472 1939 1751 2006 clametur,
1777 1946 1801 1993 ὁ
1829 1944 2139 2015 σταυρωθεὶς

557 2031 785 2101 δι’ἡμᾶς,
811 2032 1008 2088 ἐλέησον
1032 2032 1205 2104 apag:
1239 2030 1377 2098 quod
1421 2031 1606 2085 Latine
1650 2030 1946 2099 intelligitis
1987 2034 2087 2087 dici
2119 2050 2133 2087 :

559 2124 657 2188 Qui
704 2118 979 2189 cruciﬁxus
1023 2138 1072 2174 es
1113 2132 1318 2191 promer
1363 2139 1473 2187 nos,
1520 2123 1757 2175 miserere
1801 2124 1963 2177 nobis.
2012 2124 2136 2179 Per-

556 2214 809 2268 suadetur
837 2215 1088 2283 episcopo
1118 2214 1431 2282 negligenti,
1480 2228 1577 2268 nec
1622 2228 1787 2282 usque
1837 2213 1913 2268 sic
1956 2216 2132 2281 docto,

557 2315 613 2361 ut
658 2317 818 2361 tanta:
854 2307 1022 2373 urbis,
1069 2306 1395 2377 perindeque
1438 2308 1597 2361 totius
1628 2308 1862 2363 Orientis
1912 2310 2136 2377 patriar-

555 2399 706 2453 cbam
736 2398 909 2454 decet.
945 2397 1192 2466 Concipit
1220 2398 1379 2468 igitur
1400 2409 1561 2469 atque
1588 2401 1840 2469 disponit,
1876 2404 2135 2460 solemnis

556 2489 715 2558 hujus
766 2492 1017 2559 praeconii
1064 2492 1273 2545 incaute
1311 2489 1673 2547 definitionem
1722 2493 1956 2548 facturus
2007 2514 2019 2549 :
2070 2508 2135 2550 eo

557 2584 785 2635 maxime
813 2581 1023 2649 effectu,
1059 2596 1165 2651 quo
1189 2596 1292 2646 res,
1330 2598 1427 2637 nec
1452 2582 1521 2637 de
1551 2584 1820 2638 canonicis
1848 2584 2135 2655 Scripturis

557 2675 771 2742 tradita,
809 2689 907 2729 nec
928 2678 1287 2744 apostolorum
1323 2676 1650 2744 temporibus
1681 2677 1940 2743 instituta,
1974 2659 2130 2734 eiiam

555 2779 737 2823 contra
770 2776 888 2822 vota
917 2770 1230 2838 populorum
1265 2769 1417 2823 facile
1447 2768 1716 2825 videretur
1739 2786 1895 2839 posse
1918 2776 2129 2829 mutari.

556 2859 658 2916 Sed
687 2869 711 2898 ι
742 2861 829 2916 ubi
858 2861 1082 2930 primum
1108 2861 1340 2932 hymnus
1364 2862 1411 2915 in
1435 2862 1665 2917 Ecclesia
1696 2866 1896 2918 cantari
1920 2860 2129 2935 solitus,

556 2954 741 3006 ultima
777 2953 1033 3007 orationis
1060 2960 1209 3023 parte
1246 2962 1540 3019 truncatus,
1578 2956 1753 3009 minus
1796 2956 2131 3014 audientibus

554 3047 830 3109 antistet-it,
876 3047 1131 3116 quidquid
1167 3046 1449 3117 putabatur
1484 3046 1551 3101 ab
1581 3048 1925 3119 Eutychianis
1955 3052 2129 3107 licere-

557 3141 674 3193 ticis
718 3139 943 3210 concipi,
1000 3141 1168 3209 patuit
1217 3149 1382 3194 totum
1418 3139 1519 3195 hoc
1555 3141 1620 3195 ab
1653 3142 1907 3212 episcopo
1938 3144 2128 3214 praedi-

555 3233 683 3285 tari.
724 3232 849 3298 Quis
895 3232 1035 3286 enim
1078 3231 1314 3285 ﬁdelium
1365 3248 1469 3286 non
1514 3233 1635 3302 jure
1680 3247 2006 3303 moveretur,
2037 3253 2130 3292 au-

556 3325 707 3378 dicns
756 3324 1015 3378 crucifixo
1065 3340 1161 3395 pro
1196 3322 1371 3389 nobis,
1415 3332 1471 3378 ut
1519 3326 1855 3393 misereatur,
1912 3331 2131 3386 minime

554 3415 995 3487 supplicandum?
1040 3414 1178 3484 Quid
1224 3417 1440 3472 multis?
1487 3428 1765 3475 crescente
1806 3421 2128 3478 seditionum

554 3508 805 3577 procella,
832 3508 958 3564 dum
988 3510 1188 3564 insistit
1214 3511 1458 3579 populus,
1483 3526 1579 3566 nec
1602 3512 1811 3567 obsistit
1836 3498 2126 3585 Augustus,

554 3601 581 3639 δ
625 3602 837 3670 antiqua
878 3602 1160 3670 sacerdos,
1200 3602 1445 3671 quodque
1487 3603 1659 3672 magis
1694 3603 1977 3661 dolendtim
2025 3622 2126 3677 est,

555 3788 1027 3841 Commonitorium
1052 3791 1456 3850 commemorat,
1482 3800 1585 3852 quo
1606 3785 1654 3839 id
1684 3786 1854 3856 ipsum
1886 3791 2129 3851 ecclesiis

555 3857 801 3936 omnibus
834 3857 1128 3936 imperabat
1159 3872 1172 3908 :
1214 3856 1376 3911 Ἠνίκα
1398 3861 1493 3936 ’κοᾴ
1521 3859 1755 3936 Τςμόοεος
1786 3859 2131 3936 δι’λέγγράφου

554 3932 931 4003 ύπομνηστικρῦ
990 3930 1181 4003 «dicere;
1227 3936 1339 3987 ταῖς
1389 3924 1665 4003 ἐκκλησίαις
1715 3924 2134 4003 προσέτᾶξέν’τὸ

554 3951 931 4003 υπομνηστικου
990 3951 1181 3988 πασαις
1227 3951 1339 3987 ταις
1389 3951 1665 3990 sumam;
1715 3954 1751 3984 π
1792 3951 2025 3999 οσεταςεν
2076 3951 2129 3992 τό

552 4002 821 4075 Τριᾳάγιογ
870 4001 915 4075 ξν
951 4008 1063 4075 ταζς
1109 4000 1273 4075 λιταῖς
1314 4001 1568 4075 [λε-τά-ῖῇς
1613 3951 1900 4073 προσϐήκης
1951 4010 2129 4061 εἰπεῖν,

556 4064 752 4124 Eadem
804 4067 962 4123 habet
1010 4064 1322 4123 Anastasius
1369 4071 1418 4122 in
1463 4064 1689 4125 Historia
1745 4078 2126 4132 ecclesiastica.

549 4142 678 4207 Quae
712 4152 739 4195 a
769 4142 918 4194 nobis
944 4142 1374 4211 omniaﬂidcirco
1406 4142 1773 4208 prmmittenda
1806 4144 2037 4211 fuerttut,
2074 4160 2131 4201 ut

550 4229 612 4265 ex
665 4213 744 4266 his
785 4212 938 4266 Avito
972 4214 1058 4279 qui
1109 4210 1315 4266 diversa
1349 4222 1549 4278 narrat,
1602 4213 1911 4283 impositum
1966 4218 2131 4274 fuisse

549 4283 799 4349 deinceps
828 4296 1193 4349 agnoscamus.

622 4360 644 4387 η
702 4342 815 4405 Non
862 4342 1165 4405 attendebat
1213 4348 1561 4414 orth’odoxos,
1620 4364 1675 4405 ut
1702 4352 1959 4416 vidimus,
2010 4373 2131 4421 pars

550 4421 662 4499 haec
695 4423 1063 4499 inta_'l‘risagio
1094 4422 1353 4499 detracta,
1386 4426 1476 4475 sed
1508 4423 1685 4474 addita
1718 4440 1731 4475 :
1764 4440 1937 4493 neque
1970 4426 2130 4499 Euty-

550 4492 753 4544 Citianis
809 4493 983 4544 favere
1024 4500 1251 4560 poterat,
1310 4494 1353 4543 si
1389 4500 1749 4553 truncaretur,
1812 4492 1929 4546 cum
1983 4492 2124 4551 illain

548 4562 835 4633 tinapheus
886 4562 1001 4633 ipse
1052 4561 1249 4633 idcirco
1304 4560 1684 4633 adjecerit,_ut
1739 4563 2127 4633 Eutychianam

551 4632 800 4684 Inui-esim
830 4631 1112 4684 stabiliret.
1146 4632 1253 4685 Nec
1285 4640 1562 4702 propterea
1596 4631 1798 4702 hymno
1844 4631 1979 4689 hanc
2006 4638 2127 4693 addi

550 4715 655 4775 non
699 4702 937 4755 ferebant
961 4701 1444 4775 orthodosi,_quod
1480 4701 1760 4775 ,Crucifixo
1820 4708 2128 4775 supplican-

548 4772 674 4824 dum
710 4783 979 4846 negarent,
1013 4773 1104 4827 sed
1136 4772 1254 4846 quia
1288 4772 1452 4846 Dcum
1483 4774 1797 4846 crucifixum
1845 4772 1938 4846 per
1989 4778 2123 4837 hanc

549 4844 857 4914 a5‘_rttcbant
884 4844 1283 4909 'l‘heopaschiue
1315 4843 1652 4914 Eutychiani.

622 4912 651 4949 ι’
682 4914 1043 4987 Macedonium
1074 4914 1141 4966 ab
1166 4912 1448 4987 Anastasio
1467 4916 1605 4987 sede
1634 4916 2129 4987 Constantinopoli-

546 4988 669 5036 tana
701 4985 924 5051 pulsum,
960 4986 1115 5057 ei_que
1157 4986 1438 5039 suffectum
1466 4985 1843 5041 Thimotheum
1892 4985 2122 5057 constat,

547 5057 850 5108 Secundino
890 5062 943 5108 et
970 5054 1157 5127 Felice
1203 5056 1533 5127 consulibus,
1591 5057 1691 5110 hoc
1726 5067 1807 5112 est
1847 5054 2128 5127 superiore

546 5142 688 5178 anno
743 5140 898 5192 quam
952 5125 1017 5177 de
1047 5123 1270 5187 'l‘risagii
1330 5126 1693 5180 additamento
1727 5123 2044 5183 Anastasius
2075 5142 2128 5185 et

544 5196 859 5250 'limotliens
890 5196 1070 5267 turbas
1092 5195 1300 5249 cieriut.
1338 5197 1471 5250 Alite
1521 5197 1681 5267 igitur
1732 5202 1901 5253 exsilii
1951 5216 2129 5256 causae

544 5268 776 5330 fuerunt,
808 5276 860 5319 et
886 5267 1026 5319 Aviti
1055 5261 1152 5317 hac
1181 5268 1339 5320 etiam
1373 5266 1425 5319 in
1479 5261 1626 5334 parte
1668 5278 1818 5322 nutat
1869 5273 2126 5326 narratio.

618 5351 638 5376 π
683 5337 892 5390 Christo
915 5351 1011 5403 pro
1037 5335 1190 5390 nobis
1222 5336 1477 5405 crucifixo
1526 5340 1934 5406 supplicandum
1969 5358 2129 5396 nemo

546 5422 787 5480 unqua_m
808 5418 949 5480 recte
976 5407 1213 5480 sentiens
1244 5408 1451 5480 negavit
1483 5423 1499 5480 ξ
1546 5413 1638 5462 sed
1671 5411 2126 5480 stipp’icatilrncm

547 5481 680 5529 hanc
704 5476 944 5542 Trisagio
967 5477 1156 5545 subjici
1187 5492 1292 5531 non
1318 5477 1635 5546 probabant.
1689 5476 1802 5545 Qua
1855 5483 1923 5536 de
1967 5499 2024 5537 re
2075 5484 2125 5538 in

546 5548 823 5619 Excerptis
854 5548 1129 5603 Photianis
1174 5564 1291 5619 cap.-
1323 5548 1427 5603 ἥδ
1469 5548 1739 5605 disserens
1782 5552 2128 5617 Ephrmmius

545 5616 845 5697 patriarcha
901 5616 1284 5697 Antiochenus
1320 5622 1370 5673 in
1422 5619 1644 5689 epistola
1703 5622 1766 5675 ad
1812 5616 2116 5697 Zenobiam

544 5686 942 5767 scholasticum,
972 5700 1028 5744 ut
1052 5692 1347 5767 Orientales
1382 5686 1507 5767 suos
1538 5702 1774 5767 excuset,
1803 5692 2120 5767 Constanti-

544 5758 882 5832 nopplitanos
924 5768 1078 5828 atque
1108 5762 1475 5817 Occidentales
1518 5764 1612 5827 ait,
1660 5764 1781 5831 quia
1810 5765 2116 5832 Trisagium

544 5829 606 5883 od
639 5829 952 5883 Trinitatem
994 5832 1246 5893 cauerunt.
1300 5843 1579 5904 propterea
1626 5829 2009 5896 ὅ-σταυοωθσὶξ
2052 5836 2115 5893 δι’

2241 1944 2418 1999 ctione
2442 1958 2725 2013 reponere,
2752 1956 2802 1997 et
2826 1943 3060 1996 convicia
3090 1957 3183 2007 pro
3206 1942 3478 1997 beneficiis
3501 1943 3819 2012 repensare?

2244 2038 2443 2091 inserta
2483 2044 2568 2091 est
2611 2051 2839 2102 namque
2873 2034 3104 2088 humano
3134 2034 3343 2104 corpori
3371 2034 3603 2104 dignitas
3633 2049 3815 2103 super-

2244 2144 2456 2184 norum.
2517 2126 2657 2181 Deus
2700 2128 2914 2196 quidem
2960 2142 3067 2181 non
3118 2128 3357 2195 subjacet
3395 2124 3669 2191 cruciatui,
3718 2128 3815 2180 sed

2242 2218 2495 2274 divinitas
2527 2218 2748 2273 interest
2780 2219 3031 2287 passioni.
3079 2216 3169 2273 Dci
3211 2218 3457 2285 injuriam
3489 2219 3662 2271 crucis
3686 2226 3813 2271 tem-

2240 2329 2368 2384 pore
2400 2311 2630 2366 mundus
2680 2311 2884 2364 diurnis
2929 2310 3161 2365 fuseatus
3195 2310 3429 2364 tenebris
3467 2310 3685 2377 expavit
3719 2325 3733 2363 :
3764 2312 3812 2363 in

2238 2405 2428 2460 coelum
2459 2418 2681 2474 peccare
2704 2400 2917 2456 Judmos
2952 2409 3139 2455 tesmta
3162 2411 3244 2456 est
3270 2409 3408 2455 terra
3437 2416 3554 2470 qu'e
3581 2403 3809 2454 tremuit.

2237 2496 2394 2551 Caret
2426 2495 2736 2563 'conjectttra
2773 2509 2889 2561 qua:
2940 2507 3037 2563 per
3080 2493 3452 2546 necessitatem
3495 2496 3689 2546 veritas
3717 2493 3811 2545 ful-

2235 2601 2323 2659 get
2355 2606 2368 2643 :
2413 2603 2511 2644 nec
2549 2588 2903 2665 se’amrmari
2941 2601 2969 2641 a
3012 2586 3166 2640 nobis
3190 2592 3485 2654 exspectat,
3523 2600 3646 2639 cum
3673 2587 3811 2639 salva

2236 2683 2336 2737 sibi
2365 2680 2680 2735 auctoritate
2702 2678 2958 2733 'sufficiat.
2988 2677 3279 2732 Audiamus
3305 2692 3368 2731 ex
3401 2676 3484 2731 his
3503 2677 3811 2746 Apostolum

2238 2781 2617 2842 prowstantem
2647 2786 2661 2824 ε
2694 2771 2796 2835 Qui
2823 2772 2887 2833 si,
2922 2770 3109 2837 inquit,
3140 2758 3529 2839 cognoscerent,
3555 2785 3813 2839 nunquam

2238 2865 2507 2917 Dominum
2547 2865 2822 2935 majestaiis
2849 2862 3216 2929 cruciﬁxisaent
3244 2861 3295 2933 (I
3324 2860 3443 2916 Cor.
3477 2876 3537 2926 tt,
3571 2862 3663 2930 8).
3708 2862 3811 2918 Sed

2234 2958 2437 3013 dixerat
2461 2957 2558 3009 hoc
2588 2958 2727 3024 prius
2752 2955 2910 3009 etiam
2936 2954 3025 3008 ille
3048 2954 3303 3022 propheta
3325 2953 3414 3021 qui
3438 2953 3507 3006 ob
3531 2956 3807 3022 praesciui-

2235 3051 2362 3104 tiam
2411 3051 2705 3103 futurorum
2754 3054 3107 3115 cognomento
3156 3046 3390 3115 Angelus
3433 3054 3805 3114 nuncupatur:

2240 3145 2300 3200 Si
2339 3145 2500 3213 aﬁigel
2541 3145 2689 3194 homo
2718 3140 2883 3194 Deum
2916 3157 3082 3206 suum,
3115 3142 3355 3209 quoniam
3386 3154 3474 3193 vos
3504 3141 3707 3211 aﬁigitia
3740 3155 3813 3193 me

2239 3236 2595 3308 (.ifalach.1n,
2629 3234 2723 3303 8)?
2770 3228 2917 3299 Rogo
2962 3233 3082 3301 quis
3126 3232 3484 3285 contentionis
3534 3232 3811 3285 obstaculo

2236 3339 2345 3384 tam
2391 3338 2574 3397 aperta
2627 3326 2724 3379 sibi
2781 3324 3059 3379 obstruat?
3111 3324 3165 3378 Si
3219 3323 3475 3378 Dominus
3518 3325 3816 3391 maiestatis

2240 3421 2493 3493 pependit
2518 3419 2603 3473 vel
2628 3417 2819 3471 afﬁxus
2863 3426 2945 3471 est
2975 3414 3230 3486 patibulo,
3285 3416 3424 3470 dicat
3451 3415 3812 3483 adversarius,

2240 3531 2334 3569 cur
2360 3512 2629 3568 hominem
2666 3525 2770 3565 non
2814 3516 3067 3573 rogemus
3094 3511 3145 3563 in
3176 3509 3347 3564 εωιοῖ
3389 3508 3577 3563 Adhuc
3622 3510 3815 3578 quippe

2235 3611 2513 3665 caelestem
2540 3604 2830 3673 potentiam
2867 3603 2918 3657 in
2944 3602 3188 3671 corporis
3216 3612 3427 3657 secreto
3458 3611 3809 3671 reposcent;

2242 3797 2398 3864 ἡμᾶς,
2429 3788 2514 3864 qui
2551 3786 2825 3864 cruciatui;
2853 3800 2903 3837 es
2934 3800 3026 3864 pro
3050 3782 3210 3864 nobis,
3235 3780 3364 3864 addi
3397 3794 3501 3861 non
3529 3780 3812 3864 sustinere,

2240 3851 2303 3918 ne
2329 3851 2570 3916 Trinitati
2599 3856 2813 3910 attribui
2844 3856 3016 3920 passio
3035 3853 3292 3907 videatur.
3325 3851 3619 3905 Orientales
3658 3866 3806 3911 vero,

2239 3950 2355 3989 cum
2389 3930 2681 3997 Trisagiutn
2726 3926 2787 3978 ad
2820 3924 3088 3997 Christum
3121 3922 3369 3984 referant,
3420 3922 3583 3997 culpa
3618 3934 3809 3997 vacare

2241 4021 2357 4057 cum
2390 3990 2695 4068 subjiciunt,
2725 3997 2827 4060 Qui
2850 3996 3325 4068 cruciﬁ.rus_espr_o
3356 3993 3517 4068 nobis.
3550 3990 3809 4068 Qttmdiile

2237 4061 2535 4144 quanquam
2570 4070 2723 4131 falso,
2762 4076 2817 4144 ut
2846 4061 3083 4144 apparet,
3116 4064 3572 4144 deOrientalihus
3597 4061 3803 4125 scribit,

2236 4138 2357 4200 cum
2388 4138 2450 4198 ex
2482 4138 2795 4195 Damasceni
2828 4138 3051 4205 cpistola
3084 4141 3202 4211 περὶ
3237 4138 3542 4214 Ἰξρινίσιγίον⁸
3564 4147 3808 4199 comper-

2240 4226 2348 4269 tum
2396 4216 2481 4277 sit,
2535 4221 2740 4264 vetrrts
2794 4223 2976 4261 omnes
3009 4207 3219 4274 semper
3245 4207 3310 4258 de
3343 4207 3447 4257 Deo
3480 4207 3640 4277 trino,
3677 4219 3811 4255 nun-

2239 4303 2394 4354 quam
2442 4275 2506 4336 d'e
2536 4280 2671 4336 Filio
2701 4282 2813 4354 solo
2864 4278 3117 4349 hymnum
3162 4276 3301 4329 httnc
3328 4275 3623 4354 accepisse,
3653 4288 3810 4354 quem

2236 4345 2289 4410 et.
2315 4355 2573 4432 Τριαδιγόν
2600 4367 2660 4405 ea
2689 4352 2755 4403 de
2786 4345 2941 4402 causa
2972 4354 3343 4432 nuncuparunt
3367 4357 3465 4425 :_et
3495 4345 3809 4432 Gnaphpnm

2236 4416 2441 4480 rert'nm
2472 4426 2559 4489 sit,
2592 4438 2711 4496 cum
2742 4424 3031 4496 προσθῇπεην
3054 4422 3205 4471 istam
3237 4417 3449 4485 adjecit,
3479 4433 3584 4496 non
3621 4416 3808 4467 Filium

2237 4498 2288 4549 in
2322 4510 2500 4549 tuente
2530 4486 2796 4555 habuisse,
2829 4491 2920 4543 sed
2956 4492 3141 4553 Deum,
3169 4504 3324 4555 quem
3347 4486 3810 4555 οιηιείιὶκιιηινῡυηι

2234 4566 2643 4623 Τιιροιιεςοῑιίιίε
2698 4554 2941 4615 astruere
2987 4554 3253 4613 studebat.
3306 4560 3619 4625 Quanquam
3672 4554 3811 4618 hzrc,

2235 4627 2473 4705 inquam,
2507 4637 2575 4689 ita
2600 4649 2658 4688 se
2684 4633 2899 4705 habent,
2931 4629 3269 4705 inficianduiu
3304 4638 3479 4705 tamen
3525 4642 3629 4679 non
3658 4627 3785 4705 vide

2237 4697 2349 4774 tur,
2376 4710 2426 4761 in
2450 4705 2689 4774 Gnaphei
2718 4702 3007 4774 additione.
3039 4702 3100 4774 _si
3126 4715 3354 4774 pravum
3375 4700 3495 4774 ejus
3522 4697 3810 4774 consilium

2233 4766 2440 4843 demas,
2494 4766 2813 4831 incommodi
2861 4772 2989 4825 nihil
3033 4766 3264 4823 futurum
3302 4787 3314 4822 :
3346 4771 3413 4821 ita
3434 4766 3721 4843 _ni_n_iiruni,
3752 4782 3816 4820 ιι.

2233 4860 2353 4917 post
2384 4838 2659 4917 Trinitatis
2692 4844 3361 4917 lattdationeni,_converso
3382 4839 3446 4917 ad
3481 4838 3670 4917 Fili-tim
3695 4852 3815 4889 sei-

2236 4910 2416 4985 innne,
2454 4921 2535 4971 his
2580 4916 2655 4969 illi
2702 4915 2877 4969 verbis
2918 4914 3244 4985 supplicetur
3270 4910 3420 4985 :JQui
3450 4910 3725 4985 cruciﬁxus
3757 4924 3814 4985 es

2235 5007 2329 5061 pro
2358 4980 2522 5053 nobis,
2551 4990 2788 5061 miserere
2827 4980 2993 5061 nobis.
3021 4984 3169 5049 Quod
3200 4993 3251 5035 et
3280 4982 3513 5061 Calcndb
3541 4995 3663 5061 nium
3696 4980 3814 5061 epiz-

2233 5048 2451 5125 Scopttm
2505 5048 2739 5111 sensisse
2783 5048 3117 5108 manifestum
3170 5063 3289 5125 est,
3324 5050 3538 5125 quando
3557 5048 3813 5125 ‘Cnaphei

2237 5120 2494 5184 additioni
2529 5131 2586 5203 τᾷ
2612 5130 2796 5203 Χριστέ
2826 5127 3034 5203 ﬁcto-tisi}
3064 5124 3340 5203 pratitiisit,
3368 5130 3420 5174 et
3454 5120 3522 5172 ab
3556 5121 3814 5203 lCcclesim

2236 5216 2332 5254 usu
2366 5216 2468 5253 nun
2497 5194 2786 5253 abhorrere
2826 5194 3062 5267 agnoscit
3112 5194 3489 5267 itaniasceuus,
3536 5206 3657 5267 cum
3693 5200 3816 5257 post

2237 5272 2508 5325 Trinitatis
2556 5259 2891 5331 doxologiam
2944 5283 3060 5333 qum
3117 5263 3198 5315 his
3249 5263 3424 5315 verbis
3460 5259 3833 5333 continetur;

2234 5342 2349 5397 Cio:
2368 5344 2411 5395 ia
2434 5343 2599 5406 Patri,
2616 5350 2665 5392 et
2688 5338 2839 5397 Filio,
2860 5347 2911 5391 et
2932 5331 3149 5404 Spiritui
3168 5341 3371 5391 sancto,
3391 5331 3639 5398 subjungi
3666 5344 3817 5406 sa-pe

2232 5416 2421 5476 soleat,
2471 5420 2541 5483 τῷ
2585 5404 2924 5483 ὸταυρωθέντι
2972 5407 3229 5483 βοηθήσει,
3280 5409 3363 5459 καὶ
3391 5406 3445 5458 ix
3474 5413 3658 5482 usapciw
3687 5404 3818 5480 ἀνείς

2234 5488 2435 5546 στάντι,
2467 5477 2615 5551 δί’ᾳαὶ
2641 5477 2895 5551 voluntate
2912 5477 3188 5551 cruciﬁxus
3214 5486 3304 5537 est,
3349 5484 3392 5527 et
3414 5477 3499 5541 qui
3532 5477 3818 5527 resurrexit

2232 5571 2262 5607 a
2288 5555 2519 5616 mortuis,
2544 5548 2669 5622 qum
2699 5552 2761 5602 ad
2794 5550 2984 5603 Filium
3014 5548 3227 5622 proprie
3255 5554 3517 5622 spectant.
3822 5616 3825 5617 ν

2306 5625 2331 5661 τι
2376 5615 2583 5693 Duplex.
2613 5623 2864 5689 deinceps
2895 5615 3240 5693 contra_t_luas
3270 5615 3819 5693 haérescsargumcn-

2234 5706 2343 5750 tum
2378 5684 2585 5749 tractat.
2612 5696 2762 5747 Prius
2786 5684 2885 5745 hoc
2911 5692 3049 5752 loco,
3073 5688 3343 5742 Christum
3370 5684 3617 5739 videlicet
3643 5684 3820 5735 Deum

2230 5768 2433 5836 pariter
2464 5777 2516 5836 et
2546 5765 2810 5836 hominem
2842 5763 3003 5836 fuisse
3028 5768 3212 5813 contra
3252 5757 3483 5836 Nestorii
3508 5755 3821 5836 vesaniam,

2224 5826 2314 5903 qui
2330 5838 2474 5902 ψιλὸν
2486 5833 3039 5901 ἅνθρωπον,Ιιυηὶἱηεηὶ
3057 5826 3421 5885 tantummodo
3434 5828 3607 5883 aiebat
3622 5826 3819 5887 fuisse.
