4092 6350
326 373 427 433 H3

1739 358 2067 425 EPIS‘FOLA
2108 366 2195 420 ill.

3502 394 3603 451 τι

282 558 285 561 _
323 490 499 546 adhuc
524 489 731 545 obitum
757 504 824 544 ex
852 498 1039 545 ventre
1065 487 1322 551 debebat;
1348 486 1528 543 adhuc
1556 486 1623 543 ad
1647 486 1901 543 inlorma-
1933 458 1988 547 Ᾰ
2016 506 2111 545 sua
2147 492 2289 566 vulgi
2319 497 2578 557 variantis
2600 504 2826 561 sentiret
2854 504 3053 578 opinio.
3100 509 3342 582 Cumque
3382 514 3606 593 diversi-

322 583 527 641 tionem
581 590 820 639 nostram
868 586 1156 638 exercebat
1201 580 1521 638 humilitatis
1544 581 1719 638 studia
1748 582 1910 637 etiam

278 730 285 743 ,
321 678 381 735 in
406 693 574 750 opere
600 677 881 734 claritatis.
914 675 1052 731 Cum
1074 674 1338 730 Cananaia
1382 674 1649 745 quaedam,
1682 674 1911 730 creduli-

322 773 447 828 tatis
474 770 689 842 quidem
733 769 1060 833 Israeliticae,
1112 769 1206 824 sed
1250 768 1425 839 gentis
1459 769 1670 836 alienae,
1711 767 1911 823 virtute

320 866 482 930 virili,
561 865 816 934 petitione
872 862 1152 930 laudabili,
1233 861 1595 917 obstinatione
1664 861 1903 926 victrice,

318 958 533 1014 Christo
557 974 653 1028 pro
680 959 786 1011 ﬁlia
809 959 1132 1027 supplicaret
1157 974 1170 1009 :
1202 955 1464 1021 Miserere,
1488 956 1758 1025 inquiens,
1786 956 1903 1019 mei,

316 1053 395 1122 ﬁli
420 1052 586 1106 David
620 1051 837 1121 (Matth.
864 1067 952 1118 xv,
984 1052 1113 1122 22);
1160 1051 1285 1105 vicit
1318 1050 1402 1104 hic
1432 1064 1623 1105 sensus
1652 1049 1905 1105 interiore

317 1146 582 1215 sapientia
632 1161 819 1201 sexum
868 1146 1070 1212 carnis,
1124 1160 1283 1213 supra
1329 1144 1625 1201 humanum
1663 1142 1825 1197 sentit
1852 1144 1903 1196 in

318 1238 560 1294 homine.
590 1238 705 1292 Non
727 1237 1076 1308 acquiescant
1108 1236 1426 1307 Eutychiani
1456 1235 1707 1291 doctores
1732 1234 1783 1289 ei
1812 1233 1902 1303 qui

316 1344 536 1404 propter
564 1347 661 1388 nos
682 1334 971 1387 cruciﬁxus
992 1340 1074 1387 est
1104 1332 1429 1400 supplicare.
1477 1330 1578 1383 Ista
1610 1329 1660 1383 in
1691 1328 1900 1383 cruciﬁ-

314 1424 491 1494 gcndn
518 1432 574 1479 et
608 1424 941 1480 divinitatem
998 1433 1211 1495 precata
1256 1430 1340 1477 est
1380 1437 1503 1492 quas
1552 1437 1657 1478 non
1690 1430 1902 1490 poterat

315 1523 472 1583 mori,
506 1529 561 1574 et
615 1520 1003 1573 humanitatem
1058 1532 1180 1587 quae
1234 1524 1443 1586 poterat
1492 1517 1756 1572 suscitari.
1792 1515 1902 1569 Fili

313 1612 477 1666 David
522 1626 739 1667 carnem
782 1619 1039 1676 resonat;
1086 1611 1321 1665 miserere
1365 1611 1461 1665 mei
1502 1611 1670 1666 Deum
1724 1609 1900 1664 decla-

309 1716 412 1765 fat.
462 1706 720 1761 Dominus
768 1705 894 1762 cteli
927 1707 1204 1760 invocatus
1233 1712 1318 1759 est
1347 1704 1400 1758 in
1435 1704 1633 1759 virtute
1662 1721 1675 1755 :
1710 1713 1900 1757 auctor

310 1800 547 1854 hominis
574 1806 797 1854 vocatus
818 1808 903 1854 est
924 1798 978 1852 in
1002 1812 1222 1868 genere.
1254 1798 1435 1866 Longe
1452 1797 1583 1866 iam,
1611 1806 1667 1851 ut
1687 1796 1898 1866 opinor,

2018 593 2127 643 tate
2146 591 2428 647 sententiae
2450 596 2727 668 populum,
2758 609 2849 655 aut
2879 616 3043 657 unum
3072 618 3138 660 ex
3155 604 3362 662 vatibus
3388 610 3600 678 priscis,

2014 688 2107 775 aut
2132 681 2395 753 Moysem,
2414 687 2500 741 vel
2528 699 2677 746 certe
2705 691 2932 760 Heliam,
2956 696 3107 752 illum
3128 701 3349 757 credere
3378 710 3600 775 sugges-

2012 774 2265 829 sissent:
2322 775 2425 833 Vos
2472 788 2663 849 autem,
2712 786 2905 856 inquit,
2957 807 3106 860 quem
3151 809 3233 850 me
3277 811 3385 851 esse
3432 774 3602 853 dicitis

2014 866 2229 937 (Matth.
2258 885 2373 935 xvr,
2410 872 2561 941 15)?
2612 875 2747 932 Tum
2794 881 3046 952 princeps
3085 887 3594 959 condiscipulorum,

2010 961 2330 1030 principium
2363 967 2735 1035 responsionis
2784 986 3086 1039 assumens.
3145 978 3228 1034 Tu
3272 966 3367 1047 ea;
3403 983 3597 1055 inquit,

2011 1050 2244 1145 Christus
2296 1055 2468 1113 Filius
2512 1057 2611 1114 Dei
2656 1063 2769 1117 viri.
2828 1065 3087 1124 Suiliccre
3138 1072 3298 1142 plane
3353 1050 3601 1145 potuerat

2010 1143 2149 1210 quod
2200 1146 2487 1203 conﬁtetur
2525 1150 2612 1206 hic
2658 1151 2880 1220 Petrus.
2948 1160 3158 1215 etiamsi
3200 1166 3301 1220 hoc
3344 1143 3451 1221 non
3492 1178 3598 1226 tam

2008 1240 2289 1297 manifesta
2319 1248 2668 1312 responsione
2698 1251 3071 1310 conﬁrmasset
3099 1258 3362 1314 Christus.
3406 1260 3601 1322 Beatus

2006 1349 2082 1397 es,
2114 1334 2304 1403 inquit,
2337 1336 2519 1393 Simon
2545 1340 2653 1394 Bar
2682 1341 2839 1409 Iona,
2869 1348 2990 1415 quia
3018 1365 3137 1401 caro
3168 1361 3214 1403 et
3244 1356 3467 1425 ‘sanguia
3494 1372 3599 1412 non

2007 1426 2247 1480 reuelauit
2270 1428 2377 1493 tibi,
2408 1432 2497 1486 sed
2528 1430 2687 1487 Pater
2712 1452 2875 1505 meus,
2906 1441 3066 1507 quiin
3092 1443 3232 1496 caelis
3260 1454 3335 1498 est
3378 1446 3597 1519 (lbid.).

2008 1518 2201 1575 Beatus
2243 1537 2321 1587 es,
2368 1524 2621 1594 inquam,
2670 1528 2792 1597 quia
2839 1540 2896 1583 ut
2942 1532 3107 1587 Deum
3161 1550 3436 1603 cerneres,
3487 1518 3596 1596 non

2006 1627 2222 1668 carnem
2256 1618 2649 1686 tantummodo,
2701 1621 2795 1677 sed
2837 1631 2894 1677 et
2940 1627 3255 1695 sanguinem
3292 1632 3546 1686 censuisti
3580 1651 3593 1685 :

2006 1721 2107 1761 nec
2128 1709 2468 1766 revelandam
2501 1711 2595 1767 tibi
2626 1714 2851 1783 gloriam
2886 1733 3058 1772 meam
3083 1721 3403 1777 lineamenta
3450 1739 3594 1779 sum-

2010 1797 2085 1864 pti
2139 1802 2388 1868 corporis
2446 1805 2775 1861 obtulerunt.
2852 1809 2967 1864 Non
3024 1816 3264 1870 avertisti
3320 1831 3594 1887 generosa:

315 1903 435 1965 post
465 1902 695 1948 mortem
727 1891 919 1958 David,
960 1892 1029 1946 de
1054 1891 1207 1961 cuius
1239 1890 1446 1945 semine
1476 1890 1633 1946 terris
1668 1904 1761 1959 per
1790 1890 1902 1944 Ma-
1931 1876 1980 1936 Β
2010 1892 2205 1943 mentis
2234 1902 2534 1961 aspectum,
2567 1898 2711 1965 quod
2740 1907 2795 1952 et
2836 1914 2998 1956 carne
3025 1904 3303 1973 'prolatum
3321 1876 3437 1962 Vest.
3488 1910 3594 1966 Sed

321 1987 445 2040 'iam
488 1985 735 2040 Christus
779 1985 1001 2052 eﬁuisit,
1052 1992 1356 2053 temporum
1407 1982 1551 2040 serie
1602 1984 1901 2039 stemmatis

308 2079 441 2148 regii
480 2078 729 2148 prosapia
760 2078 1077 2134 ducebatur.
1140 2076 1309 2132 Posce
1361 2089 1518 2144 nunc,
1555 2076 1639 2131 his
1666 2092 1896 2146 proavo-

304 2184 425 2227 rum
450 2171 883 2226 successionibus
912 2184 975 2225 ac
1006 2179 1289 2238 nepotum,
1323 2183 1386 2223 ex
1425 2179 1721 2224 memorato
1746 2180 1897 2237 patre

305 2277 475 2330 usque
496 2261 561 2317 ad
588 2262 889 2332 virgineum
921 2261 1088 2317 fetum
1122 2269 1237 2316 toto
1263 2260 1523 2316 derivatio
1560 2259 1894 2316 btereditatis

301 2369 545 2422 accessu,
589 2354 980 2424 phantasmatis
1027 2354 1169 2410 linea
1225 2355 1479 2417 ducatur,
1522 2368 1588 2407 an
1631 2354 1889 2409 traducis.

299 2446 467 2502 Porro
494 2454 675 2502 autem
705 2446 960 2515 ambiguo
988 2454 1159 2511 caret,
1191 2446 1334 2515 quod
1362 2453 1419 2499 et
1445 2444 1513 2501 de
1540 2459 1743 2513 genere
1766 2460 1892 2501 caro

298 2554 425 2595 vera
453 2540 735 2611 processit,
782 2548 836 2596 et
874 2538 1191 2609 phantasma
1220 2552 1391 2609 genus
1436 2539 1634 2595 habere
1660 2554 1765 2594 non
1799 2554 1893 2609 po-

272 2635 415 2688 tuit.
466 2632 824 2703 Experiamur
852 2643 1056 2700 tamen,
1101 2641 1280 2687 utrum
1330 2634 1599 2702 spreverit
1643 2631 1891 2688 Christus

295 2726 539 2797 praelata:
568 2725 901 2781 Cananitidis
930 2728 982 2781 in
1019 2726 1267 2780 oratione
1294 2739 1628 2790 sermonem,
1673 2739 1742 2779 an
1775 2724 1887 2780 lor-

294 2817 457 2871 tassis
482 2829 771 2885 exasperet
800 2816 1053 2886 ineptiam
1076 2814 1453 2885 supplicantis.
1490 2816 1534 2869 0
1562 2816 1766 2879 mulier,
1794 2817 1886 2881 ait,

293 2926 482 2980 ntagna
509 2918 582 2963 est
611 2910 736 2977 ﬁdes
767 2917 854 2961 tua
890 2925 906 2962 :
939 2910 1032 2976 fiat
1062 2908 1154 2962 tibi
1178 2909 1311 2962 sicut
1350 2908 1444 2963 uia.
1499 2908 1555 2964 Si
1604 2909 1707 2963 ista
1755 2909 1887 2965 ﬁdes

292 3006 402 3063 est,
447 2998 629 3067 utique
661 3014 851 3070 magna
896 3000 939 3053 si
970 3008 1202 3063 constat,
1234 3014 1338 3053 non
1368 3000 1473 3054 erit
1500 3008 1681 3064 recta;
1712 2998 1885 3055 altera

294 3097 450 3143 certe
494 3087 667 3143 fuerat
712 3088 777 3142 ad
811 3100 1034 3145 matrem
1080 3090 1170 3145 illa
1207 3091 1512 3159 responsio,
1560 3106 1680 3145 cum
1712 3093 1883 3147 comi-

295 3190 450 3237 tante
491 3181 877 3250 discipulorum
918 3183 1086 3238 choro
1124 3183 1275 3238 festis
1311 3185 1640 3253 nuptialibus
1691 3186 1882 3239 invita-

2007 1978 2168 2035 l’ater
2194 1997 2364 2050 meus,
2412 1985 2610 2054 quiest
2642 1988 2693 2042 in
2726 1991 2902 2059 cmlis,
2944 1996 3203 2052 revelavit
3246 1998 3340 2053 tibi
3374 2000 3592 2069 Filium,

2003 2074 2087 2128 cui
2119 2074 2358 2132 adhaeret
2386 2078 2438 2132 in
2470 2080 2667 2136 terris:
2702 2084 2854 2154 cuius
2895 2088 3062 2157 gloria
3111 2100 3428 2161 paupertate
3451 2110 3593 2153 nunc

2002 2166 2218 2235 tegitur,
2252 2169 2403 2239 cujus
2436 2170 2608 2227 honor
2634 2179 2977 2235 contumeliis
3006 2195 3149 2237 nunc
3178 2185 3405 2240 celatur.
3453 2186 3591 2242 Pen-

1998 2256 2159 2313 debat
2188 2259 2453 2330 siquidem
2484 2266 2535 2319 in
2566 2266 2696 2337 ligni
2717 2270 2969 2327 salutaris
3007 2277 3223 2331 excelso
3277 2278 3591 2349 triumphali

2000 2354 2423 2421 prmeminentia,
2452 2359 2762 2417 mediatoris
2808 2366 2977 2421 nostri
3006 2382 3201 2438 corpus
3244 2371 3490 2437 allatum,
3534 2381 3590 2427 et

1999 2446 2421 2518 uniuscujusque
2468 2456 2790 2509 sententiam
2855 2459 2922 2513 de
2990 2461 3168 2515 cordis
3224 2466 3589 2531 penetralibus

2000 2538 2171 2593 virtus
2191 2540 2452 2597 salutiferi
2484 2545 2678 2613 stipitis
2708 2549 2975 2619 exigebat.
3026 2551 3279 2620 iniuriam
3314 2557 3402 2611 ille
3442 2558 3588 2613 deri-

1995 2629 2176 2685 debat.
2208 2633 2346 2688 Ecce
2368 2635 2459 2703 qui
2486 2636 2817 2706 destruebat,
2866 2642 3055 2711 inquit,
3089 2646 3343 2714 templum
3376 2648 3492 2717 Dei,
3527 2658 3585 2703 ut

1996 2722 2126 2777 illud
2162 2724 2339 2781 triduo
2367 2728 2692 2795 suscitaret;
2743 2731 2880 2787 alter
2922 2736 3060 2789 aceti
3099 2738 3372 2807 potionem
3413 2739 3585 2794 ferino

1995 2817 2117 2873 felle
2148 2832 2463 2889 corruptam
2493 2825 2731 2895 spongim
2766 2828 2960 2895 poculo
3001 2831 3309 2901 porrigebat
3345 2830 3581 2903 (Humi.

1990 2926 2137 2978 xxvi,
2169 2914 2288 2983 40).
2313 2914 2433 2982 ipse
2460 2924 2642 2972 tamen
2673 2934 2897 2993 sqvans
2930 2921 3070 2977 inter
3119 2937 3305 2993 ptenas
3344 2923 3582 2981 hominis

1989 3007 2415 3064 misericordiam
2457 2981 2757 3079 Creatoris’,
2796 3015 2987 3073 dolens
3032 3031 3127 3073 eos
3152 3032 3249 3087 pro
3269 3018 3463 3088 quibus
3488 3031 3582 3075 ve-

1992 3109 2143 3154 nerat
2174 3100 2349 3157 adhuc
2380 3103 2482 3158 sub
2506 3113 2753 3174 tempore
2780 3108 2947 3177 ipsius
2968 3110 3351 3179 redemptionis
3372 3125 3577 3180 errare,

1985 3191 2254 3246 clamabat
2301 3212 2313 3245 :
2361 3193 2537 3261 Pater,
2587 3198 2795 3267 ignosce
2840 3201 2967 3266 illis,
3016 3204 3139 3273 quia
3182 3204 3416 3258 nesciunt
3454 3204 3581 3275 quid

290 3284 404 3341 tus,
454 3274 742 3331 deﬁciente
770 3275 893 3329 vino
923 3276 988 3330 ad
1018 3276 1319 3331 iaciendum
1351 3252 1661 3332 miraculum
1694 3294 1879 3348 posce-
1906 3252 1955 3319 θ
1988 3284 2181 3352 faciunt
2223 3283 2375 3352 (Luc.
2405 3252 2565 3354 xxiii,
2597 3252 2713 3361 ἕο).
2748 3252 2883 3359 Quid
2915 3252 3579 3369 est,1

286 3375 481 3431 retur;
511 3377 673 3437 atque
701 3368 791 3422 ille
816 3384 829 3419 :
859 3367 998 3433 Quid
1037 3369 1161 3422 mihi
1184 3379 1229 3423 et
1259 3370 1350 3423 tibi
1378 3378 1473 3437 est,
1499 3370 1725 3425 mulier?
1749 3389 1879 3427 non-

284 3462 415 3515 dum
445 3462 578 3516 venit
603 3461 732 3515 hora
761 3478 868 3517 mea
891 3462 1073 3532 (Joan.
1103 3478 1164 3529 tt,
1194 3462 1271 3533 4).
1309 3463 1469 3518 Velut
1497 3464 1540 3517 si
1570 3463 1747 3519 dicat:
1775 3466 1881 3520 Cur

281 3555 421 3611 illud
456 3556 823 3612 tantummodo
850 3556 991 3627 quod
1024 3558 1278 3627 peperisti
1309 3572 1433 3612 esse
1463 3573 1550 3613 me
1579 3560 1794 3614 credis?
1820 3561 1877 3616 Si

280 3652 393 3705 hoc
423 3649 594 3703 solum
634 3648 764 3703 mihi
791 3659 942 3719 putas
978 3657 1227 3705 constare
1250 3650 1392 3719 quod
1425 3650 1603 3705 carnis
1631 3661 1733 3715 est,
1769 3668 1873 3706 nou

278 3759 507 3816 possum
540 3744 814 3814 complere
843 3743 985 3815 quod
1014 3744 1201 3817 exigis.
1231 3743 1490 3799 Sublimia
1534 3745 1646 3801 haec
1683 3761 1802 3815 qua:
1842 3762 1873 3801 a

277 3853 377 3893 me
398 3836 627 3907 requiris
657 3837 723 3891 de
756 3836 911 3893 Patre
941 3837 1124 3902 attuli,
1169 3851 1274 3891 non
1315 3838 1369 3891 in
1406 3848 1578 3893 matre
1617 3840 1827 3909 suscepi
1855 3856 1867 3894 :

272 3931 517 3987 formato
547 3931 600 3985 in
636 3941 686 3985 te
721 3931 959 4001 corpori,
999 3931 1179 3987 debita
1217 3932 1545 3987 inﬁrmitatis
1583 3925 1873 3989 institutio-

274 4040 375 4087 ne,
430 4038 591 4093 opera
640 4024 851 4089 virtutis
897 4024 1153 4093 iniungis.
1207 4024 1351 4078 Bene
1393 4039 1482 4079 me
1531 4034 1683 4093 putas
1709 4041 1870 4095 posse

276 4117 428 4190 quod
461 4118 618 4186 petis,
652 4116 695 4171 si
718 4124 792 4183 te,
821 4117 961 4171 sicut
990 4120 1089 4171 mei
1119 4118 1380 4185 corporis,
1417 4118 1494 4171 sic
1525 4127 1751 4172 matrem
1793 4118 1871 4172 tui

271 4209 551 4278 intelligas
577 4208 870 4264 Creatoris.
899 4208 1052 4277 Quod
1082 4209 1127 4263 si
1153 4210 1325 4263 solum
1358 4216 1411 4263 te
1440 4208 1673 4263 edidisse
1701 4209 1873 4263 homi-

272 4316 406 4359 nem
436 4302 586 4367 velis,
619 4301 848 4355 nondum
876 4302 1009 4358 venit
1034 4301 1160 4357 liora
1205 4317 1338 4356 mea.
1385 4301 1557 4357 Nemo
1585 4312 1765 4358 autem
1795 4303 1873 4359 sic

269 4399 494 4465 ineptus
518 4394 849 4465 repetendus
873 4402 971 4459 est,
1002 4405 1055 4449 ιιι
1086 4394 1228 4449 istud
1264 4394 1406 4464 quod
1434 4393 1598 4462 dixit,
1640 4396 1871 4450 nondum

270 4488 413 4543 venit
442 4488 572 4541 liora
603 4504 735 4555 mea,
777 4488 923 4543 velut
948 4502 1137 4543 errore
1166 4488 1375 4557 gentili,
1411 4488 1714 4543 constitutis
1742 4490 1872 4544 velit

268 4579 531 4637 fatalibus
578 4580 874 4649 applicare.
932 4580 1015 4634 Ad
1071 4580 1474 4649 intelligendum
1535 4580 1681 4635 horae
1728 4582 1867 4637 illius

268 4673 594 4744 mysterium
653 4672 1041 4728 discretionem
1106 4673 1281 4741 potius
1336 4675 1535 4743 requiri
1590 4641 1944 4745 convenit,D

270 4782 439 4837 quam
467 4767 739 4825 decretum
773 4784 784 4821 :
815 4766 954 4837 quod
977 4782 1095 4821 cum
1124 4768 1232 4836 ipsa
1258 4782 1470 4838 quoque
1492 4778 1691 4826 nostrte
1719 4786 1865 4825 mor-

271 4862 499 4916 talitatis
530 4861 766 4916 couditio
788 4877 893 4937 non
910 4862 1155 4932 eligatur,
1178 4862 1271 4919 sed
1296 4864 1473 4919 omnis
1504 4874 1672 4921 status
1696 4868 1863 4923 nostri

269 4952 573 5007 necessitas
594 4952 963 5021 gubernatoris
990 4955 1229 5023 perpetui
1258 4956 1327 5009 sit
1365 4957 1641 5013 voluntas:
1665 4969 1863 5031 quanto

269 5043 447 5113 magis
497 5041 772 5113 Christus,
825 5043 915 5113 qui
966 5053 1282 5113 potestatem
1342 5046 1573 5104 habebat
1626 5052 1860 5120 ponendi

269 5134 510 5189 animam
538 5150 709 5200 suam,
748 5146 801 5190 et
828 5135 1022 5190 iterum
1049 5138 1290 5191 sumendi
1320 5153 1437 5194 eam
1462 5140 1639 5210 (Joan.
1666 5160 1720 5210 x,
1747 5145 1858 5213 18),

269 5227 420 5281 nullo
450 5240 509 5281 se
538 5225 633 5281 fati
660 5227 827 5282 Voluit
858 5226 1130 5298 implicare
1170 5231 1526 5300 praescripto?
1580 5232 1686 5288 Sed
1738 5252 1857 5291 cum

268 5319 479 5377 venerit
506 5318 769 5376 subeundi
794 5310 925 5376 hora
953 5318 1206 5390 patibuli,
1245 5324 1576 5390 apparebunt
1623 5328 1859 5386 etclestia

266 5428 390 5481 quae
440 5420 591 5481 pater
642 5412 845 5482 genuit,
888 5421 943 5468 et
979 5420 1238 5482 corporea
1288 5429 1409 5484 quae
1455 5416 1608 5472 alvus
1649 5417 1853 5478 eii‘udit.

266 5505 411 5575 Ergo
441 5512 567 5559 cum
605 5505 720 5575 ipse
758 5505 1012 5560 Dominus
1043 5506 1159 5573 hic,
1221 5505 1546 5576 perﬁciendo
1596 5512 1856 5571 miraculo

268 5612 418 5655 actus
442 5599 633 5666 divini,
664 5614 769 5654 non
796 5600 1049 5669 repulerit
1078 5601 1416 5671 genitricem,
1457 5605 1551 5661 sed
1583 5607 1853 5666 instruxe-

266 5693 339 5747 rit
372 5693 729 5763 ignorantem,
776 5693 1051 5749 videamus
1096 5694 1221 5764 quid
1267 5695 1393 5751 hinc
1422 5712 1543 5753 eum
1578 5701 1853 5771 Aposmlis

264 5790 385 5843 suis
437 5797 669 5844 tractatu
726 5790 1050 5859 impensiore
1104 5792 1409 5848 contulerit.
1485 5792 1853 5869 Intermgabat

268 5892 444 5939 autem
493 5896 586 5939 eos
615 5881 841 5955 quodam
880 5878 1149 5957 Evangelii
1180 5886 1321 5958 loco,
1358 5905 1476 5961 quin
1512 5891 1580 5946 de
1612 5908 1843 5965 persona

1988 3379 2151 3441 ciunt,
2176 3379 2277 3432 nisi
2297 3380 2421 3447 quia
2439 3381 2666 3436 credunt
2693 3398 2752 3438 se
2782 3386 2951 3439 solum
2979 3388 3253 3443 hominem
3283 3389 3579 3447 adduxisse

1979 3468 2229 3537 iudicio?
2260 3469 2471 3537 Ignorat
2499 3472 2627 3541 quid
2658 3472 2837 3539 iaciat,
2886 3477 2977 3546 qui
3011 3495 3114 3532 non
3160 3480 3323 3534 sentit
3365 3480 3419 3534 in
3453 3496 3579 3537 cru-

1983 3564 2125 3618 ciato
2172 3556 2399 3632 corpore
2442 3566 2797 3635 maiestatem.
2854 3570 2921 3625 Et
2968 3572 3012 3626 si
3053 3573 3129 3627 illi
3184 3574 3350 3629 solius
3387 3576 3577 3631 matris

1984 3657 2149 3711 ﬁlium
2181 3658 2488 3714 interﬁcere
2517 3673 2575 3715 se
2606 3661 2889 3718 credentes
2917 3664 3043 3732 quid
3076 3664 3315 3721 facerent
3357 3667 3571 3737 ignora-

1981 3750 2130 3819 bant,
2161 3767 2257 3808 cur
2289 3753 2466 3809 adhuc
2498 3755 2658 3811 hodie
2682 3756 2953 3828 Eutychos
3003 3759 3254 3829 ignorare
3294 3773 3352 3816 se
3392 3760 3570 3816 simu-

1978 3848 2073 3915 lat,
2113 3849 2255 3919 qnod
2298 3848 2343 3904 si
2388 3850 2465 3904 illi
2499 3858 2626 3906 tunc
2675 3853 2923 3919 scissent,
2974 3854 3191 3912 Christo
3230 3864 3285 3910 et
3326 3856 3574 3926 apostolo

1977 3950 2332 4009 protestante,
2378 3960 2652 4015 nunquam
2702 3946 2988 4003 Dominum
3041 3950 3229 4019 gloriae
3265 3950 3572 4006 cruciﬁxis—

1975 4037 2130 4090 sent?
2186 4036 2338 4092 Unde
2387 4040 2529 4107 quod
2581 4040 2668 4094 hic
2720 4041 2977 4097 Dominus
3023 4045 3387 4100 nescientibus
3416 4053 3569 4115 optat

1977 4126 2199 4193 ignosci,
2227 4137 2442 4183 constat
2472 4139 2819 4197 expertarum
2871 4136 3218 4189 conscientia
3263 4149 3365 4189 non
3407 4150 3567 4204 posse

1975 4218 2220 4271 concedi.
2289 4219 2371 4272 An
2416 4220 2551 4274 forte
2599 4222 2887 4285 miramur,
2945 4224 3087 4291 quod
3142 4234 3251 4278 tam
3288 4225 3569 4283 evidenter

1976 4310 2216 4366 Christus
2252 4313 2518 4381 passionis
2560 4329 2671 4368 sua:
2728 4316 3045 4387 mysterium
3098 4316 3347 4387 dignatur
3400 4333 3567 4391 expo-

1974 4402 2143 4456 nere?
2191 4404 2376 4458 Ausim
2430 4404 2634 4473 dicere,
2683 4405 2941 4463 habemus
2990 4408 3077 4463 hic
3116 4409 3292 4467 adhuc
3338 4412 3565 4482 amplius

1972 4496 2114 4564 quod
2163 4497 2365 4552 mirari.
2423 4497 2687 4553 Comitata
2738 4509 2841 4565 est,
2903 4511 2959 4555 ut
3000 4502 3192 4573 legitis,
3238 4504 3563 4563 dominicam

1974 4601 2202 4645 mortem
2228 4592 2787 4661 circumpendentium
2826 4596 3094 4651 latronum
3126 4598 3409 4669 conjuncta
3441 4616 3564 4657 cru-

1968 4681 2173 4749 ciﬁxio;
2215 4698 2351 4753 quos
2390 4692 2567 4739 tamen
2617 4688 2888 4742 temeritas
2927 4690 3163 4745 crudelis
3202 4691 3408 4761 iudicii,
3452 4711 3560 4755 non

1967 4777 2183 4830 servilis
2203 4777 2375 4845 culpte
2402 4778 2677 4843 meritum,
2706 4792 3085 4849 corrquaverat
3113 4782 3409 4842 innocenti.
3443 4787 3561 4844 Non

1968 4870 2109 4923 enim
2148 4879 2357 4939 poterat
2399 4872 2572 4937 sancti
2616 4874 2877 4941 germinis
2910 4874 3279 4945 incorruptum
3330 4880 3559 4935 nitorem

1966 4961 2158 5015 vicina:
2190 4962 2498 5029 pollutionis
2553 4962 2742 5017 horror
2781 4979 3106 5036 aspergere:
3141 4969 3277 5023 sicut
3304 4979 3356 5026 et
3384 4972 3487 5037 sol,
3512 4973 3561 5027 si

1970 5052 2177 5106 radium
2203 5054 2254 5106 in
2278 5052 2559 5109 faeculento
2584 5054 3113 5125 dimittat,intactum
3137 5072 3357 5129 prorsus
3385 5063 3559 5117 nescit

1970 5145 2170 5200 sentire
2226 5148 2554 5215 contagium.
2608 5148 2808 5205 Horum
2862 5152 3022 5222 igitur
3074 5171 3212 5210 unus
3265 5156 3555 5224 latronum,

1969 5237 2113 5306 longi
2147 5237 2369 5293 sceleris
2390 5240 2553 5295 vitam
2573 5242 2748 5298 brevis
2769 5245 3072 5313 compendii
3097 5245 3202 5302 ﬁne
3224 5253 3555 5314 permutans,

1967 5345 2033 5385 ex
2088 5330 2436 5389 interfectore
2484 5335 2746 5400 medicus,
2804 5344 3006 5407 martyr
3071 5351 3137 5390 ex
3195 5336 3332 5400 fure,
3386 5350 3577 5392 nexus.

1968 5425 2247 5491 membris,
2276 5427 2591 5483 criminibus
2621 5429 2918 5495 absolutus,
2951 5427 3088 5481 ﬁxus
3111 5426 3280 5491 clavo,
3323 5427 3456 5482 liber
3477 5413 3572 5483 al-'

1968 5522 2112 5579 fectu
2146 5540 2159 5576 :
2208 5520 2445 5591 Domine,
2480 5526 2674 5595 inquit,
2704 5535 2953 5581 memento
2974 5522 3092 5587 mei,
3138 5538 3251 5577 cum
3279 5526 3473 5582 veneris
3501 5498 3571 5585 itaJ

1963 5634 2177 5690 regnum
2206 5628 2371 5676 tuum.
2398 5618 2442 5674 Ο
2465 5618 2640 5675 felicis
2666 5620 2938 5675 beatitudo
2961 5616 3281 5673 testimonii!
3312 5636 3345 5675 ο
3371 5621 3553 5678 inetia-

1965 5711 2087 5766 hilis
2126 5712 2390 5768 fortitudo
2422 5712 2708 5767 credendi!
2740 5710 2872 5781 Non
2913 5711 3099 5779 istum,
3138 5720 3195 5766 ut
3222 5712 3551 5782 divinitatem

1962 5805 2015 5860 in
2049 5805 2266 5860 homine
2299 5804 2549 5866 sentiret,
2580 5800 2727 5871 signa
2753 5803 3034 5869 vicerant;
3066 5805 3160 5861 sed
3189 5806 3401 5863 virtutis
3426 5809 3549 5863 dile-

1963 5898 2194 5955 ctionem
2226 5899 2600 5953 inﬁrmitatem
2631 5892 2852 5985 collegit
2880 5897 3099 5954 indicio.
3125 5898 3441 5971 Concupivi:
3466 5904 3549 5957 in.
