4092 6350
482 374 487 379 ’
528 394 635 452 ω

1810 382 1867 438 S.
1911 376 2092 436 AVlTl
2129 374 2531 435 VIENNENSIS

3698 366 3796 423 220

528 518 725 566 euntem
754 511 808 565 in
836 523 1036 564 emtum.
1080 505 1288 561 Habent
1315 518 1449 577 ergo
1478 504 1532 559 in
1561 502 1663 557 hoc
1691 512 1941 557 sermone
1969 492 2112 566 quod
2138 488 2193 555 Α
2220 495 2467 565 ambiguo
2492 492 2870 563 quaestionum,
2913 497 3006 543 aut
3048 488 3242 556 dignus
3278 483 3537 553 rescripto
3568 482 3797 551 posteris

529 613 747 674 sperem
776 602 967 673 quibus
993 600 1307 669 phantasma
1336 596 1547 652 videtur
1581 609 1703 650 esse
1733 591 1876 663 quod
1903 597 2111 660 gestum

529 703 629 759 est,
661 694 706 748 si
745 693 822 748 sic
860 691 1033 746 veniet
1072 688 1346 759 quomodo
1385 686 1597 743 vidistis
1633 700 1757 741 eum
1801 690 2017 739 euntem
2058 681 2111 734 in

530 790 745 845 coelum.
797 784 896 840 Ubi
932 783 1185 838 ridebunt.
1232 781 1481 837 catholici
1522 794 1681 850 quem
1722 777 1984 839 ambiunt,
2023 772 2116 827 ad-

530 878 747 934 versarii
784 891 941 945 quem
980 875 1351 940 conﬁxerunt;
1395 874 1484 928 ubi
1513 874 1577 926 ad
1611 870 1799 927 eadem
1836 869 2112 924 clavorum

529 970 750 1040 vesﬁgia
782 985 901 1039 qua:
930 977 1178 1032 cernunt,
1209 968 1292 1022 vel
1326 968 1443 1021 illos
1475 967 1624 1037 ignes
1650 964 1921 1036 Eutycbes
1949 963 2115 1017 simu-

529 1064 663 1119 latos
690 1072 877 1132 putare
898 1062 1125 1128 desinat,
1143 1063 1337 1131 quibus
1359 1069 1479 1131 post
1500 1058 1883 1129 phantasmatis
1911 1057 2115 1112 furnum

530 1168 648 1209 sera
694 1154 1028 1223 pmnitudine
1074 1162 1331 1224 perpetuo
1374 1153 1532 1207 torris
1578 1151 1804 1208 ardebit.
1854 1150 1933 1204 Ad
1963 1149 2117 1217 cujus

530 1247 814 1317 pristinum
850 1247 1042 1315 dogma
1076 1245 1462 1310 denotantlum,
1502 1244 1584 1300 vel
1626 1242 1973 1313 corrigendos
2013 1242 2118 1296 ali-

533 1339 865 1409 quantisper,
918 1339 1057 1393 sicut
1098 1337 1393 1406 optandum
1437 1347 1541 1405 est,
1582 1347 1899 1402 sectatores,
1951 1347 2118 1404 pauca

480 1482 499 1505 ι
537 1431 651 1486 ιηρο
680 1430 885 1486 dixis~e
911 1430 1140 1486 sufﬁciat
1173 1450 1184 1481 :
1222 1438 1278 1484 ut
1306 1446 1368 1485 ex
1404 1430 1753 1484 similitudine
1782 1429 2117 1484 testimonio-

536 1538 654 1577 rum
686 1539 804 1593 quae
837 1523 1130 1592 posuimus,
1156 1522 1318 1577 etiam
1346 1521 1445 1589 ipsi
1474 1522 1573 1576 sibi
1606 1521 1909 1577 necessarie
1935 1534 2123 1575 nume-

536 1615 739 1669 rosiora
788 1614 1118 1684 perquiraut.
1174 1614 1327 1679 Quod
1371 1615 1415 1668 si
1467 1612 1606 1669 forte
1658 1614 1879 1681 pristino
1925 1613 2122 1669 sceleri

537 1705 799 1775 dogmatis
826 1706 927 1774 sui,
946 1716 1037 1762 aut
1061 1707 1394 1763 inﬁdelitatis
1411 1708 1858 1776 perseverantiam
1884 1716 2122 1775 servant,

538 1808 628 1853 aut
666 1800 861 1868 aliquid
903 1816 1054 1855 nova:
1095 1801 1386 1856 molitioiiis
1429 1800 1767 1856 accumulant
1801 1819 1815 1854 :
1858 1801 2122 1872 siquidem

2218 588 2545 644 reservando
2591 587 2825 656 potuer't
2873 582 3128 639 inveniri.
3160 579 3460 648 Cujuslibet
3505 586 3683 632 tamen
3710 591 3797 649 eos

2216 697 2334 738 rum
2365 683 2417 737 in
2442 695 2632 737 manus
2658 690 2867 737 vestras
2897 678 3040 735 dicta
3068 673 3435 746 pervenerint,
3464 680 3671 738 sancte,
3700 671 3798 728 sol-

2219 776 2385 851 licite,
2434 773 2579 844 regie
2624 788 2719 830 vos
2765 778 3067 828 moverunt.
3119 767 3148 809 δ
3196 766 3594 829 Pmnitentiam,
3643 779 3798 835 quam

2220 868 2435 938 proprie
2463 872 2898 921 momentaneam
2932 861 3278 925 nominastis;
3330 858 3381 914 id
3426 866 3510 913 est
3555 858 3610 911 in
3651 854 3799 920 aegri-

2220 960 2403 1016 tudine
2431 961 2582 1030 quasi
2625 961 2725 1015 sub
2765 966 3039 1014 momento
3085 955 3278 1010 mortis
3324 960 3622 1020 acceptam,
3673 949 3799 1005 nihil

2221 1061 2314 1109 aut
2363 1052 2493 1107 nulli
2548 1051 2840 1121 prodesse,
2889 1050 3114 1105 adversa
3164 1046 3369 1102 veritati
3425 1053 3480 1101 et
3519 1042 3799 1098 admodum

2222 1144 2385 1201 cruda
2415 1142 2654 1200 deﬁnitio
2690 1154 2792 1198 est.
2828 1140 2979 1209 Apud
3009 1139 3245 1194 divinam
3272 1137 3467 1205 quippe
3500 1132 3801 1188 misericor-

2224 1238 2366 1291 diam
2396 1236 2478 1291 vel
2508 1236 2621 1303 ipsa
2669 1233 2942 1291 humilitas
2997 1229 3299 1287 conﬁtentis
3346 1227 3451 1283 dici
3496 1240 3603 1281 non
3648 1224 3803 1279 debet

2225 1332 2400 1386 fructu
2429 1344 2635 1385 carere.
2666 1328 2799 1395 Quia
2827 1342 2948 1383 cum
2974 1324 3222 1395 legimus,
3243 1320 3387 1392 quod
3410 1320 3667 1390 qualitate
3690 1317 3805 1371 vita:

2225 1423 2509 1477 anterioris
2538 1420 2758 1485 abolita,
2815 1420 2936 1487 quia
2974 1419 3286 1487 plerumque
3316 1413 3581 1479 contingit
3606 1418 3663 1464 et
3687 1423 3807 1477 pec-

2224 1532 2349 1573 care
2371 1516 2567 1585 justos,
2593 1523 2648 1569 et
2676 1513 2995 1581 resipiscere
3028 1518 3360 1580 peccatores,
3406 1508 3457 1560 in
3496 1519 3557 1560 ea
3586 1504 3704 1573 quis
3726 1502 3809 1559 via

2226 1610 2501 1680 judicetur
2526 1625 2629 1680 qua
2652 1610 2831 1664 obitus
2860 1608 2941 1664 sui
2970 1618 3208 1676 tempore
3236 1605 3395 1660 fuerit
3419 1600 3809 1671 deprehensus,

2228 1704 2594 1760 incunctanter
2623 1703 2891 1758 credenda
2932 1711 3015 1757 est
3054 1702 3138 1756 vel
3185 1702 3295 1769 ipsa
3325 1693 3683 1753 correctionis
3721 1706 3812 1747 vo-

2240 1799 2417 1855 luntas
2448 1800 2678 1868 placere,
2711 1800 2755 1853 si
2783 1812 2906 1851 vera
2929 1797 3016 1851 sit.
3052 1795 3157 1851 Sed
3182 1804 3350 1849 totum
3380 1790 3521 1861 apud
3540 1790 3813 1845 calonem

539 1894 824 1965 peculiaris
856 1895 1159 1949 errantibus
1200 1910 1317 1950 mos
1360 1905 1461 1958 est,
1511 1896 1564 1949 in
1605 1896 1965 1953 obstinatione
2007 1911 2127 1966 per.
2156 1875 2205 1939 Β
2234 1892 2573 1948 clementiam
2603 1890 2721 1946 ﬁdei
2753 1890 3011 1959 qualitate
3057 1895 3332 1957 pensatur.
3381 1882 3537 1940 Unde
3580 1889 3635 1937 et
3677 1880 3813 1934 inter

543 2001 696 2041 versa
740 2002 953 2056 semper
974 1988 1156 2042 dicere
1183 1990 1321 2043 velle
1351 2004 1457 2058 quo
1484 1999 1709 2058 pereant
1739 2008 1752 2043 :
1787 1990 1933 2045 dabit
1964 1991 2126 2055 Deus,

540 2092 598 2137 ut
642 2083 793 2150 jussu
842 2092 1055 2149 vestro,
1103 2097 1333 2153 meoque
1390 2083 1680 2152 famulatu,
1736 2085 1966 2154 pravitas
2011 2099 2130 2154 quas

544 2174 721 2227 adhuc
761 2184 1051 2243 augmento
1090 2174 1422 2244 accenditur,
1461 2191 1569 2230 uno
1601 2185 1656 2231 et
1691 2191 1906 2245 semper
1942 2174 2131 2247 aequali

549 2265 944 2337 Scripturarum
976 2266 1277 2321 caelestium
1310 2268 1619 2336 magisterio
1642 2269 1998 2337 propulsetur.

1114 2357 1447 2413 EPISTULA
1489 2358 1574 2413 IV.

547 2447 723 2502 Avitus
772 2448 1070 2504 Viennensis
1117 2451 1383 2520 episcopus
1428 2452 1616 2506 domno
1645 2452 1967 2508 Gundobado
2003 2456 2130 2524 regi.

618 2542 922 2598 Sciscitatio
973 2552 1151 2600 vestra
1208 2544 1370 2614 plena
1411 2544 1683 2615 religionis
1724 2555 1883 2617 atque
1922 2549 2135 2618 pietatis

545 2642 645 2690 est.
701 2635 807 2690 Sed
858 2635 982 2705 quia
1042 2635 1385 2706 inquisitione
1443 2641 1751 2708 proposita,
1810 2642 2135 2697 consultoris

546 2728 628 2784 vel
667 2728 1039 2797 respondentis
1080 2730 1299 2785 nomina
1346 2732 1701 2800 praemisistis,
1744 2734 2131 2803 suggerendum

546 2830 697 2894 puto,
746 2823 908 2879 fuisse
957 2822 1010 2877 in
1042 2824 1217 2878 Africa
1267 2825 1555 2895 quemdam
1587 2826 1842 2881 Faustum
1865 2837 1892 2866 α
1923 2828 2132 2896 θρίεοοο

549 2931 675 2985 pum
723 2924 866 2970 secta
914 2916 1292 2979 Manichaeum,
1334 2918 1711 2987 opusculorum
1758 2920 2133 2990 quorumpiam

550 3011 909 3076 conditorem,
958 3010 1375 3065 cxsecrabilium
1426 3026 1595 3079 sane,
1647 3023 1702 3067 et
1761 3014 1814 3067 in
1862 3015 2137 3071 nonnullis

550 3107 711 3173 etiam
742 3120 991 3159 sermone
1024 3105 1481 3174 turpissimorum.
1524 3106 1620 3163 Hie
1647 3116 1849 3175 autem,
1880 3121 2135 3179 quantum

550 3196 618 3250 ad
641 3196 870 3251 frontem
919 3197 1170 3266 pertinet,
1221 3198 1375 3267 quasi
1421 3199 1931 3257 abstinentissimam
1971 3203 2135 3259 vitam

2237 1985 2355 2041 illos
2382 1984 2658 2053 operarios
2680 1997 2814 2052 quos
2856 1981 2910 2036 in
2943 1980 3234 2050 Evangelia
3266 1976 3481 2049 (Matth.
3516 1990 3611 2039 ax,
3640 1972 3696 2039 9)
3739 1970 3815 2024 le—

2235 2078 2361 2148 gitis
2382 2093 2507 2133 esse
2534 2074 2851 2140 conductos,
2901 2090 3001 2144 pro
3026 2070 3326 2129 devotionis
3354 2067 3570 2132 ardore,
3612 2077 3813 2119 merce-

2236 2171 2355 2226 dem
2386 2156 2653 2240 prioribus
2677 2176 3009 2237 exaequatam
3031 2166 3190 2221 etiam
3216 2162 3306 2232 qui
3336 2160 3542 2217 tardius
3564 2162 3811 2211 venerant

2234 2264 2553 2319 sortiuntur.
2570 2262 2789 2317 Sicutet
2806 2258 3158 2314 Ninivitarum
3182 2252 3496 2309 brevissima
3518 2245 3813 2319 pmnitudo,

2237 2370 2451 2412 omnem
2480 2354 2823 2426 indulgentiae
2850 2367 3115 2408 summam
3142 2349 3323 2405 triduo
3349 2348 3588 2403 fervente
3616 2356 3817 2397 merca-

2241 2457 2313 2515 ta,
2342 2448 2577 2517 gladium
2609 2445 2926 2516 peccatricis
2957 2444 3107 2500 urbis
3127 2440 3425 2497 cervicibus
3452 2436 3816 2492 imminentem

2238 2557 2395 2615 quem
2419 2544 2528 2612 jam
2560 2541 2687 2597 ictui
2710 2540 2979 2594 destinato
3005 2552 3103 2608 per
3122 2550 3335 2591 manum
3366 2533 3516 2588 Jonas
3547 2527 3817 2600 prepbets:

2240 2638 2413 2711 (Jomr
2440 2654 2515 2699 ut,
2550 2636 2643 2706 10)
2670 2635 2787 2690 dies
2814 2642 3014 2689 statuta
3040 2632 3361 2693 vibraverat,
3411 2622 3666 2694 repagulo
3694 2635 3817 2678 con-

2238 2747 2389 2787 sonae
2406 2729 2790 2786 satisfactionis
2804 2726 3036 2784 obtudit.
3048 2723 3431 2780 Contradicant
3445 2728 3627 2774 autem
3642 2732 3821 2771 exeni-

2238 2825 2345 2895 plis
2373 2822 2705 2892 hujusmodi,
2740 2834 2875 2889 quos
2903 2818 3085 2874 verius
3106 2815 3283 2871 reddit
3306 2811 3543 2883 appetita
3573 2808 3820 2878 superbia

2240 2918 2501 2985 turgidos,
2536 2931 2693 2985 quam
2725 2913 3053 2969 conscientia
3085 2911 3288 2966 illibata
3329 2920 3568 2964 securos.
3604 2904 3717 2959 Hoc
3742 2912 3822 2957 ta-

2242 3029 2365 3069 men
2395 3014 2513 3067 loco
2540 3009 2668 3080 quid
2713 3023 2858 3076 saepe
2906 3005 3136 3068 doleam,
3189 3002 3315 3073 quia
3365 2998 3507 3054 fandi
3557 2996 3821 3054 licentiam

2241 3106 2532 3178 dignamini
2575 3113 2857 3174 priestare,
2906 3098 3187 3155 conﬁteor.
3245 3092 3639 3149 Contristamur
3688 3104 3824 3144 non-

2248 3215 2525 3270 nunquam
2550 3198 2607 3252 in
2635 3197 2735 3251 hac
2756 3201 3063 3251 nostrorum
3089 3189 3367 3251 facilitate,
3403 3184 3545 3256 quod
3572 3198 3691 3238 rem
3720 3190 3826 3236 tam

549 3292 856 3362 professus;
902 3300 957 3347 et
986 3308 1092 3348 non
1135 3302 1397 3351 secretam
1441 3309 1677 3362 crucem,
1727 3297 1821 3351 sed
1873 3297 2136 3365 publicam
2163 3263 2213 3326 ο
2246 3263 2537 3368 pretiosam
2583 3303 2686 3359 pro
2734 3288 2835 3344 levi
2884 3284 3132 3353 accipere
3175 3296 3339 3353 grave
3382 3279 3673 3333 discrimen
3724 3282 3825 3332 est.

549 3392 839 3447 vanitatem
891 3391 1148 3460 jactantia
1216 3393 1427 3449 ventosi
1497 3394 1723 3447 tumoris
1784 3408 2134 3464 exaggerans,

548 3495 803 3556 quantum
848 3486 1041 3556 potuit,
1092 3487 1428 3544 auditoribus
1460 3497 1778 3544 venenatam
1822 3488 2139 3558 disputatio-

550 3595 675 3635 nem
720 3580 867 3636 velut
910 3580 1300 3636 indeclinabilis
1327 3582 1583 3637 virtutum
1636 3591 1879 3637 servator
1926 3583 2136 3636 indixit.

552 3673 619 3727 Et
645 3672 769 3741 quia
814 3673 1049 3742 legistis,
1094 3674 1396 3727 consulenti
1436 3672 1649 3727 cuidam
1683 3672 1904 3728 Paulino
1937 3674 2139 3729 Burde-

548 3765 773 3833 galensi,
793 3764 859 3819 ab
878 3764 1137 3832 episcopo
1157 3764 1450 3833 supradicti
1474 3766 1707 3819 nominis
1728 3766 1895 3821 fuisse
1919 3781 2139 3835 cespnn-

548 3870 667 3911 sum
693 3874 706 3911 :
732 3856 886 3924 cujus
902 3856 1235 3924 temporibus
1260 3856 1507 3911 Paulinus
1528 3858 1764 3926 quidam,
1787 3858 1926 3912 Deus
1946 3858 2138 3913 viderit

550 3959 727 4004 utrum
757 3950 800 4004 is
823 3964 982 4018 quem
1024 3950 1355 4014 memoratis,
1399 3959 1579 4005 tamen
1614 3952 1830 4020 perinde
1858 3951 2137 4022 Burdega-

552 4040 758 4107 lensis,
801 4056 907 4096 non
956 4055 1124 4109 pauca
1171 4040 1315 4111 stylo
1360 4040 1623 4097 catholico
1653 4052 1708 4098 et
1751 4044 2140 4113 irrcprehcnsi—

548 4132 642 4189 bili
696 4132 802 4189 ﬁde
844 4134 1167 4204 conscripsit
1203 4151 1219 4188 :
1258 4132 1463 4199 prmfati
1512 4134 1748 4189 haeretici
1809 4138 2135 4193 mentionem

549 4222 749 4280 idcirco
803 4224 1060 4293 praemisi,
1120 4239 1186 4280 ne
1216 4224 1496 4280 Mauicluci
1554 4226 1719 4295 ipsius
1772 4226 1957 4281 Fausti
2002 4242 2138 4299 opus

549 4317 861 4384 infaustum,
894 4318 972 4373 vel
1007 4318 1239 4372 alterum
1267 4334 1427 4386 quem
1455 4319 1617 4373 etiam
1639 4320 1809 4389 gloria
1832 4331 2009 4375 vestra
2043 4337 2139 4376 no-

551 4420 715 4476 verat,
744 4418 865 4465 ortu
895 4411 1229 4474 Britannum,
1265 4412 1569 4467 habitacqu
1600 4412 1947 4481 Regiensem,
1984 4417 2139 4472 titulo

552 4502 783 4557 nominis
811 4511 1127 4558 accusaret:
1155 4504 1313 4559 simul
1344 4514 1398 4559 et
1426 4507 1513 4573 qui
1544 4514 1637 4559 aut
1663 4508 1951 4563 consulere
1974 4523 2139 4578 supra

2244 3390 2378 3445 Cum
2402 3387 2547 3441 enim
2573 3384 2825 3440 videntur
2862 3378 3230 3449 paenitentiam
3270 3372 3521 3443 precibus
3565 3385 3627 3423 ac
3651 3368 3826 3437 lacry-

2246 3483 2348 3538 mis
2378 3494 2627 3551 poscere,
2676 3476 2897 3545 impium
2945 3470 3173 3527 dicimus
3211 3466 3495 3535 denegare.
3528 3462 3621 3516 Sin
3670 3460 3827 3530 igitur

2245 3550 2521 3642 contingat
2564 3568 2857 3629 interdum,
2906 3572 2968 3618 ut
3010 3568 3282 3629 acceptam
3317 3557 3619 3629 quicunque
3662 3550 3829 3620 pani-

2249 3668 2492 3732 tentiam,
2522 3662 2869 3717 sisanitatem
2899 3653 3141 3725 corporis
3181 3650 3395 3720 recipit,
3440 3657 3530 3703 aut
3578 3645 3828 3717 negligat,

2251 3770 2344 3817 aut
2370 3761 2537 3815 factus
2568 3758 2655 3821 sit,
2688 3764 2744 3809 ut
2770 3751 3045 3822 apostolus
3068 3748 3144 3801 ait
3172 3743 3257 3815 (ΙΙ
3289 3744 3430 3797 Ρειπ.
3461 3756 3519 3806 n,
3543 3739 3665 3809 2'2),
3688 3734 3829 3793 canis

2249 3866 2503 3909 reversus
2551 3851 2602 3903 in
2660 3848 2959 3910 vomitum,
3020 3842 3111 3911 qui
3153 3838 3466 3895 veniabilius
3512 3833 3830 3889 onerabatur

2250 3946 2532 4016 fragilitate
2562 3942 2795 4012 peccati,
2842 3935 3167 4007 plectibilius
3209 3931 3542 4002 opprimetur
3570 3925 3830 3980 abusione

2242 4036 2501 4101 remedii;
2551 4042 2609 4090 et
2643 4033 2850 4087 dicetur
2895 4027 3023 4084 illud
3068 4025 3207 4095 quod
3258 4022 3480 4078 Ananiae
3506 4020 3579 4101 _in
3612 4016 3831 4073 Actibus

2247 4130 2615 4201 apostolorum
2642 4142 2657 4181 :
2686 4123 2875 4179 Nonne
2901 4136 3108 4175 nionem
3136 4118 3228 4173 tibi
3255 4092 3533 4179 manserat:
3563 4110 3694 4166 etde
3722 4123 3832 4178 pro-

2250 4224 2497 4281 mittendo
2528 4225 2580 4275 in
2606 4230 2699 4273 tua
2728 4224 2973 4289 potestate
3013 4212 3258 4284 pendebat
3304 4209 3440 4278 (Act.
3466 4222 3520 4272 v,
3550 4204 3607 4273 4)
3645 4201 3832 4255 Melius

2253 4329 2327 4377 est
2361 4327 2553 4379 autem,
2585 4323 2643 4369 ut
2670 4314 2743 4367 ait
2780 4310 3061 4381 propheta,
3110 4323 3215 4361 non
3239 4320 3431 4368 vovere,
3472 4316 3625 4372 quam
3663 4310 3835 4355 rot'erc

2248 4430 2297 4472 et
2324 4433 2425 4470 non
2464 4415 2675 4469 reddere
2707 4407 2929 4481 (Eccles.
2954 4420 3007 4469 v,
3032 4402 3089 4473 4)
3136 4400 3291 4457 Unde
3316 4395 3582 4454 contraxit
3615 4405 3835 4448 consue-

2252 4512 2379 4566 tudo
2428 4507 2715 4570 sermonis,
2776 4512 2832 4556 ut
2882 4500 3056 4555 donec
3098 4497 3324 4567 quisque
3365 4498 3609 4546 nostrum
3657 4495 3836 4541 votum

623 4688 649 4716 "
680 4677 949 4731 AdVBTSl'S
985 4690 1145 4748 quem
1194 4683 1405 4730 θκειθηῑ
1450 4675 1572 4748 libri
1618 4678 1786 4748 sane“
1835 4678 2146 4748 Augustini,
2175 4679 2231 4743 Β
2258 4683 2507 4743 minosus,
2537 4694 2780 4740 exerceo;
2804 4693 2917 4730 cum
2946 4677 3079 4729 diem
3112 4674 3351 4726 humatur
3371 4670 3522 4748 sortis
3543 4666 3836 4748 implevero,

553 4749 812 4819 cujusque
843 4749 894 4801 in
922 4747 1045 4819 aliis
1079 4747 1318 4819 ejusdem
1348 4747 1600 4819 operibus
1632 4746 1883 4819 frequens
1919 4746 2144 4809 mentio,

486 4846 491 4853 ~
554 4816 817 4875 Cancrum
846 4830 899 4873 et
920 4818 1122 4872 Paulini
1151 4818 1214 4871 ad
1238 4816 1490 4871 Fausuim
1516 4818 1764 4886 epistola,
1792 4830 1844 4873 et
1865 4820 2050 4875 Fausti
2084 4824 2149 4879 ad

554 4891 674 4959 ejus
701 4894 921 4959 quaesita
952 4889 1249 4957 responsio,
1282 4904 1401 4958 qum
1446 4904 1586 4943 nunc
1618 4890 1756 4943 inter
1788 4891 1975 4946 Fausti
2008 4892 2151 4949 Rhe-

553 4964 756 5029 gicnsis
799 4976 961 5030 opera
1010 4960 1278 5029 leguntur,
1327 4976 1432 5028 quo
1479 4961 1545 5015 de
1584 4960 1783 5015 Fausto
1832 4963 1917 5018 hic
1960 4977 2150 5030 agatur

553 5020 750 5103 ambigi
781 5020 884 5086 non
913 5020 1112 5103 sinunt.
1143 5020 1449 5103 Britannum
1482 5032 1621 5086 hunc
1654 5043 1771 5103 ortu
1802 5032 1967 5090 fuisse
1990 5020 2147 5093 ἄθρει

556 5101 745 5158 Avitus
784 5117 797 5153 :
831 5102 971 5172 quod
1006 5118 1107 5154 non
1148 5102 1214 5172 de
1262 5101 1554 5166 lnsulanis,
1600 5102 1691 5157 sed
1738 5103 1805 5157 de
1846 5106 2141 5163 Armoricis

554 5175 823 5247 Britannis
850 5171 862 5172 ί
886 5171 1260 5247 accipiendum
1298 5175 1600 5247 monuimtts
1650 5175 1703 5226 in
1741 5176 1880 5229 notis
1912 5177 1976 5230 ad
2026 5180 2141 5247 cpi-

554 5248 747 5302 stolam
775 5244 1010 5301 Facundi
1041 5243 1105 5296 ad
1136 5242 1429 5297 Matianum
1456 5244 1853 5299 scholasticum.
1886 5242 2141 5304 Paulinus

557 5320 638 5387 hic
662 5328 837 5373 autem
867 5314 1383 5387 Burdegalensisqui
1412 5314 1476 5366 ad
1501 5313 1755 5387 Faustum
1784 5319 1990 5383 scribit,
2017 5336 2138 5375 cum

555 5384 619 5441 dc
644 5389 864 5443 Paulino
898 5389 1156 5457 episcopo
1188 5384 1393 5437 Nolano
1420 5386 1583 5457 accipi
1626 5396 1873 5457 nequeat,
1904 5388 1973 5444 de
2003 5390 2141 5445 Pau-

556 5459 667 5512 lino
708 5456 1053 5515 Eucharistici
1079 5464 1324 5530 auctore
1370 5456 1742 5530 intelligendus
1772 5458 2004 5524 videtur,
2051 5462 2142 5530 qui

558 5538 612 5583 et
642 5531 752 5596 ipse
793 5542 909 5585 ortu
950 5527 1358 5597 Burdegalensis
1409 5526 1534 5591 fuit,
1583 5536 1637 5597 et
1681 5528 1926 5585 Massiua:
1976 5526 2141 5587 larem

560 5600 743 5653 relicta
776 5601 947 5669 patria
981 5616 1104 5655 cum
1138 5596 1368 5663 ﬁxisset,
1395 5596 1575 5651 Fausti
1602 5596 1882 5668 Regiensis
1910 5616 2143 5659 consue-

561 5671 742 5724 tudine
772 5672 845 5724 uti
874 5672 1060 5739 potuit.

630 5741 659 5779 ι»
688 5741 1102 5795 Momentaneam
1127 5742 1352 5797 Faustus
1382 5753 1594 5811 quoque
1618 5740 1932 5810 appellarat,
1956 5744 2141 5800 Pauli-

560 5827 662 5868 nus
687 5813 924 5867 subitam.
948 5812 1331 5886 Percunctator,
1356 5813 1548 5881 inquit,
1570 5812 1773 5867 accedo.
1798 5812 1929 5869 Sum
1962 5832 2141 5886 pecca-

561 5888 623 5942 tis
648 5885 937 5947 carnalibus
967 5884 1250 5952 involutus;
1297 5886 1468 5943 omnia
1497 5899 1809 5956 quotcunque
1838 5884 2001 5957 potest
2028 5891 2137 5944 cri.

2257 4738 2601 4828 pwtiitentiattt
2641 4738 2857 4803 subitam
2883 4765 2997 4828 sum
3028 4755 3352 4807 consecutus;
3396 4743 3440 4793 si
3476 4738 3837 4828 exclitda't‘pro

2258 4808 2401 4896 parte
2431 4832 2710 4893 peccatum,
2729 4836 2793 4872 an
2827 4820 2892 4871 ad
2913 4820 3183 4886 integrum,
3204 4825 3322 4896 opto
3348 4825 3667 4896 cognouere.
3691 4808 3837 4896 Hine.

2259 4878 2489 4962 Faustus
2535 4878 2776 4947 inutilem
2821 4904 2942 4944 esse
2987 4878 3281 4962 respondir.
3342 4878 3527 4962 Quodn
3552 4882 3684 4962 falso
3732 4878 3838 4933 diei

2258 4952 2650 5031 docet‘Avitus,
2699 4974 2751 5014 et
2780 4969 2905 5015 ante
2932 4952 3143 5031 Avitum
3183 4954 3471 5031 inﬂeadenr
3490 4952 3674 5031 Galli-1'.
3718 4964 3840 5031 pro-

2258 5038 2427 5093 vincia
2463 5022 2719 5090 docuerat
2748 5031 3050 5086 Gennadius
3073 5026 3413 5083 Massiliensis
3437 5022 3841 5093 Ecclesiasticof

2261 5126 2378 5164 rum
2415 5108 2727 5175 Dogmatum
2757 5118 2872 5171 cap.
2908 5098 3358 5175 £8.7Puzuiteutia,
3388 5095 3605 5175 inquit,
3646 5092 3841 5175 aboleri

2256 5190 2461 5251 peccata
2494 5166 2837 5251 indubitanter
2880 5174 3162 5251 credimus,
3205 5168 3400 5251 etiamsi
3430 5166 3694 5251 in'nltimo
3726 5166 3841 5246 ritis

2255 5236 2438 5318 spiritu
2471 5248 2816 5301 admissurum
2845 5246 3101 5315 pauitant,
3151 5236 3204 5318 et
3240 5240 3445 5318 pubqu
3477 5236 3842 5318 lamentatione

2256 5308 2462 5391 peccata
2496 5320 2777 5391 prodantur
2803 5333 2819 5370 :
2845 5308 2960 5384 quia
2988 5308 3305 5391 propositum
3348 5310 3441 5391 Daci
3462 5324 3579 5391 quo
3621 5308 3841 5389 decrevit

2257 5378 2452 5445 sulcare
2478 5378 2612 5460 quod
2647 5378 2885 5457 perierat',
2920 5378 3016 5441 stat
3044 5378 3316 5460 immobile.
3360 5378 3424 5460 Et
3456 5380 3567 5460 ideo
3598 5380 3722 5459 quia
3748 5393 3841 5459 ro:

2257 5464 2426 5517 luntas
2465 5448 2576 5535 eius
2626 5448 2725 5535 non
2764 5448 3017 5525 mutatur,
3064 5457 3173 5535 sive
3219 5452 3572 5535 emendatione
3616 5449 3749 5531 vita,
3798 5448 3844 5499 si

2257 5544 2456 5603 tempus
2485 5520 2809 5596 conceditur,
2856 5520 3218 5603 siccisupptici
3259 5524 3596 5603 confessione,
3643 5520 3688 5573 si
3714 5535 3840 5573 eon-

2259 5593 2401 5657 tintio
2432 5606 2531 5657 vita
2553 5593 2839 5667 exorditur;
2875 5602 3020 5655 renia
3046 5593 3363 5671 peccatorum
3394 5593 3615 5671 ﬁdeliter
3644 5606 3844 5671 prensu-

2254 5678 2409 5729 ntitur
2438 5676 2498 5727 ab
2530 5674 2619 5728 illo
2654 5673 2739 5741 qui
2782 5664 2881 5726 non
2911 5673 3019 5725 vult
3046 5664 3269 5725 'mortem
3316 5665 3616 5741 peccatoris,
3667 5664 3754 5741 sed
3791 5670 3844 5713 ut

2253 5756 2573 5800 convertatur
2599 5762 2628 5799 a
2660 5736 2942 5811 perditione
2966 5742 3275 5815 paenitendo,
3304 5748 3351 5815 et
3379 5736 3841 5815 sa!v_atus_misera-

2250 5819 2384 5872 tione
2408 5818 2611 5870 Domini
2635 5805 2785 5869 vivat.
2822 5815 2881 5870 Si
2909 5805 3023 5884 quis
3048 5815 3195 5868 aliter
3214 5813 3277 5865 de
3291 5809 3582 5884 justissima
3609 5806 3701 5859 Dei
3729 5805 3840 5875 pie-

2250 5899 2349 5953 tate
2372 5890 2547 5957 seatit,
2576 5904 2674 5945 non
2708 5882 3024 5949 Christianus
3054 5887 3143 5941 sed
3178 5882 3494 5939 Nouatianus
3522 5886 3619 5935 est.
