4092 6350
328 316 427 387 92!

1750 321 2081 380 EPISTOLA
2125 325 2212 381 IV.

3489 329 3591 384 ωε

326 446 615 515 compleat,
642 443 751 497 voti
779 455 904 497 reus
932 440 1156 495 dicatur.
1194 438 1462 506 Quocirca
1493 438 1687 503 fateor,
1735 437 1788 492 in
1820 452 1912 492 ne-
1937 438 1989 497 Α
2018 446 2181 494 tatnm
2210 448 2290 494 est
2319 440 2393 495 illi
2427 440 2491 495 ad
2520 441 2777 509 justitiam
2802 444 2977 511 (Rom.
3014 462 3083 509 tv,
3120 449 3195 517 5).
3243 446 3389 501 Raab
3420 462 3587 502 mere-

325 540 578 596 cessitate
610 538 793 607 positis
820 550 926 591 non
953 534 1067 589 sine
1097 541 1242 587 metu
1272 531 1388 586 dari
1417 532 1616 588 debere
1641 531 1914 602 pauitan-

327 634 457 687 tiam
484 651 494 684 :
525 644 660 700 quos
683 631 729 684 si
753 629 954 697 absque
974 625 1287 695 capitalibus
1308 624 1507 693 culpis,
1534 634 1558 661 κ
1583 625 1634 679 in
1658 638 1755 678 usu
1785 638 1909 679 con-

323 720 519 794 jugalis
547 722 756 791 copulae
783 721 897 776 dies
941 732 1189 787 suprema
1231 717 1486 785 reperiat,
1534 724 1590 769 ut
1641 724 1766 785 pote
1794 731 1909 771 retu

326 817 527 872 licitam
559 822 965 884 praesumentes,
1014 826 1113 865 nec
1141 810 1482 864 damnatione
1518 808 1708 877 dignos
1750 816 1911 878 puta-

327 922 470 972 mus,
518 920 613 960 nec
638 921 668 959 a
692 902 957 958 sacriﬁcio
985 901 1509 957 commemorationis
1546 900 1905 968 excludimus,

270 1072 271 1077 η
328 1004 371 1058 E
416 1012 624 1062 contra.
655 1001 696 1055 si
738 1000 1033 1070 professam
1067 996 1531 1066 cempunctionem
1577 996 1774 1050 saeculo
1823 1011 1910 1051 re-

329 1098 575 1152 trahente
604 1093 970 1159 vacuaverint,
1004 1093 1153 1162 quasi
1178 1093 1288 1161 jam
1318 1101 1611 1159 apostatas,
1656 1092 1705 1144 id
1734 1100 1818 1147 est
1843 1092 1911 1147 ab

326 1186 503 1239 standi
532 1186 781 1239 ﬁrmitate
811 1183 1089 1248 deciduos,
1119 1195 1343 1236 necesse
1372 1190 1454 1235 est
1480 1195 1508 1233 a
1531 1180 1911 1235 communione

326 1277 581 1347 suspendi
608 1293 622 1326 :
646 1292 765 1331 cum
799 1276 990 1330 melius
1019 1275 1090 1329 sit
1129 1288 1347 1328 manere
1394 1273 1533 1326 intra
1560 1272 1909 1341 quantulam-

327 1387 535 1442 cunque
563 1373 787 1426 salutem
820 1369 1118 1424 humilitate
1146 1366 1522 1431 mediocrium,
1552 1380 1709 1435 quam
1740 1364 1909 1433 ipsam

327 1468 551 1519 salutem
597 1478 660 1517 ex
713 1471 824 1517 toto
874 1461 1075 1515 destrui
1126 1458 1415 1513 violatione
1463 1466 1912 1514 summorumzet

328 1559 491 1615 tutius
537 1559 836 1614 inveniatur
882 1571 1003 1611 cum
1055 1556 1331 1610 honestate
1379 1555 1431 1607 in
1464 1553 1805 1607 matrimonio
1835 1553 1912 1606 vi-

325 1666 475 1715 vere,
528 1664 683 1719 quam
730 1648 975 1704 castitate
1032 1646 1255 1700 mentita
1308 1644 1509 1698 illicitis
1543 1644 1685 1699 licita
1734 1659 1911 1697 maeu-

326 1742 461 1797 lare.
494 1740 646 1809 Quod
684 1738 986 1809 praevidens
1027 1736 1313 1805 Apostolus
1358 1734 1409 1804 (1
1432 1735 1568 1787 Tim.
1603 1750 1656 1799 ν,
1707 1734 1819 1803 l2),
1864 1743 1916 1788 et

2019 536 2121 590 trix
2149 536 2312 591 vitam
2348 536 2668 605 praeteritam
2688 538 3059 606 prostitutione
3073 541 3400 605 sordentem,
3419 542 3587 596 brae-

2018 630 2231 683 litarum
2265 629 2520 698 pupulum
2548 644 2642 697 per
2671 628 2831 684 ﬁdem
2858 630 3155 698 prastolata
3188 632 3425 701 purgavit
3450 631 3586 700 (lor.

2016 739 2075 788 tt,
2108 722 2183 793 ⁸5).
2214 722 2304 777 Sic
2334 721 2427 777 illa
2462 721 2734 791 Evangelii
2764 721 3057 787 Cananitis,
3108 721 3318 791 (Matth.
3348 740 3441 789 xv,
3472 724 3587 793 27).

2015 830 2319 885 quanquam
2347 815 2563 883 repulsa
2593 814 2855 879 convicio,
2901 813 3017 868 dari
3047 824 3221 868 tamen
3265 815 3456 869 catulis
3481 817 3590 872 suis

2016 908 2247 962 ﬁliorum
2276 922 2469 976 panem
2502 907 2903 975 perseverantia
2934 906 3203 975 petitionis
3233 906 3431 961 elicuit.
3474 906 3589 961 Alia

2012 1000 2215 1055 ﬂuxum
2243 1002 2576 1055 carnalitatis
2604 1001 2855 1056 obscenae
2889 1010 3029 1055 tactu
3076 1000 3304 1055 ﬁdeliter
3344 1000 3592 1056 medente

2019 1108 2039 1136 ο
2057 1097 2362 1169 restrinxit(
2371 1096 2559 1153 Matth.
2580 1112 2654 1165 tr,
2669 1099 2781 1168 24)).
2798 1098 3065 1154 Suadetur
3079 1106 3250 1151 tamen
3265 1099 3589 1155 etbonorum

2013 1209 2236 1275 operum
2265 1192 2533 1263 jungenda
2562 1192 2798 1258 devotio,
2844 1207 3003 1261 quam
3032 1192 3299 1259 negligere
3326 1206 3431 1245 mu
3464 1205 3591 1261 per-

2014 1290 2147 1344 tinet
2173 1288 2238 1342 ad
2269 1287 2502 1342 ﬁdelem.
2532 1286 2637 1341 Sed
2660 1301 2783 1340 cum
2807 1285 2949 1339 dicat
2968 1285 3292 1353 Apostolus:
3328 1284 3592 1355 Quidquid

2012 1389 2201 1435 nonest
2243 1396 2304 1433 ea:
2344 1382 2463 1449 ﬁde,
2490 1386 2750 1447 peccatum
2785 1387 2858 1432 est
2886 1377 3062 1439 (Rom.
3090 1392 3199 1439 xw,
3225 1373 3352 1443 23),
3401 1375 3591 1430 videtis

2014 1474 2182 1540 ipsam
2214 1488 2428 1542 quoque
2453 1486 2608 1538 (tuam
2640 1477 2841 1522 rectam
2886 1469 3153 1523 credimus
3199 1466 3589 1535 cpe-rationem,

2014 1565 2114 1618 nisi
2147 1564 2265 1619 ﬁdei
2296 1561 2544 1632 suffragio
2577 1562 2843 1627 iniciatur,
2892 1566 2943 1615 In
2976 1569 3248 1629 peccatum
3289 1573 3451 1628 posse
3476 1574 3596 1613 mih

2016 1658 2135 1711 tari.
2186 1657 2449 1725 Expertus
2484 1664 2569 1709 est
2617 1656 2721 1709 hoc
2764 1654 3011 1708 nimirum
3045 1655 3347 1708 Pharisaus
3392 1653 3489 1706 ille
3534 1653 3597 1707 in

2021 1748 2306 1815 Evangelio
2335 1746 2486 1817 (Luc.
2521 1761 2675 1809 xvttt,
2704 1744 2916 1812 10-”),
2942 1744 3031 1812 qui
3058 1744 3256 1812 gratias
3278 1758 3339 1797 se
3365 1743 3593 1810 referre,

331 1833 520 1886 viduas
547 1846 666 1901 quae
695 1831 920 1900 primam
948 1828 1103 1883 ﬁdem
1136 1827 1340 1881 irritam
1382 1825 1624 1890 fecerint,
1658 1826 1910 1893 majorem

2020 1838 2160 1907 quod
2190 1848 2295 1889 non
2342 1846 2484 1890 esset
2512 1835 2645 1889 sicut
2685 1836 2865 1889 exteri
2898 1810 3170 1899 homines,
3216 1843 3479 1902 raptores,
3513 1834 3595 1889 ia-

331 1928 734 1983 ilamnationem
763 1907 1083 1981 denuntians
1112 1924 1402 1989 subituros,
1438 1925 1453 1954 ί
1481 1907 1531 1979 et
1562 1938 1819 1993 personas
1848 1925 1917 1979 le-

328 2023 504 2093 gitimi
546 2030 705 2091 atque
746 2017 1230 2088 irreprehensibilis
1280 2016 1381 2071 tori
1437 2030 1571 2085 pace
1614 2014 1911 2083 devinctas,

325 2128 520 2168 vacare
566 2111 794 2166 orationi
844 2110 911 2165 ad
961 2122 1188 2179 tempus,
1241 2122 1303 2161 ac
1347 2122 1534 2161 rursus
1578 2108 1629 2161 in
1658 2107 1707 2161 id
1739 2108 1910 2174 ipsum

324 2204 534 2277 regredi
566 2205 728 2258 sinit:
765 2220 831 2257 ne
861 2202 1104 2265 Satanas,
1138 2200 1303 2269 inquit
1335 2198 1386 2270 (I
1418 2198 1537 2252 Cor.
1564 2213 1659 2262 vtt,
1690 2180 1768 2269 Ei),
1816 2212 1911 2264 per

321 2295 763 2352 incontinentiam
794 2293 1029 2358 illorum,
1084 2299 1248 2345 tentet
1280 2292 1328 2343 in
1367 2289 1720 2358 promissione
1749 2288 1909 2355 perﬁ-

319 2389 425 2444 dos
454 2403 588 2458 quos
612 2388 663 2442 itt
694 2401 855 2441 carne
876 2399 982 2439 non
1009 2385 1213 2439 vicerat
1240 2382 1568 2450 conjugatos.
1596 2380 1650 2434 ln
1674 2379 1908 2457 secunda

317 2497 538 2552 quoque
565 2481 883 2551 quaestione,
914 2477 1055 2549 quod
1085 2491 1339 2547 negamus
1365 2470 1515 2537 οδω)
1548 2473 1706 2527 ﬁdem
1735 2473 1909 2527 solam

317 2573 528 2629 homini
565 2573 819 2642 prodesse
846 2586 950 2625 non
984 2556 1167 2639 posse:
1203 2567 1305 2621 hoc
1330 2567 1551 2621 minime
1579 2566 1783 2633 probo;
1814 2580 1909 2619 ne-

316 2683 429 2735 que
455 2669 521 2723 ab
544 2668 749 2722 illorum
784 2672 931 2735 parte
958 2663 1231 2733 profiteor,
1265 2660 1376 2731 qui,
1403 2660 1631 2714 sicutait
1650 2659 1905 2713 Dominus

318 2759 545 2830 (Matth.
582 2774 730 2821 χχιιι,
761 2756 841 2826 Ai),
869 2770 1026 2826 grave
1057 2767 1217 2824 super
1249 2752 1500 2807 humeros
1522 2751 1903 2818 discipulorum

314 2851 536 2923 pondus
584 2849 886 2919 imponunt,
940 2847 1077 2917 quod
1109 2844 1205 2915 ipsi
1254 2854 1429 2898 tamen
1460 2858 1565 2897 uno
1598 2842 1764 2913 digito
1793 2858 1905 2897 m0-

313 2960 456 3000 vere
512 2944 829 2999 detrectant.
878 2938 1103 3010 Propter
1155 2938 1335 3009 quod,
1404 2946 1510 2992 tam
1566 2937 1791 3007 rigidam
1838 2936 1905 2990 de

314 3035 434 3091 fide
461 3033 778 3091 sententiam
810 3040 901 3086 aut
929 3034 1215 3085 extraneus
1244 3031 1409 3100 potuit
1437 3044 1780 3097 praesumere,
1815 3038 1905 3082 aut

315 3135 519 3182 noster
544 3120 725 3179 debuit
757 3132 1074 3191 temperare.
1100 3122 1251 3187 Quod
1273 3124 1312 3175 si
1346 3121 1625 3190 dignanter
1647 3121 1902 3185 admittis,

2016 1932 2165 1997 justi,
2194 1929 2440 2009 adulteri,
2486 1928 2853 1998 eleemosynas
2893 1928 3119 1980 subinde
3170 1926 3363 1990 iacere,
3410 1926 3493 1979 bis
3541 1928 3597 1981 in

2018 2023 2245 2077 sabbato
2267 2022 2541 2090 jejunare,
2592 2021 2794 2074 tumido
2820 2034 2881 2073 ac
2905 2019 3157 2087 resupino
3188 2027 3403 2087 pectore
3439 2019 3595 2087 jacti-

2015 2114 2193 2177 tabat;
2226 2130 2346 2166 cum
2378 2112 2718 2175 Pulilicanus,
2749 2112 2923 2166 fronte
2969 2127 3218 2173 cernuus,
3269 2110 3374 2166 ﬁde
3414 2119 3595 2166 rectus

2014 2210 2205 2262 merita
2245 2208 2502 2261 bonorum
2533 2206 2645 2262 sola
2686 2205 2986 2260 humilitate
3014 2206 3346 2275 praripieus,
3373 2203 3588 2259 domum

2013 2312 2165 2353 suam
2190 2299 2255 2353 de
2282 2313 2385 2367 qua
2410 2312 2516 2351 non
2552 2298 2727 2365 justus
2747 2297 2970 2360 exierat,
3001 2296 3315 2363 justiﬁeatus
3346 2297 3593 2350 intraret.

2009 2392 2145 2458 Quid
2199 2392 2345 2460 plura
2390 2389 2845 2444 commemorem?
2890 2388 3075 2443 Adhuc
3117 2404 3281 2441 unum
3329 2388 3592 2457 patienter

2010 2483 2255 2551 accipite.
2304 2482 2464 2537 Latro
2491 2481 2582 2535 ille
2610 2481 2763 2549 (Luc.
2797 2496 2950 2544 χχιιι,
2991 2482 3168 2537 4οοιὸ
3206 2479 3359 2547 cujus
3406 2494 3591 2533 assue-

1967 2586 1975 2597 '
2011 2584 2120 2631 tum
2150 2575 2449 2631 sceleribus
2473 2589 2689 2644 corpus,
2716 2576 2863 2643 juxta
2894 2587 3107 2628 crucem
3134 2571 3417 2626 dominicae
3444 2572 3593 2640 puri-

2008 2670 2133 2725 tatis
2162 2669 2344 2723 servili
2371 2668 2613 2737 patibulo
2637 2667 2923 2721 criminum
2950 2665 3181 2719 vindicta
3212 2662 3592 2732 suspenderat,

2007 2762 2249 2819 sentiens
2296 2763 2347 2815 in
2393 2759 2671 2815 morientis
2718 2758 2915 2812 Christi
2960 2770 3190 2823 corpore
3232 2754 3589 2823 majestatem,

2009 2874 2107 2929 pro
2134 2856 2406 2928 prwmissa
2432 2853 2749 2910 crudelitate
2772 2852 3013 2907 addictus
3039 2848 3318 2921 supplicio,
3346 2862 3443 2919 pro
3464 2846 3590 2903 sub-

2007 2962 2189 3008 secuta
2234 2949 2570 3005 confessione
2609 2946 2821 3001 additus
2866 2944 3139 3025 paradiso,
3195 2957 3289 3013 per
3334 2942 3591 3010 injustum

2008 3043 2265 3096 deductus
2311 3048 2394 3094 est
2444 3053 2659 3099 aevum.
2733 3044 2791 3091 ut
2834 3036 2901 3090 de
2952 3035 3094 3105 justa
3155 3040 3364 3102 raperet
3418 3040 3589 3086 morte

2016 3134 2350 3205 martyrium.
2410 3132 2545 3187 Ecce
2591 3140 2715 3184 sunt
2759 3130 2985 3185 virtutes
3026 3143 3093 3182 ex
3142 3127 3247 3182 ﬁde
3289 3146 3303 3179 :
3342 3127 3593 3181 ostendat

311 3220 639 3289 conjectura
670 3217 903 3272 breviter
933 3215 1295 3283 exemplisque
1333 3212 1671 3282 patefaciam.
1722 3212 1905 3267 Fidem

2017 3193 2264 3293 quisque,
2312 3222 2357 3275 si
2387 3230 2580 3289 potest,
2631 3222 2747 3274 sine
2778 3220 2884 3274 ﬁde
2912 3221 3181 3275 virtutem.
3239 3218 3496 3272 Dominus
3538 3218 3591 3270 in

308 3327 451 3369 esse
501 3308 738 3364 omnium
786 3302 1043 3362 honorum
1082 3302 1435 3373 Spiritualium
1482 3300 1909 3369 fundamentum,

309 3421 423 3478 per
477 3400 614 3458 hanc
663 3400 910 3473 primitus
962 3398 1245 3454 informata
1295 3394 1719 3451 Christianorum
1769 3394 1912 3449 rudi-

308 3509 506 3557 menta
542 3506 823 3552 testantur.
854 3492 983 3548 Nam
1009 3492 1053 3547 si
1084 3492 1403 3560 baptizatus,
1438 3497 1528 3542 aut
1556 3488 1714 3542 etiam
1744 3495 1914 3541 trans-

308 3593 465 3648 latus
498 3588 565 3644 ab
598 3586 786 3643 haeresi
819 3584 1052 3656 qualibet
1091 3582 1373 3653 parvulus,
1421 3579 1502 3635 vel
1544 3579 1767 3633 forsitan
1797 3594 1911 3633 arvo

306 3684 571 3755 longiore
597 3688 901 3752 provectus,
944 3674 1102 3732 celeri
1136 3683 1253 3745 post
1296 3673 1561 3727 lavacrum
1590 3671 1692 3726 line
1734 3673 1908 3739 rapia-

307 3788 431 3844 tur,
491 3790 590 3829 nec
628 3774 741 3843 ipse
782 3772 957 3841 operis
1004 3764 1277 3837 jactitator
1324 3763 1591 3831 abnuerit,
1642 3762 1908 3818 hominent

307 3870 436 3925 sola
471 3865 576 3921 ﬁde
602 3863 882 3920 salvatuzu.
928 3860 1088 3915 Extra
1119 3873 1277 3927 quam
1310 3855 1451 3926 quod
1499 3855 1628 3910 nihil
1664 3856 1912 3926 quislibet

311 3966 492 4018 bona:
520 3958 812 4029 profuerint
836 3953 1094 4016 actiOnes,
1121 3952 1187 4007 de
1217 3950 1394 4005 saeculi
1416 3950 1747 4019 philosophis
1770 3948 1913 4003 msti-

307 4066 541 4110 mcmus
571 4068 583 4103 :
608 4062 741 4119 quos
770 4054 1165 4113 contemptores
1196 4040 1377 4101 mundi
1431 4050 1799 4110 amatorcsque
1826 4057 1912 4094 sa~

307 4144 573 4218 pientizu,
604 4142 848 4196 castitate
879 4134 1171 4207 proposita,
1194 4133 1440 4187 facultate
1461 4133 1733 4201 despecta,
1758 4132 1913 4201 quid-

306 4238 451 4311 quid
492 4236 649 4291 hodie
679 4230 923 4289 catholici
969 4226 1339 4299 przcdicamus,
1392 4225 1513 4296 quia
1554 4226 1683 4279 ﬁdes
1729 4226 1914 4286 defuit,

308 4340 441 4386 non’
467 4327 668 4398 profuit
699 4334 967 4395 operatos.
994 4321 1140 4377 Adeo
1171 4318 1413 4373 machina
1444 4316 1717 4381 vanitatis,
1765 4327 1915 4370 nuta-

306 4424 534 4481 bundis
557 4420 763 4475 exculta
796 4414 1038 4483 fasﬁgiis,
1067 4412 1185 4483 quia
1213 4412 1328 4465 sine
1360 4408 1705 4463 fundamento
1734 4424 1914 4462 surre-

308 4519 420 4584 xit,
464 4528 566 4585 per
593 4527 649 4567 se
674 4510 783 4565 sola
808 4489 1056 4563 cons'tare
1102 4518 1203 4557 non
1256 4502 1443 4570 potuit.
1495 4500 1631 4568 Quid
1684 4500 1726 4554 si
1778 4513 1917 4554 nunc

2019 3316 2304 3385 Evangelia
2331 3312 2543 3383 (Matth.
2573 3318 2689 3374 stu.
2736 3312 2839 3377 31;
2889 3312 3016 3365 Luc.
3055 3328 3170 3379 χιιι,
3218 3310 3305 3379 l9)
3334 3310 3592 3379 exiguita-

2020 3419 2124 3462 tem
2178 3407 2299 3461 lidei
2340 3420 2506 3475 grano
2554 3404 2754 3472 sinapis
2800 3414 3207 3472 comparatam,
3266 3417 3595 3472 quaecunque

2020 3503 2250 3556 voluerit
2279 3499 2559 3554 valituram
2594 3498 2872 3566 promittit.
2924 3498 3015 3551 Sic
3069 3497 3129 3549 fit
3156 3505 3235 3559 ut,
3286 3510 3406 3550 cum
3434 3507 3595 3562 opera

2017 3595 2135 3649 sine
2164 3594 2267 3648 ﬁde
2299 3591 2506 3661 possint
2534 3605 2674 3652 esse,
2719 3588 2851 3643 ﬁdes
2896 3592 3012 3643 sine
3058 3587 3309 3655 epuibtts
3337 3600 3457 3640 esse
3487 3599 3595 3639 tton

2018 3685 2369 3756 possit;quia
2401 3684 2443 3737 si
2492 3682 2654 3738 corde
2690 3681 2937 3736 credatur
2983 3681 3049 3735 ad
3076 3680 3355 3747 justitiam,
3409 3686 3464 3733 ct
3503 3692 3597 3731 ore

2019 3779 2105 3832 ﬁat
2134 3777 2400 3832 confessio
2441 3774 2508 3829 ad
2537 3774 2763 3829 salutem
2810 3772 2989 3843 (Rom.
3020 3788 3073 3835 ι.
3107 3772 3217 3841 10).
3269 3770 3422 3841 Apud
3470 3784 3592 3824 sen-

2014 3886 2130 3925 sutn
2156 3869 2387 3939 Spiritus
2416 3866 2606 3931 sancti,
2641 3863 3026 3934 promissiones
3069 3872 3403 3932 sequentem,
3454 3864 3595 3930 prin-

2015 3963 2210 4031 cipium
2242 3970 2326 4015 est
2351 3960 2472 4014 boni
2500 3960 2678 4026 operis
2707 3960 2915 4028 integre
2942 3956 3268 4020 credidisse;
3318 3956 3361 4007 si
3395 3964 3590 4019 tamen,

2018 4065 2075 4107 ut
2105 4052 2388 4121 Apostolus
2420 4049 2493 4104 ait
2524 4049 2701 4121 (Rom.
2728 4063 2845 4111 vttt,
2881 4046 2993 4115 lii),
3044 4047 3157 4114 ipse
3195 4044 3414 4113 Spiritus
3445 4045 3595 4096 testi-

2018 4144 2256 4198 monium
2288 4140 2475 4195 reddat
2508 4138 2715 4206 spiritui
2747 4146 2930 4190 nostro
2963 4155 2977 4186 :
3008 4150 3137 4197 non,
3169 4142 3227 4185 ut
3255 4146 3415 4198 super
3444 4130 3593 4182 andi-

2021 4234 2119 4288 Stis
2150 4238 2435 4291 assertum,
2486 4226 2575 4297 qui
2620 4234 2861 4279 creatura
2923 4221 3096 4287 nobis,
3142 4219 3234 4274 sed
3267 4220 3354 4289 qui
3390 4226 3597 4272 creator

2023 4324 2250 4389 infusus,
2284 4330 2471 4376 auctor
2510 4329 2564 4373 et
2594 4318 2744 4373 testis
2770 4328 2848 4371 est
2880 4316 3045 4368 nostri
3078 4311 3317 4383 spiritus,
3372 4326 3475 4365 non
3501 4326 3595 4363 na-

2022 4427 2162 4471 tura.
2187 4414 2328 4470 Ecce
2351 4412 2417 4466 ad
2448 4410 2732 4481 epistolam
2770 4408 2946 4463 Fausti
2969 4404 3225 4475 episcopi,
3259 4418 3355 4457 nec
3380 4403 3597 4458 interest

2023 4508 2172 4578 cujus
2197 4529 2208 4562 :
2241 4522 2361 4577 quae
2383 4502 2594 4573 veritati
2617 4502 2844 4555 arbitror
2869 4499 3157 4554 convenire
3186 4498 3443 4566 suggessi.
3472 4496 3597 4551 Mihi

306 4566 671 4664 diversorum
704 4600 756 4656 in
784 4594 1074 4667 Scripturis
1103 4593 1409 4649 cmlestibus
1448 4593 1606 4646 ﬁdem
1655 4600 1909 4658 retexam,

2023 4566 2177 4656 et'cis
2206 4566 2429 4669 quorum
2458 4596 2681 4650 salutem
2713 4592 2852 4654 sitio,
2894 4589 3013 4644 ﬁdei
3044 4588 3313 4658 plenitudo
3340 4588 3593 4652 donetur;

306 4716 494 4773 quam
532 4712 745 4767 semper
794 4692 1042 4747 desiderii
1084 4697 1385 4757 compotem
1430 4685 1660 4740 reddidit
1704 4688 1916 4742 laudata

305 4792 658 4852 credulitas?
688 4788 952 4845 Abraham
977 4782 1117 4855 quod
1146 4782 1318 4837 solum
1342 4779 1568 4835 credidit
1602 4778 1729 4844 Deo,
1759 4795 1918 4849 repu-

1523 4931 1608 4985 uia
1653 4931 1918 4999 ptettitcn-

367 4909 423 4986 λι
462 4898 797 5013 Conjuginm‘
823 4938 1044 5013 opponit
1090 4933 1440 5013 paenitentiae,

1522 5004 1623 5056 nde
1648 5012 1699 5055 et
1730 5004 1919 5071 conju-

306 5022 457 5075 tiam
495 5004 726 5086 prefessi
754 5004 1141 5067 abstinebanta
1172 5004 1436 5073 conjugio.

303 5074 529 5161 έδιίςξ
563 5086 661 5139 nisi
711 5100 774 5139 ex
830 5091 1013 5161 mutuo
1048 5091 1330 5137 consensu,
1388 5074 1750 5161 paenitentiam
1799 5075 1915 5161 dari

302 5143 566 5217 gittici'lia
602 5164 793 5217 \etant,
848 5154 1155 5207 Arelatense
1183 5164 1240 5213 tt,
1291 5160 1409 5198 can.
1444 5143 1546 5210 22;
1592 5154 1647 5198 et
1675 5146 1915 5198 Aurelia~

303 5248 504 5287 ttettse
528 5245 605 5286 tit,
638 5244 754 5279 can.
782 5225 871 5277 Ἡ.

389 5283 424 5339 ὗ
462 5283 619 5367 Quod
648 5297 866 5350 Paulino
890 5290 1240 5367 responderat
1270 5287 1513 5367 Faustus,
1539 5283 1911 5367 ﬁdem-nudam

306 5356 547 5427 tuor-iris
593 5370 655 5420 ad
687 5368 912 5421 salutem
946 5356 1051 5417 non
1099 5360 1394 5428 prolicere,
1445 5358 1509 5411 de
1555 5356 1617 5409 iis
1666 5356 1913 5410 videlicet

303 5441 743 5506 al‘tii-ntabatqtti
772 5439 1003 5489 adultam
1035 5436 1097 5485 ad
1126 5438 1336 5484 aetatem
1370 5428 1914 5506 perveniunt.Avitus

304 5528 523 5568 mttunt
550 5500 733 5563 contra
768 5507 915 5561 illum
948 5509 1024 5560 sic
1053 5506 1307 5569 tliSputat,
1343 5500 1491 5573 quasi
1522 5500 1681 5573 etiam
1715 5513 1913 5573 parvu-

306 5591 403 5639 los
440 5580 898 5645 cutttpreuendat:
924 5580 1061 5644 quod
1084 5574 1335 5645 abhorret
1360 5586 1389 5623 a
1414 5570 1601 5645 Fausti
1621 5571 1907 5645 sententia,

304 5658 415 5727 qui
457 5640 719 5720 utrosque
738 5640 1036 5718 distinguit,
1065 5655 1117 5700 et
1139 5645 1277 5713 apud
1294 5642 1461 5696 Deum
1483 5640 1732 5709 distingui
1756 5640 1915 5695 docet

2024 4697 2132 4750 illis
2175 4706 2341 4763 opera
2370 4706 2484 4755 sua,
2516 4690 2559 4743 si
2590 4687 2695 4743 ﬁde
2720 4686 2918 4741 fuerint
2942 4684 3227 4747 viviﬁcata,
3259 4680 3541 4736 sufﬁcient.

2028 4936 2164 4990 libro
2198 4950 2211 4987 ι
2245 4932 2310 4987 de
2339 4931 2517 4984 Gratia
2549 4941 2599 4983 et
2632 4929 2822 4981 Libero
2852 4926 3086 4980 Arbitrio
3134 4940 3250 4993 cap.
3286 4926 3353 4978 7:
3390 4922 3593 4978 Fidem.

2026 5007 2220 5074 inquit,
2252 5012 2559 5074 exspectata
2587 5000 2825 5074 part'ntis,
2861 5014 3013 5074 opere
3040 5013 3163 5074 cum
3182 4997 3336 5074 [idea
3367 5004 3597 5074 consttitt'

2025 5064 2175 5131 ma'tir
2200 5064 2430 5143 requirit.
2479 5064 2659 5143 Neque
2701 5070 2851 5143 aliter
2894 5064 3232 5143 accipiendus
3265 5068 3318 5121 S.
3351 5064 3598 5143 Augusti-

2027 5164 2126 5201 nus
2148 5135 2294 5208 cuin',
2327 5146 2385 5196 iis
2414 5135 2741 5210 respondens
2760 5141 2847 5210 qui
2879 5140 2992 5193 sine
3016 5135 3124 5193 fide
3151 5154 3252 5191 non
3286 5150 3463 5210 posse,
3484 5135 3598 5185 sine

2027 5220 2279 5289 operibus
2301 5222 2476 5289 autem
2491 5208 2657 5289 posse
2689 5208 2950 5289 perveniri
2982 5212 3218 5289 dicerent
3247 5208 3316 5289 ad.
3343 5214 3596 5289 aeternam

2027 5274 2189 5343 vitam
2216 5328 2230 5351 ,
2286 5288 2440 5339 tidem
2489 5274 2600 5351 ipse
2630 5274 2794 5335 solam
2826 5296 2929 5334 non
2960 5281 3207 5351 sufﬁcere
3253 5274 3595 5351 ad_saltitem,

2026 5362 2120 5414 sed
2149 5343 2310 5425 opera
2341 5369 2460 5409 cum
2495 5343 2594 5408 Ιίύι·
2641 5353 2836 5422 requiri
2873 5352 3030 5403 docet
3058 5353 3104 5425 in
3141 5344 3364 5425 libro_de
3390 5343 3518 5425 Fide
3549 5355 3599 5397 et

2024 5414 2306 5498 Uperibus.
2339 5428 2409 5481 De
2441 5428 2504 5480 iis
2534 5425 2675 5479 cnim
2706 5414 2884 5479 sermo
2905 5431 2986 5476 est
3011 5420 3101 5487 qui
3129 5414 3441 5485 grandiores
3471 5417 3599 5469 littnt

2026 5511 2147 5570 post
2180 5500 2526 5570 baptismum.

2096 5581 2117 5610 ο
2148 5574 2226 5625 Au
2256 5568 2487 5625 restinxit
2510 5570 2534 5621 ?

394 5797 413 5829 ⁸
456 5788 781 5857 Conjunctio
823 5799 891 5853 et,
923 5801 1077 5854 quam
1106 5790 1386 5839 contextus
1413 5782 1656 5848 requirit.
1688 5780 1843 5840 deest
1872 5780 1922 5836 itt
1953 5778 2098 5847 edito
2131 5773 2400 5831 Sirmond.
