4092 6350
507 361 613 418 925

1079 470 1407 527 EPISTOLA
1452 469 1513 525 ν.

507 586 695 627 Ανιτυε
723 582 1027 626 νιειωεκειε
1058 580 1334 629 εριεεοιιυε
1356 574 1382 603 ⁸
1407 578 1581 620 ΒοΜΝο
1611 577 1918 620 GONDOBADO
1946 576 2090 619 REGI.

508 676 511 677 '
577 666 633 723 Si
662 666 885 737 gratiam
919 658 1106 732 prisca:
1134 661 1347 732 pietatis
1375 668 1653 731 expertus,
1685 659 1786 713 rite
1809 657 2090 712 artificium

507 768 706 817 sanctae
729 757 1054 828 dignationis
1078 758 1427 825 interpretor,
1476 753 1542 808 ad
1570 752 1954 808 consolandum
1983 766 2089 819 me,

506 852 752 907 dominos
793 861 847 905 et
874 862 1167 905 conservos
1200 862 1350 903 meos
1394 845 1700 902 sacerdotes
1730 845 1879 899 vobis
1902 842 2095 914 juben-

506 944 646 999 tibus
673 950 803 1012 puto
832 943 1063 997 venisse.
1112 940 1266 1007 Quod
1296 953 1421 995 ecce
1451 938 1551 994 sub
1578 938 1758 994 divino
1789 936 2093 992 testimonio

507 1034 718 1105 loquar,
745 1048 843 1104 pro
865 1032 1028 1088 debiti
1054 1031 1340 1087 famulatus
1360 1030 1660 1085 reverentia
1683 1027 2092 1099 prmcelsissimo

512 1127 711 1183 domno
736 1126 1045 1196 dependere
1074 1140 1180 1179 non
1212 1123 1546 1195 praesumpsi.
1576 1120 1770 1176 Virtuti
1820 1121 1962 1176 enim
1996 1135 2091 1175 ve-

509 1231 636 1276 strte
656 1221 901 1290 derogat,
933 1219 977 1273 si
1014 1219 1134 1289 quis
1162 1232 1324 1286 super
1351 1231 1479 1272 casu
1508 1214 1596 1285 qui
1623 1214 1863 1282 contigit,
1896 1225 2089 1284 consp-

511 1313 726 1370 lationis
752 1313 950 1384 aliquid
982 1312 1183 1381 scripto
1214 1304 1483 1381 verboque
1529 1308 1876 1381 suggesserit.
1911 1308 2094 1378 Neque

508 1421 672 1477 porro
709 1406 863 1462 cedet
910 1405 962 1460 in
1010 1405 1212 1475 regiam
1257 1403 1499 1475 quidem,
1542 1403 1634 1457 sed
1668 1400 2091 1471 philosophicam

510 1508 744 1555 mentem
796 1497 1043 1554 maeroris
1090 1494 1343 1563 abjectio.
1393 1493 1709 1559 Lacessivit,
1766 1508 1952 1548 verum
1987 1501 2090 1558 est,

509 1600 826 1647 cunctorum
873 1591 1133 1659 lacrymas
1163 1603 1315 1644 amor
1345 1596 1542 1643 vester.
1600 1586 1705 1644 Sed
1747 1586 1792 1641 si
1838 1585 2094 1641 ambienti

508 1685 709 1740 saeculo
734 1683 875 1739 salus
905 1692 1081 1738 vestra
1112 1681 1444 1750 conceditur,
1483 1695 1667 1750 parum
1697 1688 1780 1734 est
1802 1678 1943 1749 quod
1973 1694 2096 1748 per-

507 1777 643 1834 didit
674 1792 833 1832 unum
863 1777 1052 1847 pignus
1080 1776 1318 1830 omnium
1356 1783 1526 1845 pater.
1556 1774 1890 1841 Temporalis
1920 1774 2091 1828 luctus

1788 353 1845 407 S.
1890 351 2073 408 AVITl
2115 350 2515 410 VlENNENSlS

2202 482 2307 538 que
2335 444 2387 521 in
2407 444 2637 537 paterno
2667 463 2919 533 regioque
2949 460 3068 516 sinu
3097 460 3399 530 receptam?
3427 459 3537 516 Nec
3557 462 3779 515 mutavit

3675 345 3775 400 ρει

2193 560 2403 627 sedem,
2437 573 2535 615 nec
2565 558 2788 629 contigit
2837 555 3321 626 peregrinationem
3358 573 3370 608 :
3403 554 3492 610 ubi
3539 569 3645 609 non
3687 554 3774 611 diu

2193 667 2317 709 esse
2344 652 2517 723 potuit
2556 636 2795 715 domina,
2846 664 2947 704 nec
2976 648 3210 704 breviter
3237 646 3443 703 exstitit
3473 646 3777 718 peregrina.
3807 660 3817 672 '

2196 742 2348 799 Unde
2380 759 2500 798 cum
2535 742 2773 798 laetitiam
2804 750 3062 807 vestram,
3088 739 3241 811 quasi
3262 739 3606 795 serenitatem
3632 739 3777 807 caeli,

2194 845 2467 907 exspectet
2494 836 2835 900 universitas,
2856 834 3063 889 reddite
3084 848 3181 889 vos
3204 833 3412 904 gaudiis
3430 833 3777 903 populorum:

2194 928 2315 998 quia
2348 943 2618 999 nunquam
2642 926 2948 995 respublica
2967 924 3324 995 orphanitatis
3350 924 3575 979 incurrit
3600 925 3781 994 perni-

2194 1020 2355 1084 ciem,
2388 1020 2625 1090 quandiu
2667 1017 3096 1074 sustentantibus
3139 1016 3294 1074 vobis
3343 1025 3517 1073 mater
3543 1016 3781 1074 Ecclesia

2194 1129 2303 1169 non
2334 1113 2565 1169 senserit
2592 1113 2899 1167 orbitatem.
3528 1122 3529 1125 ‘

2760 1201 3094 1258 EPISTOLA
3133 1201 3223 1258 VI.

2266 1314 2456 1354 Ανιτυε
2482 1288 2789 1353 ὺιεκκεκειε
2815 1312 3095 1353 EPISCOPUS
3115 1308 3139 1338 θ
3173 1312 3421 1354 νιατοιιιο
3445 1312 3708 1354 EPISCOPO.

2335 1390 2359 1428 ά
2402 1391 2477 1446 De
2508 1391 2865 1445 haereticorum
2895 1391 3136 1445 aratoriis
3178 1406 3281 1445 non
3304 1391 3631 1463 recipiendis.

2266 1484 2473 1549 Petistl,
2512 1486 2619 1539 imo
2658 1485 2833 1554 potius
2875 1484 3203 1554 praecepisti,
3238 1484 3401 1540 frater
3432 1486 3691 1555 piissime,
3725 1494 3785 1544 ut

2197 1578 2339 1634 datis
2382 1580 2448 1633 ad
2482 1578 2863 1634 beatitudinem
2894 1588 3036 1634 tuam
3067 1579 3259 1633 litteris
3286 1579 3577 1635 indicarem
3609 1590 3784 1637 utrum

2198 1671 2573 1727 haereticorum
2607 1672 2841 1727 oratoria
2874 1673 2987 1726 sive
3029 1654 3267 1725 basilica:
3315 1671 3382 1725 ad
3410 1686 3538 1725 usus
3568 1681 3784 1741 possent

2196 1772 2395 1818 nostrae
2429 1762 2704 1834 religionis
2743 1762 2957 1831 aptari,
3000 1777 3122 1816 cum
3167 1761 3475 1817 conditores
3510 1778 3692 1817 earum
3722 1764 3785 1819 ad

505 1880 609 1938 est,
637 1870 724 1926 ubi
748 1878 854 1925 tam
882 1871 1139 1925 innocens
1165 1869 1285 1941 quis
1300 1869 1453 1936 obiit,
1479 1869 1636 1937 cujus
1659 1878 1884 1922 mortem
1916 1867 2095 1922 nullus

2198 1857 2514 1911 catholicam
2567 1871 2626 1914 se
2670 1856 2841 1925 legem
2886 1856 3086 1911 erroris
3132 1857 3467 1913 correctione
3503 1857 3785 1912 transtule~

506 1964 732 2037 putavit.
778 1962 991 2018 Judicet
1032 1963 1401 2030 unusquisque
1426 1959 1567 2025 quod
1609 1959 1774 2014 sentit
1802 1977 1812 2010 :
1844 1958 1974 2012 nihil
1995 1973 2095 2011 un-

506 2074 667 2130 quam
686 2056 880 2111 vestris
907 2054 1239 2125 temporibus
1262 2055 1578 2121 contingere
1602 2060 1799 2120 potest,
1823 2048 1964 2120 quod
1988 2065 2095 2105 non

513 2163 727 2217 semper
754 2146 984 2202 arbitrer
1029 2146 1314 2216 profuisse.
1364 2143 1518 2199 Unde
1563 2142 1698 2197 nihil
1745 2141 1833 2197 hic
1880 2140 2097 2196 casuale

509 2253 797 2311 praesumo,
827 2236 961 2292 nihil
989 2252 1265 2309 asperum.
1298 2235 1578 2291 Ordiuavit
1622 2235 1763 2289 hunc
1791 2235 1967 2304 potius
2008 2247 2097 2288 oc-

512 2332 652 2388 culta
678 2330 1028 2403 dispensatio,
1061 2345 1220 2402 quam
1252 2328 1467 2394 inﬂixit,
1500 2342 1773 2396 angorem.
1806 2325 1835 2365 ι’
1862 2325 2096 2381 Flebatis

511 2424 781 2495 quondam
814 2426 1011 2496 pietate
1054 2421 1307 2478 ineﬂ'abili
1339 2420 1525 2477 funera
1562 2434 1963 2491 germanorum,
2012 2433 2097 2474 se-

511 2516 771 2587 quebatur
813 2517 998 2572 ﬂetum
1031 2515 1298 2586 publicum
1350 2511 1722 2581 universitatis
1752 2510 1995 2578 afﬂictio,
2043 2520 2099 2566 et

511 2610 723 2666 occulto
752 2609 1054 2664 Divinitatis
1079 2608 1297 2674 intuitu,
1330 2609 1687 2663 instrumenta
1713 2604 1980 2661 maestitiae
2006 2619 2099 2675 pa-
2146 2596 2153 2605 ’

509 2703 758 2758 rabantur
782 2701 849 2757 ad
879 2702 1152 2773 gaudium.
1180 2700 1451 2755 Minuebat
1473 2699 1626 2770 regni
1649 2699 1880 2753 felicitas
1902 2712 2095 2753 nume-

509 2810 629 2850 rum
656 2795 914 2866 regalium
945 2808 1320 2865 personarum,
1370 2800 1425 2846 et
1451 2793 1551 2845 hoc
1587 2791 1761 2845 solum
1783 2789 2098 2845 servabatur

513 2887 737 2954 mundo,
767 2886 910 2958 quod
940 2885 1239 2940 sufficiebat
1266 2884 1510 2954 imperio.
1534 2883 1651 2938 lllic
1678 2884 1971 2951 repositum
1995 2889 2096 2943 est,

510 2981 765 3051 quidquid
788 2994 1104 3050 prosperum
1138 2977 1236 3033 fuit
1251 2978 1539 3046 catholicae
1560 2976 1792 3032 veritati.
1812 2977 1879 3031 Et
1895 2975 2099 3031 nescie-

510 3071 699 3128 bamus
725 3072 853 3127 illud
887 3081 1012 3127 tunc
1040 3071 1209 3141 frangi
1247 3069 1639 3137 tantummodo,
1674 3068 1815 3140 quod
1843 3069 2098 3137 deinceps

510 3172 744 3228 nesciret
796 3170 1019 3228 inﬂecti.
1078 3170 1183 3226 Aut
1212 3169 1334 3240 quid
1369 3168 1436 3224 de
1479 3167 1715 3224 fraterna
1762 3176 1907 3223 sorte
1950 3167 2097 3222 dica-

2197 1961 2343 2007 runt.
2384 1952 2549 2021 Digna
2594 1951 2832 2021 profecto
2877 1966 2966 2006 res
2995 1950 3063 2006 de
3084 1965 3186 2020 qua
3216 1959 3272 2006 tu
3303 1950 3574 2018 consulis,
3601 1953 3645 2006 si
3677 1968 3785 2007 res-

2198 2045 2469 2116 pondendi
2511 2044 2762 2100 idoneum
2815 2045 3137 2113 reperisses.
3172 2044 3305 2113 Quia
3350 2045 3557 2113 jussisti
3587 2054 3780 2110 tamen,

2200 2138 2453 2197 reserabo
2481 2138 2536 2192 in
2568 2138 2795 2193 subditis
2823 2138 2952 2206 quid
2981 2152 3318 2204 consequens
3345 2148 3525 2207 putem
3555 2157 3566 2191 :
3591 2154 3650 2193 ea
3678 2139 3783 2194 sci-

2200 2229 2324 2285 licet
2362 2229 2694 2295 definitione,
2740 2239 2796 2284 ut
2826 2231 2997 2284 locum
3031 2228 3380 2284 succensendi
3413 2230 3533 2285 aliis
3568 2244 3670 2284 non
3702 2245 3786 2285 re-

2201 2336 2437 2389 servem,
2488 2321 2723 2380 simodo
2763 2321 2814 2376 id
2848 2320 2989 2389 quod
3035 2321 3377 2376 statuendum
3422 2321 3781 2389 crediderunt,

2204 2417 2285 2471 vel
2332 2417 2540 2470 ratione
2570 2415 2853 2485 perspicua
2879 2415 2963 2470 vel
3004 2415 3206 2485 prolata
3238 2414 3307 2471 de
3349 2417 3621 2471 canonicis
3642 2416 3785 2471 volu-

2201 2508 2434 2563 minibus
2454 2508 2774 2564 auctoritate
2799 2510 3141 2572 confirment.
3174 2508 3320 2565 istud
3342 2510 3487 2581 quod
3509 2512 3577 2566 de
3603 2520 3787 2566 orato-
3830 2508 3835 2511 ’

2202 2603 2297 2658 riis
2327 2604 2409 2658 vel
2442 2604 2733 2659 basiliculis
2762 2604 3365 2676 privatisinterrogasti,
3389 2605 3611 2677 perinde
3646 2615 3702 2660 ut
3723 2607 3787 2663 de

2201 2698 2450 2756 ecclesiis
2480 2714 2692 2767 eorum,
2722 2699 2943 2755 difficile
2972 2698 3245 2755 definitur.
3277 2698 3390 2756 Hoc
3411 2715 3643 2772 namque
3672 2715 3787 2755 sua~

2202 2792 2434 2849 dendum
2457 2802 2539 2848 est
2562 2793 2842 2848 catholicis
2870 2793 3119 2865 regibus,
3150 2794 3293 2865 quod
3330 2794 3398 2850 de
3417 2795 3677 2865 subjectis
3698 2810 3788 2852 eo-

2201 2901 2321 2942 rum
2347 2886 2509 2942 fuerit
2536 2887 2906 2943 constitutum.
2936 2886 3091 2943 Unde
3115 2888 3378 2958 primum,
3422 2904 3609 2959 quaeso
3628 2931 3643 2955 ,
3684 2891 3730 2945 si
3760 2904 3787 2947 a

2202 2982 2448 3051 principe
2476 2983 2710 3052 regionis
2742 2991 2943 3037 nostrae
2979 2982 3132 3052 cujus
3180 2984 3335 3039 nobis
3372 2983 3512 3043 Deus
3543 2985 3789 3055 prastitit

2203 3076 2258 3131 in
2285 3091 2410 3131 vera
2458 3075 2719 3146 religione
2770 3089 3091 3131 consensum
3118 3117 3134 3142 ,
3179 3077 3342 3133 sortis
3379 3092 3491 3132 suae
3516 3078 3787 3133 antistites

2202 3168 2579 3234 consulantur,
2614 3179 2789 3224 utrum
2819 3168 3149 3239 respondere
3178 3170 3468 3240 possimus,
3502 3170 3735 3227 fabricas
3760 3187 3787 3226 ι

511 3263 669 3318 mus?
690 3263 812 3335 Ipse
840 3278 1001 3333 quem
1030 3262 1251 3317 vocitari
1272 3258 1282 3269 '
1302 3276 1522 3331 parvum
1554 3270 1732 3316 vestra
1764 3271 1951 3315 natura
1990 3260 2097 3314 cir-
2128 3249 2175 3315 C
2206 3270 2359 3330 patre
2386 3276 2484 3314 suo
2516 3260 2784 3317 haereticis
2806 3261 3076 3317 institutas
3104 3264 3380 3319 catholicis
3407 3263 3605 3321 debere
3624 3266 3787 3335 parti-
3864 3334 3880 3347 _

510 3356 801 3424 cumdedit,
829 3355 985 3411 bonis
1013 3356 1207 3409 vestris
1235 3354 1437 3425 absque
1477 3356 1621 3408 omni
1664 3352 1864 3408 malitia
1894 3352 2093 3407 milita-

509 3449 605 3517 vit,
636 3465 757 3504 cum
787 3449 1015 3504 serviret
1060 3448 1212 3503 vobis
1240 3447 1602 3503 nescientibus
1646 3448 1941 3517 periculum
1970 3462 2097 3515 gen-

512 3545 598 3609 tls,
617 3557 738 3597 cum
770 3541 997 3597 futuram
1029 3556 1214 3611 pacem
1239 3541 1552 3610 disponeret
1581 3540 1811 3595 turbatio
1838 3541 2091 3609 regionis.

510 3635 749 3706 Experto
779 3635 1003 3701 credite,
1058 3634 1312 3705 quidquid
1345 3633 1431 3688 hic
1476 3634 1677 3699 nocuit,
1724 3633 1810 3687 hic
1840 3633 2093 3702 profecit;

509 3726 765 3797 quidquid
793 3734 919 3780 tunc
943 3724 1210 3790 ﬂevimus,
1238 3739 1382 3779 nunc
1408 3739 1674 3778 amamus.
1721 3724 1837 3778 Non
1870 3725 2094 3780 valenti-

510 3818 613 3873 bus
640 3819 740 3873 ista
788 3817 1040 3887 praescire
1073 3826 1245 3887 potest
1271 3816 1517 3888 equidem
1549 3816 1742 3870 durum
1772 3816 1963 3880 videri,
2013 3819 2095 3874 vi-

512 3910 683 3965 cinam
712 3908 962 3964 thalamis
999 3910 1255 3980 virginem
1303 3909 1461 3963 taedio
1516 3909 1855 3965 incumbente
1900 3926 2097 3979 prtere-

511 4014 656 4076 ptam
682 4020 697 4060 :
722 4018 843 4074 qua:
868 3998 1049 4058 tamen
1070 4002 1265 4057 ambita
1292 4012 1373 4058 est
1399 4010 1459 4057 ut
1484 4002 1690 4071 regina,
1736 4001 1983 4058 defuncta
2015 4013 2098 4060 est

511 4096 949 4154 incontaminata.
998 4096 1316 4166 Quanquam
1347 4111 1536 4151 revera
1587 4095 1846 4166 majorem
1878 4112 2094 4154 causam

509 4190 679 4247 luctus
718 4191 798 4244 sui
827 4189 1110 4261 reliquisse
1140 4187 1397 4256 dixerim,
1455 4188 1498 4243 si
1529 4188 1669 4244 diem
1695 4190 1942 4245 ultimum
1976 4200 2096 4259 post

509 4286 745 4342 recentia
771 4294 893 4340 vota
922 4284 1221 4339 clausisset.
1248 4281 1320 4337 lbi
1350 4283 1492 4337 enim
1518 4283 1654 4339 forte
1686 4286 1920 4353 potuerit
1947 4285 2096 4341 inve-

511 4376 638 4442 niri,
669 4376 760 4430 ubi
785 4375 913 4429 mihi
947 4382 1069 4445 post
1099 4373 1310 4429 invidia:
1338 4374 1558 4438 nodum,
1582 4374 1943 4431 insultationis
1965 4376 2097 4431 den-

512 4475 620 4523 tem
654 4466 855 4521 fixisset
883 4466 1106 4521 aemulus
1136 4466 1294 4519 livor.
1346 4467 1415 4520 At
1445 4479 1573 4520 vero
1604 4481 1765 4533 nunc,
1801 4482 1919 4538 quae
1945 4484 2095 4524 mens

513 4566 619 4614 tam
648 4547 871 4614 barbara
898 4572 1002 4612 non
1028 4557 1349 4612 misereatur
1371 4556 1729 4627 virginitatem
1761 4558 2096 4615 felicitatem-

2198 3354 2300 3409 bus
2324 3355 2599 3425 applicari.
2617 3355 2767 3423 Quod
2784 3356 2829 3410 si
2856 3366 2948 3410 aut
2976 3371 3073 3410 nos
3099 3356 3408 3423 suademus,
3438 3368 3531 3413 aut
3553 3374 3784 3415 consen-

2198 3449 2316 3514 tiat,
2368 3450 2799 3519 persecutionem
2846 3449 2899 3504 in
2943 3465 3003 3506 se
3042 3461 3364 3506 commotam
3410 3451 3650 3509 haeretici
3682 3469 3787 3509 non

2198 3542 2467 3597 immerito
2492 3542 2889 3610 causabuntur,
2914 3559 3034 3597 cum
3066 3545 3386 3600 catholicam
3420 3547 3787 3602 mansuetudi-

2198 3649 2321 3689 nem
2346 3634 2643 3689 calumnias
2668 3634 3041 3690 haereticorum
3066 3645 3225 3707 atque
3246 3637 3523 3706 gentilium
3553 3639 3673 3705 plus
3697 3639 3786 3697 de-

2198 3736 2315 3780 ccat
2356 3726 2623 3781 sustinere
2654 3741 2813 3797 quam
2857 3727 3056 3783 facere.
3082 3728 3218 3796 Quid
3260 3729 3402 3784 enim
3436 3738 3540 3783 tam
3573 3729 3784 3797 durum,

2200 3836 2360 3890 quam
2393 3821 2445 3893 si
2471 3820 2543 3876 illi
2567 3822 2656 3893 qui
2680 3833 2863 3892 aperta
2886 3823 3243 3892 perversitate
3274 3833 3521 3893 pereunt,
3550 3824 3619 3880 de
3654 3840 3784 3880 con-

2199 3913 2434 3969 fessione
2476 3914 2576 3969 sibi
2606 3924 2695 3969 aut
2720 3914 2977 3985 martyrio
3007 3914 3385 3970 blandiantur?
3416 3915 3483 3970 Et
3510 3917 3631 3987 quia
3668 3926 3783 3987 post

2199 4006 2319 4075 nos,
2349 4009 2625 4079 nostrique
2651 4010 2793 4079 regis
2819 4055 2832 4077 ,
2858 4010 2998 4065 Deus
3029 4009 3249 4079 tribuat,
3282 4009 3648 4067 felicissimum
3676 4013 3785 4067 lon-

2198 4104 2522 4174 gaevitatem,
2551 4085 2813 4174 siquidem
2833 4103 2965 4158 nihil
2991 4103 3058 4158 de
3088 4118 3341 4173 processu
3360 4114 3658 4173 temporum
3689 4104 3786 4160 im-

2200 4196 2442 4252 mutabili
2467 4197 2614 4252 credi
2644 4196 2845 4262 debet,
2875 4196 3069 4265 poterit
3100 4195 3319 4251 forsitan
3353 4192 3637 4253 haereticus
3676 4198 3784 4267 qui-

2198 4303 2408 4359 cunque
2456 4303 2697 4359 regnare,
2736 4297 2788 4345 et
2818 4286 3075 4358 quidquid
3114 4286 3504 4358 persecutionis
3533 4287 3783 4343 Ecclesiis

2199 4382 2550 4453 personisque
2587 4384 2962 4451 commoverit,
2993 4398 3096 4438 non
3126 4391 3287 4439 secta:
3308 4396 3418 4438 sua:
3449 4382 3647 4449 studio,
3697 4384 3784 4439 sed

2200 4490 2268 4530 ex
2294 4474 2680 4537 vicissitudinis
2706 4476 3056 4531 retributione
3084 4475 3276 4531 fecisse
3304 4475 3532 4543 dicetur,
3557 4485 3612 4531 et
3636 4477 3783 4531 nobis

2203 4568 2365 4624 etiam
2396 4578 2517 4640 post
2544 4579 2771 4625 mortem
2801 4568 3085 4639 gravandis
3105 4566 3173 4622 ad
3204 4576 3480 4638 peccatum
3512 4568 3783 4638 reputabi-

584 4728 610 4756 ι
642 4717 1102 4804 consolatoriam
1133 4714 1454 4804 obitu‘filiae‘,
1474 4716 1769 4804 equaenregi
1801 4715 2089 4804 desponsa,

2201 4724 2501 4804 Victurius,
2539 4729 2591 4804 in
2619 4728 2809 4804 codice
2831 4735 3007 4784 autem
3022 4729 3365 4800 Lugdunenst
3400 4728 3669 4787 Victorius
3696 4746 3783 4804 ap~

514 4798 569 4846 et
594 4791 774 4854 regina
806 4804 927 4843 mox
958 4790 1153 4852 futura,
1208 4786 1444 4856 paternis
1474 4785 1525 4839 in
1557 4785 1761 4840 aedibus
1786 4787 2093 4845 decesserat

515 4869 638 4916 ante
661 4861 892 4929 nuptias.
922 4858 1073 4927 Quod
1099 4873 1227 4914 vero
1260 4857 1336 4912 illi
1362 4856 1445 4911 vel
1472 4871 1672 4926 sponso
1694 4873 1885 4915 nomen
1910 4859 2094 4928 fuerit,

514 4948 620 4989 non
650 4931 897 5000 explicat.

583 5002 611 5042 ιι
645 5002 849 5057 Funera
880 5000 1091 5056 ﬂevisse
1125 5001 1216 5065 ait,
1262 5014 1489 5070 quorum
1519 5009 1707 5054 auctor
1751 5002 1866 5070 ipse
1898 5002 2091 5058 fuerat.

513 5075 591 5131 Ex
625 5074 791 5130 tribus
820 5074 964 5127 enim
996 5072 1267 5144 fratribus,
1299 5070 1431 5144 dups
1451 5069 1812 5144 Gttndobatlus
1837 5074 2096 5144 principio

514 5146 661 5216 regni
692 5144 925 5207 sustulit,
958 5142 1317 5216 Chilpericum
1347 5139 1591 5216 Clotildis
1619 5139 2088 5216 nostrm'patre'm,

514 5211 999 5273 et'Godomarum:
1039 5228 1159 5268 cum
1193 5214 1350 5266 tertio
1382 5211 1689 5281 Godegisilo
1719 5229 1936 5277 regnum
1972 5231 2090 5284 par-

514 5289 660 5353 titus,
690 5286 996 5357 complures
1025 5300 1195 5357 annos
1223 5298 1434 5357 cum_eo
1466 5286 1725 5357 regnavit.
1772 5285 2009 5341 Tandem
2039 5298 2093 5342 et

516 5360 655 5413 hunc
685 5354 897 5429 quoque
939 5357 1130 5426 injuria
1178 5354 1457 5409 lacessitus
1482 5354 1793 5429 interfecit,
1841 5360 2092 5427 Solusque

517 5425 766 5497 deinceps
814 5425 1020 5499 integro
1066 5441 1234 5497 regno
1284 5441 1378 5499 per
1404 5425 1635 5480 sedecim
1674 5442 1847 5482 annos
1897 5425 2092 5497 potitus

518 5509 622 5563 est,
652 5498 907 5569 usquead
941 5499 1081 5554 Petri
1112 5498 1477 5569 consulatum,
1504 5499 1614 5569 sub
1647 5512 1755 5569 quo
1784 5499 2089 5555 defunctum

517 5567 906 5695 Spudpbgiigm
938 5580 1085 5626 notat
1107 5568 1431 5626 Chronicum
1462 5568 1638 5634 Marii,
1669 5567 1789 5623 hoc
1822 5580 1907 5627 est
1951 5586 2093 5627 anno

582 5657 675 5695 li‘lS
705 5658 715 5692 l
856 5681 869 5695 .
974 5666 981 5669 '

544 5640 715 5696 ihristi
744 5641 869 5696 516.

590 5722 614 5752 ε
658 5711 1170 5781 Gratianopolitano.
1214 5716 1367 5770 Hunc
1407 5711 1551 5768 enim
1597 5724 1716 5766 esse
1742 5712 1976 5768 arbitror
2005 5716 2095 5783 qui

518 5799 640 5839 cum
697 5783 855 5838 Avito
909 5786 1023 5852 ipso
1082 5786 1319 5839 interfuit
1384 5796 1437 5841 et
1496 5783 1816 5852 subscripsit
1871 5786 2099 5841 concilio

518 5854 823 5927 Epaonensi
842 5896 859 5925 ,
889 5864 1047 5926 atque
1072 5855 1124 5912 in
1153 5856 1381 5927 vulgatis
1396 5854 1721 5913 editionibus
1748 5857 2095 5914 conciliorum

2203 4799 2454 4868 pellatur,
2489 4808 2548 4854 ut
2576 4800 2678 4855 hoc
2704 4801 2841 4854 loco.

2271 4866 2298 4906 δ
2325 4872 2423 4934 Qui
2478 4870 2615 4925 hanc
2656 4871 2937 4938 epistolam
2974 4871 3260 4926 contulerit
3294 4886 3413 4927 cum
3460 4886 3668 4928 canone
3696 4876 3781 4939 55,

2203 4942 2417 4995 concilii
2448 4941 2779 5011 Epaonensis
2801 4982 2818 5008 ,
2853 4940 2931 4994 De
2958 4940 3179 4995 basilicis
3211 4944 3564 4998 haereticorum
3588 4987 3601 5009 ,
3634 4945 3781 5001 facile

2199 5011 2591 5067 animadvertet
2618 5054 2632 5077 ,
2679 5027 2938 5067 canonem
2967 5028 3071 5067 non
3103 5014 3275 5067 solum
3323 5029 3389 5067 ex
3418 5026 3597 5069 mente
3622 5016 3777 5079 Aviti,

2200 5086 2289 5150 qui
2324 5093 2551 5151 praeerat
2595 5083 2824 5139 concilio
2842 5125 2856 5149 ,
2881 5084 2976 5138 sed
3018 5084 3184 5153 ipsius
3212 5099 3423 5155 quoque
3450 5089 3630 5139 verbis
3654 5102 3782 5140 con-

2202 5164 2416 5222 ceptum
2448 5162 2607 5223 atque
2635 5169 2966 5223 expressum.
2995 5155 3082 5211 Sic
3103 5155 3246 5209 enim
3276 5170 3335 5209 se
3362 5155 3558 5211 habet:
3592 5156 3781 5212 Basili-

2198 5240 2285 5278 cas
2316 5225 2669 5279 hwreticorum
2694 5243 2823 5296 quas
2855 5234 2997 5279 tanta
3022 5227 3368 5279 exsecratione
3395 5226 3633 5281 habemus
3668 5236 3813 5293 exo-‘._

2196 5311 2281 5351 sas
2305 5338 2320 5362 ,
2350 5306 2405 5350 ut
2434 5295 2766 5367 pollutionem
2794 5313 2970 5350 carum
3022 5295 3341 5366 purgabilem
3372 5313 3473 5350 non
3517 5308 3774 5368 putemus,

2195 5368 2388 5421 sanctis
2433 5368 2607 5439 usibus
2654 5367 2917 5439 applicare
2960 5368 3289 5435 despicimus.
3334 5367 3550 5423 Diversa
3604 5374 3778 5438 paucis
3826 5435 3829 5438 ⁴

2196 5438 2723 5519 ante_annis_fuera_t_
2769 5438 3034 5519 sententia
3058 5439 3295 5519 concilii
3330 5439 3484 5519 primi
3528 5440 3777 5519 Aurelia-
3826 5464 3833 5477 ι

2199 5512 2417 5576 nensis,
2449 5510 2532 5563 cui
2570 5510 2820 5565 basilicas
2861 5508 3156 5564 Gothorum
3189 5508 3382 5576 recipi,
3412 5520 3465 5564 et
3495 5510 3655 5566 simili
3679 5524 3777 5580 quo

2202 5594 2401 5635 nostra:
2444 5580 2687 5636 innovari
2746 5581 2922 5635 solent
2966 5582 3163 5650 placuit
3217 5580 3406 5635 ordine
3457 5580 3774 5636 consecrari.

2198 5651 2353 5720 Quod
2400 5652 2597 5719 ubique
2647 5652 2886 5721 gentium
2944 5652 2999 5706 in
3046 5667 3198 5707 more
3254 5666 3458 5721 usuque
3499 5653 3608 5721 jam
3654 5652 3775 5708 olim

2200 5724 2387 5850 filiisse,
2420 5734 2531 5781 tum
2562 5724 2785 5793 Graecae,
2808 5738 2930 5780 cum
2963 5723 3166 5781 Latina:
3193 5722 3390 5795 passim
3422 5723 3667 5782 historia:
3690 5724 3773 5780 de.

2200 5810 2229 5850 c
2252 5805 2423 5850 arant.

2200 5805 2423 5852 clarant.
