4092 6350
1710 238 1741 248 α..

260 369 368 427 225

1654 368 1985 430 EPISTOLA
2025 368 2115 424 Vl.

3418 383 3543 440 2‘26

257 495 363 552 tur,
395 482 655 557 quidquid
692 483 857 543 fuerit
902 497 1159 557 perpessa
1191 468 1606 556 posteritas/Et
1629 484 1854 541 forsitan
1880 486 1937 549 Α
1960 480 2013 536 in
2043 480 2195 551 cujus
2229 494 2424 553 corpus
2453 483 2597 540 unita
2625 483 2857 556 Christi,
2888 486 2942 543 id
2982 494 3065 545 est
3098 487 3386 548 Christiani
3408 537 3422 563 ,
3447 510 3542 564 per

254 580 472 651 adiiciet
501 579 680 636 divina
720 580 994 637 miseratio
1014 621 1029 646 ,
1072 588 1131 633 nt
1160 580 1340 650 proles
1368 578 1628 651 principis
1649 578 1717 635 de
1744 592 1853 649 quo

255 674 523 745 loquimur
550 714 566 740 ,
598 689 693 745 per
733 682 1003 744 receptam
1041 672 1168 729 ﬁdei
1208 672 1599 743 plenitudinem
1625 671 1853 727 catholi-

252 782 375 822 cum
421 776 678 837 sequatur
718 777 1016 822 auctorem.
1044 765 1182 833 Quid
1211 774 1392 822 tamen
1411 808 1426 832 ,
1460 765 1507 821 si
1536 779 1680 821 nunc
1705 764 1854 834 quis-

250 876 412 931 quam
431 860 499 916 de
515 860 703 916 vicinis
717 860 931 930 regibus
954 860 1086 931 legis
1117 859 1309 916 aliena
1334 858 1522 915 ulcisci
1546 859 1601 914 in
1631 858 1852 929 regione

251 968 347 1008 sua
379 952 626 1008 similiter
650 953 801 1019 velit,
831 952 973 1024 quod
999 952 1086 1008 hic
1107 952 1482 1009 sacerdotibus
1509 952 1622 1008 suis
1653 950 1847 1007 dolue-

250 1048 320 1104 rit
351 1048 612 1120 irrogari?
637 1049 707 1103 At
726 1050 770 1104 si
791 1050 910 1119 quis
932 1047 1238 1117 huiusmodi
1260 1062 1346 1103 me
1371 1045 1627 1102 deridens
1650 1046 1702 1100 in
1735 1044 1850 1100 hiec

254 1141 420 1195 verba
464 1150 814 1211 prorumpat,
847 1149 968 1194 utar
987 1140 1161 1211 gloria
1192 1141 1450 1210 temporis
1480 1138 1603 1202 mei,
1641 1138 1849 1208 prospi-

252 1234 362 1290 ciat
388 1235 549 1290 statui
583 1250 683 1290 suo
713 1235 1051 1306 subsequens
1081 1242 1234 1289 aetas.
1264 1233 1370 1289 Sed
1399 1234 1486 1303 qui
1517 1232 1640 1287 talia
1666 1246 1847 1287 secum

252 1335 467 1393 tractat,
492 1328 760 1399 paulisper
791 1328 923 1383 mihi
954 1326 1241 1384 redhibeat
1262 1341 1421 1397 quam
1446 1325 1659 1396 postulo
1684 1326 1850 1380 ratio-

252 1438 401 1490 nem,
429 1431 608 1479 utrum
641 1423 878 1479 haeretici
908 1438 939 1479 a
975 1422 1130 1478 nobis
1158 1436 1277 1477 cum
1309 1420 1533 1475 veritate
1559 1418 1724 1490 recipi
1755 1418 1849 1474 de-

251 1514 447 1585 beant,
473 1517 805 1586 recipiantur
834 1535 844 1569 :
884 1515 1211 1570 lucidissima
1240 1514 1385 1568 salus
1407 1522 1523 1579 est,
1554 1512 1676 1582 quia
1708 1513 1848 1567 sicut

249 1607 509 1677 scriptum
532 1618 613 1663 est
638 1626 651 1660 :
675 1606 884 1662 Credidi
915 1615 1119 1675 prapter
1146 1605 1283 1675 quod
1315 1605 1516 1658 locutus
1534 1619 1648 1656 sum
1672 1601 1842 1675 (Psal.

249 1714 375 1765 xcv,
403 1700 482 1769 l).
518 1699 780 1755 Praecedit
804 1700 937 1755 fides
966 1698 1291 1753 locutionem
1312 1744 1324 1765 ,
1353 1706 1409 1752 et
1438 1697 1681 1768 sequitur
1708 1710 1841 1751 con-

249 1790 416 1848 fessio
443 1792 814 1849 credulitatem
842 1809 857 1858 ;
890 1802 942 1847 et
969 1808 1065 1862 per
1096 1792 1493 1861 impositionem
1524 1806 1716 1846 manus
1756 1806 1844 1845 sa-

1955 573 2303 643 pollutionem
2347 577 2599 633 membra
2647 589 2944 640 vertuntur.
2993 580 3144 639 Unde
3172 593 3226 640 et
3266 584 3374 640 alio
3425 584 3542 642 loco

1953 668 2247 737 Apostolus
2277 667 2407 723 dicit
2434 669 2653 741 (Ephes.
2684 689 2717 727 v
2741 718 2756 742 ,
2805 674 2932 746 27),
2964 677 3126 734 talem
3155 694 3215 736 se
3243 679 3543 738 Ecclesiam

1957 761 2252 831 velle,qn:e
2275 777 2379 817 non
2404 762 2597 819 habeat
2619 767 2881 823 maculam
2903 779 2998 825 aut
3020 787 3205 842 rugam
3234 782 3326 829 aut
3345 774 3545 847 aliquid

1952 852 2277 923 huiusmodi.
2310 854 2559 925 Nunquid
2590 857 2699 913 ullo
2741 869 2898 928 pacto
2939 865 3137 932 poterit
3166 866 3308 922 istud
3331 866 3400 923 de
3429 868 3543 924 hae-

1952 951 2243 1007 reticorum
2274 949 2493 1007 fabricis
2536 951 2677 1008 dici?
2700 952 3012 1013 Benedictio
3045 973 3166 1029 quae
3198 961 3360 1017 rebus
3381 977 3544 1020 sensu

1952 1043 2259 1098 carentibus
2288 1057 2351 1098 ac
2381 1043 2600 1123 pollutis
2628 1044 2955 1116 impenditur
2973 1088 2990 1115 ,
3020 1063 3121 1105 nec
3141 1060 3334 1123 purgat
3354 1070 3542 1110 macu-

1952 1136 2079 1203 lam,
2109 1152 2211 1193 nec
2240 1137 2480 1209 explicat
2508 1122 2717 1210 rugam.
2748 1139 2859 1196 Imo
2891 1143 3094 1213 magis,
3121 1144 3167 1199 si
3196 1146 3355 1213 paulo
3375 1156 3546 1204 atten-

1950 1232 2057 1287 tius
2100 1233 2401 1301 intuemur,
2434 1243 2585 1290 caret
2608 1235 2816 1299 macula
2850 1235 2993 1306 quod
3023 1236 3323 1308 symbolum
3347 1249 3431 1295 est
3450 1256 3545 1297 ηο-

1948 1326 2116 1381 vitate
2157 1341 2435 1397 rugosum.
2476 1327 2646 1382 Porro
2698 1327 2841 1398 quod
2890 1328 3173 1385 iteratione
3215 1328 3545 1401 duplicatum

1948 1428 2050 1484 est,
2083 1434 2212 1489 ruga
2249 1421 2445 1491 tegitur
2479 1437 2496 1476 :
2530 1420 2690 1477 talem
2728 1436 3063 1495 nequaquam
3110 1433 3296 1480 sancta
3325 1425 3545 1481 sinceri~

1948 1519 2051 1579 tas,
2082 1522 2137 1566 et
2180 1511 2350 1567 Adam
2401 1521 2638 1569 veterem
2696 1529 2917 1583 exuens,
2972 1530 3111 1571 novo
3151 1516 3293 1588 quod
3324 1517 3545 1574 offertur

1949 1601 2152 1659 homini
2181 1614 2545 1676 comparetur.
2570 1606 2739 1673 Quam
2758 1608 3051 1665 novitatem
3072 1610 3226 1666 nobis
3252 1612 3546 1667 auctoritas

1952 1695 2282 1753 Testamenti
2353 1699 2491 1754 Novi
2549 1700 2963 1769 Evangeliorum
3021 1717 3153 1759 voce
3204 1704 3545 1760 commendat

1953 1788 2167 1857 (Matth.
2222 1806 2333 1855 nx,
2382 1790 2497 1862 '50).
2556 1791 2710 1847 Unde
2758 1793 2919 1848 etiam
2977 1793 3090 1863 ipse
3138 1794 3238 1849 sibi
3289 1795 3545 1850 Dominus

251 1886 544 1941 cerdotalis
581 1886 641 1939 fit
681 1885 959 1954 pravitatis
980 1885 1199 1939 amissio
1223 1924 1238 1951 ,
1273 1883 1397 1939 ﬁdei
1422 1883 1661 1939 redditur
1683 1883 1850 1954 pleni-
1878 1868 1931 1933 Β
1957 1883 2129 1941 sterni
2160 1884 2362 1954 pullum
2394 1886 2690 1956 praecepit,
2722 1887 2810 1942 cui
2835 1895 2962 1941 ante
2991 1887 3163 1957 ipsum
3195 1888 3370 1942 nullus
3398 1888 3545 1943 inse-

252 1978 410 2033 tudo.
456 1978 562 2034 Res
609 1987 787 2033 autem
820 1977 1146 2032 insensibilis
1171 1992 1291 2046 quae
1319 1977 1549 2047 primum
1593 1977 1848 2032 innovata

249 2069 515 2141 polluitur
538 2112 553 2138 ,
586 2071 832 2140 ignorare
863 2084 950 2125 me
980 2068 1152 2125 fateor
1178 2084 1280 2139 qua
1322 2069 1579 2140 deinceps
1608 2070 1846 2125 sanctifi-

245 2162 465 2217 catione
493 2171 773 2232 purgetur.
826 2162 955 2216 Dico
982 2170 1148 2227 certe,
1194 2162 1240 2216 si
1283 2168 1463 2232 potest
1488 2160 1749 2232 pollutum
1776 2160 1844 2215 ab

247 2255 522 2311 hazreticis
564 2256 732 2322 altare
773 2255 1021 2321 sacrari,
1052 2269 1211 2326 posse
1258 2264 1313 2311 et
1341 2269 1533 2325 panem
1561 2255 1652 2325 qui
1681 2266 1844 2324 super

244 2348 397 2405 illum
424 2349 631 2421 positus
650 2360 755 2415 est,
776 2349 841 2404 ad
865 2340 1129 2404 sacriﬁcia
1166 2357 1349 2405 nostra
1376 2346 1671 2403 transferri.
1700 2346 1841 2402 Idem

243 2443 501 2514 primitus
534 2445 818 2500 haereticus
846 2443 1096 2499 conditor
1125 2442 1275 2499 fecit.
1329 2442 1549 2498 Transit
1570 2441 1634 2497 ad
1661 2454 1845 2512 repro-

240 2531 562 2592 missionein
624 2537 863 2591 divinam
924 2551 941 2590 :
1010 2534 1256 2591 libertate
1312 2533 1554 2607 gaudens
1610 2534 1845 2589 dimittat

245 2630 562 2702 Egyptum.
609 2631 691 2686 Ad
735 2630 892 2686 fidem
922 2638 1124 2686 rectam
1171 2629 1309 2686 felici
1343 2630 1641 2685 mutatione
1670 2638 1844 2686 trans-

239 2725 512 2795 migrans,
565 2725 781 2796 reliquit
820 2725 998 2795 potius
1048 2726 1313 2780 maculam
1352 2740 1511 2795 quam
1559 2711 1841 2783 attrahat:

239 2831 367 2872 cum
400 2817 599 2888 aliquid
643 2832 747 2873 non
776 2818 1073 2888 legitimum
1115 2818 1457 2889 impurgabili
1488 2819 1683 2887 errori,
1716 2834 1843 2890 gra-

240 2919 378 2965 vant
425 2914 593 2981 magis
630 2911 829 2982 polluta
868 2921 1175 2967 contactum
1204 2927 1362 2982 quam
1410 2911 1627 2981 capiant
1667 2926 1698 2965 a
1730 2919 1846 2965 tan.

236 3012 410 3073 gente
433 3003 751 3058 remedium.
786 3002 939 3059 Unde
970 3013 1024 3059 et
1056 3006 1107 3058 in
1150 3008 1348 3075 Aggan
1374 3004 1636 3074 propheta
1671 3020 1684 3057 :
1716 3002 1845 3057 Haec

238 3095 373 3149 dicit
402 3094 654 3149 Dominus
700 3098 1027 3162 exercituum,
1076 3098 1335 3170 interroga
1385 3099 1674 3152 sacerdotes
1720 3097 1844 3169 legis

239 3188 468 3243 dicens:
516 3189 576 3243 Si
615 3189 875 3242 sustulerit
923 3190 1072 3243 homo
1115 3206 1317 3243 carnem
1350 3191 1744 3259 sanctiﬁcatum,
1796 3199 1842 3243 et

236 3282 473 3352 tetigerit
492 3281 555 3335 de
582 3280 870 3335 summitate
895 3283 1008 3351 ejus
1033 3286 1238 3348 panem,
1271 3291 1360 3334 aut
1381 3256 1724 3352 quodcunque
1744 3281 1843 3335 ali-
1869 3256 1915 3322 Ο

235 3373 372 3445 quid
391 3416 409 3443 ,
436 3374 671 3444 nunquid
694 3372 1133 3443 sancti/imbitur?
1159 3370 1536 3444 Respondentes
1571 3383 1739 3427 autem
1758 3389 1843 3426 sa-

235 3469 478 3523 cerdotes
503 3467 781 3536 dixerunt,
828 3464 972 3520 Non.
1007 3464 1072 3519 Et
1095 3465 1226 3519 dixit
1252 3464 1470 3537 Aggazus
1494 3482 1512 3519 :
1546 3465 1608 3520 Si
1628 3465 1845 3536 tetigerit

242 3561 484 3632 pollutus
540 3574 603 3614 ex
657 3558 888 3613 omnibus
927 3557 1049 3624 his,
1105 3558 1337 3628 nunquid
1382 3558 1846 3613 contaminabitur?

237 3653 292 3710 id
322 3664 436 3721 est,
468 3653 559 3709 ille
589 3653 740 3723 panis
768 3652 857 3722 qui
898 3650 1099 3707 dudum
1146 3659 1364 3707 sanctus
1412 3654 1733 3705 exstiterat:
1773 3648 1839 3702 Et

238 3748 517 3811 dixerunt,
544 3746 848 3812 sacerdotes,
896 3743 1338 3800 Contaminabitur
1382 3745 1535 3815 (Agg.
1592 3759 1627 3798 tt
1655 3784 1668 3809 ,
1728 3740 1841 3814 12).

237 3839 588 3911 Quapropter
620 3837 1019 3909 conjiciendum
1044 3845 1147 3901 cst,
1180 3837 1223 3891 si
1257 3845 1432 3905 potest
1464 3838 1552 3892 ille
1586 3835 1737 3907 panis
1787 3836 1842 3892 in

238 3933 323 3989 his
364 3932 637 3988 altaribus
678 3931 1021 3998 consecrari,
1054 3946 1213 4003 quem
1242 3932 1287 3986 si
1318 3940 1664 3987 consecratus
1691 3929 1842 3998 panis

242 4029 512 4101 tetigerit,
548 4026 790 4083 redditur
819 4025 1149 4098 inquinatus.
1178 4025 1467 4081 Malachias
1492 4040 1703 4096 quoque
1730 4038 1844 4095 pro-

238 4122 403 4193 pheta
436 4121 520 4177 sic
547 4120 715 4176 dicit:
748 4120 807 4176 Si
839 4120 1065 4187 oﬂeratis
1108 4134 1296 4175 ciccum
1335 4119 1401 4173 ad
1446 4119 1843 4185 immolandum,

241 4233 415 4271 nonne
444 4216 647 4271 malum
677 4217 785 4270 est?
812 4225 857 4269 et
891 4215 935 4269 si
971 4213 1197 4282 o/Teratis
1234 4214 1476 4269 claudum
1499 4256 1514 4282 ,
1543 4230 1711 4269 nonne
1737 4230 1847 4267 ma-

240 4309 351 4363 lum
379 4318 457 4364 est
487 4306 747 4381 (Malach.
798 4324 836 4374 ι,
889 4305 987 4379 8)?
1019 4306 1089 4361 Et
1116 4306 1275 4377 paulo
1325 4317 1482 4377 post:
1516 4304 1843 4371 Maledictus,

240 4403 441 4475 inquit,
475 4403 690 4458 dolosus
711 4443 726 4469 ,
772 4402 860 4473 qui
900 4399 1052 4456 habet
1079 4401 1131 4455 in
1157 4416 1307 4473 grege
1334 4417 1427 4455 suo
1458 4399 1776 4465 masculum,
1800 4406 1847 4453 et

242 4505 421 4550 uotum
448 4495 648 4569 faciens
669 4494 896 4548 immolat
921 4493 1086 4549 debile
1109 4492 1329 4549 Domino
1354 4492 1545 4565 (Ibid.,
1573 4491 1683 4563 14).
1707 4489 1846 4561 Quid

244 4586 349 4645 hoc
390 4587 608 4659 iudicio
641 4586 942 4644 sincerius?
970 4587 1099 4658 quid
1149 4588 1239 4642 tali
1271 4587 1589 4643 auctoritate
1619 4585 1846 4643 manife-

240 4650 414 4737 stius;
445 4680 679 4737 Fabrica
710 4695 868 4751 quam
893 4650 1081 4736 iterata
1097 4680 1250 4750 cupis
1272 4680 1618 4735 innovatione
1646 4694 1846 4749 ιιι-ωειλ·
1873 4650 1928 4714 D

241 4788 419 4840 mere,
442 4774 493 4829 si
541 4787 669 4827 sana
696 4783 799 4840 est,
823 4773 950 4844 quid
975 4771 1346 4829 benedicitur?
1372 4773 1417 4828 si
1448 4772 1719 4844 languida,
1749 4789 1863 4829 cur

241 4868 474 4924 offertur
494 4867 521 4921 ’ἒ
565 4867 1047 4938 Quantumcunque
1083 4881 1305 4923 munera
1336 4881 1367 4922 a
1400 4868 1557 4923 malis
1582 4867 1757 4923 oblata
1781 4867 1843 4924 in

243 4964 447 5018 bonum
477 4961 700 5019 trahere
729 4962 1078 5031 concupiscas
1096 5005 1112 5031 ,
1158 4962 1309 5034 sequi
1332 4970 1385 5019 te
1412 4961 1476 5017 ad
1506 4963 1843 5017 sanctitatem

241 5055 582 5111 clattda‘non
610 5063 883 5126 poterunt.
907 5055 1046 5111 Dicit
1070 5057 1378 5127 Apostolus,
1414 5057 1716 5126 suscepisse
1739 5055 1846 5111 viro

241 5150 497 5220 virginem
540 5160 731 5202 castam
769 5148 1007 5203 exhibere
1051 5146 1251 5203 Christo
1296 5147 1378 5219 (Il
1426 5148 1545 5204 Cor.
1579 5164 1655 5214 xl,
1681 5148 1761 5220 2),
1792 5148 1847 5204 id

242 5252 329 5299 est
360 5243 694 5300 Ecclesiam.
718 5243 958 5299 Ecclesia
989 5257 1148 5314 porro
1169 5258 1287 5314 qua:
1311 5242 1694 5299 haereticorum
1725 5243 1845 5310 fuit,

244 5337 345 5393 etsi
375 5336 513 5393 licet
568 5336 783 5393 meliori
827 5336 1065 5403 nubere,
1100 5351 1207 5392 non
1236 5345 1354 5392 erat
1390 5338 1558 5408 virgo.
1584 5335 1691 5393 Cur
1720 5353 1849 5410 ergo

243 5440 471 5499 appetat
492 5430 752 5486 sacerdos
784 5429 1044 5495 illicitam,
1064 5430 1153 5501 qui
1173 5444 1393 5501 prorsus
1421 5445 1449 5485 a
1480 5437 1730 5486 contactu
1759 5445 1849 5487 re-

242 5523 489 5594 pudiatae
538 5538 602 5579 ac
644 5523 817 5580 vidua:
846 5524 1195 5594 prohibetur?
1247 5523 1374 5579 Post
1413 5523 1602 5579 incesti
1651 5538 1845 5579 nexum

245 5629 367 5673 sera
396 5615 715 5686 coniunctio
742 5627 848 5673 est.
883 5616 983 5682 Qui
1023 5617 1268 5680 sociatur,
1306 5615 1512 5685 inquit,
1554 5616 1845 5683 meretrici,

245 5721 411 5761 unum
442 5722 638 5777 corpus
666 5708 876 5777 efﬁcitur
908 5723 926 5765 :
954 5724 1045 5762 nec
1084 5708 1262 5763 tollam
1288 5708 1512 5763 membra
1542 5709 1734 5764 Christi
1757 5750 1772 5777 ,
1802 5717 1849 5763 et

246 5798 445 5869 faciam
472 5800 702 5855 membra
723 5800 998 5857 meretricis
1024 5800 1075 5874 (Ι
1101 5801 1221 5860 Cor.
1248 5818 1317 5867 γι,
1349 5801 1463 5874 15).
1495 5801 1627 5857 Vide
1656 5801 1700 5857 si
1727 5816 1848 5873 pos-

198 5894 205 5897 ”
246 5889 317 5947 sit
332 5892 549 5959 iunctis
569 5891 667 5949 sibi
692 5891 890 5950 Christi
917 5894 1173 5951 membris
1187 5896 1441 5954 meretrix
1469 5893 1847 5964 redintegrari,

1680 6015 1842 6055 φύσει

1950 1976 2103 2032 derat
2129 1975 2324 2047 (Marc.
2368 1992 2443 2044 xi,
2474 1976 2531 2049 2)
2567 1994 2580 2031 :
2610 1994 2769 2048 quem
2800 1978 2968 2035 totius
2992 1980 3267 2035 sacularis
3299 1995 3428 2035 usus
3451 1995 3545 2034 ex-

1949 2079 2178 2141 pertem,
2211 2070 2439 2127 feliciter
2460 2070 2750 2127 redderent
2774 2087 2881 2127 non
2909 2073 3156 2142 imposita
3186 2072 3395 2143 flagella
3422 2072 3545 2128 sub~

1948 2163 2143 2230 ditum,
2176 2162 2270 2218 sed
2321 2162 2541 2218 exordia
2572 2174 2757 2219 sancta
2799 2175 3161 2222 mansuetum.
3194 2164 3262 2219 Et
3289 2174 3345 2219 ut
3368 2166 3543 2233 ipsum

1945 2272 2160 2328 quoque
2184 2256 2471 2315 dominica:
2494 2259 2687 2316 mortis
2714 2261 3030 2331 mysterium
3060 2261 3310 2316 novitatis
3334 2262 3540 2316 honore

1946 2364 2053 2405 non
2084 2358 2286 2418 careat,
2320 2351 2373 2406 in
2405 2362 2753 2409 monumento
2780 2368 2922 2409 novo
2958 2354 3099 2424 quod
3134 2356 3189 2411 in
3217 2364 3367 2425 petra
3390 2350 3541 2413 exei-

1945 2457 2064 2498 sum
2088 2451 2171 2499 est
2194 2485 2210 2509 ,
2252 2443 2671 2514 redemptricem
2698 2454 2935 2501 nostram
2967 2446 3291 2503 dominicam
3322 2462 3539 2503 carnem

1947 2535 2175 2607 legimus
2203 2536 2473 2605 quievisse
2498 2536 2647 2609 (Luc.
2691 2553 2840 2592 xxvn
2865 2578 2881 2605 ,
2926 2538 3039 2608 60).
3070 2539 3199 2606 Quis
3235 2554 3364 2610 ergo
3403 2539 3534 2594 mihi

1948 2628 2276 2699 persuadere
2308 2638 2551 2695 conetur,
2584 2640 2703 2700 post
2726 2645 2942 2686 errores
2960 2630 3203 2686 funerum
3234 2632 3540 2700 sepulcrum

1947 2736 2106 2792 posse
2136 2721 2420 2778 mundari?
2445 2722 2699 2790 Quamvis
2734 2722 3033 2792 putredinis
3058 2722 3285 2778 humore
3314 2724 3537 2790 siccato,

1947 2816 2283 2886 consumptis
2310 2814 2421 2885 iam
2453 2815 2706 2872 carnibus
2729 2856 2745 2882 ,
2778 2815 2914 2871 albis
2942 2815 3160 2871 tumulis
3184 2815 3499 2871 attollantur
3520 2856 3539 2884 ,

1947 2920 2190 2967 remanet
2239 2908 2575 2965 immunditia
2625 2908 3031 2977 recordatione,
3068 2909 3282 2966 etiamsi
3348 2908 3540 2965 abesse

1945 3013 2162 3075 putetur
2206 3012 2448 3073 aSpectu.
2484 3001 2751 3073 Expulisti
2793 3001 3009 3073 quidem
3040 3001 3380 3060 morticinum
3408 3001 3541 3071 dog-

1926 3098 2105 3181 .matis
2131 3097 2310 3164 alieni,
2328 3108 2378 3152 et
2402 3094 2772 3152 fortitudinem
2801 3095 2919 3166 eius
2939 3107 3239 3153 emortuam
3269 3097 3338 3151 de
3361 3096 3541 3166 sepul-

1946 3209 2042 3250 cro
2072 3208 2172 3248 suo
2209 3193 2363 3264 quasi
2414 3206 2538 3248 ossa
2588 3194 2792 3247 honore
2832 3194 3068 3249 carentia
3100 3192 3399 3263 proiecisti.
3432 3190 3540 3247 Sed

1948 3296 2077 3358 puto
2103 3286 2244 3358 quod
2285 3286 2489 3357 imponi
2537 3285 2591 3340 in
2634 3286 2833 3341 fetores
2860 3286 2999 3342 sacri
3025 3286 3269 3355 corporis
3299 3285 3541 3341 membra

1948 3394 2057 3435 non
2083 3378 2335 3435 debeant.
2373 3377 2441 3433 Et
2478 3378 2627 3434 dices
2669 3377 2892 3433 forsitan
2932 3378 3245 3447 haereticos,
3274 3377 3321 3433 si
3346 3378 3424 3433 eis
3447 3392 3540 3447 po-

1951 3481 2116 3527 testas
2136 3470 2315 3536 detur,
2338 3470 2527 3525 altaria
2559 3480 2743 3527 nostra
2770 3480 3053 3526 temerare.
3088 3470 3289 3527 Verum
3312 3481 3416 3536 est,
3440 3486 3541 3527 nec

1948 3565 2161 3623 refello.
2189 3565 2429 3621 Saatiunt
2461 3565 2678 3637 quidem
2702 3580 2821 3621 cum
2852 3574 3073 3634 possunt
3094 3563 3251 3621 ftedis
3282 3564 3542 3635 unguibus

1948 3658 2245 3714 alienarum
2297 3658 2492 3713 aedium
2546 3671 2883 3729 pervasorcs.
2930 3655 3036 3713 Sed
3081 3656 3189 3711 vim
3235 3656 3541 3721 intendere,

1948 3751 2063 3806 loca
2095 3750 2389 3821 pervadere
2413 3794 2428 3819 ,
2461 3750 2647 3806 altaria
2683 3758 3048 3816 commutare,
3078 3764 3184 3805 non
3217 3750 3451 3820 pertinet
3474 3746 3542 3805 ad

1946 3845 2272 3902 columbam.
2305 3844 2605 3913 Specialius
2644 3860 2775 3915 ergo
2820 3844 3129 3914 fugiendum
3154 3886 3168 3911 ,
3198 3843 3343 3915 quod
3380 3843 3541 3900 licere

1946 3939 2049 3995 sibi
2083 3938 2370 3995 hazreticus
2403 3946 2569 4009 putat.
2604 3936 2687 3992 Ah
2724 3936 2977 4008 exemplo
3023 3937 3191 4008 magis
3219 3936 3389 3992 vitare
3415 3950 3541 3992 con~

1946 4033 2094 4087 venit
2123 4032 2267 4103 quod
2296 4032 2469 4087 hostis
2501 4030 2861 4100 amplectitur.
2897 4031 3004 4086 Nec
3032 4032 3226 4085 mirum
3257 4039 3341 4086 est
3376 4030 3419 4085 si
3450 4029 3542 4084 dc-

1948 4124 2246 4179 dicationes
2276 4124 2553 4193 geminare
2576 4122 2829 4187 audeant,
2862 4123 2951 4191 qui
2982 4122 3305 4189 baptismata
3334 4122 3542 4175 confre-

1948 4222 2223 4286 quentant.
2277 4213 2430 4280 Quod
2476 4214 2619 4268 circa
2671 4228 2776 4266 non
2789 4228 2798 4276 ε
2825 4211 2955 4281 quid
2983 4220 3250 4274 statuam,
3280 4210 3374 4265 sed
3415 4211 3542 4279 quid

1950 4316 2128 4377 optem
2153 4307 2388 4362 breviter
2419 4305 2668 4361 indicavi.
2702 4303 2951 4359 Haeretici
2981 4303 3161 4359 cultus
3183 4302 3299 4359 loca
3323 4302 3542 4373 pervadi

1950 4399 2173 4466 nollem,
2198 4413 2447 4470 cuperem
2474 4396 2806 4468 praetermitti
2822 4396 2873 4451 in
2897 4410 3105 4453 morem
3125 4397 3519 4468 ergastulorum

1949 4493 2173 4564 Semper
2200 4493 2493 4564 optandum
2519 4501 2641 4561 est,
2672 4507 2778 4549 non
2810 4498 2868 4548 ut
2895 4501 3097 4549 mutata
3128 4500 3421 4560 transeant,
3447 4491 3542 4550 sed

1952 4585 2346 4658 infrequentata
2372 4594 2701 4657 torpescant.
2732 4584 2947 4641 Salubri
2993 4586 3310 4657 populorum
3353 4599 3541 4641 corre-

1954 4681 2133 4736 ctione
2161 4680 2379 4736 defertis
2409 4688 2621 4735 maneat
2648 4688 2849 4734 aeterna
2880 4676 3152 4733 viduitas:
3182 4692 3282 4733 nec
3303 4692 3541 4748 unquam

1953 4775 2242 4845 recipiatur
2268 4788 2296 4827 a
2330 4774 2547 4841 nostris,
2600 4773 2743 4843 quod
2773 4772 3143 4828 conversionis
3173 4772 3353 4827 studio
3378 4786 3539 4841 repu-

1953 4868 2129 4924 diatur
2156 4884 2184 4923 a
2224 4869 2479 4940 propriis.
2526 4867 2604 4923 De
2650 4867 2965 4923 ministeriis
3010 4867 3381 4924 haareticorum
3421 4883 3541 4938 quae

1955 4961 2064 5016 illis
2085 4975 2257 5024 sacra.
2285 4961 2439 5016 nobis
2460 4959 2812 5016 exsecrabilia
2838 4959 3167 5029 iudicantur,
3197 4960 3249 5015 id
3278 4968 3359 5015 est
3384 4969 3541 5031 pate-

1955 5054 2039 5109 nis
2066 5055 2368 5126 paterisque
2384 5095 2399 5122 ,
2428 5056 2547 5125 quia
2570 5054 2696 5125 quid
2726 5034 2975 5110 censeam
2999 5054 3222 5124 perinde
3246 5054 3541 5110 rescribere

1954 5163 2041 5204 me
2065 5148 2308 5219 iussisti,
2339 5146 2532 5202 validas
2561 5145 2778 5218 quidem
2809 5147 3203 5204 observationis
3232 5143 3538 5212 exemplum

1953 5248 2055 5307 est,
2081 5241 2221 5312 quod
2236 5240 2429 5311 legitur
2452 5239 2505 5296 in
2532 5238 3083 5311 Heptatycho,(Num.
3116 5236 3252 5309 xvt),
3274 5235 3342 5290 de
3363 5234 3543 5289 thuri-

1954 5334 2092 5389 bulis
2118 5342 2457 5404 peccatorum
2485 5377 2501 5402 ,
2531 5332 2621 5404 qui
2650 5333 2826 5403 ignem
2858 5332 3101 5388 illicitum
3131 5332 3539 5400 praesumentes,

1953 5427 2206 5484 incendio
2227 5427 2535 5499 temporalis
2564 5426 2827 5498 gehennae
2851 5434 3109 5482 aeternam
3136 5421 3381 5488 signante
3403 5432 3541 5474 con-

1953 5520 2150 5591 sumpti
2173 5528 2318 5576 sunt.
2352 5519 2610 5576 Jacebant
2639 5533 2872 5591 namque
2902 5514 3070 5572 cineri
3102 5511 3395 5582 prunisque
3419 5526 3541 5583 per-

1955 5616 2126 5672 mixta
2146 5658 2160 5683 ,
2188 5614 2256 5670 ad
2299 5623 2631 5670 mortuorum
2660 5612 2921 5684 iudicium
2961 5615 3331 5675 terroremque
3357 5605 3542 5662 viven-

1954 5709 2112 5777 tium,
2138 5724 2264 5766 vasa
2292 5726 2408 5780 qua:
2434 5709 2686 5771 diximus,
2720 5714 2776 5761 et
2814 5699 3070 5757 odoribus
3099 5698 3275 5755 thuris
3302 5708 3540 5765 assueta,

1957 5802 2374 5858 abominabilem
2431 5797 2827 5856 immunditiam
2886 5793 3130 5864 perversi
3192 5806 3321 5848 usus
3375 5791 3545 5846 fetoro

1961 5884 2362 5952 contraxerant.
2394 5892 2546 5948 Tunc
2573 5888 2695 5945 duci
2732 5888 2953 5960 legifero
2977 5887 3278 5945 consulenti
3306 5897 3544 5956 praeceps
