4092 6350
279 295 385 356 233

1644 294 1972 353 EPISTOLA
2013 294 2155 351 XVI.

3441 305 3543 364 254

280 388 635 443 ordinationis
684 398 877 445 vestra:
912 389 1206 445 ventilabra
1248 388 1515 459 poscenda
1552 398 1710 443 sunt:
1739 389 1862 456 quia
1890 389 1940 449 Α
1971 388 2164 444 timore
2213 388 2426 443 divortii
2457 389 2729 456 dubitetis,
2764 392 2859 447 sed
2892 393 3085 448 merito
3106 402 3355 449 censetur
3384 411 3544 463 sepa-

280 481 376 536 ille
401 483 488 551 qui
522 482 672 538 vobis
706 484 981 537 constituit
1026 478 1211 537 ienere
1250 482 1353 537 loci
1384 480 1641 551 principis
1672 480 1871 549 princi-

279 582 485 645 patum,
516 590 615 629 nos
644 575 817 630 voluit
842 575 1059 644 exsequi
1085 574 1223 645 quod
1253 573 1619 644 prmceperitis
1646 573 1698 627 in
1741 586 1872 641 ope-

287 681 375 731 re,
401 667 543 736 quod
587 675 766 723 autem
793 666 1121 736 operandum
1168 675 1251 722 cst
1282 681 1375 721 vos
1399 667 1612 735 jubere.
1644 664 1869 732 Quidam

284 758 428 810 enim
454 757 668 825 civium,
701 768 759 812 ut
782 774 921 815 nunc
968 759 1201 815 delatum
1232 770 1334 822 est,
1367 767 1490 813 ante
1524 757 1871 828 quamplures

286 864 457 904 annos
482 852 649 905 sorori
682 864 742 905 se
771 850 1034 906 defuncta:
1062 851 1311 921 conjugis
1340 851 1392 905 in
1433 849 1781 905 matrimonio
1811 864 1870 904 se

288 944 550 1011 Sociavit,
583 946 725 1015 quod
776 962 874 1017 ego
924 962 1065 1002 nunc
1116 948 1214 1001 sub
1244 947 1531 1002 multorum
1583 947 1870 1016 praesentia

288 1039 464 1094 aditus
506 1039 712 1095 audivi.
764 1043 1057 1096 Accusator
1077 1040 1209 1095 tanti
1237 1040 1499 1105 criminis,
1528 1054 1633 1093 non
1662 1040 1869 1095 occulta

288 1131 662 1187 susurratione
700 1132 897 1187 atrocis
939 1131 1061 1186 facti
1109 1132 1363 1186 disseruit
1405 1130 1737 1201 qualitatem,
1773 1131 1868 1186 sed

291 1226 410 1292 ipso
434 1239 613 1279 coram
640 1225 729 1296 qui
758 1225 923 1296 gessit
958 1225 1069 1279 ista
1110 1226 1410 1295 preposuit.
1438 1224 1644 1295 Quique
1677 1224 1867 1279 eodem

290 1332 399 1385 quo
430 1316 611 1371 illicita
632 1315 972 1386 praesumpsit
1009 1331 1163 1382 ausu,
1195 1315 1285 1385 qui
1316 1316 1493 1371 studio
1523 1331 1549 1367 a
1579 1314 1730 1370 vobis
1757 1314 1866 1370 dis-

291 1406 643 1475 pensantibus
689 1406 1011 1461 miserabilis
1058 1406 1441 1475 propemodum
1484 1420 1591 1461 non
1633 1406 1861 1475 negavit.

294 1496 527 1553 Proinde
553 1512 654 1566 qua
697 1497 768 1550 sit
807 1496 1155 1551 abstinendus
1201 1496 1508 1550 conditione
1551 1496 1864 1566 prazcipite:

289 1588 405 1644 sive
437 1597 494 1643 ut
540 1589 740 1657 pariter
769 1590 1011 1656 lugeant,
1050 1588 1131 1643 vel
1165 1589 1208 1644 si
1252 1596 1334 1643 est
1358 1588 1640 1643 indicenda
1678 1602 1867 1658 seque.

292 1681 504 1743 stratio,
527 1680 612 1735 vel
635 1680 723 1749 qui
750 1679 939 1735 modus
962 1679 1305 1748 poenitentia,
1330 1678 1568 1733 edocete.
1604 1678 1733 1733 Nam
1756 1693 1864 1733 non

296 1780 402 1836 est,
430 1780 490 1825 ut
516 1778 667 1841 puto.
700 1771 876 1823 minus
914 1771 966 1824 in
998 1770 1245 1839 coniugio
1272 1784 1576 1839 germanam
1608 1770 1869 1842 conjugis,
1900 1756 1950 1818 Β
2049 1772 2283 1827 Cautelae
2310 1782 2363 1827 et
2390 1773 2623 1847 caritati

299 1878 462 1933 quam
491 1878 716 1917 uxorem
744 1862 926 1917 lratris
955 1862 1134 1917 asciri.
1160 1861 1267 1916 Vos
1294 1871 1492 1925 tamen,
1526 1872 1583 1917 ut
1612 1864 1873 1932 suggessi,

303 1955 524 2011 statuite
552 1954 692 2025 quod
715 1955 927 2010 videtur
951 1974 963 2007 :
999 1956 1120 2024 quia
1152 1965 1344 2025 praeter
1370 1956 1755 2011 ordinationem
1785 1971 1877 2011 ve-

297 2056 484 2110 stram,
517 2047 583 2102 de
615 2048 703 2102 tali
747 2062 905 2102 causa
929 2048 1054 2117 quid
1101 2047 1438 2117 pronuntiari
1469 2048 1757 2103 conveniat
1788 2048 1875 2101 vix

296 2140 555 2195 decerno.
585 2138 958 2195 Communioni
980 2154 1172 2208 nempe
1202 2155 1324 2194 eum
1366 2141 1570 2211 trepide
1591 2142 1871 2205 sulnrabo,

298 2233 381 2286 vel
408 2231 683 2302 permitto,
715 2230 816 2286 nisi
841 2229 1158 2286 auctoritate
1198 2241 1372 2286 vestra
1398 2231 1679 2288 roboratus
1707 2234 1875 2287 exsti-

302 2332 437 2379 ιρι-ο.

838 2413 1167 2472 EPISTOLA
1212 2416 1323 2470 XV.

372 2522 557 2565 AVI'I'US
596 2521 899 2563 WENNENSIS
936 2522 1212 2564 EPISCOPUS
1249 2523 1503 2565 VICTORIO
1541 2524 1803 2566 EPISCOPO.

372 2601 620 2657 Probata:
649 2606 980 2671 summaeque
1022 2602 1240 2672 pietatis
1284 2600 1387 2665 est,
1419 2610 1478 2656 ut
1506 2602 1572 2657 de
1598 2603 1772 2656 causis
1810 2602 1877 2656 ad

304 2693 632 2764 pontiﬁcium
692 2701 932 2749 vestrum
992 2692 1385 2763 pertinentibus
1442 2707 1615 2747 meum
1668 2707 1879 2763 quoque

301 2784 584 2840 consilium
606 2784 991 2859 consulendum
1018 2799 1135 2840 esse
1157 2784 1383 2839 ducatis.
1407 2784 1557 2852 Quod
1586 2785 1762 2840 facere
1782 2798 1879 2839 vos

301 2890 432 2941 non,
462 2886 520 2930 ut
548 2875 778 2942 dixistis,
807 2876 1171 2946 ambiguitatis
1200 2878 1402 2943 animo,
1436 2877 1531 2933 sed
1579 2878 1881 2934 dilectionis

302 2965 607 3021 ostenditis.
638 2966 974 3036 Quapropter
1014 2976 1197 3022 contra
1249 2967 1459 3035 culpam
1500 2982 1656 3039 quam
1688 2969 1881 3024 litteris

306 3059 609 3125 indicastis,
634 3059 863 3114 arbitror
910 3060 1101 3115 merito
1149 3074 1244 3115 vos
1290 3061 1510 3115 moveri.
1561 3061 1690 3130 Quis
1737 3062 1879 3117 enim

1980 481 2114 534 ratio
2164 481 2432 549 legitima,
2485 483 2575 536 ubi
2630 484 2839 538 exstitit
2886 486 3189 555 coniunctio
3237 488 3541 544 criminosa.

1981 571 2202 641 Utrique
2222 573 2267 626 si
2297 574 2508 628 videtur
2532 590 2680 644 ergo,
2708 578 2832 631 dum
2861 578 2911 632 in
2944 587 3051 632 tam
3086 578 3280 633 infelici
3312 580 3545 635 obstina.

1978 663 2122 717 tione
2148 663 2467 732 persistunt,
2501 673 2679 719 notam
2705 669 3272 725 excdmmunicationis
3310 670 3545 735 indicite.

1974 754 2148 810 donec
2170 770 2198 808 a
2228 757 2501 810 consortio
2542 758 2805 813 criminali
2838 762 3046 830 publica
3079 765 3402 832 pmnitentite
3424 781 3550 835 pro-

1974 850 2209 905 fessione
2254 849 2625 905 dissuescant:
2657 862 2711 907 et
2740 861 2884 920 tum,
2932 856 3314 913 miserantibus
3361 860 3508 914 vobis
3536 902 3549 920 .

1972 943 2038 998 ad
2070 943 2279 999 timoris
2299 952 2355 999 et
2382 946 2733 999 correctionis
2754 948 3080 1015 exemplum,
3102 953 3329 1017 gratiam
3363 968 3554 1008 recen-

1972 1036 2255 1093 ciliationis
2275 1037 2556 1106 accipiant.
2590 1038 2699 1107 Ego
2718 1047 2865 1095 certe
2886 1040 3175 1096 sinceritati
3200 1054 3389 1099 vestra:
3411 1044 3551 1112 quod

1973 1128 2294 1184 rationabile
2325 1129 2550 1192 credidi,
2588 1128 2711 1198 quia
2749 1131 2877 1184 tanti
2908 1130 3165 1186 habuistis
3187 1132 3398 1201 jubere,
3424 1150 3551 1203 sug-

1973 1221 2134 1291 gessi.
2168 1218 2197 1258 δ
2222 1219 2571 1275 Auctoritatis
2612 1229 2802 1276 vestra:
2831 1230 2933 1287 est,
2968 1224 3259 1278 errantium
3287 1238 3551 1293 compun-

1970 1311 2151 1366 ctione
2202 1320 2481 1381 perspecta
2510 1353 2525 1375 ,
2574 1314 2875 1369 severitatis
2930 1315 3171 1370 ordinem
3231 1310 3550 1381 temperare.

1970 1403 2115 1469 Quos
2162 1413 2340 1458 tamen
2394 1406 2624 1473 aestimo,
2674 1408 2715 1461 si
2765 1407 3026 1463 veraciter
3070 1403 3540 1476 compo’nguntur,

1970 1509 2126 1565 supra
2160 1496 2373 1567 scriptis
2403 1498 2803 1554 conditionibus
2832 1499 3116 1569 parituroy

2511 1590 2841 1646 EPISTULA
2885 1590 3019 1647 ΧῊῖ

2042 1695 2234 1735 Ανιτυθ
2274 1696 2579 1736 νιεΝΝεΝδιε
2617 1695 2892 1741 EPISCOM
2932 1699 3173 1741 VICTORIO
3204 1700 3470 1741 EPISCOPO.

2734 1775 2956 1838 sfacitis,
2984 1777 3108 1830 dum
3132 1794 3216 1832 me
3243 1779 3439 1848 aliquid
3469 1778 3555 1833 in-

1977 1863 2307 1931 terrogando
2328 1904 2342 1928 ,
2375 1878 2479 1917 non
2523 1864 2700 1917 minus
2728 1878 2955 1920 onerare
2985 1881 3144 1936 quam
3187 1866 3451 1923 honorare
3477 1869 3559 1923 di-

1980 1956 2238 2025 gnamini.
2297 1956 2402 2012 Sed
2450 1971 2567 2011 cum
2615 1961 2885 2013 noveretis
2916 1968 3061 2015 recte
3094 1976 3219 2029 vos,
3248 1964 3293 2017 si
3343 1977 3446 2017 non
3492 1964 3562 2019 de

1983 2048 2172 2117 peritia
2206 2062 2342 2113 mea,
2368 2048 2559 2103 saltem
2589 2050 2655 2104 de
2680 2050 2910 2105 amicitia
2934 2052 3202 2119 judicare:
3230 2069 3329 2109 nec
3358 2055 3561 2119 aliquid

1978 2140 2127 2194 vobis
2159 2154 2387 2208 unquam
2434 2142 2785 2209 responsione
2815 2156 2931 2197 mea
2984 2144 3217 2214 suggeri,
3272 2144 3371 2200 nisi
3416 2146 3561 2215 quod

1977 2230 2102 2286 volo
2125 2246 2152 2285 a
2173 2230 2461 2285 Viennensi
2490 2231 2725 2303 Ecclesia
2749 2232 3023 2287 custodiri.
3047 2235 3273 2290 Secutus
3299 2244 3382 2290 est
3405 2251 3554 2306 ergo,

1980 2333 2037 2378 ut
2069 2324 2367 2390 indicastis,
2399 2324 2563 2379 ﬁlium
2590 2335 2831 2381 nostrum
2863 2326 3145 2382 diaconum
3176 2326 3519 2384 Vincomalus
3542 2346 3559 2380 τη

1980 2432 2139 2487 quem
2178 2417 2317 2471 Deus
2348 2418 2546 2472 tribuat
2570 2427 2626 2471 ut
2671 2418 2723 2472 in
2756 2418 2897 2473 bono
2935 2418 3157 2473 vincatis
3184 2420 3401 2473 malum.
3441 2419 3562 2475 Vidi

1984 2513 2253 2567 hominem
2301 2513 2463 2566 nimie
2492 2512 2715 2566 crudum
2747 2512 2899 2580 cujus
2938 2512 3170 2567 miseriis
3218 2522 3431 2567 constat
3472 2513 3561 2567 vix

1983 2620 2304 2677 quemquam
2334 2616 2491 2674 posse
2513 2604 2776 2659 misereri.
2804 2604 3028 2659 iuvenis
3059 2605 3272 2667 virtute,
3303 2620 3468 2660 senex
3498 2606 3559 2659 fi-

1984 2701 2071 2767 de,
2105 2714 2219 2754 arvo
2248 2698 2427 2768 friget,
2472 2697 2733 2752 adulterio
2763 2697 2919 2751 calet.
2959 2696 3095 2762 Quid
3126 2696 3348 2751 multis?
3376 2707 3562 2766 optan-

1983 2792 2110 2846 dum
2139 2802 2219 2845 est
2251 2799 2309 2844 ut
2340 2805 2435 2859 per
2462 2789 2786 2844 voluntatem
2837 2787 3234 2857 disparabilem,
3269 2802 3373 2841 non
3406 2802 3564 2857 quam

1986 2882 2114 2937 libet
2141 2882 2335 2951 perire,
2372 2891 2475 2935 tam
2501 2881 2681 2935 liceat.
2712 2879 2843 2934 Nam
2874 2894 2994 2934 cum
3031 2879 3396 2933 adhortatorie
3444 2879 3565 2947 plus

1985 2984 2143 3041 quam
2173 2985 2387 3040 aspere,
2413 2983 2510 3039 pro
2556 2969 2744 3023 incesti
2774 2970 3013 3024 facinore
3042 2968 3368 3037 culparetur,
3415 2984 3564 3024 seve-

1988 3064 2201 3119 ritatem
2233 3071 2467 3117 nostram
2516 3062 2627 3117 sola
2659 3062 3063 3131 praescriptione
3105 3061 3370 3116 tarditatis
3400 3075 3563 3117 accu-

3066 1416 3261 1562 εγ,

2798 1605 3010 1646 AX.

2626 1774 2734 1845 sed

307 3150 394 3207 vel
425 3150 594 3204 laicus
618 3164 723 3204 non
750 3149 1014 3215 advertat,
1046 3164 1150 3204 non
1181 3150 1295 3205 sine
1321 3152 1511 3221 grandi
1534 3154 1739 3206 macula
1770 3152 1883 3207 ﬁeri
1913 3136 1961 3199 C
1990 3169 2138 3224 sans,
2172 3168 2293 3208 sero
2317 3169 2415 3207 nos
2445 3153 2647 3208 illicitae
2670 3153 2991 3222 jurgationis
3019 3154 3316 3209 tricennale
3344 3169 3563 3209 consor-

305 3244 375 3300 de
424 3241 699 3299 afﬁnitatis
749 3242 1143 3312 propinquitate
1188 3243 1716 3313 conjugium?llnde
1762 3244 1888 3300 licet

305 3335 659 3392 sollicitudini
708 3345 902 3390 vestrae
942 3334 1268 3403 iustissimus
1290 3333 1445 3389 dolor
1470 3332 1538 3390 de
1572 3334 1889 3390 necessitate

309 3427 482 3498 ipsius
523 3426 873 3481 districtionis
900 3425 1192 3493 incumbat,
1236 3425 1522 3481 salubriter
1553 3433 1730 3480 tamen
1756 3442 1888 3480 exa-

309 3526 555 3587 speratur
584 3517 638 3572 in
668 3519 1063 3587 temporaneis,
1104 3533 1261 3589 quem
1310 3518 1505 3574 salvari
1551 3519 1794 3589 cupimus
1836 3521 1888 3575 in

312 3611 549 3666 aeternis.
574 3618 600 3647 ⁸
623 3609 847 3680 Oportet
889 3623 1019 3680 ergo
1058 3608 1327 3665 hominem
1381 3609 1628 3664 maritum
1660 3611 1883 3666 duarum

310 3704 519 3759 scilicet
571 3718 973 3774 germanarum,
1002 3717 1107 3758 non
1160 3703 1493 3760 irrevocabili
1547 3704 1885 3761 anathemate

311 3795 552 3865 percuti,
582 3794 676 3850 sed
706 3795 991 3865 propositis
1041 3794 1542 3861 observationibus,
1574 3794 1786 3850 interim
1815 3795 1883 3850 ab

310 3888 553 3944 Ecclesia
580 3887 925 3958 sequestrari.
975 3887 1045 3942 Et
1084 3887 1206 3957 quia
1238 3888 1514 3954 indicatis,
1558 3887 1885 3944 laboriosum

316 3984 493 4053 ipsum
523 3991 648 4037 ante
678 3983 870 4038 multos
892 3982 1003 4052 jam
1025 3996 1193 4036 annos
1216 3981 1455 4036 illicitam
1485 3981 1735 4036 secundae
1758 3996 1888 4035 uxo-

312 4074 388 4129 ris
411 4073 657 4144 copulam
681 4072 846 4128 fuisse
874 4070 1141 4135 sortitum,
1166 4070 1396 4125 sufﬁciat
1420 4070 1635 4138 impune
1663 4070 1888 4125 baccha-

313 4175 425 4220 tum
471 4166 629 4235 longo
673 4175 911 4233 tempore
966 4163 1169 4218 crimen
1196 4162 1407 4217 incesti.
1449 4160 1591 4215 Nihil
1628 4161 1715 4217 hic
1740 4162 1889 4232 quasi

317 4356 431 4398 sua:
456 4339 677 4395 antistiti
721 4337 1030 4407 respondet,
1061 4333 1284 4407 quidde
1314 4333 1770 4407 illostatuendum
1798 4334 1889 4403 qui

315 4414 579 4468 defuncta:
600 4410 783 4464 uxoris
808 4403 1046 4463 sororem
1076 4403 1176 4460 sibi
1201 4405 1251 4459 in
1276 4404 1617 4459 matrimonio
1637 4403 1886 4460 sociarat.

315 4484 463 4538 Civis
490 4481 573 4535 hic
622 4490 738 4535 erat
778 4477 1331 4546 Gratianopolitauus,
1374 4484 1429 4528 ut
1459 4485 1601 4544 patet
1629 4490 1697 4530 ex
1728 4476 1887 4546 epist.

316 4553 408 4617 M,
437 4551 772 4606 Vincomalus
800 4550 1035 4613 nomine,
1082 4555 1141 4601 ut
1169 4556 1252 4601 est
1282 4549 1330 4600 in
1363 4546 1447 4600 16.
1478 4546 1577 4617 Par
1607 4560 1766 4614 porro
1794 4561 1887 4602 eo-

315 4616 440 4678 dem
472 4633 712 4691 tempore
736 4621 1029 4688 eodemque
1055 4620 1295 4691 in_regn_o
1323 4616 1787 4691 Burgundionum,
1812 4617 1891 4669 in-

314 4702 496 4750 cestus
520 4686 616 4747 fuit
639 4691 917 4760 Stephani,
947 4686 1014 4760 ex
1040 4686 1218 4760 ofﬁcio
1241 4687 1564 4760 Sigismundi
1593 4688 1733 4756 regis
1759 4686 1889 4760 ﬁsco

318 4756 759 4835 praepositi,_qu'i
790 4759 1080 4835 Palladiam
1129 4757 1395 4835 defuncta:
1439 4758 1621 4835 itidem
1651 4756 1891 4835 conjugis

315 4826 561 4890 sororem
592 4826 1009 4899 s’ibi'copularat.
1037 4829 1149 4896 Qua
1172 4828 1238 4882 de
1265 4843 1322 4881 re
1345 4829 1397 4881 in
1420 4826 1648 4899 concilio
1682 4826 1892 4899 Lugdu-

314 4904 473 4960 nensi
507 4911 601 4958 tet
631 4906 681 4958 in
715 4897 833 4957 Vita
868 4900 1037 4956 sancti
1072 4899 1395 4969 Apollinaris
1427 4897 1719 4953 Valentina‘.
1748 4897 1891 4952 sedis

314 4990 576 5031 (’DISCODI.

355 4988 757 5098 ptscti‘iﬁkcorum
780 5042 904 5097 olim
940 5040 1353 5107 Latinorumque
1381 5039 1433 5092 in
1464 5037 1782 5094 coercendis
1808 5036 1891 5090 in-

310 5116 486 5171 cestis
514 5128 607 5181 par
629 5113 935 5181 disciplina.
970 5112 1043 5164 De
1072 5110 1294 5162 duarum
1320 5110 1462 5181 enim
1505 5123 1748 5181 sororum
1787 5122 1894 5161 ma-

312 5186 437 5241 ritis
466 5179 782 5238 Graecorum
801 5196 1003 5237 morem
1029 5181 1115 5248 qui
1166 5180 1297 5248 legis
1337 5179 1442 5231 vim
1471 5179 1767 5243 obtinebat,
1791 5192 1891 5232 ex-

314 5255 471 5327 ponit
498 5255 556 5310 S.
582 5254 819 5309 Basilius
839 5251 1066 5327 epistola
1099 5249 1197 5303 197
1218 5250 1291 5327 ad
1320 5248 1609 5327 Diodorum
1633 5289 1647 5312 ,
1810 5269 1890 5327 ‘rtc

310 5318 468 5401 ἆτᾴᾅιι
515 5327 827 5401 ἀδωροῑρσίας
873 5326 1004 5401 ποτὲ.
1052 5325 1325 5401 κρατξηθεὶς.
1355 5321 1567 5401 ἐκπέσῃμ
1592 5320 1717 5401 τξρὸς
1756 5318 1889 5401 δγοῖν

312 5396 547 5468 ἀδελφρῖν
578 5390 793 5465 ἆθεό-μον
818 5390 1239 5468 κοινωνίανξμήτρ·
1269 5393 1429 5464 ’γάμον
1456 5390 1686 5468 mrces.
1714 5395 1885 5468 τοῇτο,

313 5458 713 5548 vitam}?
733 5458 1145 5548 ἐπεκληειαρτέῑεέἒ
1175 5458 1425 5548 “lican
1464 5458 1887 5548 meare»

310 5532 480 5623 "15961:
486 5557 574 5609 ρον
599 5537 629 5595 ἦ
649 5536 984 5623 diuidendae?
999 5535 1241 5623 simulem.
1257 5532 1317 5588 Si
1336 5532 1447 5601 quis
1461 5532 1647 5595 αΙῙὶιεια
1667 5532 1889 5583 immun-

313 5604 465 5663 ditia:
485 5604 766 5678 correptus,
798 5607 850 5657 in
886 5604 1118 5678 illicitam
1141 5605 1357 5656 duarum
1392 5616 1623 5678 sororum
1663 5616 1889 5654 commu-

312 5672 1021 5739 nicationem'exorbitaverit,
1052 5675 1106 5727 id
1128 5690 1285 5742 neque
1316 5672 1610 5744 conjugium
1636 5685 1741 5723 esse
1761 5687 1887 5744 cen-

314 5749 555 5817 sendum,
589 5762 746 5815 neque
786 5748 936 5799 talem
966 5745 1031 5796 ad
1057 5742 1447 5797 ecclesiasticum
1487 5749 1665 5794 cretum
1702 5742 1889 5793 admit-

562 5843 835 5900 ΡΑτιοι.
881 5838 1048 5902 LIX.

1913 4440 1970 4502 D

1993 3247 2126 3301 tium
2156 3244 2440 3299 damnasse
2469 3254 2719 3298 causatus
2748 3252 2849 3299 est.
2878 3244 2956 3297 Ad
2997 3242 3139 3298 hunc
3166 3245 3341 3299 locum
3389 3246 3564 3310 cessi,

1995 3338 2185 3401 fateor,
2212 3335 2543 3402 impudenti:
2586 3334 2727 3403 quod
2752 3334 2954 3391 scilicet
3002 3334 3082 3389 sui
3113 3334 3397 3389 dilectione
3441 3349 3565 3389 sen-

1998 3427 2216 3482 tentiam
2247 3425 2576 3488 differentes,
2620 3425 2993 3479 maluissemus
3037 3425 3423 3479 correctionem
3466 3427 3564 3481 viri

1995 3518 2395 3589 compunctioni
2440 3517 2606 3587 ipsius
2636 3515 3001 3584 voluntatique
3048 3530 3305 3570 servare:
3337 3530 3400 3569 ac
3439 3531 3565 3583 per-

1994 3610 2118 3665 inde
2152 3610 2354 3679 justum
2405 3623 2543 3674 esse,
2584 3617 2641 3661 ut
2683 3616 2803 3676 post
2845 3607 3013 3675 spatia
3062 3613 3143 3660 tot
3173 3620 3436 3661 annorum
3482 3607 3567 3661 vel

1991 3700 2288 3759 criminalia
2334 3701 2707 3769 restringeret,
2741 3698 2830 3768 qui
2876 3698 3149 3754 refrenare
3172 3698 3283 3769 jam
3316 3698 3566 3769 longaevi-

1992 3796 2117 3850 tatis
2160 3806 2377 3849 accessu
2425 3793 2584 3847 etiam
2613 3792 2846 3861 legitima
2888 3790 3179 3846 debuisset.
3226 3790 3306 3845 Ad
3337 3790 3481 3855 hinc,
3508 3799 3567 3847 ut

1990 3889 2190 3943 sentire
2215 3900 2301 3940 me
2342 3884 2577 3952 medidi,
2606 3898 2712 3939 non
2759 3892 3141 3952 compunctus,
3172 3883 3266 3937 sed
3311 3881 3567 3937 confusus

1991 3978 2267 4048 ingemuit,
2305 3978 2619 4044 promittere
2666 3974 3048 4043 aliquantisper
3100 3987 3407 4042 aggressus,
3446 3988 3567 4028 mu-

1994 4069 2179 4123 lierem
2232 4064 2646 4119 cohabitationis
2675 4063 2903 4131 indignae
2948 4063 3017 4116 ab
3062 4076 3282 4117 accessu
3314 4072 3563 4129 aspectu-

1994 4173 2098 4229 que
2149 4172 2247 4212 suo
2276 4155 2517 4225 protinus
2572 4152 2980 4208 cooercendam.
3037 4150 3193 4204 Suasi
3237 4151 3568 4219 respondens

1994 4331 2233 4395 tendum,
2284 4330 2427 4401 prius
2469 4343 2621 4401 quam
2662 4327 2723 4401 ab
2773 4328 2997 4401 inuicem
3032 4326 3359 4401 dirimuntur.
3412 4326 3569 4401 Apud

1995 4403 2212 4458 Latinos
2241 4397 2371 4455 vero
2399 4400 2490 4468 qui
2517 4414 2631 4453 mos
2677 4397 2867 4463 fuerit,
2893 4398 3178 4452 multorum
3224 4397 3413 4458 instar.
3447 4399 3569 4466 quia

1995 4488 2182 4529 omnes
2212 4472 2572 4533 consentiunt,
2600 4485 2773 4524 canon
2815 4477 2900 4524 est
2937 4470 3004 4523 50
3032 4468 3243 4523 concilii
3284 4468 3564 4536 Epaonen-

1996 4545 2100 4600 sis:
2129 4544 2345 4598 lncestis
2374 4540 2818 4613 conjunctionibus
2845 4539 2973 4593 nihil
2995 4555 3201 4613 prorsus
3225 4540 3380 4592 venite
3405 4555 3567 4592 reser-

1994 4631 2205 4679 vamus,
2242 4614 2340 4667 nisi
2382 4612 2494 4665 cum
2539 4613 2845 4665 adulterium
2886 4612 3206 4677 separatione
3251 4613 3561 4663 sanaverint.

1995 4685 2140 4739 Inter
2156 4685 2387 4739 incestos
2408 4692 2583 4737 autem
2616 4690 2881 4743 numerat,
2906 4682 2964 4735 Si
2983 4681 3097 4751 quis
3120 4696 3410 4751 germanam
3435 4696 3567 4733 uxo-

1994 4756 2065 4809 ris
2092 4772 2199 4809 sua:
2223 4753 2489 4824 acceperit.
2534 4755 2720 4824 Avitus
2750 4767 2881 4824 ergo
2905 4752 2955 4803 in
2986 4750 3087 4804 hoc
3124 4750 3321 4824 genere
3342 4760 3568 4818 quatuor

1997 4825 2304 4896 distinguit,
2339 4821 2979 4896 escommunicationetn,
3003 4821 3394 4896 separationem
3412 4859 3428 4886 ,
3452 4836 3569 4889 pte—

1998 4892 2276 4950 nitentiam
2317 4894 2581 4961 publicam
2629 4900 2683 4945 et
2728 4892 3259 4947 reconciliationem:
3290 4893 3359 4944 ita
3403 4900 3571 4945 utes-

1996 4964 2497 5020 communicationis
2528 4973 2650 5016 nota
2677 4963 2955 5016 iuurantur
2990 4962 3163 5017 donec
3202 4971 3570 5029 segregantur,

1996 5043 2052 5090 et
2080 5033 2344 5104 segregati
2392 5034 2759 5101 paenitentiam
2787 5041 2977 5102 agant,
3023 5042 3081 5086 ut
3119 5032 3573 5087 reconciliationis

1994 5107 2220 5175 gratiam
2251 5104 2534 5172 accipiant.

2068 5175 2094 5214 δ
2124 5176 2180 5229 In
2213 5170 2476 5243 potestate
2514 5174 2658 5229 enim
2686 5184 2738 5227 et
2771 5173 2993 5228 arbitrio
3037 5180 3120 5228 est
3159 5170 3414 5243 episcOpi,
3444 5182 3571 5237 erga

1996 5240 2341 5317 plenitentes,
2390 5256 2675 5317 perspecta
2701 5258 2884 5297 eorum
2917 5240 3347 5317 compunctione,
3384 5240 3571 5317 numa-

1997 5306 2118 5372 nius
2137 5328 2296 5386 atque
2316 5306 2678 5387 indulgentius
2708 5322 2965 5387 agere,_et
2988 5306 3297 5387 severitatis
3327 5306 3571 5387 ordinem

1997 5384 2330 5456 temperare,
2361 5385 2431 5439 ita
2466 5394 2524 5457 ut
2578 5386 2838 5439 maturius
2885 5385 3005 5439 illos
3042 5384 3107 5436 ad
3138 5384 3569 5457 communionem

1995 5448 2524 5533 recipianta—Synodi
2565 5460 2862 5533 Ancyranae
2914 5466 3122 5533 canone
3159 5451 3329 5533 Suet,
3346 5448 3569 5533 concilii

1997 5517 2329 5584 A'reiatensis
2360 5517 2418 5592 ii,
2449 5540 2653 5581 canone
2681 5517 2771 5579 lo.
2819 5523 2887 5576 At
2914 5531 3121 5592 contra,
3156 5517 3570 5592 negligentiores

1996 5602 2318 5670 pmnitentes
2365 5588 3040 5670 tardiusureconciliandos
3093 5590 3264 5644 sancit
3297 5588 3573 5657 Carthagi-

1999 5666 2181 5726 niense
2205 5685 2282 5737 tv,
2313 5682 2519 5722 canone
2543 5666 2628 5719 75.

3147 5839 3186 5899 8
