4092 6350
279 432 387 491 237

277 640 364 694 vel
395 638 719 704 obedientia,
751 639 851 692 etsi
885 652 1090 706 nequeo
1116 634 1440 702 respondere
1475 632 1745 687 doctrina.
1778 631 1855 684 lta

275 731 421 799 quod
455 729 674 782 indicari
730 729 874 783 vobis
901 728 1120 795 jubctis,
1152 727 1310 780 etiam
1342 733 1519 791 textu,
1565 739 1632 798 ne
1677 721 1852 776 dicam

276 823 611 892 expo~itione
658 823 917 890 prolixum
962 831 1043 876 est
1069 838 1080 873 :
1109 830 1164 875 et
1191 820 1446 888 majorem
1478 815 1852 886 disputationis

276 916 607 969 vacationem
659 913 908 983 postulat,
957 928 1115 982 quam
1148 913 1414 965 succincta
1464 908 1713 963 celeritas
1770 921 1853 961 re-

274 1007 462 1076 scripti
491 1006 790 1075 epistolaris
812 1004 1072 1059 admittat.
1108 988 1386 1057 Etidciico
1409 1010 1604 1071 quanta
1633 1013 1852 1068 possum

278 1097 538 1152 brevitate
569 1097 888 1166 respondeo,
913 1095 1050 1165 quod
1075 1110 1139 1150 ex
1172 1094 1428 1164 propheta
1474 1092 1606 1146 lsaia
1634 1091 1851 1145 directa:

276 1189 343 1244 ad
373 1204 460 1244 me
488 1190 714 1243 termino
744 1189 948 1257 paginae
985 1186 1324 1249 subdidistis,
1372 1187 1480 1254 jam
1529 1184 1760 1248 dudum,
1797 1181 1851 1237 id

277 1291 362 1337 est
407 1289 646 1350 tempore
670 1279 949 1334 dominicae
979 1277 1359 1333 incarnationis
1395 1278 1688 1345 impletum.
1717 1276 1850 1329 Nam

277 1387 400 1427 cum
426 1371 567 1426 dicat
592 1389 603 1423 :
630 1370 712 1424 Ea:
739 1371 866 1425 Sion
897 1372 1178 1442 egredietur
1207 1372 1308 1435 (ex,
1337 1378 1382 1422 et
1406 1370 1612 1422 verbum
1644 1368 1850 1420 Domini

274 1479 337 1517 ex
391 1461 711 1516 Hierusalem
742 1459 887 1533 (Isai.
926 1476 985 1526 tt,
1022 1462 1109 1529 ὅ),
1145 1468 1363 1514 tractate
1404 1458 1740 1527 diligentius,
1781 1473 1849 1511 an

274 1571 393 1626 qua:
420 1554 594 1609 adhuc
622 1556 918 1624 exspectari
940 1554 1132 1609 debeat
1181 1553 1576 1623 promulgandac
1608 1553 1740 1621 legis
1767 1567 1852 1606 re-

276 1646 736 1718 stetjauctoritas:
766 1655 790 1682 τι
821 1656 964 1701 certe
1008 1656 1128 1715 post
1175 1645 1404 1700 Verbum
1436 1645 1528 1699 Dei
1560 1644 1698 1714 quod
1725 1658 1851 1699 caro

276 1739 476 1794 factum
507 1747 614 1801 est,
643 1747 704 1792 ut
733 1754 824 1806 per
856 1738 1184 1792 nativitatem
1213 1737 1456 1807 corporis
1499 1737 1764 1792 habitaret
1799 1737 1851 1790 in

276 1829 453 1894 nobis,
483 1829 528 1882 si
556 1828 730 1881 adhuc
757 1844 819 1882 ex
854 1828 1180 1882 Hierusalem
1209 1829 1349 1882 aliud
1386 1829 1606 1882 verbum
1635 1844 1856 1896 speran-

1673 415 1999 479 EPISTOLA
2037 415 2179 477 XXI.

279 546 776 616 sacerdotes:opto
824 554 996 602 tamen
1046 541 1269 614 jussioni
1320 550 1511 597 vestra:
1551 537 1940 601 satisfacereA

3429 414 3540 502 εδδ

2493 533 2823 593 EPISTOLA
2861 535 3002 592 XXI.

2030 641 2214 680 AVITUS
2241 641 2544 680 VIENNENSIS
2576 644 2848 683 EPISCOPUS
2879 630 2905 668 δ
2939 643 3109 683 DODINO
3134 644 3460 685 SIGISHUNDO.

2029 713 2182 783 Quod
2232 731 2319 770 me
2351 716 2418 771 de
2464 718 2820 774 collocatione
2868 722 3032 788 regali
3079 715 3144 775 ad
3178 722 3414 775 notitiam
3447 737 3535 777 ve-

1959 817 2124 859 stram
2151 821 2257 860 non
2277 804 2535 861 detulisse
2564 807 2810 877 culpatis,
2841 811 3084 864 occursui
3106 826 3226 866 meo
3249 824 3431 864 exacta
3454 809 3533 866 fc-

1957 898 2192 952 stivitate
2221 912 2557 953 servaveram
2585 915 2599 952 :
2626 898 2748 968 quia
2793 915 2978 953 revera
3021 897 3243 955 indicari
3274 899 3424 955 vobis
3450 902 3536 955 ltt-

1942 990 2157 1066 terario
2197 989 2451 1045 famulatu
2476 1001 2666 1046 cuncta
2709 1007 2803 1059 per
2836 990 3102 1056 ordinem,
3129 993 3532 1063 disceptationis

1959 1081 2237 1152 prolixitas
2272 1082 2704 1152 perplexitasque
2733 1097 2837 1136 non
2867 1082 3078 1150 patitur.
3110 1082 3241 1136 Nam
3269 1096 3527 1152 quantum

1957 1171 2239 1227 inanimis
2290 1171 2489 1227 domini
2541 1173 2669 1238 mei,
2719 1174 2883 1242 patris
2934 1173 3117 1239 vestri,
3165 1174 3398 1229 sensisse
3444 1192 3530 1232 me

1958 1275 2104 1333 puto,
2131 1263 2300 1318 fervet
2329 1263 2382 1318 iri
2423 1263 2539 1332 ejus
2579 1263 2756 1318 studio
2777 1263 3005 1318 conﬁcta
3032 1266 3124 1318 otii
3156 1261 3329 1318 fronte
3351 1277 3526 1320 certa-

1956 1371 2098 1409 men.
2149 1355 2283 1411 Nam
2323 1357 2462 1424 quod
2501 1357 2853 1412 credebamus
2883 1355 3222 1414 animositate
3261 1357 3526 1429 deposita,

1955 1448 2168 1503 silentio
2206 1459 2556 1518 temperante,
2604 1450 2834 1504 subitam
2866 1451 3315 1520 Opportunitatem
3353 1455 3527 1521 potius

1954 1557 2114 1610 quam
2141 1543 2373 1612 quietem
2415 1544 2714 1612 requirens,
2749 1558 2855 1597 non
2897 1544 3125 1599 cessavit
3157 1544 3423 1613 praeterita
3450 1544 3532 1598 in-

1956 1633 2232 1688 duciarum
2283 1634 2565 1697 brevitate,
2611 1637 2702 1690 sed
2752 1639 2926 1690 latuit.
2978 1636 3125 1691 Adeo
3168 1645 3225 1691 ut
3269 1654 3367 1692 nec
3416 1637 3529 1706 ipsa

1957 1727 2321 1781 contentionis
2364 1743 2511 1780 arma
2539 1744 2658 1796 qua:
2687 1729 2836 1796 quasi
2863 1729 2972 1795 jam
3018 1731 3067 1782 in
3101 1743 3280 1783 nostra
3314 1732 3528 1800 regione

1962 1819 2287 1883 defecerant,
2321 1831 2609 1890 poscantur
2635 1824 2991 1887 extrinsecus,
3030 1826 3112 1878 vel
3145 1841 3311 1894 usque
3349 1827 3414 1880 ad
3446 1842 3531 1882 re-

278 1919 405 1972 dum
432 1926 536 1981 est,
571 1917 707 1971 istud
736 1919 873 1985 quod
903 1931 1064 1985 supra
1088 1918 1320 1972 diximus
1357 1917 1571 1971 unicum
1602 1932 1706 1971 non
1748 1927 1848 1973 e5t.
1883 1897 1933 1964 Β
1960 1913 2130 1969 ditum
2163 1917 2456 1987 legatorum
2488 1933 2706 1972 suorum
2737 1917 2915 1973 fervor
2947 1919 3309 1975 meditationis
3333 1937 3529 1991 exspe-

279 2012 434 2067 Unde
485 2012 854 2066 incunctanter
902 2012 956 2065 in
1004 2025 1066 2067 eo
1112 2028 1272 2082 quem
1329 2014 1686 2082 propusvtistia
1736 2028 1853 2070 IOCO

272 2117 455 2158 sermo
503 2102 667 2171 patris
711 2102 977 2164 Christus.
1007 2111 1061 2156 et
1114 2105 1195 2157 lex
1224 2103 1522 2158 Christiana
1565 2104 1853 2173 prardtcata

269 2203 374 2250 est.
423 2193 555 2260 Quia
585 2208 706 2246 cum
739 2193 858 2246 duae
885 2193 1027 2261 leges
1074 2192 1209 2259 sint,
1258 2192 1309 2246 id
1337 2202 1420 2248 est
1447 2192 1687 2262 Judaica,
1731 2209 1851 2263 quae

272 2284 581 2354 praecessit,
632 2292 684 2336 et
733 2294 936 2349 nostra,
984 2299 1102 2352 qua:
1132 2282 1404 2352 sequitur,
1435 2292 1489 2337 et
1522 2283 1607 2337 illa
1641 2292 1850 2339 vetusta

251 2379 382 2451 .jani
409 2379 570 2432 etiam
604 2377 980 2446 prophetarum
1015 2375 1338 2446 temporibus
1370 2376 1658 2442 diceretur,
1706 2377 1852 2431 vide-

277 2475 345 2527 tis
377 2473 442 2526 ab
490 2471 620 2524 Isaia
652 2470 809 2524 istam
859 2471 1223 2526 tantummodo
1260 2472 1517 2535 nuntiari,
1548 2487 1665 2540 qua:
1696 2487 1853 2526 voca-

275 2563 423 2617 tione
451 2563 688 2632 gentium
718 2560 1024 2631 magisterio
1043 2559 1242 2614 Christi
1271 2562 1511 2615 docentis
1533 2571 1717 2616 exorta
1748 2572 1851 2617 est.

275 2652 430 2708 Unde
459 2653 731 2720 sequitur,
756 2661 804 2705 et
822 2651 1078 2722 judicabit
1105 2653 1233 2704 inter
1273 2653 1496 2706 medium
1541 2656 1783 2724 gentium,
1805 2663 1853 2707 et

271 2743 554 2814 increpabit
574 2743 788 2813 populos
821 2742 1038 2808 multos;
1068 2759 1201 2813 quos
1227 2759 1293 2798 ex
1328 2745 1533 2799 cunctis
1580 2746 1851 2815 cognatio-

273 2837 435 2890 nibus
465 2845 622 2891 terrze
666 2838 803 2890 intra
833 2850 991 2889 unam
1025 2835 1319 2891 Ecclesium
1369 2836 1622 2892 Dominus
1673 2849 1855 2895 noster

268 2927 563 2998 iudicando
585 2927 831 2993 instituit,
857 2938 908 2982 et
928 2928 1202 2998 arguendo
1231 2932 1514 2984 convertit.
1542 2929 1694 2998 Quod
1726 2947 1854 2986 vero

270 3021 370 3084 ait,
405 3020 666 3073 concident
689 3017 886 3089 gladios
915 3037 1033 3073 suos
1055 3023 1105 3074 in
1128 3033 1334 3089 aratra,
1374 3034 1418 3076 et
1440 3023 1638 3076 lanceas
1661 3040 1778 3076 suas
1801 3025 1854 3076 in

272 3110 461 3180 falces,
493 3109 616 3163 licet
647 3110 813 3178 possit
836 3110 901 3164 de
931 3124 1186 3179 corporea
1232 3122 1389 3167 aetate
1425 3113 1634 3168 Domini
1666 3114 1717 3168 in
1750 3130 1852 3184 qua

274 3218 380 3272 per
420 3203 601 3258 orbem
631 3202 866 3272 quietum
900 3204 1211 3259 inconcussa
1243 3222 1343 3274 pax
1383 3206 1584 3271 ﬂoruit,
1614 3208 1851 3277 aliquan-

272 3296 452 3365 tisper
481 3296 738 3366 intelligi,
773 3295 1070 3352 evidentius
1099 3298 1198 3352 hoc
1231 3309 1406 3355 tamen
1449 3276 1767 3356 Christianis
1799 3305 1858 3356 ti-
1885 3276 1933 3340 Ο

268 3391 490 3447 delibus
519 3400 818 3460 coaptatur,
848 3406 1071 3460 quorum
1094 3407 1214 3446 cum
1248 3393 1439 3462 majori
1471 3410 1693 3449 numero
1723 3396 1862 3450 desit

269 3499 336 3542 ac
365 3483 602 3540 defuerit
633 3497 780 3550 usus,
804 3498 961 3553 quem
985 3484 1038 3537 iii
1068 3486 1357 3554 perniciem
1387 3485 1618 3542 hominis
1659 3488 1860 3542 malitia

272 3576 469 3645 prima:
497 3575 789 3629 nativitatis
810 3584 1129 3642 armaverat,
1158 3578 1226 3631 ad
1258 3591 1382 3633 usus
1411 3579 1598 3633 salutis
1621 3580 1860 3634 vitalem-

270 3684 378 3738 que
412 3669 674 3723 culturam
702 3668 949 3723 nativitas
978 3668 1209 3724 secunda
1252 3680 1552 3724 convertat.
1581 3671 1713 3725 Nam
1736 3687 1856 3726 cum

271 3764 326 3816 in
385 3762 676 3832 Evangelio
717 3762 782 3817 de
825 3763 930 3816 fine
973 3761 1154 3817 steculi
1204 3763 1565 3831 praedicetur:
1611 3763 1858 3834 Exsurget

271 3871 397 3923 gms
425 3863 606 3908 contra
645 3863 862 3923 gentem,
889 3863 946 3907 et.
969 3871 1176 3925 regnum
1205 3865 1381 3908 contra
1426 3874 1632 3927 regnum
1662 3858 1852 3928 (Marc.

275 3963 389 4012 χιιι,
423 3947 479 4017 8)
514 3965 525 3999 :
565 3953 622 4001 et
648 3962 713 4001 ex
755 3947 884 4015 ipsis
914 3945 1178 4002 malorum
1201 3947 1409 4004 indiciis
1441 3950 1721 4007 imminere
1749 3954 1856 4021 jam

273 4057 413 4108 pene
447 4040 630 4095 mundi
683 4040 966 4094 terminum
995 4041 1335 4111 colligamus,
1379 4042 1479 4096 nisi
1526 4045 1665 4112 quod
1696 4059 1856 4114 supra

271 4134 380 4187 dixi
423 4133 494 4188 de
541 4132 818 4186 catholicis
869 4130 1160 4198 ﬁguraliter
1189 4133 1518 4201 accipiatur,
1567 4134 1745 4188 nescio
1803 4143 1862 4188 ut

272 4225 400 4295 quid
434 4232 560 4294 post
588 4222 769 4277 saeculi
796 4222 953 4276 tinem
980 4222 1205 4276 obtunsa
1230 4222 1454 4277 telorum
1483 4226 1622 4278 acies
1648 4224 1699 4276 in
1729 4224 1859 4292 ligo-

274 4332 368 4372 nes
414 4327 470 4373 et
518 4329 767 4371 vomeres
815 4326 1195 4369 comtnutetur.
1242 4313 1374 4368 lllud
1406 4328 1532 4369 vero
1581 4313 1720 4384 quod
1753 4315 1894 4368 im0‘

273 4409 529 4463 lectionis
557 4407 792 4475 jussistis
826 4406 1058 4475 adjnngi,
1087 4407 1134 4459 id
1158 4415 1263 4471 est,
1294 4409 1565 4476 requiescet
1586 4392 1858 4476 unusquis—~

238 4533 240 4535 -
270 4520 368 4570 qua
391 4502 486 4554 sub
516 4501 612 4553 rite
639 4516 730 4552 sua
756 4509 802 4553 et
823 4499 914 4551 sub
936 4499 1038 4566 ﬁcu
1064 4497 1181 4569 (III
1211 4496 1332 4568 Reg.
1364 4513 1438 4564 tv,
1473 4498 1586 4569 225),
1612 4515 1708 4552 nec
1739 4513 1858 4554 e~se

275 4595 325 4646 in
353 4593 552 4648 eadem
588 4588 843 4655 lectione;
888 4605 987 4643 nec
1013 4589 1079 4643 ad
1105 4606 1318 4644 causam
1350 4589 1415 4643 de
1457 4606 1556 4655 qua
1584 4591 1856 4644 consului-

273 4688 371 4737 stis
399 4697 637 4752 suggero
666 4679 952 4748 pertinere.
985 4679 1132 4745 Quod
1172 4690 1349 4733 tamen
1379 4680 1708 4749 temporibus
1748 4682 1872 4750 pri-'

275 4774 382 4826 scis
412 4772 728 4827 Judte'orum
759 4770 974 4838 populo,
1005 4769 1177 4824 meriti
1224 4771 1524 4826 alternante
1568 4771 1818 4827 distantia
1843 4815 1858 4839 ,

277 4869 619 4936 frequenter,
649 4873 736 4917 aut
761 4878 855 4932 pro
891 4865 1092 4932 peccati
1119 4865 1490 4920 emendatione
1523 4853 1904 4933 concessum,’

278 4971 365 5012 aut
398 4973 618 5013 rursum
649 4973 744 5027 pro
775 4957 1172 5013 succedentium
1211 4958 1486 5028 culparum
1517 4959 1866 5029 castigatione

277 5054 558 5108 sublatum
590 5062 689 5106 est.
1805 5037 1816 5044 ’

351 5331 377 5356 a
418 5319 656 5374 Verbum
692 5317 895 5370 Domini
930 5330 1024 5384 pro
1051 5316 1158 5369 Deo
1190 5314 1362 5370 Verbo
1389 5317 1553 5371 sumit
1584 5335 1598 5371 :
1631 5333 1748 5384 quas
1779 5318 1861 5372 in-

280 5391 607 5457 terpretatio
639 5388 705 5441 ab
739 5388 908 5441 Esaia:
941 5402 1101 5440 sensu
1133 5389 1232 5440 hoc
1259 5387 1376 5440 loco
1421 5388 1590 5440 aliena
1620 5399 1720 5449 est.
1747 5397 1802 5442 et
1833 5404 1861 5440 a

279 5462 633 5534 Theodoreto
677 5468 874 5534 nostro
906 5457 1182 5534 refellitur.
1232 5458 1391 5534 Λόγον.
1433 5458 1770 5534 γὰρ-έᾲνταῦθᾳ
1808 5461 1864 5513 οὐ

279 5534 446 5603 Λόγον
476 5531 600 5583 Θεὸν
622 5529 776 5587 καλεῖ,
802 5529 922 5582 ἀλλὰ
951 5535 1037 5586 τήν
1063 5535 1150 5581 τοῦ
1177 5536 1302 5582 Θεοῦ
1328 5529 1866 5603 Λόγουξδιδασκαλὶαν.

281 5600 485 5675 Οὑῄάρ
513 5602 539 5654 ὁ
568 5603 689 5658 Θεὸς
719 5601 869 5675 Λὸγτίς
898 5602 951 5652 ἐκ
986 5603 1102 5675 Σιίξιν
1127 5601 1424 5662 ἐξελήλυθεν,
1457 5600 1619 5675 ὲν
1645 5610 1715 5670 τῷ
1747 5606 1868 5656 Σιὼν

281 5682 372 5730 τήν
390 5669 629 5729 aii-liam»
651 5669 1018 5734 ἐξεπάίδευσεν.
1047 5669 1336 5722 Sermonem
1370 5671 1496 5721 enim
1530 5670 1621 5721 Itur
1649 5669 1760 5724 luco
1783 5689 1868 5724 ro-

283 5754 387 5802 σαι,
415 5758 522 5794 non
561 5740 718 5793 Deum
755 5735 990 5796 Verbum,
1015 5740 1100 5791 sed
1125 5739 1217 5792 Dei
1253 5740 1396 5792 Verbi
1429 5742 1728 5793 doctrinam.
1765 5741 1867 5795 Ne-

282 5825 382 5878 que
403 5815 547 5863 enim
576 5826 636 5862 ea:
659 5809 785 5864 Sion
818 5810 962 5864 exivit
1001 5809 1132 5862 Deus
1169 5811 1408 5866 Verbum.
1436 5811 1520 5862 sed
1547 5814 1594 5861 in
1629 5812 1752 5864 Sion
1779 5829 1865 5865 rc~

285 5881 502 5932 ritatem
534 5879 722 5934 docuit.

1889 4641 1946 4704 D

1957 2018 2084 2063 ctat.
2118 2010 2381 2065 Redeunti
2410 2011 2568 2080 igitur
2596 2011 2725 2066 mihi
2754 2013 2818 2065 de
2858 2027 2924 2066 eo
2949 2012 3090 2081 quod
3123 2013 3292 2067 nostis
3318 2014 3524 2080 itinere,

1957 2113 2056 2152 nec
2105 2100 2304 2168 aliquid
2339 2101 2553 2154 interim
2603 2101 2670 2154 de
2717 2100 3024 2170 hujusmodi
3081 2105 3533 2173 propositionibus

1953 2190 2218 2259 opinanti,
2248 2191 2504 2262 quidquid
2552 2207 2646 2262 per
2697 2193 3148 2260 implicatissimos
3177 2199 3529 2266 qumstionum

1955 2283 2294 2339 mendacium
2336 2284 2507 2340 nodos
2537 2285 2694 2355 longo
2725 2287 2901 2355 spatio
2944 2302 3104 2357 sagax
3143 2289 3404 2344 industria
3434 2307 3528 2360 per

1958 2379 2054 2430 luit
2075 2391 2248 2442 arare,
2279 2387 2606 2431 commotum
2637 2388 2740 2432 est.
2769 2377 2962 2432 Fervet
2988 2380 3197 2436 validus
3223 2383 3426 2450 prolixa
3447 2384 3530 2438 di-

1958 2471 2263 2539 sputatione
2298 2479 2554 2525 tractatus
2589 2490 2600 2523 :
2637 2471 2872 2539 placidus
2903 2484 3100 2538 tamen,
3148 2490 3247 2530 nec
3276 2476 3476 2546 aliquid
3499 2493 3530 2532 a

1959 2562 2246 2630 supercilio
2269 2560 2580 2616 dominandi
2615 2563 2936 2618 turbulente
2957 2567 3335 2621 commotionis
3361 2569 3526 2623 inter-

1957 2671 2172 2720 serens;
2204 2657 2296 2711 sed
2326 2657 2533 2712 curavit
2562 2657 2829 2724 consulte,
2855 2657 3190 2712 necessitatis
3216 2662 3531 2728 opportuni-

1961 2759 2068 2806 tate
2099 2750 2309 2819 provisa
2339 2760 2392 2805 et
2422 2753 2522 2816 rei,
2549 2758 2604 2803 ut
2629 2751 2931 2820 quicunque
2965 2751 3319 2805 contentionis
3345 2750 3535 2807 fuisset

1958 2850 2200 2906 eventus,
2233 2857 2332 2896 nec
2363 2851 2669 2910 superatum
2701 2850 2972 2910 pateretur
3014 2841 3352 2897 erubescere.
3393 2843 3531 2912 Quid

1958 2933 2169 2987 multis?
2192 2933 2308 2988 sine
2333 2934 2586 3001 jaCtantia
2617 2934 2767 2988 vobis
2799 2934 2963 2988 libere
2983 2933 3122 2999 dico,
3150 2935 3214 2989 ad
3241 2939 3532 3006 proposita,

1957 3035 2214 3095 quantum
2249 3025 2376 3079 mihi
2401 3026 2624 3090 videtur,
2652 3024 2795 3095 quod
2829 3025 2872 3078 si
2906 3026 3194 3082 audissetis
3222 3029 3392 3098 potuit
3421 3031 3534 3100 pla-

1957 3130 2084 3170 cere
2114 3126 2420 3185 suggestum
2444 3126 2548 3170 est.
2579 3116 2730 3184 Quod
2756 3130 2887 3171 sane
2907 3131 3099 3172 vereor
3126 3119 3394 3174 audientis
3416 3123 3533 3191 plus

1955 3207 2158 3277 judicio
2203 3207 2512 3263 satisfacere
2546 3223 2704 3277 quam
2733 3208 2912 3262 studio
2950 3203 3384 3277 placuisseT’Sed
3408 3228 3530 3268 cum

1966 3299 2305 3369 prasentiam
2358 3309 2616 3366 vestram,
2651 3299 2760 3353 Deo
2798 3299 3079 3370 largiente,
3129 3316 3397 3368 meruero,
3437 3317 3535 3372 per

1965 3407 2049 3447 me
2075 3392 2268 3446 seriem
2292 3392 2454 3446 totius
2474 3391 2838 3446 altercationis
2859 3405 3142 3460 exponam.
3177 3392 3394 3448 Interim
3420 3409 3535 3451 ser-

1963 3487 2136 3539 monis
2159 3499 2373 3538 cursum
2405 3484 2473 3538 tle
2503 3484 2607 3538 ﬁne
2633 3481 2887 3551 colligite,
2910 3492 2964 3538 et
2994 3499 3058 3537 ex
3098 3499 3163 3538 eo
3192 3485 3331 3554 quod
3355 3487 3534 3544 disce-

1963 3581 2109 3637 denti
2139 3580 2268 3636 mihi
2291 3583 2566 3651 prmcepit,
2607 3591 2784 3636 utrum
2823 3581 2889 3636 ad
2920 3596 3175 3650 responsa
3216 3593 3390 3636 motus
3420 3581 3536 3638 fue-

1961 3673 2030 3726 rit
2053 3673 2334 3726 aestimate.
2363 3671 2530 3728 Jussit
2557 3686 2808 3741 namque,
2841 3682 2897 3726 ut
2922 3670 3274 3742 quodcunque
3293 3672 3360 3726 de
3387 3671 3536 3727 Scli-

1961 3765 2130 3834 pturis
2178 3764 2375 3819 nostris
2417 3764 2778 3819 testimonium
2825 3763 2891 3818 ad
2925 3765 3252 3834 interrogata
3296 3763 3536 3832 protule-

1961 3871 2095 3921 ram,
2123 3872 2217 3912 seu
2247 3857 2290 3911 si
2317 3858 2451 3911 forte
2478 3846 2800 3912 oecurrisset
2823 3865 2875 3910 et
2897 3855 3063 3923 aliud,
3089 3855 3155 3908 ad
3183 3855 3387 3925 singula
3413 3870 3534 3925 quae

1962 3957 2204 4018 tempore
2228 3949 2600 4004 collocationis
2631 3959 2958 4018 aptaveram,
2988 3945 3274 4003 subnotata
3305 3949 3353 4003 ei
3394 3949 3538 4003 ordi-

1962 4052 2190 4109 nataque
2229 4041 2668 4095 transmitterem.
2712 4039 2864 4104 Quod
2904 4055 3024 4094 cum
3067 4040 3169 4094 sibi
3206 4055 3268 4094 ex
3309 4040 3537 4094 maxima

1966 4144 2116 4202 parte
2139 4133 2509 4201 pronuntiaret
2531 4131 2881 4198 incognitum,
2906 4130 3102 4196 adjecit
3128 4129 3439 4196 simpliciter
3459 4130 3538 4182 sic

1965 4225 2224 4293 scriptum
2252 4222 2520 4276 misissem
2551 4219 2702 4291 [forte
2725 4218 2957 4288 misisse]
2991 4216 3381 4281 sacerdotibus,
3432 4219 3540 4272 itno

1967 4317 2134 4390 magis
2160 4313 2553 4378 seductoribus,
2587 4319 2643 4365 ut
2666 4309 2839 4364 adhuc
2876 4309 3055 4362 verius
3101 4307 3342 4362 dicamus
3369 4317 3539 4362 secta-

1969 4406 2168 4460 toribus
2211 4404 2341 4459 suis.
2396 4401 2544 4458 Unde
2583 4400 2856 4471 conjicere
2899 4399 3069 4467 pietas
3112 4406 3286 4453 vestra
3328 4408 3535 4468 potest,

1965 4513 2263 4568 quanquam
2298 4498 2499 4552 intento
2544 4493 2961 4558 contradictori,
3007 4503 3184 4547 tamen
3216 4492 3419 4548 arbitro
3447 4508 3536 4550 sa-

1968 4590 2157 4659 pienti,
2188 4605 2291 4643 non
2344 4589 2570 4643 invalida
2600 4588 2681 4642 vel
2729 4587 2932 4656 absque
2961 4586 3161 4641 viribus
3211 4586 3321 4640 visa
3351 4587 3540 4655 quibus

1969 4683 2318 4740 intentionem
2357 4695 2600 4746 suorum,
2632 4680 2731 4736 etsi
2770 4695 2872 4734 non
2905 4687 3052 4748 optat
3091 4679 3305 4747 corrigi,
3333 4678 3542 4735 deside-

1970 4787 2050 4828 rat
2088 4774 2320 4846 l‘atigari.
2348 4775 2457 4844 Ego
2486 4784 2687 4837 autem,
2723 4773 2846 4827 licet
2882 4772 3076 4838 sciens,
3105 4781 3360 4841 quantum
3389 4779 3543 4841 pote-

1971 4869 2194 4923 statibus
2227 4869 2405 4922 divino
2447 4867 2846 4936 quoquejussu,
2886 4864 3195 4935 frequenter
3225 4874 3279 4922 et
3306 4867 3540 4937 regibus,

1973 4977 2070 5030 pro
2098 4961 2320 5014 veritate
2349 4974 2453 5012 non
2482 4958 2708 5022 ceditur,
2755 4967 2930 5010 utrum
2970 4972 3212 5026 parerem
3241 4957 3332 5011 diu
3354 4957 3544 5010 dubius

1974 5051 2227 5109 ﬂuctuavi
2263 5067 2277 5104 :
2316 5049 2518 5111 sciens,
2577 5057 2724 5104 certe
2771 5048 2998 5102 hominis
3043 5050 3276 5104 animum
3331 5049 3543 5111 timens,

2042 5315 2066 5352 ι)
2092 5315 2186 5369 Hic
2221 5330 2354 5369 unus
2383 5325 2462 5369 est
2510 5331 2574 5370 ex
2614 5316 2717 5369 illis
2744 5315 2966 5384 dialogis
3011 5323 3064 5386 et
3101 5306 3546 5386 cei-iocutionibus

1968 5402 2101 5457 quas
2130 5402 2251 5441 cum
2275 5400 2405 5457 rege
2440 5385 2774 5441 Gundobado
2803 5380 3166 5457 frequentatae
3201 5381 3267 5433 ab
3299 5380 3452 5430 Avito
3478 5393 3543 5433 ex

1969 5452 2240 5526 Agobardi
2283 5452 2458 5512 verbis
2497 5456 2802 5528 didicimus.
2833 5455 3059 5509 Fiebant
3090 5452 3172 5503 hae
3212 5463 3374 5528 porro
3403 5464 3544 5505 nunc

1976 5544 2096 5583 cum
2124 5543 2251 5597 rege
2293 5528 2427 5596 ipso,
2459 5543 2599 5580 nunc
2643 5527 2735 5580 illo
2766 5531 3028 5597 praesente
3059 5535 3181 5597 cum
3221 5527 3337 5597 ejus
3367 5534 3548 5575 sacer;

1974 5589 2430 5654 dotibustrianis
2455 5597 2740 5667 episcopis,
2767 5589 2828 5667 'ut
2855 5593 2956 5646 hoc
2983 5591 3120 5667 loco.
3144 5589 3257 5657 Qua
3285 5589 3351 5667 de
3375 5606 3431 5667 re
3452 5608 3548 5646 au-

1977 5680 2080 5743 tem
2128 5671 2365 5743 inStituta
2413 5661 2578 5743 _t'uérit
2620 5661 2734 5743 hinc
2772 5662 3058 5743 disputatio
3102 5675 3208 5715 non
3261 5661 3546 5732 signiﬁcat.

1977 5742 2145 5795 Pauca
2198 5741 2340 5794 enim
2396 5739 2464 5792 de
2501 5739 2860 5790 contentionis
2906 5739 3052 5785 exitu
3096 5747 3549 5788 commemorasse

1974 5819 2280 5873 contentus,
2307 5809 2466 5863 totius
2495 5801 2856 5858 altercationis
2881 5803 3076 5857 seriem
3097 5817 3296 5866 coram,
3331 5819 3452 5856 cum
3483 5803 3550 5858 ad

1975 5880 2372 5948 Sigismundum
2403 5874 2627 5934 venerit,
2659 5873 3019 5938 expositurum
3047 5888 3105 5928 se
3129 5875 3404 5945 protnittit.
