4092 6350
1166 344 1192 369 δ
1216 331 1266 377 ιτῆ
1308 364 1331 385 η.
1408 364 1416 371 .

552 368 658 428 389

1792 366 1847 423 S.
1890 363 2073 421 AVITI
2114 360 2517 421 VIENNENSIS

3704 357 3813 415 210

557 497 825 554 nunquam
867 496 953 538 me
992 496 1087 552 per
1117 492 1230 536 uase
1258 480 1678 543 satisfacturum,
1710 493 1809 533 nec
1838 481 2016 533 minus
2058 477 2125 531 ab
2152 479 2207 540 Α
2231 478 2408 550 pendo
2441 475 2733 547 gratiarum
2766 481 2909 538 vota,
2949 486 3041 540 per
3087 486 3244 541 quem
3286 472 3350 526 ad
3383 487 3602 526 munera
3632 485 3817 541 perve-

559 592 621 634 eo
659 575 971 642 cavendum,
1003 587 1158 643 quam
1203 572 1268 626 ab
1315 573 1488 637 hoste,
1534 573 1660 625 dum
1712 571 1937 625 adversa
1987 568 2131 624 acies

560 668 678 723 odia
702 667 898 736 privata
925 663 1131 733 publica
1152 663 1431 718 obsidione
1455 662 1771 719 circumdat.
1797 662 1865 715 At
1888 675 1993 729 quo
2017 658 2134 713 Deo

561 769 843 831 praestante
872 757 1104 827 polletis,
1138 756 1348 825 fastigio
1389 757 1660 821 culminis,
1693 755 1872 811 studio
1914 752 2133 822 religio-

562 850 664 913 nis,
710 847 983 918 privilegio
1024 847 1377 911 auctoritatis,
1408 848 1656 901 vallatam
1705 846 1870 899 muris
1917 845 2132 897 discor-

559 942 698 992 d'am
742 938 1076 1007 propulsate;
1123 946 1177 990 et
1215 936 1439 991 furentia
1484 941 1536 991 in
1584 938 1794 999 castris,
1843 936 1986 989 velut
2038 947 2133 1002 per

556 1045 775 1099 campos
820 1016 1133 1092 Emathiis,
1167 1028 1283 1097 plus
1331 1045 1487 1098 quam
1535 1028 1711 1082 civilia
1747 1028 1883 1081 bella
1929 1026 2137 1094 disper-

558 1123 684 1187 gite.
714 1120 849 1187 Quia
878 1134 998 1173 cum
1022 1119 1129 1187 jam
1153 1120 1349 1172 dudum
1380 1121 1547 1172 simus
1576 1118 1807 1185 pondere
1829 1117 2126 1185 duplicato,

562 1223 617 1268 et
643 1214 964 1266 clamantum
990 1212 1345 1280 querimonia,
1370 1219 1425 1265 et
1455 1227 1559 1264 nou
1584 1210 1908 1264 audientium
1940 1206 2136 1261 duritia

566 1305 803 1374 fatigati;
850 1318 1060 1371 mquum
1102 1312 1207 1366 est,
1250 1305 1292 1356 si
1326 1303 1637 1373 dignamini,
1673 1309 1901 1355 vestram
1930 1313 2140 1367 quoque

568 1397 935 1461 severitatem,
962 1404 1053 1448 aut
1080 1396 1189 1450 illic
1216 1396 1536 1465 castigandis
1582 1394 1883 1457 consulere,
1929 1400 2020 1445 aut
2055 1389 2142 1444 hic

571 1489 1007 1545 erubescentibus
1035 1488 1341 1543 eondolere.

1094 1578 1417 1633 EPISTOLA
1456 1577 1618 1632 XXII.

740 1684 935 1725 AVITUS
966 1684 1268 1723 VIENNENSIS
1301 1682 1573 1721 EPISCOPUS
1600 1678 1623 1703 ⁸
1656 1680 1961 1720 APOLLINARI

1150 1753 1563 1793 ILLUSTRISSIMO.

2238 577 2450 634 nerunt,
2496 584 2601 623 non
2633 566 2945 637 quantitatis
2976 566 3180 635 pretiis,
3231 565 3325 619 sed
3369 565 3554 618 salutis
3582 564 3817 631 praemiis

2238 662 2571 718 aestimanda.
2622 658 2842 714 Ditastis
2873 672 3101 725 namque
3144 656 3578 711 sanclilicationis
3622 656 3814 723 opibus

2240 754 2548 823 pauperiem
2582 751 2725 805 orbis
2748 750 2993 816 extremi,
3023 757 3076 803 et
3101 749 3480 803 obscuritatem
3512 747 3642 799 stilis
3671 746 3813 802 occi-

2239 846 2329 902 dui
2369 845 2687 915 participato
2714 842 2991 897 nobiscum
3024 840 3205 909 fulgidi
3242 848 3388 892 ortus
3418 838 3617 892 lumine
3642 839 3814 891 conti-

2240 938 2412 1007 gistis.
2446 934 2623 989 Tersit
2648 948 2676 987 a
2710 933 3000 1002 provinciis
3029 931 3227 985 nostris
3255 929 3517 999 torpentis
3540 930 3811 998 religionis

2241 1029 2537 1099 rubiginem
2570 1027 2782 1081 claritas
2805 1025 2930 1079 doni
2964 1042 2976 1078 :
3009 1040 3127 1092 quae
3160 1022 3283 1077 boni
3303 1036 3517 1090 semper
3547 1022 3812 1075 currentis

2241 1123 2470 1191 irriguo,
2498 1118 2654 1173 [idem
2680 1128 2913 1172 nostram
2936 1114 3384 1183 contemplatione
3411 1114 3687 1167 munerata
3709 1122 3807 1182 est,

2242 1228 2361 1267 cum
2404 1210 2683 1281 patefactis
2728 1224 2758 1263 a
2805 1210 3003 1278 pietate
3029 1217 3203 1262 vestra
3249 1206 3609 1275 penetralibus
3655 1208 3815 1263 coale-

2243 1305 2401 1360 stium
2419 1304 2812 1365 thesaurorum,
2843 1298 3099 1370 quidquid
3140 1298 3385 1353 catholici
3413 1298 3635 1353 credere
3662 1299 3813 1367 jube-

2245 1411 2365 1449 mur
2386 1396 2735 1465 inspeximus.
2760 1392 2919 1447 Orate
2945 1390 3084 1461 quod
3112 1399 3376 1459 superest,
3412 1399 3469 1443 ut
3499 1389 3671 1460 dignis
3694 1392 3815 1447 talia

2248 1487 2544 1543 miseritis:
2580 1484 2953 1541 commendate
3004 1498 3100 1537 nos
3144 1483 3434 1553 mysteriis,
3493 1498 3612 1551 qua:
3670 1485 3817 1538 nobis

2247 1580 2583 1635 committere
2625 1578 2874 1635 duxistis.
2911 1575 3229 1631 Edificctur
3261 1575 3341 1627 Itis
3372 1573 3586 1627 devotio
3616 1582 3815 1637 nostra,

2249 1675 2393 1745 regio
2417 1672 2734 1728 defendatur
2768 1689 2779 1722 :
2814 1678 2873 1723 ut
2908 1668 3111 1723 indulto
3142 1666 3294 1721 nobis
3315 1666 3536 1735 pignore
3576 1665 3813 1729 salutari,

2247 1780 2380 1837 quos
2431 1762 2699 1818 terrestris
2749 1760 3137 1829 Hierosolyma:
3194 1772 3295 1811 non
3356 1758 3639 1812 censuistis
3688 1756 3817 1809 indi-

644 1850 794 1905 Feeit
822 1850 992 1918 pietas
1030 1858 1206 1903 vestra
1236 1865 1350 1903 rem
1391 1850 1695 1914 sollicitam,
1731 1848 2141 1903 sollicitudinem
2172 1847 2221 1909 Β
2247 1872 2400 1929 gnos,
2441 1869 2685 1910 superna!
2736 1869 2765 1907 a
2810 1852 3045 1908 caelestis
3092 1850 3393 1905 habitaequ
3432 1849 3667 1904 reddatis
3709 1849 3819 1903 ido-

571 1951 676 1996 tam
717 1941 1039 2012 porrigendo
1084 1942 1151 1996 de
1198 1942 1373 2008 nobis,
1405 1955 1564 2011 quam
1605 1942 1671 1995 de
1714 1942 1865 1996 vobis
1902 1952 2142 1996 nostram

570 2032 860 2088 credendo.
891 2032 1022 2086 Nam
1045 2048 1229 2087 revera
1263 2035 1447 2087 nuntio
1486 2034 1648 2087 vestri
1687 2034 1956 2089 discessus
1994 2049 2147 2090 acce-

572 2134 683 2193 pto,
710 2124 762 2177 in
788 2139 996 2178 summo
1019 2135 1163 2179 metu
1194 2125 1548 2194 trepidatione
1588 2127 1997 2193 perpendimus:
2027 2126 2149 2194 quia

571 2215 726 2270 nobis
774 2214 1001 2271 diversis
1057 2215 1257 2271 nuntiis
1298 2216 1607 2283 dicebatur,
1666 2230 1760 2270 vos
1810 2216 2147 2271 dominorum

571 2310 760 2378 quibus
800 2310 1101 2364 observatis
1145 2310 1338 2373 accitu,
1377 2320 1601 2363 cunctos
1634 2310 1832 2377 pariter
1879 2316 2147 2364 evocatos.

571 2403 725 2458 Unde
757 2401 985 2457 faciebat
1010 2403 1111 2457 hoc
1142 2417 1382 2456 meorum
1420 2403 1748 2456 conscientia
1778 2412 2144 2471 peccatorum,

573 2505 631 2549 ut
655 2505 909 2564 quantum
953 2494 1086 2548 mihi
1122 2496 1404 2565 pauciores
1454 2504 1839 2557 remanserant,
1874 2502 2020 2548 tanto
2064 2494 2147 2548 in-

575 2586 867 2653 telligerem
909 2586 1309 2640 remanentibus
1352 2586 1471 2654 plus
1508 2586 1823 2640 timendum.
1878 2585 1983 2640 Sed
2039 2584 2149 2640 Deo

571 2682 785 2751 gratias,
841 2682 929 2746 qui
974 2695 1234 2750 prospero
1296 2681 1491 2745 reditu,
1542 2682 1592 2733 in
1635 2680 1870 2733 laetitiam
1911 2687 2144 2739 vestros,

572 2788 775 2841 vosque
816 2773 1085 2826 revocavit
1122 2773 1174 2825 in
1215 2775 1458 2840 patriam.
1484 2772 1672 2825 Servet
1713 2773 1959 2824 Christus
1988 2771 2147 2836 hanc,

573 2864 717 2934 quod
759 2871 1026 2933 superest,
1073 2864 1351 2918 desideriis
1401 2865 1770 2918 communibus
1826 2865 2146 2930 libertatem,

573 2967 630 3012 ut
659 2957 813 3011 nobis
852 2964 907 3011 et
935 2957 1201 3011 consolari
1254 2959 1550 3012 absentiam
1596 2966 1824 3011 vestram
1867 2958 1938 3012 sit
1977 2948 2149 3027 posSi-

548 3050 701 3115 bile,
726 3059 781 3104 et
800 3048 866 3102 ad
898 3050 1235 3116 praesentiam
1266 3050 1565 3123 pervenire.

1089 3140 1414 3196 EPISTOLA
1453 3139 1641 3194 XXIII.

2252 1964 2401 2004 "eos.
2747 2034 3077 2091 EPISTOLA
3114 2033 3302 2088 XXIV.

2312 2148 2499 2189 AVITUS
2518 2144 2821 2187 VIENNENSIS
2846 2144 3115 2185 EPISCOPUS
3142 2139 3164 2167 θ
3194 2144 3462 2184 ετενηλκο
3495 2143 3750 2184 EPISCOPO.

2322 2226 2620 2294 Quamlibet
2646 2226 2860 2279 attentis
2900 2226 3121 2278 culturae
3162 2222 3445 2277 dominica:
3479 2223 3709 2283 famulis,
3739 2222 3825 2276 in-

2252 2330 2336 2377 ter
2363 2321 2571 2374 assidua
2602 2317 2874 2389 plautaudi
2904 2315 3099 2381 studia,
3132 2328 3345 2384 semper
3374 2314 3533 2368 etiam
3558 2329 3674 2381 quae
3699 2326 3825 2367 suc-

2252 2414 2356 2471 cidi
2389 2412 2634 2483 expediat
2674 2411 2938 2465 oriuntur.
2975 2409 3115 2476 Ergo
3155 2408 3461 2476 perjugibus
3508 2404 3824 2471 sollicitudi-

2252 2506 2334 2559 nis
2360 2513 2553 2559 vestrte
2578 2502 2769 2556 studiis
2796 2499 3311 2569 opportunissimum
3344 2498 3433 2567 liis,
3454 2498 3705 2565 cperihus
3733 2511 3823 2550 ae-

2251 2598 2525 2668 quirendm
2552 2595 2739 2650 salutis
2771 2593 2925 2647 fenus
2971 2592 3250 2649 accrescit.
3291 2592 3397 2647 Sed
3424 2590 3449 2628 ά
3475 2593 3612 2646 inter
3640 2592 3824 2646 lolium

2252 2690 2435 2747 Ariani
2475 2688 2753 2759 germinis,
2802 2700 3083 2741 numerosa
3133 2686 3273 2755 quod
3322 2686 3471 2755 pejus
3516 2694 3599 2739 est
3643 2700 3825 2739 eorru-

2252 2781 2434 2852 ptioue
2461 2779 2731 2841 diffusum,
2775 2776 3040 2845 conjicere
3092 2790 3318 2844 nequeo,
3345 2776 3486 2830 unde
3518 2791 3636 2829 sese
3661 2776 3825 2830 facies

2254 2874 2474 2927 seminis
2503 2871 2725 2935 inimici,
2770 2884 2877 2923 non
2917 2868 3132 2936 quidem
3180 2883 3337 2933 nova,
3385 2868 3476 2922 sed
3510 2868 3642 2921 satis
3676 2883 3822 2935 rara,

2255 2964 2655 3025 monstraverit,
2684 2961 2802 3031 quis
2833 2960 3185 3015 transmarina
3229 2959 3472 3029 contagia
3505 2960 3619 3014 orbi
3661 2960 3829 3014 nitido

2256 3066 2450 3108 ventus
2481 3053 2734 3107 attulerit.
2770 3051 2874 3106 Sed
2900 3051 3009 3106 Deo
3035 3052 3364 3120 gubernante
3388 3065 3504 3113 vos,
3531 3050 3678 3105 nullo
3700 3051 3829 3105 fulta

2255 3146 2533 3213 solamine,
2566 3159 2750 3213 parum
2782 3145 2926 3198 labes
2956 3145 3054 3198 ista
3081 3145 3362 3199 metuenda
3390 3153 3491 3197 est.
3521 3143 3635 3199 Non
3670 3144 3831 3200 habet

573 3250 759 3289 unus
788 3250 1090 3289 vrsazveusrs
1132 3232 1608 3288 EPISCOPUSbPAPrl-S
1639 3235 2144 3292 HIEBOSOLYMITANO.
2177 3215 2222 3279 C
2255 3240 2319 3295 de
2343 3237 2681 3293 multitudine
2713 3245 3000 3305 tempestas
3025 3237 3342 3306 profectum,
3376 3252 3474 3292 nec
3506 3238 3682 3292 tenuis
3706 3253 3831 3307 per-

644 3325 877 3379 Exercet
906 3326 1235 3394 apostolatus
1262 3334 1439 3380 vester
1468 3340 1758 3381 concessos
1786 3342 1815 3379 a
1860 3326 2146 3383 Divinitate

573 3419 850 3487 primatus,
901 3426 955 3471 et
1000 3418 1140 3488 quod
1192 3420 1483 3487 principem
1536 3420 1709 3474 locum
1754 3419 1805 3473 iu
1857 3421 2147 3476 universali

552 3510 819 3565 Ecclesia
861 3519 1060 3574 teneat,
1101 3527 1205 3566 non
1246 3511 1539 3581 privilegiis
1579 3512 1748 3567 solum
1781 3512 1958 3585 studet
1988 3528 2144 3569 mon-

572 3610 765 3667 strare,
798 3600 890 3656 sed
913 3602 1135 3657 meritis.
1166 3603 1331 3656 Ornat
1360 3604 1559 3671 pariter
1586 3604 1753 3674 legem
1787 3613 2021 3658 nostram
2050 3621 2144 3661 ca-

571 3696 759 3750 thedra
790 3707 986 3762 vestra,
1015 3697 1431 3766 cathedramque
1473 3713 1717 3766 persona.
1755 3698 1905 3754 Unde
1932 3701 2137 3769 obliga-

572 3797 657 3842 tus
678 3788 969 3856 dignationi
999 3797 1191 3843 vestrae.
1220 3789 1399 3844 debito
1428 3791 1703 3859 largitatis,
1734 3807 1827 3861 per
1849 3792 2021 3863 ipsum
2054 3794 2146 3849 de-

643 3930 670 3958 ι
693 3918 1113 3995 Huicjungenda
1140 3928 1239 3995 gest
1264 3921 1518 3995 episttll/t
1548 3921 1612 3975 ad
1649 3922 1916 3995 eumdem,
1944 3934 2002 3978 ut
2030 3926 2144 3995 ορί-

573 4008 689 4053 nor,
730 3991 1089 4058 Apollinarem
1135 3990 1339 4044 Sidonii
1381 3993 1544 4045 lilium
1575 3994 1790 4060 scripta,
1827 3997 2034 4050 tametsi
2065 3990 2145 4051 vir

573 4062 792 4116 illustris
826 4062 878 4113 in
911 4074 975 4114 ea
1004 4070 1358 4128 nuncupetur,
1390 4061 1441 4115 in
1475 4062 1571 4115 hac
1603 4063 2015 4119 illustrissimus.
2048 4067 2146 4121 Pa-

574 4132 761 4185 rebant
801 4141 979 4203 autem
1006 4132 1241 4203 ‘Arverni
1288 4131 1388 4184 hoc
1420 4142 1657 4200 tempore
1684 4134 2018 4203 Wisigothis,
2052 4152 2146 4192 eo-

574 4217 797 4274 rumque
826 4202 931 4274 regi
953 4200 1189 4269 Alarico,
1216 4203 1323 4255 lilio
1350 4203 1547 4274 Enrici,
1579 4206 1663 4258 cui
1686 4200 1850 4259 dediti
1880 4222 1909 4259 a
1940 4205 2143 4274 Nepote

573 4273 810 4344 Augusto
842 4272 1058 4344 fuerant
1078 4288 1143 4326 ex
1176 4274 1398 4344 irridere.
1433 4273 1639 4327 Domitii
1673 4290 1800 4341 ergo
1828 4272 2034 4344 quibus
2049 4278 2146 4332 ob-

573 4340 1018 4415 servabant,_ltoc_
1048 4342 1163 4395 loco
1194 4342 1496 4415 Wisigothi,
1535 4361 1629 4411 pro
1657 4340 1859 4413 quibus
1882 4358 1934 4400 et
1966 4347 2017 4400 in
2049 4362 2144 4415 pu-

575 4408 1045 4481 gna‘Vocladensi,
1076 4426 1195 4463 cum
1226 4428 1253 4463 a
1281 4408 1549 4466 Clbtloveo
1574 4408 1743 4467 caesus
1767 4427 1848 4467 est
1875 4408 2142 4481 Alaric'us,

577 4477 860 4551 dimicasse
882 4480 1277 4551 eumArvernis
1302 4482 1410 4551 suis
1435 4481 1624 4534 ducem
1652 4485 2037 4551 Apollinarem,
2071 4477 2145 4541 te;

576 4548 671 4599 stis
698 4556 781 4600 est
806 4546 1092 4613 Gregorius
1118 4548 1463 4603 Turonensis.

646 4615 671 4653 b
696 4616 893 4692 Illelirc,
920 4617 1007 4692 qui
1032 4617 1189 4671 fEliae
1219 4619 1362 4672 urbis
1390 4619 1612 4674 antistes
1643 4620 1816 4675 dictus
1844 4623 1892 4675 in
1924 4624 2145 4692 epistola

576 4687 661 4762 l_8.
687 4687 897 4762 Cratias
921 4686 1041 4762 huic
1064 4692 1173 4762 agit
1193 4704 1289 4762 pro
1318 4700 1537 4757 accepto
1569 4706 1789 4747 munere
1814 4686 2139 4762 quod-supe-

576 4757 806 4811 rioribus
849 4755 1042 4812 litteris
1072 4755 1339 4813 ambiebat
1372 4777 1383 4812 :
1422 4755 1516 4827 pro
1546 4776 1713 4816 sacra:
1745 4755 1990 4818 nimirum
2017 4755 2141 4820 eru-

574 4828 650 4881 cis
675 4827 1098 4905 _partieula,_non
1124 4831 1374 4905 _mole,_ut
1406 4831 1609 4905 inquit,
1630 4833 1723 4887 sed
1748 4835 1935 4889 salutis
1966 4839 2135 4905 pretio

573 4897 905 4973 aestimanda.
935 4898 1025 4973 Sic
1044 4901 1193 4973 enim
1217 4910 1269 4953 et
1294 4897 1545 4955 Paulinus
1570 4902 1802 4957 Nolanus
1823 4897 2044 4973 epistola
2077 4908 2137 4963 15

572 4967 791 5045 οιηιιλῳ
811 4969 982 5045 crucis
1008 4969 1245 5038 ejusdem
1280 4973 1535 5045 particula
1566 4990 1723 5041 quam
1755 4967 2137 5045 Hierosolymis

572 5053 670 5103 per
692 5036 972 5112 Melaniam
1002 5036 1300 5108 acceperat,
1340 5036 1606 5096 modicum
1651 5056 1980 5112 segmentum
2000 5036 2135 5102 'mit-

574 5116 710 5161 teret
729 5108 794 5185 ad
822 5109 1079 5185 Severum
1108 5120 1161 5164 et
1186 5112 1457 5185 Bassulam
1485 5129 1497 5165 :
1529 5108 1773 5181 Accipite,
1801 5118 1993 5185 inquit,
2028 5134 2135 5171 ma-

570 5194 727 5252 gnum
756 5179 807 5252 in
834 5181 1029 5252 medico
1051 5196 1252 5245 munus,
1284 5192 1330 5235 ct
1357 5184 1408 5235 in
1431 5179 1684 5252 segmento
1716 5202 1839 5248 pene
1854 5179 2023 5241 (itania
2039 5189 2137 5240 ha-

571 5248 722 5301 stulw
749 5250 1141 5328 brev.is,_aumite
1168 5248 1529 5307 munimentum
1570 5257 1831 5324 prtesentis
1864 5268 1913 5311 et
1952 5260 2136 5328 pignus

570 5329 772 5393 (eterna:
792 5316 992 5393 solutis.
1027 5384 1062 5393 Α

626 5389 1062 5469 _C_Lugdunensi,'
1084 5392 1195 5461 qui,
1226 5402 1283 5469 u_t
1303 5394 1531 5462 antiquae
1563 5396 1752 5450 tabula:
1782 5397 1998 5469 docent,
2029 5398 2138 5453 Ru-

574 5464 726 5535 sticio
755 5464 1007 5535 episcopo
1036 5464 1804 5535 successit.successoremque
1834 5468 2017 5522 habuit
2047 5469 2136 5522 Vi-

576 5530 883 5607 ventiolum_.
926 5532 1211 5607 Lupicinus
1252 5533 1412 5607 enim,
1445 5537 1532 5603 qui
1568 5530 1841 5607 Stephano
1877 5539 2065 5607 subjici
2104 5554 2133 5591 a

578 5599 957 5677 recentioribus
983 5599 1290 5677 soletpante
1322 5599 1613 5677 Rusticiunt
1641 5599 1692 5657 in
1724 5606 1911 5661 iisdem
1939 5599 2131 5663 tabulis

575 5673 697 5745 post
729 5664 1017 5745 Patientetn
1061 5664 1370 5727 collocatur.
1405 5674 1487 5745 Ad
1524 5675 1849 5743 Stephanum
1882 5679 2041 5743 hunc,
2075 5691 2130 5732 ut

576 5738 933 5818 alias-inparti,
971 5746 1165 5818 scripta
1210 5754 1381 5797 exstat
1409 5738 1882 5818 epistolalﬁnuodii
1922 5738 2126 5811 Ιὶι).ἰιι,

579 5806 664 5857 I7.
703 5803 885 5859 Eidem
916 5803 1095 5864 scribit
1142 5814 1285 5877 item,
1330 5820 1376 5866 ui
1410 5803 1581 5879 fallor,
1618 5814 1857 5870 Ruricius
1889 5803 2129 5873 Lemovii

2258 3332 2365 3385 ficit
2408 3344 2535 3385 aura
2575 3328 2930 3398 naufragium.
2990 3328 3251 3394 Quocirca
3300 3329 3697 3383 Donatistarum
3743 3344 3833 3384 no.

2252 3440 2397 3489 men,
2447 3439 2514 3478 ne
2558 3421 2649 3475 diu
2692 3424 2746 3475 in
2772 3422 2892 3475 loco
2938 3421 3120 3475 vivere
3163 3420 3330 3488 possit
3373 3421 3569 3483 alieno,
3612 3420 3834 3476 benedi-

2251 3517 2426 3570 ctione
2451 3515 2690 3583 protinus
2712 3512 2933 3580 sepelite
2954 3511 3122 3564 vitali.
3148 3511 3205 3564 ln
3229 3510 3346 3581 ipso
3370 3509 3571 3564 fomitis
3596 3510 3679 3565 sui
3707 3518 3831 3565 ortu

2255 3608 2638 3678 peregrinantis
2659 3605 2872 3675 igniculi
2904 3604 3154 3673 frigescat
3178 3603 3505 3659 incendium.
3532 3605 3608 3659 De
3636 3619 3741 3675 quo
3764 3618 3833 3660 ne

2250 3700 2334 3753 vel
2377 3699 2531 3752 fama;
2559 3696 2735 3749 fumus
2770 3711 2953 3750 narem
2986 3695 3171 3749 Gallia:
3198 3696 3516 3766 [innocentis
3561 3704 3835 3765 aspergat,

2256 3802 2279 3829 ο
2313 3802 2495 3845 manus
2519 3787 2909 3856 impositionem
2950 3800 3188 3855 persona:
3216 3785 3283 3841 de
3316 3801 3415 3855 qua
3442 3787 3655 3854 scriptis
3686 3787 3838 3842 adhi-

2249 3926 2427 3982 censis
2455 3924 2546 3977 lib.
2573 3939 2631 3987 ιι,
2664 3924 2821 3994 epist.
2854 3922 2944 3988 51,
2981 3923 3080 3978 etsi
3105 3923 3343 3995 episcopi
3374 3939 3569 3980 nomen
3598 3926 3650 3979 in
3677 3925 3834 3981 titulo

2249 4007 2330 4051 est
2356 4009 2634 4048 omissum.

2318 4067 2341 4103 ά
2370 4066 2686 4119 Arianorum
2721 4063 2963 4117 ltreresim
2994 4064 3076 4118 his
3110 4065 3438 4132 temporibus
3468 4066 3521 4120 iu
3550 4066 3721 4122 Gallia
3750 4066 3834 4122 fo-

2248 4138 2443 4192 vebant
2469 4133 2753 4201 Wisigothi
2785 4144 2840 4187 et
2884 4135 3310 4203 Burgundiones,
3345 4138 3557 4204 utrique
3607 4152 3671 4191 ea
3705 4136 3830 4193 labe

2250 4207 2452 4262 infecti.
2500 4205 2649 4259 Unde
2689 4215 2743 4259 et
2785 4206 2940 4258 Avito
2975 4206 3162 4259 crebra
3210 4220 3330 4259 cum
3369 4208 3585 4261 Arianis
3619 4208 3688 4262 de
3722 4208 3835 4263 ﬁde

2185 4326 2197 4334 .
2249 4277 2560 4341 certamina,
2594 4284 2647 4328 et
2682 4276 2800 4328 libri
2850 4284 3035 4329 contra
3076 4276 3304 4331 Ariauos
3339 4277 3406 4331 ab
3439 4278 3628 4333 eodem
3675 4279 3829 4333 editi.

2250 4349 2315 4401 At
2342 4348 2732 4417 Donatismrum
2766 4359 2956 4400 nomen
2981 4346 3137 4401 unius
3162 4346 3272 4402 fere
3304 4348 3494 4401 Africae
3526 4350 3578 4402 in
3606 4364 3709 4417 qua
3737 4364 3833 4401 na-

2251 4428 2357 4470 tum
2384 4428 2517 4478 erat,
2545 4415 2737 4470 finibus
2759 4432 2816 4469 se
2843 4417 3124 4480 continuit,
3150 4427 3202 4471 et
3226 4419 3311 4471 vix
3344 4434 3575 4483 unquam
3600 4415 3664 4471 ad
3694 4420 3833 4472 alias

2248 4498 2432 4608 genttlzs
2461 4488 2717 4554 pervasit,
2765 4487 2809 4540 si
2839 4487 3063 4541 Romam
3093 4488 3350 4557 excipias,
3386 4490 3472 4543 ubi
3520 4490 3833 4545 Montenses

2249 4572 2374 4608 voca
2398 4566 2594 4608 )antur.
3240 4584 3247 4593 -
3686 4588 3694 4595 -

2249 4566 2594 4611 νοοθιηηιυτ.
3240 4584 3247 4593 °

2323 4636 2345 4662 θ
2368 4626 2652 4681 Conversis
2678 4628 2745 4682 ab
2774 4627 2964 4681 hmresi
2990 4643 3178 4681 manus
3201 4630 3594 4698 imponebatur,
3626 4639 3681 4684 ut
3706 4629 3832 4696 Spi-

2172 4673 2223 4734 Ῑ)
2251 4698 2410 4751 ritum
2442 4707 2684 4752 sanetum
2730 4701 3054 4767 accipereut,
3087 4714 3243 4767 quem
3278 4673 3352 4753 lab
3391 4673 3832 4755 ltwretieis'acgi-

2249 4784 2374 4833 pere
2396 4784 2501 4821 non
2530 4777 2837 4837 potuerant.
2869 4768 3166 4823 Concilium
3201 4770 3513 4825 Arelatense
3547 4788 3583 4834 ι,
3610 4786 3734 4825 ean.
3760 4774 3829 4825 8:

2248 4839 2307 4893 Si
2330 4841 2395 4891 ad
2428 4837 2713 4910 Ecclesium
2743 4840 2927 4910 aliquis
2964 4840 3026 4892 de
3062 4841 3241 4894 haeresi
3270 4843 3479 4907 venerit,
3513 4852 3558 4895 et
3587 4842 3831 4910 pervide-

2245 4912 2345 4962 rint
2373 4925 2488 4961 eum
2509 4909 2561 4960 in
2592 4908 2743 4963 Patre
2770 4921 2814 4962 et
2841 4908 2977 4962 Filio
3001 4921 3045 4963 et
3086 4910 3283 4979 Spiritu
3312 4923 3490 4965 sancto
3518 4908 3623 4964 esse
3658 4913 3831 4979 bapti-

2246 4991 2431 5040 zatum,
2457 4995 2635 5032 manus
2658 4981 2703 5051 ei
2742 4990 2933 5032 tantum
2970 4981 3280 5051 imponatur,
3313 4993 3366 5033 ut
3393 4983 3615 5050 accipiat
3646 4981 3829 5046 Spiri-

2246 5060 2351 5102 tum
2394 5060 2647 5119 sanctum.
2680 5050 2788 5102 Leo
2819 5050 3047 5119 Magnus
3073 5050 3140 5103 ad
3182 5051 3455 5104 Rusticum
3503 5051 3827 5106 Narbonen-

2246 5136 2357 5174 sem
2380 5118 2575 5188 inquis.
2608 5120 2673 5190 IS
2701 5119 2766 5173 de
2802 5122 2867 5175 iis
2893 5118 2978 5189 qui
3012 5122 3221 5190 parvuli
3253 5121 3320 5174 ab
3350 5122 3616 5175 haereticis
3649 5124 3831 5187 bapti-

2248 5192 2348 5242 zati
2395 5198 2518 5243 sunt
2564 5208 2574 5241 :
2624 5189 3143 5256 Rebaptizandi’non
3184 5200 3324 5258 sunt,
3371 5195 3458 5245 sed
3506 5209 3593 5257 per
3637 5209 3827 5246 manus

2244 5261 2631 5330 impositionem,
2665 5264 2892 5315 invocata
2912 5263 3093 5315 virtute
3125 5261 3352 5325 Spiritus
3374 5263 3555 5325 sancti,
3588 5279 3734 5330 quem
3756 5264 3825 5315 ab

2244 5330 2492 5402 [imreticgis
2522 5347 2750 5399 acaperc
2782 5348 2881 5385 non
2917 5342 3208 5402 potuerunt,
3246 5332 3507 5387 catholicis
3533 5334 3821 5399 capulqndi

2243 5410 2380 5455 sunt.
2406 5400 2546 5455 Idem
2575 5405 2640 5455 ad
2672 5400 3333 5469 Nicetam'Aquileiensem
3362 5419 3480 5471 cap.
3506 5405 3536 5458 7
3564 5420 3579 5458 :
3611 5404 3711 5467 Qui
3737 5403 3830 5455 ba:

2242 5474 2482 5541 ptismum
2510 5472 2572 5524 ab
2598 5473 2845 5527 luereticia
2879 5484 3201 5541 acceperunt,
3231 5475 3339 5527 sola
3364 5474 3680 5527 invocatione
3700 5489 3829 5527 san-

2242 5542 2307 5591 cti
2357 5540 2579 5609 Spiritus
2624 5560 2711 5611 per
2763 5540 3136 5612 impositibuem
3177 5560 3421 5598 manuum
3478 5545 3827 5613 conﬁrmandi

2239 5619 2376 5686 sunt,
2412 5618 2463 5686 ut
2486 5612 2621 5678 quod
2644 5614 2704 5666 ab
2723 5614 2973 5667 ltwreticis
2996 5630 3139 5667 nemo
3159 5618 3362 5686 accipit,
3388 5631 3418 5667 a
3447 5612 3714 5668 cathOIicis
3738 5630 3828 5667 sa-

2241 5679 2527 5755 cerdotibus
2563 5695 2902 5755 consequatur
2930 5700 2944 5735 :
2978 5686 3099 5753 quia
3130 5679 3360 5755 Spiritus
3388 5696 3623 5749 sanctus,
3651 5692 3710 5738 ut
3732 5694 3826 5738 est
3860 5720 3869 5723 μ

2239 5750 2375 5829 apud
2409 5750 2755 5829 Augustinum
2797 5756 2889 5829 lib.
2922 5750 3375 5829 ttt'deiBa'ptismo
3419 5766 3603 5829 centra
3642 5755 3824 5827 Dona-

2239 5825 2410 5883 tistas,
2438 5837 2555 5889 cap.
2599 5825 2680 5886 l6,
2709 5826 2757 5877 in
2790 5827 2899 5879 sola
2930 5828 3199 5883 catltolica
3234 5842 3329 5893 per
3376 5840 3563 5880 manus
3590 5825 3822 5885 ἱιηυοδὶ-
