  <div class='ocr_page' id='page_1' title='image "/cluster/home/n/w/nwhite01/storage/ocr_20150623/59/hvd.32044015471626/126.png"; bbox 0 0 4092 6350; ppageno 0'>
   <div class='ocr_carea' id='block_1_1' title="bbox 307 407 412 462">
    <p class='ocr_par' dir='ltr' id='par_1_1' title="bbox 307 407 412 462">
     <span class='ocr_line' id='line_1_1' title="bbox 307 407 412 462; baseline -0.019 0"><span class='ocrx_word' id='word_1_1' title='bbox 307 407 412 462; x_wconf 57' lang='grc' dir='ltr'><strong>Ωιι</strong></span> 
     </span>
    </p>
   </div>
   <div class='ocr_carea' id='block_1_2' title="bbox 1627 408 2189 465">
    <p class='ocr_par' dir='ltr' id='par_1_2' title="bbox 1627 408 2189 465">
     <span class='ocr_line' id='line_1_2' title="bbox 1627 408 2189 465; baseline 0.002 -1"><span class='ocrx_word' id='word_1_2' title='bbox 1627 408 1961 465; x_wconf 80' lang='lat' dir='ltr'><strong>EPISTOLA</strong></span> <span class='ocrx_word' id='word_1_3' title='bbox 2002 409 2189 465; x_wconf 71' lang='lat' dir='ltr'><strong>XXVI.</strong></span> 
     </span>
    </p>
   </div>
   <div class='ocr_carea' id='block_1_3' title="bbox 3484 416 3589 475">
    <p class='ocr_par' dir='ltr' id='par_1_3' title="bbox 3484 416 3589 475">
     <span class='ocr_line' id='line_1_3' title="bbox 3484 416 3589 475; baseline -0.019 0"><span class='ocrx_word' id='word_1_4' title='bbox 3484 416 3589 475; x_wconf 67' lang='lat' dir='ltr'><strong>ul</strong></span> 
     </span>
    </p>
   </div>
   <div class='ocr_carea' id='block_1_4' title="bbox 306 521 3587 597">
    <p class='ocr_par' dir='ltr' id='par_1_4' title="bbox 306 521 3587 597">
     <span class='ocr_line' id='line_1_4' title="bbox 306 521 3587 597; baseline 0.003 -20"><span class='ocrx_word' id='word_1_5' title='bbox 306 523 454 587; x_wconf 87' lang='lat' dir='ltr'><strong>bete,</strong></span> <span class='ocrx_word' id='word_1_6' title='bbox 508 521 788 575; x_wconf 89' lang='lat' dir='ltr'><strong>interdicta</strong></span> <span class='ocrx_word' id='word_1_7' title='bbox 830 522 1062 577; x_wconf 84' lang='lat' dir='ltr'><strong>nominis</strong></span> <span class='ocrx_word' id='word_1_8' title='bbox 1098 522 1262 591; x_wconf 87' lang='lat' dir='ltr'><strong>ipsius</strong></span> <span class='ocrx_word' id='word_1_9' title='bbox 1296 522 1346 575; x_wconf 93' lang='lat' dir='ltr'><strong>in</strong></span> <span class='ocrx_word' id='word_1_10' title='bbox 1396 531 1689 591; x_wconf 84' lang='lat' dir='ltr'><strong>posterum.</strong></span> <span class='ocrx_word' id='word_1_11' title='bbox 1743 522 1784 576; x_wconf 86' lang='lat' dir='ltr'><strong>si</strong></span> <span class='ocrx_word' id='word_1_12' title='bbox 1831 537 1897 575; x_wconf 74' lang='lat' dir='ltr'><strong>er</strong></span> <span class='ocrx_word' id='word_1_13' title='bbox 1926 527 1976 582; x_wconf 76' lang='grc' dir='ltr'>Α</span> <span class='ocrx_word' id='word_1_14' title='bbox 2006 524 2335 577; x_wconf 84' lang='lat' dir='ltr'><strong>confirmari.</strong></span> <span class='ocrx_word' id='word_1_15' title='bbox 2369 524 2568 580; x_wconf 84' lang='lat' dir='ltr'><strong>Tamen</strong></span> <span class='ocrx_word' id='word_1_16' title='bbox 2602 525 2763 580; x_wconf 88' lang='lat' dir='ltr'><strong>homo</strong></span> <span class='ocrx_word' id='word_1_17' title='bbox 2786 525 2988 581; x_wconf 78' lang='lat' dir='ltr'><strong>ordinis</strong></span> <span class='ocrx_word' id='word_1_18' title='bbox 3015 528 3138 594; x_wconf 92' lang='lat' dir='ltr'><strong>mei,</strong></span> <span class='ocrx_word' id='word_1_19' title='bbox 3163 541 3321 597; x_wconf 85' lang='lat' dir='ltr'><strong>quem</strong></span> <span class='ocrx_word' id='word_1_20' title='bbox 3350 544 3448 585; x_wconf 91' lang='lat' dir='ltr'><strong>nec</strong></span> <span class='ocrx_word' id='word_1_21' title='bbox 3477 531 3587 587; x_wconf 87' lang='lat' dir='ltr'><strong>falli</strong></span> 
     </span>
    </p>
   </div>
   <div class='ocr_carea' id='block_1_5' title="bbox 306 616 1891 686">
    <p class='ocr_par' dir='ltr' id='par_1_5' title="bbox 306 616 1891 686">
     <span class='ocr_line' id='line_1_5' title="bbox 306 616 1891 686; baseline -0.001 -15"><span class='ocrx_word' id='word_1_22' title='bbox 306 616 471 671; x_wconf 88' lang='lat' dir='ltr'><strong>corde</strong></span> <span class='ocrx_word' id='word_1_23' title='bbox 497 618 851 684; x_wconf 75' lang='lat' dir='ltr'><strong>convertitur,</strong></span> <span class='ocrx_word' id='word_1_24' title='bbox 880 616 1147 671; x_wconf 73' lang='lat' dir='ltr'><strong>mentione</strong></span> <span class='ocrx_word' id='word_1_25' title='bbox 1178 634 1189 667; x_wconf 88' lang='lat'><strong>:</strong></span> <span class='ocrx_word' id='word_1_26' title='bbox 1224 625 1248 653; x_wconf 81' lang='grc' dir='ltr'><strong>ι</strong></span> <span class='ocrx_word' id='word_1_27' title='bbox 1273 631 1431 686; x_wconf 88' lang='lat' dir='ltr'><strong>quam</strong></span> <span class='ocrx_word' id='word_1_28' title='bbox 1461 626 1694 679; x_wconf 90' lang='lat' dir='ltr'><strong>constat,</strong></span> <span class='ocrx_word' id='word_1_29' title='bbox 1727 618 1771 669; x_wconf 89' lang='lat' dir='ltr'><strong>si</strong></span> <span class='ocrx_word' id='word_1_30' title='bbox 1807 632 1891 671; x_wconf 87' lang='lat' dir='ltr'><strong>re-</strong></span> 
     </span>
    </p>
   </div>
   <div class='ocr_carea' id='block_1_6' title="bbox 305 707 1892 778">
    <p class='ocr_par' dir='ltr' id='par_1_6' title="bbox 305 707 1892 778">
     <span class='ocr_line' id='line_1_6' title="bbox 305 707 1892 778; baseline 0.002 -18"><span class='ocrx_word' id='word_1_31' title='bbox 305 721 434 761; x_wconf 91' lang='lat' dir='ltr'><strong>vera</strong></span> <span class='ocrx_word' id='word_1_32' title='bbox 479 708 529 760; x_wconf 91' lang='lat' dir='ltr'><strong>in</strong></span> <span class='ocrx_word' id='word_1_33' title='bbox 576 722 735 776; x_wconf 81' lang='lat' dir='ltr'><strong>supra</strong></span> <span class='ocrx_word' id='word_1_34' title='bbox 785 707 908 761; x_wconf 81' lang='lat' dir='ltr'><strong>dicti</strong></span> <span class='ocrx_word' id='word_1_35' title='bbox 963 708 1271 763; x_wconf 85' lang='lat' dir='ltr'><strong>schismatis</strong></span> <span class='ocrx_word' id='word_1_36' title='bbox 1315 708 1651 778; x_wconf 79' lang='lat' dir='ltr'><strong>professione</strong></span> <span class='ocrx_word' id='word_1_37' title='bbox 1682 720 1892 764; x_wconf 83' lang='lat' dir='ltr'><strong>versata</strong></span> 
     </span>
    </p>
   </div>
   <div class='ocr_carea' id='block_1_7' title="bbox 305 796 1892 869">
    <p class='ocr_par' dir='ltr' id='par_1_7' title="bbox 305 796 1892 869">
     <span class='ocr_line' id='line_1_7' title="bbox 305 796 1892 869; baseline 0.001 -15"><span class='ocrx_word' id='word_1_38' title='bbox 305 809 411 866; x_wconf 92' lang='lat' dir='ltr'><strong>est,</strong></span> <span class='ocrx_word' id='word_1_39' title='bbox 450 796 478 835; x_wconf 66' lang='grc' dir='ltr'><strong>ιι</strong></span> <span class='ocrx_word' id='word_1_40' title='bbox 505 813 625 853; x_wconf 93' lang='lat' dir='ltr'><strong>cum</strong></span> <span class='ocrx_word' id='word_1_41' title='bbox 664 800 964 853; x_wconf 89' lang='lat' dir='ltr'><strong>ministerio</strong></span> <span class='ocrx_word' id='word_1_42' title='bbox 1007 800 1343 869; x_wconf 83' lang='lat' dir='ltr'><strong>baptismatis</strong></span> <span class='ocrx_word' id='word_1_43' title='bbox 1391 800 1550 855; x_wconf 88' lang='lat' dir='ltr'><strong>etiam</strong></span> <span class='ocrx_word' id='word_1_44' title='bbox 1598 801 1892 857; x_wconf 83' lang='lat' dir='ltr'><strong>chrismate</strong></span> 
     </span>
    </p>
   </div>
   <div class='ocr_carea' id='block_1_8' title="bbox 306 892 1893 962">
    <p class='ocr_par' dir='ltr' id='par_1_8' title="bbox 306 892 1893 962">
     <span class='ocr_line' id='line_1_8' title="bbox 306 892 1893 962; baseline 0.001 -16"><span class='ocrx_word' id='word_1_45' title='bbox 306 893 699 961; x_wconf 80' lang='lat' dir='ltr'><strong>consignatum.</strong></span> <span class='ocrx_word' id='word_1_46' title='bbox 730 892 841 947; x_wconf 85' lang='lat' dir='ltr'><strong>iloc</strong></span> <span class='ocrx_word' id='word_1_47' title='bbox 869 901 1016 947; x_wconf 90' lang='lat' dir='ltr'><strong>certe</strong></span> <span class='ocrx_word' id='word_1_48' title='bbox 1038 907 1133 947; x_wconf 90' lang='lat' dir='ltr'><strong>eos</strong></span> <span class='ocrx_word' id='word_1_49' title='bbox 1164 893 1216 946; x_wconf 94' lang='lat' dir='ltr'><strong>in</strong></span> <span class='ocrx_word' id='word_1_50' title='bbox 1245 893 1466 962; x_wconf 79' lang='lat' dir='ltr'><strong>regione</strong></span> <span class='ocrx_word' id='word_1_51' title='bbox 1488 892 1574 947; x_wconf 88' lang='lat' dir='ltr'><strong>illa</strong></span> <span class='ocrx_word' id='word_1_52' title='bbox 1604 894 1893 948; x_wconf 89' lang='lat' dir='ltr'><strong>observare</strong></span> 
     </span>
    </p>
   </div>
   <div class='ocr_carea' id='block_1_9' title="bbox 304 983 1893 1053">
    <p class='ocr_par' dir='ltr' id='par_1_9' title="bbox 304 983 1893 1053">
     <span class='ocr_line' id='line_1_9' title="bbox 304 983 1893 1053; baseline 0 -14"><span class='ocrx_word' id='word_1_53' title='bbox 304 983 648 1039; x_wconf 88' lang='lat' dir='ltr'><strong>manifestum</strong></span> <span class='ocrx_word' id='word_1_54' title='bbox 695 992 798 1040; x_wconf 91' lang='lat' dir='ltr'><strong>est.</strong></span> <span class='ocrx_word' id='word_1_55' title='bbox 848 983 902 1038; x_wconf 90' lang='lat' dir='ltr'><strong>ln</strong></span> <span class='ocrx_word' id='word_1_56' title='bbox 945 999 1045 1053; x_wconf 90' lang='lat' dir='ltr'><strong>qua</strong></span> <span class='ocrx_word' id='word_1_57' title='bbox 1096 985 1325 1053; x_wconf 92' lang='lat' dir='ltr'><strong>primum</strong></span> <span class='ocrx_word' id='word_1_58' title='bbox 1377 984 1518 1039; x_wconf 90' lang='lat' dir='ltr'><strong>Deus</strong></span> <span class='ocrx_word' id='word_1_59' title='bbox 1562 985 1786 1049; x_wconf 86' lang='lat' dir='ltr'><strong>tribuat,</strong></span> <span class='ocrx_word' id='word_1_60' title='bbox 1836 994 1893 1039; x_wconf 89' lang='lat' dir='ltr'><strong>ut</strong></span> 
     </span>
    </p>
   </div>
   <div class='ocr_carea' id='block_1_10' title="bbox 306 1079 1890 1149">
    <p class='ocr_par' dir='ltr' id='par_1_10' title="bbox 306 1079 1890 1149">
     <span class='ocr_line' id='line_1_10' title="bbox 306 1079 1890 1149; baseline 0.002 -18"><span class='ocrx_word' id='word_1_61' title='bbox 306 1079 614 1148; x_wconf 87' lang='lat' dir='ltr'><strong>quicunque</strong></span> <span class='ocrx_word' id='word_1_62' title='bbox 659 1079 816 1148; x_wconf 88' lang='lat' dir='ltr'><strong>hujus</strong></span> <span class='ocrx_word' id='word_1_63' title='bbox 864 1080 1065 1134; x_wconf 90' lang='lat' dir='ltr'><strong>erroris</strong></span> <span class='ocrx_word' id='word_1_64' title='bbox 1116 1080 1314 1133; x_wconf 81' lang='lat' dir='ltr'><strong>fuerint</strong></span> <span class='ocrx_word' id='word_1_65' title='bbox 1367 1081 1746 1149; x_wconf 90' lang='lat' dir='ltr'><strong>corrigantur:</strong></span> <span class='ocrx_word' id='word_1_66' title='bbox 1780 1089 1890 1134; x_wconf 90' lang='lat' dir='ltr'><strong>tum</strong></span> 
     </span>
    </p>
   </div>
   <div class='ocr_carea' id='block_1_11' title="bbox 303 1171 1889 1242">
    <p class='ocr_par' dir='ltr' id='par_1_11' title="bbox 303 1171 1889 1242">
     <span class='ocr_line' id='line_1_11' title="bbox 303 1171 1889 1242; baseline -0.001 -15"><span class='ocrx_word' id='word_1_67' title='bbox 303 1171 501 1227; x_wconf 84' lang='lat' dir='ltr'><strong>deinde</strong></span> <span class='ocrx_word' id='word_1_68' title='bbox 529 1188 558 1227; x_wconf 91' lang='lat' dir='ltr'><strong>a</strong></span> <span class='ocrx_word' id='word_1_69' title='bbox 586 1174 741 1227; x_wconf 90' lang='lat' dir='ltr'><strong>nobis</strong></span> <span class='ocrx_word' id='word_1_70' title='bbox 783 1183 888 1226; x_wconf 91' lang='lat' dir='ltr'><strong>tam</strong></span> <span class='ocrx_word' id='word_1_71' title='bbox 934 1181 1079 1227; x_wconf 91' lang='lat' dir='ltr'><strong>secta</strong></span> <span class='ocrx_word' id='word_1_72' title='bbox 1112 1173 1346 1227; x_wconf 88' lang='lat' dir='ltr'><strong>distante</strong></span> <span class='ocrx_word' id='word_1_73' title='bbox 1372 1188 1529 1242; x_wconf 89' lang='lat' dir='ltr'><strong>quam</strong></span> <span class='ocrx_word' id='word_1_74' title='bbox 1563 1174 1752 1241; x_wconf 85' lang='lat' dir='ltr'><strong>patria,</strong></span> <span class='ocrx_word' id='word_1_75' title='bbox 1780 1174 1889 1241; x_wconf 87' lang='lat' dir='ltr'><strong>jam</strong></span> 
     </span>
    </p>
   </div>
   <div class='ocr_carea' id='block_1_12' title="bbox 303 1265 1888 1337">
    <p class='ocr_par' dir='ltr' id='par_1_12' title="bbox 303 1265 1888 1337">
     <span class='ocr_line' id='line_1_12' title="bbox 303 1265 1888 1337; baseline 0.001 -18"><span class='ocrx_word' id='word_1_76' title='bbox 303 1265 374 1319; x_wconf 92' lang='lat' dir='ltr'><strong>ad</strong></span> <span class='ocrx_word' id='word_1_77' title='bbox 408 1275 610 1335; x_wconf 86' lang='lat' dir='ltr'><strong>partem</strong></span> <span class='ocrx_word' id='word_1_78' title='bbox 661 1274 923 1332; x_wconf 88' lang='lat' dir='ltr'><strong>nostram,</strong></span> <span class='ocrx_word' id='word_1_79' title='bbox 968 1265 1059 1335; x_wconf 91' lang='lat' dir='ltr'><strong>qui</strong></span> <span class='ocrx_word' id='word_1_80' title='bbox 1101 1265 1341 1321; x_wconf 90' lang='lat' dir='ltr'><strong>salvandi</strong></span> <span class='ocrx_word' id='word_1_81' title='bbox 1384 1266 1680 1333; x_wconf 84' lang='lat' dir='ltr'><strong>noluerint,</strong></span> <span class='ocrx_word' id='word_1_82' title='bbox 1720 1281 1888 1337; x_wconf 88' lang='lat' dir='ltr'><strong>agno-</strong></span> 
     </span>
    </p>
   </div>
   <div class='ocr_carea' id='block_1_13' title="bbox 304 1358 1548 1427">
    <p class='ocr_par' dir='ltr' id='par_1_13' title="bbox 304 1358 1548 1427">
     <span class='ocr_line' id='line_1_13' title="bbox 304 1358 1548 1427; baseline -0.002 -14"><span class='ocrx_word' id='word_1_83' title='bbox 304 1358 490 1414; x_wconf 91' lang='lat' dir='ltr'><strong>sccndi</strong></span> <span class='ocrx_word' id='word_1_84' title='bbox 519 1359 747 1413; x_wconf 91' lang='lat' dir='ltr'><strong>transire</strong></span> <span class='ocrx_word' id='word_1_85' title='bbox 776 1374 881 1412; x_wconf 91' lang='lat' dir='ltr'><strong>non</strong></span> <span class='ocrx_word' id='word_1_86' title='bbox 915 1359 1141 1427; x_wconf 87' lang='lat' dir='ltr'><strong>possint.</strong></span> <span class='ocrx_word' id='word_1_87' title='bbox 1535 1368 1548 1383; x_wconf 86' lang='lat'><strong><em>°</em></strong></span> 
     </span>
    </p>
   </div>
   <div class='ocr_carea' id='block_1_14' title="bbox 811 1448 1365 1506">
    <p class='ocr_par' dir='ltr' id='par_1_14' title="bbox 811 1448 1365 1506">
     <span class='ocr_line' id='line_1_14' title="bbox 811 1448 1365 1506; baseline -0.002 -2"><span class='ocrx_word' id='word_1_88' title='bbox 811 1448 1148 1506; x_wconf 80' lang='lat' dir='ltr'><strong>EPISTULA</strong></span> <span class='ocrx_word' id='word_1_89' title='bbox 1200 1448 1365 1504; x_wconf 82' lang='lat' dir='ltr'><strong>XXV.</strong></span> 
     </span>
    </p>
   </div>
   <div class='ocr_carea' id='block_1_15' title="bbox 298 1542 1885 1615">
    <p class='ocr_par' dir='ltr' id='par_1_15' title="bbox 298 1542 1885 1615">
     <span class='ocr_line' id='line_1_15' title="bbox 298 1542 1885 1615; baseline 0.003 -19"><span class='ocrx_word' id='word_1_90' title='bbox 298 1554 492 1615; x_wconf 61' lang='grc' dir='ltr'><strong>Ανγιζυδ</strong></span> <span class='ocrx_word' id='word_1_91' title='bbox 515 1542 817 1596; x_wconf 60' lang='grc' dir='ltr'><strong>γιειικεκείε</strong></span> <span class='ocrx_word' id='word_1_92' title='bbox 846 1556 1122 1597; x_wconf 77' lang='lat' dir='ltr'><strong>EPISCOPUS</strong></span> <span class='ocrx_word' id='word_1_93' title='bbox 1180 1551 1201 1579; x_wconf 68' lang='grc' dir='ltr'>θ</span> <span class='ocrx_word' id='word_1_94' title='bbox 1250 1556 1565 1597; x_wconf 75' lang='lat' dir='ltr'><strong>APOLLINARI</strong></span> <span class='ocrx_word' id='word_1_95' title='bbox 1615 1558 1885 1601; x_wconf 77' lang='lat' dir='ltr'><strong>EPISCOPO.</strong></span> 
     </span>
    </p>
   </div>
   <div class='ocr_carea' id='block_1_16' title="bbox 372 1632 1889 1705">
    <p class='ocr_par' dir='ltr' id='par_1_16' title="bbox 372 1632 1889 1705">
     <span class='ocr_line' id='line_1_16' title="bbox 372 1632 1889 1705; baseline 0.003 -18"><span class='ocrx_word' id='word_1_96' title='bbox 372 1632 598 1699; x_wconf 86' lang='lat' dir='ltr'><strong>Jubetis,</strong></span> <span class='ocrx_word' id='word_1_97' title='bbox 632 1642 687 1688; x_wconf 92' lang='lat' dir='ltr'><strong>et</strong></span> <span class='ocrx_word' id='word_1_98' title='bbox 715 1635 825 1688; x_wconf 87' lang='lat' dir='ltr'><strong>voti</strong></span> <span class='ocrx_word' id='word_1_99' title='bbox 854 1642 964 1698; x_wconf 91' lang='lat' dir='ltr'><strong>est,</strong></span> <span class='ocrx_word' id='word_1_100' title='bbox 1013 1642 1075 1687; x_wconf 93' lang='lat' dir='ltr'><strong>ut</strong></span> <span class='ocrx_word' id='word_1_101' title='bbox 1104 1633 1333 1688; x_wconf 84' lang='lat' dir='ltr'><strong>cultibus</strong></span> <span class='ocrx_word' id='word_1_102' title='bbox 1384 1635 1539 1689; x_wconf 92' lang='lat' dir='ltr'><strong>novis</strong></span> <span class='ocrx_word' id='word_1_103' title='bbox 1585 1635 1889 1705; x_wconf 88' lang='lat' dir='ltr'><strong>pariterque</strong></span> 
     </span>
    </p>
   </div>
   <div class='ocr_carea' id='block_1_17' title="bbox 301 1724 1889 1795">
    <p class='ocr_par' dir='ltr' id='par_1_17' title="bbox 301 1724 1889 1795">
     <span class='ocr_line' id='line_1_17' title="bbox 301 1724 1889 1795; baseline 0.003 -16"><span class='ocrx_word' id='word_1_104' title='bbox 301 1724 579 1779; x_wconf 92' lang='lat' dir='ltr'><strong>consuetis</strong></span> <span class='ocrx_word' id='word_1_105' title='bbox 609 1724 801 1780; x_wconf 91' lang='lat' dir='ltr'><strong>studiis</strong></span> <span class='ocrx_word' id='word_1_106' title='bbox 827 1724 1055 1795; x_wconf 74' lang='lat' dir='ltr'><strong>gemina:</strong></span> <span class='ocrx_word' id='word_1_107' title='bbox 1084 1725 1439 1781; x_wconf 88' lang='lat' dir='ltr'><strong>dedicationis</strong></span> <span class='ocrx_word' id='word_1_108' title='bbox 1465 1740 1765 1781; x_wconf 85' lang='lat' dir='ltr'><strong>occurram.</strong></span> <span class='ocrx_word' id='word_1_109' title='bbox 1782 1727 1889 1783; x_wconf 89' lang='lat' dir='ltr'><strong>Sed</strong></span> 
     </span>
    </p>
   </div>
   <div class='ocr_carea' id='block_1_18' title="bbox 300 1817 1887 1887">
    <p class='ocr_par' dir='ltr' id='par_1_18' title="bbox 300 1817 1887 1887">
     <span class='ocr_line' id='line_1_18' title="bbox 300 1817 1887 1887; baseline 0.002 -16"><span class='ocrx_word' id='word_1_110' title='bbox 300 1832 496 1871; x_wconf 86' lang='lat' dir='ltr'><strong>vereor</strong></span> <span class='ocrx_word' id='word_1_111' title='bbox 522 1833 589 1873; x_wconf 92' lang='lat' dir='ltr'><strong>ne</strong></span> <span class='ocrx_word' id='word_1_112' title='bbox 611 1833 710 1873; x_wconf 91' lang='lat' dir='ltr'><strong>nos</strong></span> <span class='ocrx_word' id='word_1_113' title='bbox 740 1817 842 1872; x_wconf 88' lang='lat' dir='ltr'><strong>hoc</strong></span> <span class='ocrx_word' id='word_1_114' title='bbox 872 1826 1073 1883; x_wconf 83' lang='lat' dir='ltr'><strong>teneat,</strong></span> <span class='ocrx_word' id='word_1_115' title='bbox 1091 1818 1232 1887; x_wconf 91' lang='lat' dir='ltr'><strong>quod</strong></span> <span class='ocrx_word' id='word_1_116' title='bbox 1262 1827 1556 1887; x_wconf 89' lang='lat' dir='ltr'><strong>potestates</strong></span> <span class='ocrx_word' id='word_1_117' title='bbox 1581 1819 1782 1874; x_wconf 92' lang='lat' dir='ltr'><strong>diutius</strong></span> <span class='ocrx_word' id='word_1_118' title='bbox 1806 1831 1887 1875; x_wconf 88' lang='lat' dir='ltr'><strong>te-</strong></span> 
     </span>
    </p>
   </div>
   <div class='ocr_carea' id='block_1_19' title="bbox 2004 614 3587 691">
    <p class='ocr_par' dir='ltr' id='par_1_19' title="bbox 2004 614 3587 691">
     <span class='ocr_line' id='line_1_19' title="bbox 2004 614 3587 691; baseline 0.008 -24"><span class='ocrx_word' id='word_1_119' title='bbox 2004 630 2103 668; x_wconf 92' lang='lat' dir='ltr'><strong>nec</strong></span> <span class='ocrx_word' id='word_1_120' title='bbox 2135 614 2322 670; x_wconf 79' lang='lat' dir='ltr'><strong>fallere</strong></span> <span class='ocrx_word' id='word_1_121' title='bbox 2346 615 2521 683; x_wconf 90' lang='lat' dir='ltr'><strong>decet,</strong></span> <span class='ocrx_word' id='word_1_122' title='bbox 2555 618 2859 673; x_wconf 87' lang='lat' dir='ltr'><strong>crediturus</strong></span> <span class='ocrx_word' id='word_1_123' title='bbox 2880 620 3149 675; x_wconf 92' lang='lat' dir='ltr'><strong>catholico</strong></span> <span class='ocrx_word' id='word_1_124' title='bbox 3175 622 3435 691; x_wconf 87' lang='lat' dir='ltr'><strong>senatori,</strong></span> <span class='ocrx_word' id='word_1_125' title='bbox 3477 638 3587 680; x_wconf 87' lang='lat' dir='ltr'><strong>non</strong></span> 
     </span>
    </p>
   </div>
   <div class='ocr_carea' id='block_1_20' title="bbox 1999 707 3587 782">
    <p class='ocr_par' dir='ltr' id='par_1_20' title="bbox 1999 707 3587 782">
     <span class='ocr_line' id='line_1_20' title="bbox 1999 707 3587 782; baseline 0.006 -21"><span class='ocrx_word' id='word_1_126' title='bbox 1999 707 2065 762; x_wconf 89' lang='lat' dir='ltr'><strong>ad</strong></span> <span class='ocrx_word' id='word_1_127' title='bbox 2096 708 2199 762; x_wconf 87' lang='lat' dir='ltr'><strong>hoc</strong></span> <span class='ocrx_word' id='word_1_128' title='bbox 2228 708 2409 763; x_wconf 89' lang='lat' dir='ltr'><strong>solum</strong></span> <span class='ocrx_word' id='word_1_129' title='bbox 2440 723 2666 766; x_wconf 89' lang='lat' dir='ltr'><strong>securus</strong></span> <span class='ocrx_word' id='word_1_130' title='bbox 2697 711 2919 781; x_wconf 86' lang='lat' dir='ltr'><strong>incipiat</strong></span> <span class='ocrx_word' id='word_1_131' title='bbox 2952 713 3103 782; x_wconf 88' lang='lat' dir='ltr'><strong>fieri,</strong></span> <span class='ocrx_word' id='word_1_132' title='bbox 3134 724 3193 769; x_wconf 92' lang='lat' dir='ltr'><strong>ut</strong></span> <span class='ocrx_word' id='word_1_133' title='bbox 3222 714 3467 773; x_wconf 83' lang='lat' dir='ltr'><strong>incautus</strong></span> <span class='ocrx_word' id='word_1_134' title='bbox 3495 731 3587 773; x_wconf 88' lang='lat' dir='ltr'><strong>va-</strong></span> 
     </span>
    </p>
   </div>
   <div class='ocr_carea' id='block_1_21' title="bbox 2002 802 2386 858">
    <p class='ocr_par' dir='ltr' id='par_1_21' title="bbox 2002 802 2386 858">
     <span class='ocr_line' id='line_1_21' title="bbox 2002 802 2386 858; baseline -0.005 -2"><span class='ocrx_word' id='word_1_135' title='bbox 2002 804 2110 857; x_wconf 85' lang='lat' dir='ltr'><strong>leat</strong></span> <span class='ocrx_word' id='word_1_136' title='bbox 2142 802 2386 858; x_wconf 84' lang='lat' dir='ltr'><strong>inveniri.</strong></span> 
     </span>
    </p>
   </div>
   <div class='ocr_carea' id='block_1_22' title="bbox 2513 896 3096 956">
    <p class='ocr_par' dir='ltr' id='par_1_22' title="bbox 2513 896 3096 956">
     <span class='ocr_line' id='line_1_22' title="bbox 2513 896 3096 956; baseline 0.009 -6"><span class='ocrx_word' id='word_1_137' title='bbox 2513 896 2852 953; x_wconf 84' lang='lat' dir='ltr'><strong>EPISTOLA</strong></span> <span class='ocrx_word' id='word_1_138' title='bbox 2905 897 3096 956; x_wconf 78' lang='lat' dir='ltr'><strong>XXVI.</strong></span> 
     </span>
    </p>
   </div>
   <div class='ocr_carea' id='block_1_23' title="bbox 2215 991 3364 1051">
    <p class='ocr_par' dir='ltr' id='par_1_23' title="bbox 2215 991 3364 1051">
     <span class='ocr_line' id='line_1_23' title="bbox 2215 991 3364 1051; baseline 0.006 -8"><span class='ocrx_word' id='word_1_139' title='bbox 2215 1005 2402 1044; x_wconf 71' lang='lat' dir='ltr'><strong>unus</strong></span> <span class='ocrx_word' id='word_1_140' title='bbox 2436 1004 2743 1044; x_wconf 74' lang='lat' dir='ltr'><strong>vissueusts</strong></span> <span class='ocrx_word' id='word_1_141' title='bbox 2781 1004 3061 1046; x_wconf 72' lang='lat' dir='ltr'><strong>EPlSCOPUS</strong></span> <span class='ocrx_word' id='word_1_142' title='bbox 3090 991 3118 1027; x_wconf 76' lang='grc' dir='ltr'>ά</span> <span class='ocrx_word' id='word_1_143' title='bbox 3149 1008 3364 1051; x_wconf 76' lang='lat' dir='ltr'><strong>cornu.</strong></span> 
     </span>
    </p>
   </div>
   <div class='ocr_carea' id='block_1_24' title="bbox 2068 1082 3590 1158">
    <p class='ocr_par' dir='ltr' id='par_1_24' title="bbox 2068 1082 3590 1158">
     <span class='ocr_line' id='line_1_24' title="bbox 2068 1082 3590 1158; baseline 0.004 -21"><span class='ocrx_word' id='word_1_144' title='bbox 2068 1082 2335 1152; x_wconf 88' lang='lat' dir='ltr'><strong>Epistolas</strong></span> <span class='ocrx_word' id='word_1_145' title='bbox 2357 1092 2564 1138; x_wconf 85' lang='lat' dir='ltr'><strong>vestras</strong></span> <span class='ocrx_word' id='word_1_146' title='bbox 2592 1091 2711 1153; x_wconf 88' lang='lat' dir='ltr'><strong>post</strong></span> <span class='ocrx_word' id='word_1_147' title='bbox 2753 1082 2968 1152; x_wconf 92' lang='lat' dir='ltr'><strong>longum</strong></span> <span class='ocrx_word' id='word_1_148' title='bbox 3016 1092 3227 1155; x_wconf 88' lang='lat' dir='ltr'><strong>tempus</strong></span> <span class='ocrx_word' id='word_1_149' title='bbox 3277 1088 3493 1158; x_wconf 91' lang='lat' dir='ltr'><strong>accepi,</strong></span> <span class='ocrx_word' id='word_1_150' title='bbox 3536 1089 3590 1142; x_wconf 85' lang='lat' dir='ltr'><strong>in</strong></span> 
     </span>
    </p>
   </div>
   <div class='ocr_carea' id='block_1_25' title="bbox 1994 1158 3587 1247">
    <p class='ocr_par' dir='ltr' id='par_1_25' title="bbox 1994 1158 3587 1247">
     <span class='ocr_line' id='line_1_25' title="bbox 1994 1158 3587 1247; baseline 0.003 -15"><span class='ocrx_word' id='word_1_151' title='bbox 1994 1178 2190 1246; x_wconf 91' lang='lat' dir='ltr'><strong>quibus</strong></span> <span class='ocrx_word' id='word_1_152' title='bbox 2222 1192 2307 1232; x_wconf 91' lang='lat' dir='ltr'><strong>me</strong></span> <span class='ocrx_word' id='word_1_153' title='bbox 2337 1178 2621 1232; x_wconf 70' lang='lat' dir='ltr'><strong>servandae</strong></span> <span class='ocrx_word' id='word_1_154' title='bbox 2658 1176 2901 1231; x_wconf 86' lang='lat' dir='ltr'><strong>caritatis</strong></span> <span class='ocrx_word' id='word_1_155' title='bbox 2928 1220 2943 1245; x_wconf 93' lang='lat'><strong>,</strong></span> <span class='ocrx_word' id='word_1_156' title='bbox 2984 1180 3282 1247; x_wconf 82' lang='lat' dir='ltr'><strong>quamlibet</strong></span> <span class='ocrx_word' id='word_1_157' title='bbox 3322 1158 3587 1237; x_wconf 79' lang='lat' dir='ltr'><strong>noveritis</strong></span> 
     </span>
    </p>
   </div>
   <div class='ocr_carea' id='block_1_26' title="bbox 1996 1270 3586 1341">
    <p class='ocr_par' dir='ltr' id='par_1_26' title="bbox 1996 1270 3586 1341">
     <span class='ocr_line' id='line_1_26' title="bbox 1996 1270 3586 1341; baseline 0 -15"><span class='ocrx_word' id='word_1_158' title='bbox 1996 1272 2230 1336; x_wconf 90' lang='lat' dir='ltr'><strong>tristem,</strong></span> <span class='ocrx_word' id='word_1_159' title='bbox 2265 1287 2362 1327; x_wconf 91' lang='lat' dir='ltr'><strong>nec</strong></span> <span class='ocrx_word' id='word_1_160' title='bbox 2391 1270 2470 1326; x_wconf 92' lang='lat' dir='ltr'><strong>sic</strong></span> <span class='ocrx_word' id='word_1_161' title='bbox 2500 1270 2743 1326; x_wconf 89' lang='lat' dir='ltr'><strong>debeatis</strong></span> <span class='ocrx_word' id='word_1_162' title='bbox 2770 1271 2992 1327; x_wconf 88' lang='lat' dir='ltr'><strong>credere</strong></span> <span class='ocrx_word' id='word_1_163' title='bbox 3024 1271 3403 1341; x_wconf 78' lang='lat' dir='ltr'><strong>negligentem.</strong></span> <span class='ocrx_word' id='word_1_164' title='bbox 3453 1273 3586 1326; x_wconf 80' lang='lat' dir='ltr'><strong>Nam</strong></span> 
     </span>
    </p>
   </div>
   <div class='ocr_carea' id='block_1_27' title="bbox 1993 1364 3588 1436">
    <p class='ocr_par' dir='ltr' id='par_1_27' title="bbox 1993 1364 3588 1436">
     <span class='ocr_line' id='line_1_27' title="bbox 1993 1364 3588 1436; baseline 0 -17"><span class='ocrx_word' id='word_1_165' title='bbox 1993 1381 2117 1421; x_wconf 85' lang='lat' dir='ltr'><strong>vere</strong></span> <span class='ocrx_word' id='word_1_166' title='bbox 2150 1365 2303 1421; x_wconf 91' lang='lat' dir='ltr'><strong>testis</strong></span> <span class='ocrx_word' id='word_1_167' title='bbox 2334 1364 2476 1420; x_wconf 87' lang='lat' dir='ltr'><strong>Deus</strong></span> <span class='ocrx_word' id='word_1_168' title='bbox 2504 1375 2586 1421; x_wconf 90' lang='lat' dir='ltr'><strong>est</strong></span> <span class='ocrx_word' id='word_1_169' title='bbox 2612 1364 2754 1435; x_wconf 88' lang='lat' dir='ltr'><strong>quod</strong></span> <span class='ocrx_word' id='word_1_170' title='bbox 2801 1380 2869 1419; x_wconf 77' lang='lat' dir='ltr'><strong>ex</strong></span> <span class='ocrx_word' id='word_1_171' title='bbox 2914 1366 3284 1436; x_wconf 90' lang='lat' dir='ltr'><strong>magnitudine</strong></span> <span class='ocrx_word' id='word_1_172' title='bbox 3314 1366 3477 1419; x_wconf 84' lang='lat' dir='ltr'><strong>vestri</strong></span> <span class='ocrx_word' id='word_1_173' title='bbox 3510 1368 3588 1419; x_wconf 84' lang='lat' dir='ltr'><strong>at-</strong></span> 
     </span>
    </p>
   </div>
   <div class='ocr_carea' id='block_1_28' title="bbox 1994 1456 3588 1527">
    <p class='ocr_par' dir='ltr' id='par_1_28' title="bbox 1994 1456 3588 1527">
     <span class='ocr_line' id='line_1_28' title="bbox 1994 1456 3588 1527; baseline -0.002 -14"><span class='ocrx_word' id='word_1_174' title='bbox 1994 1458 2168 1515; x_wconf 87' lang='lat' dir='ltr'><strong>fectus</strong></span> <span class='ocrx_word' id='word_1_175' title='bbox 2217 1458 2289 1514; x_wconf 85' lang='lat' dir='ltr'><strong>sit</strong></span> <span class='ocrx_word' id='word_1_176' title='bbox 2328 1459 2511 1513; x_wconf 92' lang='lat' dir='ltr'><strong>animo</strong></span> <span class='ocrx_word' id='word_1_177' title='bbox 2542 1472 2664 1512; x_wconf 91' lang='lat' dir='ltr'><strong>meo</strong></span> <span class='ocrx_word' id='word_1_178' title='bbox 2695 1458 2866 1527; x_wconf 85' lang='lat' dir='ltr'><strong>major</strong></span> <span class='ocrx_word' id='word_1_179' title='bbox 2912 1468 2966 1513; x_wconf 92' lang='lat' dir='ltr'><strong>et</strong></span> <span class='ocrx_word' id='word_1_180' title='bbox 3010 1458 3264 1527; x_wconf 87' lang='lat' dir='ltr'><strong>gemitus.</strong></span> <span class='ocrx_word' id='word_1_181' title='bbox 3297 1456 3404 1511; x_wconf 81' lang='lat' dir='ltr'><strong>Nec</strong></span> <span class='ocrx_word' id='word_1_182' title='bbox 3436 1458 3588 1512; x_wconf 90' lang='lat' dir='ltr'><strong>valeo</strong></span> 
     </span>
    </p>
   </div>
   <div class='ocr_carea' id='block_1_29' title="bbox 1993 1548 3587 1621">
    <p class='ocr_par' dir='ltr' id='par_1_29' title="bbox 1993 1548 3587 1621">
     <span class='ocr_line' id='line_1_29' title="bbox 1993 1548 3587 1621; baseline -0.002 -15"><span class='ocrx_word' id='word_1_183' title='bbox 1993 1552 2111 1606; x_wconf 90' lang='lat' dir='ltr'><strong>sine</strong></span> <span class='ocrx_word' id='word_1_184' title='bbox 2132 1550 2322 1621; x_wconf 88' lang='lat' dir='ltr'><strong>grandi</strong></span> <span class='ocrx_word' id='word_1_185' title='bbox 2344 1550 2497 1604; x_wconf 86' lang='lat' dir='ltr'><strong>vobis</strong></span> <span class='ocrx_word' id='word_1_186' title='bbox 2520 1548 2709 1605; x_wconf 92' lang='lat' dir='ltr'><strong>dolore</strong></span> <span class='ocrx_word' id='word_1_187' title='bbox 2727 1564 3015 1619; x_wconf 89' lang='lat' dir='ltr'><strong>suggerere</strong></span> <span class='ocrx_word' id='word_1_188' title='bbox 3037 1564 3195 1618; x_wconf 88' lang='lat' dir='ltr'><strong>quam</strong></span> <span class='ocrx_word' id='word_1_189' title='bbox 3217 1548 3367 1619; x_wconf 86' lang='lat' dir='ltr'><strong>gravi</strong></span> <span class='ocrx_word' id='word_1_190' title='bbox 3389 1549 3587 1604; x_wconf 52' lang='lat' dir='ltr'><strong>sancti.</strong></span> 
     </span>
    </p>
   </div>
   <div class='ocr_carea' id='block_1_30' title="bbox 1996 1640 3588 1711">
    <p class='ocr_par' dir='ltr' id='par_1_30' title="bbox 1996 1640 3588 1711">
     <span class='ocr_line' id='line_1_30' title="bbox 1996 1640 3588 1711; baseline -0.001 -15"><span class='ocrx_word' id='word_1_191' title='bbox 1996 1651 2076 1698; x_wconf 93' lang='lat' dir='ltr'><strong>tas</strong></span> <span class='ocrx_word' id='word_1_192' title='bbox 2109 1652 2306 1708; x_wconf 87' lang='lat' dir='ltr'><strong>vestra,</strong></span> <span class='ocrx_word' id='word_1_193' title='bbox 2343 1642 2468 1696; x_wconf 92' lang='lat' dir='ltr'><strong>date</strong></span> <span class='ocrx_word' id='word_1_194' title='bbox 2492 1640 2726 1707; x_wconf 90' lang='lat' dir='ltr'><strong>veniam,</strong></span> <span class='ocrx_word' id='word_1_195' title='bbox 2761 1642 3020 1697; x_wconf 78' lang='lat' dir='ltr'><strong>facilitate</strong></span> <span class='ocrx_word' id='word_1_196' title='bbox 3048 1651 3324 1711; x_wconf 66' lang='lat' dir='ltr'><strong>prmveuta</strong></span> <span class='ocrx_word' id='word_1_197' title='bbox 3354 1642 3443 1695; x_wconf 88' lang='lat' dir='ltr'><strong>sit.</strong></span> <span class='ocrx_word' id='word_1_198' title='bbox 3495 1641 3588 1695; x_wconf 84' lang='lat' dir='ltr'><strong>ln—</strong></span> 
     </span>
    </p>
   </div>
   <div class='ocr_carea' id='block_1_31' title="bbox 1995 1735 3587 1804">
    <p class='ocr_par' dir='ltr' id='par_1_31' title="bbox 1995 1735 3587 1804">
     <span class='ocr_line' id='line_1_31' title="bbox 1995 1735 3587 1804; baseline -0.002 -12"><span class='ocrx_word' id='word_1_199' title='bbox 1995 1737 2268 1793; x_wconf 80' lang='lat' dir='ltr'><strong>struxistis</strong></span> <span class='ocrx_word' id='word_1_200' title='bbox 2295 1736 2635 1790; x_wconf 83' lang='lat' dir='ltr'><strong>adversarios</strong></span> <span class='ocrx_word' id='word_1_201' title='bbox 2665 1735 2831 1789; x_wconf 90' lang='lat' dir='ltr'><strong>armis</strong></span> <span class='ocrx_word' id='word_1_202' title='bbox 2856 1736 3056 1791; x_wconf 90' lang='lat' dir='ltr'><strong>vestris</strong></span> <span class='ocrx_word' id='word_1_203' title='bbox 3077 1777 3091 1800; x_wconf 95' lang='lat'><strong>,</strong></span> <span class='ocrx_word' id='word_1_204' title='bbox 3132 1735 3443 1804; x_wconf 91' lang='lat' dir='ltr'><strong>prodidistis</strong></span> <span class='ocrx_word' id='word_1_205' title='bbox 3486 1735 3587 1789; x_wconf 90' lang='lat' dir='ltr'><strong>im-</strong></span> 
     </span>
    </p>
   </div>
   <div class='ocr_carea' id='block_1_32' title="bbox 1996 1829 3586 1902">
    <p class='ocr_par' dir='ltr' id='par_1_32' title="bbox 1996 1829 3586 1902">
     <span class='ocr_line' id='line_1_32' title="bbox 1996 1829 3586 1902; baseline -0.003 -14"><span class='ocrx_word' id='word_1_206' title='bbox 1996 1831 2249 1902; x_wconf 89' lang='lat' dir='ltr'><strong>perfectis</strong></span> <span class='ocrx_word' id='word_1_207' title='bbox 2273 1839 2479 1884; x_wconf 89' lang='lat' dir='ltr'><strong>secreta</strong></span> <span class='ocrx_word' id='word_1_208' title='bbox 2509 1838 2691 1883; x_wconf 88' lang='lat' dir='ltr'><strong>nostra</strong></span> <span class='ocrx_word' id='word_1_209' title='bbox 2717 1872 2732 1895; x_wconf 91' lang='lat'><strong>,</strong></span> <span class='ocrx_word' id='word_1_210' title='bbox 2780 1829 3039 1883; x_wconf 86' lang='lat' dir='ltr'><strong>cantastis</strong></span> <span class='ocrx_word' id='word_1_211' title='bbox 3080 1829 3347 1883; x_wconf 89' lang='lat' dir='ltr'><strong>canticum</strong></span> <span class='ocrx_word' id='word_1_212' title='bbox 3376 1829 3586 1884; x_wconf 90' lang='lat' dir='ltr'><strong>Domini</strong></span> 
     </span>
    </p>
   </div>
   <div class='ocr_carea' id='block_1_33' title="bbox 302 1909 1882 1991">
    <p class='ocr_par' dir='ltr' id='par_1_33' title="bbox 302 1909 1882 1981">
     <span class='ocr_line' id='line_1_33' title="bbox 302 1909 1882 1981; baseline 0.003 -19"><span class='ocrx_word' id='word_1_213' title='bbox 302 1909 519 1963; x_wconf 91' lang='lat' dir='ltr'><strong>nuistis.</strong></span> <span class='ocrx_word' id='word_1_214' title='bbox 561 1910 724 1964; x_wconf 89' lang='lat' dir='ltr'><strong>Orate</strong></span> <span class='ocrx_word' id='word_1_215' title='bbox 775 1919 952 1965; x_wconf 93' lang='lat' dir='ltr'><strong>tamen</strong></span> <span class='ocrx_word' id='word_1_216' title='bbox 977 1920 1034 1964; x_wconf 94' lang='lat' dir='ltr'><strong>ut</strong></span> <span class='ocrx_word' id='word_1_217' title='bbox 1064 1924 1161 1981; x_wconf 91' lang='lat' dir='ltr'><strong>par</strong></span> <span class='ocrx_word' id='word_1_218' title='bbox 1211 1910 1481 1967; x_wconf 90' lang='lat' dir='ltr'><strong>desiderio</strong></span> <span class='ocrx_word' id='word_1_219' title='bbox 1519 1912 1769 1968; x_wconf 87' lang='lat' dir='ltr'><strong>succedat</strong></span> <span class='ocrx_word' id='word_1_220' title='bbox 1812 1913 1882 1969; x_wconf 88' lang='lat' dir='ltr'><strong>ef-</strong></span> 
     </span>
    </p>
   </div>
   <div class='ocr_carea' id='block_1_34' title="bbox 1990 1909 3587 1991">
    <p class='ocr_par' dir='ltr' id='par_1_34' title="bbox 1993 1919 3587 1991">
     <span class='ocr_line' id='line_1_34' title="bbox 1993 1919 3587 1991; baseline -0.004 -11"><span class='ocrx_word' id='word_1_221' title='bbox 1993 1928 2047 1981; x_wconf 90' lang='lat' dir='ltr'><strong>in</strong></span> <span class='ocrx_word' id='word_1_222' title='bbox 2096 1933 2236 1978; x_wconf 84' lang='lat' dir='ltr'><strong>terra</strong></span> <span class='ocrx_word' id='word_1_223' title='bbox 2282 1924 2456 1977; x_wconf 86' lang='lat' dir='ltr'><strong>aliena</strong></span> <span class='ocrx_word' id='word_1_224' title='bbox 2510 1921 2678 1991; x_wconf 75' lang='lat' dir='ltr'><strong>(Psal.</strong></span> <span class='ocrx_word' id='word_1_225' title='bbox 2713 1935 2937 1987; x_wconf 78' lang='lat' dir='ltr'><strong>cxxxvr,</strong></span> <span class='ocrx_word' id='word_1_226' title='bbox 2967 1921 3043 1989; x_wconf 72' lang='grc'><strong>4).</strong></span> <span class='ocrx_word' id='word_1_227' title='bbox 3100 1919 3408 1975; x_wconf 87' lang='lat' dir='ltr'><strong>Protulistis</strong></span> <span class='ocrx_word' id='word_1_228' title='bbox 3441 1922 3587 1974; x_wconf 90' lang='lat' dir='ltr'><strong>velut</strong></span> 
     </span>
    </p>
   </div>
   <div class='ocr_carea' id='block_1_35' title="bbox 307 1999 1887 2071">
    <p class='ocr_par' dir='ltr' id='par_1_35' title="bbox 307 1999 1887 2071">
     <span class='ocr_line' id='line_1_35' title="bbox 307 1999 1887 2071; baseline 0.004 -19"><span class='ocrx_word' id='word_1_229' title='bbox 307 1999 499 2054; x_wconf 87' lang='lat' dir='ltr'><strong>fectus.</strong></span> <span class='ocrx_word' id='word_1_230' title='bbox 531 2000 641 2055; x_wconf 90' lang='lat' dir='ltr'><strong>Nisi</strong></span> <span class='ocrx_word' id='word_1_231' title='bbox 674 2000 812 2056; x_wconf 85' lang='lat' dir='ltr'><strong>forte</strong></span> <span class='ocrx_word' id='word_1_232' title='bbox 856 2000 1001 2056; x_wconf 88' lang='lat' dir='ltr'><strong>illam</strong></span> <span class='ocrx_word' id='word_1_233' title='bbox 1042 2001 1211 2071; x_wconf 87' lang='lat' dir='ltr'><strong>magis</strong></span> <span class='ocrx_word' id='word_1_234' title='bbox 1253 2016 1543 2071; x_wconf 81' lang='lat' dir='ltr'><strong>expensam</strong></span> <span class='ocrx_word' id='word_1_235' title='bbox 1593 2018 1843 2059; x_wconf 89' lang='lat' dir='ltr'><strong>numeras</strong></span> <span class='ocrx_word' id='word_1_236' title='bbox 1872 2044 1887 2071; x_wconf 93' lang='lat'><strong>,</strong></span> 
     </span>
    </p>
   </div>
   <div class='ocr_carea' id='block_1_36' title="bbox 301 2097 1884 2167">
    <p class='ocr_par' dir='ltr' id='par_1_36' title="bbox 301 2097 1884 2167">
     <span class='ocr_line' id='line_1_36' title="bbox 301 2097 1884 2167; baseline 0.002 -17"><span class='ocrx_word' id='word_1_237' title='bbox 301 2111 424 2166; x_wconf 70' lang='lat' dir='ltr'><strong>qua:</strong></span> <span class='ocrx_word' id='word_1_238' title='bbox 446 2112 585 2166; x_wconf 91' lang='lat' dir='ltr'><strong>penu</strong></span> <span class='ocrx_word' id='word_1_239' title='bbox 620 2097 796 2151; x_wconf 88' lang='lat' dir='ltr'><strong>adhuc</strong></span> <span class='ocrx_word' id='word_1_240' title='bbox 819 2098 1045 2167; x_wconf 83' lang='lat' dir='ltr'><strong>frigente</strong></span> <span class='ocrx_word' id='word_1_241' title='bbox 1075 2097 1266 2152; x_wconf 91' lang='lat' dir='ltr'><strong>animis</strong></span> <span class='ocrx_word' id='word_1_242' title='bbox 1300 2099 1403 2153; x_wconf 88' lang='lat' dir='ltr'><strong>tuis</strong></span> <span class='ocrx_word' id='word_1_243' title='bbox 1430 2098 1585 2154; x_wconf 91' lang='lat' dir='ltr'><strong>calet.</strong></span> <span class='ocrx_word' id='word_1_244' title='bbox 1626 2099 1884 2165; x_wconf 85' lang='lat' dir='ltr'><strong>Quocirca</strong></span> 
     </span>
    </p>
   </div>
   <div class='ocr_carea' id='block_1_37' title="bbox 302 2188 1887 2260">
    <p class='ocr_par' dir='ltr' id='par_1_37' title="bbox 302 2188 1887 2260">
     <span class='ocr_line' id='line_1_37' title="bbox 302 2188 1887 2260; baseline 0.002 -15"><span class='ocrx_word' id='word_1_245' title='bbox 302 2188 429 2245; x_wconf 89' lang='lat' dir='ltr'><strong>licet</strong></span> <span class='ocrx_word' id='word_1_246' title='bbox 459 2204 655 2259; x_wconf 90' lang='lat' dir='ltr'><strong>paucos</strong></span> <span class='ocrx_word' id='word_1_247' title='bbox 686 2205 903 2260; x_wconf 84' lang='lat' dir='ltr'><strong>rogasse</strong></span> <span class='ocrx_word' id='word_1_248' title='bbox 934 2199 986 2247; x_wconf 86' lang='lat' dir='ltr'><strong>te</strong></span> <span class='ocrx_word' id='word_1_249' title='bbox 1007 2191 1177 2256; x_wconf 88' lang='lat' dir='ltr'><strong>dicas,</strong></span> <span class='ocrx_word' id='word_1_250' title='bbox 1204 2191 1329 2246; x_wconf 92' lang='lat' dir='ltr'><strong>licet</strong></span> <span class='ocrx_word' id='word_1_251' title='bbox 1358 2193 1536 2247; x_wconf 81' lang='lat' dir='ltr'><strong>laxato</strong></span> <span class='ocrx_word' id='word_1_252' title='bbox 1561 2194 1734 2250; x_wconf 88' lang='lat' dir='ltr'><strong>aulico</strong></span> <span class='ocrx_word' id='word_1_253' title='bbox 1758 2211 1887 2253; x_wconf 89' lang='lat' dir='ltr'><strong>con-</strong></span> 
     </span>
    </p>
   </div>
   <div class='ocr_carea' id='block_1_38' title="bbox 297 2284 1883 2358">
    <p class='ocr_par' dir='ltr' id='par_1_38' title="bbox 297 2284 1883 2358">
     <span class='ocr_line' id='line_1_38' title="bbox 297 2284 1883 2358; baseline 0.005 -22"><span class='ocrx_word' id='word_1_254' title='bbox 297 2290 484 2348; x_wconf 89' lang='lat' dir='ltr'><strong>ventu,</strong></span> <span class='ocrx_word' id='word_1_255' title='bbox 536 2284 832 2339; x_wconf 88' lang='lat' dir='ltr'><strong>relevatum</strong></span> <span class='ocrx_word' id='word_1_256' title='bbox 873 2300 992 2340; x_wconf 89' lang='lat' dir='ltr'><strong>esse</strong></span> <span class='ocrx_word' id='word_1_257' title='bbox 1024 2294 1075 2339; x_wconf 91' lang='lat' dir='ltr'><strong>te</strong></span> <span class='ocrx_word' id='word_1_258' title='bbox 1113 2284 1348 2355; x_wconf 88' lang='lat' dir='ltr'><strong>gaudeas</strong></span> <span class='ocrx_word' id='word_1_259' title='bbox 1390 2304 1402 2339; x_wconf 91' lang='lat'><strong>:</strong></span> <span class='ocrx_word' id='word_1_260' title='bbox 1450 2288 1494 2341; x_wconf 89' lang='lat' dir='ltr'><strong>si</strong></span> <span class='ocrx_word' id='word_1_261' title='bbox 1551 2302 1653 2358; x_wconf 90' lang='lat' dir='ltr'><strong>qua</strong></span> <span class='ocrx_word' id='word_1_262' title='bbox 1707 2298 1883 2345; x_wconf 87' lang='lat' dir='ltr'><strong>tamen</strong></span> 
     </span>
    </p>
   </div>
   <div class='ocr_carea' id='block_1_39' title="bbox 303 2374 1886 2450">
    <p class='ocr_par' dir='ltr' id='par_1_39' title="bbox 303 2374 1886 2450">
     <span class='ocr_line' id='line_1_39' title="bbox 303 2374 1886 2450; baseline 0.003 -19"><span class='ocrx_word' id='word_1_263' title='bbox 303 2374 435 2431; x_wconf 86' lang='lat' dir='ltr'><strong>Inibi</strong></span> <span class='ocrx_word' id='word_1_264' title='bbox 465 2376 784 2431; x_wconf 85' lang='lat' dir='ltr'><strong>excurrendi</strong></span> <span class='ocrx_word' id='word_1_265' title='bbox 812 2378 961 2446; x_wconf 85' lang='lat' dir='ltr'><strong>copia</strong></span> <span class='ocrx_word' id='word_1_266' title='bbox 989 2377 1097 2442; x_wconf 89' lang='lat' dir='ltr'><strong>fiet,</strong></span> <span class='ocrx_word' id='word_1_267' title='bbox 1127 2379 1209 2433; x_wconf 90' lang='lat' dir='ltr'><strong>vel</strong></span> <span class='ocrx_word' id='word_1_268' title='bbox 1260 2379 1455 2433; x_wconf 90' lang='lat' dir='ltr'><strong>invitos</strong></span> <span class='ocrx_word' id='word_1_269' title='bbox 1487 2380 1575 2448; x_wconf 92' lang='lat' dir='ltr'><strong>qui</strong></span> <span class='ocrx_word' id='word_1_270' title='bbox 1629 2396 1886 2450; x_wconf 84' lang='lat' dir='ltr'><strong>superve-</strong></span> 
     </span>
    </p>
   </div>
   <div class='ocr_carea' id='block_1_40' title="bbox 299 2469 1883 2542">
    <p class='ocr_par' dir='ltr' id='par_1_40' title="bbox 299 2469 1883 2542">
     <span class='ocr_line' id='line_1_40' title="bbox 299 2469 1883 2542; baseline 0.003 -17"><span class='ocrx_word' id='word_1_271' title='bbox 299 2469 479 2525; x_wconf 87' lang='lat' dir='ltr'><strong>nerint</strong></span> <span class='ocrx_word' id='word_1_272' title='bbox 510 2470 775 2526; x_wconf 90' lang='lat' dir='ltr'><strong>invitabis.</strong></span> <span class='ocrx_word' id='word_1_273' title='bbox 804 2470 1114 2527; x_wconf 86' lang='lat' dir='ltr'><strong>Providebit</strong></span> <span class='ocrx_word' id='word_1_274' title='bbox 1158 2473 1298 2527; x_wconf 88' lang='lat' dir='ltr'><strong>Deus</strong></span> <span class='ocrx_word' id='word_1_275' title='bbox 1320 2474 1509 2542; x_wconf 89' lang='lat' dir='ltr'><strong>epulas</strong></span> <span class='ocrx_word' id='word_1_276' title='bbox 1558 2475 1883 2529; x_wconf 89' lang='lat' dir='ltr'><strong>multitudini</strong></span> 
     </span>
    </p>
   </div>
   <div class='ocr_carea' id='block_1_41' title="bbox 228 2560 1885 2634">
    <p class='ocr_par' dir='ltr' id='par_1_41' title="bbox 228 2560 1885 2634">
     <span class='ocr_line' id='line_1_41' title="bbox 228 2560 1885 2634; baseline 0.005 -19"><span class='ocrx_word' id='word_1_277' title='bbox 228 2565 241 2578; x_wconf 89' lang='lat'><strong>&#39;</strong></span> <span class='ocrx_word' id='word_1_278' title='bbox 301 2560 396 2616; x_wconf 86' lang='lat' dir='ltr'><strong>tibi</strong></span> <span class='ocrx_word' id='word_1_279' title='bbox 427 2563 691 2618; x_wconf 62' lang='lat' dir='ltr'><strong>convivae.</strong></span> <span class='ocrx_word' id='word_1_280' title='bbox 727 2564 804 2618; x_wconf 88' lang='lat' dir='ltr'><strong>lbi</strong></span> <span class='ocrx_word' id='word_1_281' title='bbox 834 2580 1121 2634; x_wconf 87' lang='lat' dir='ltr'><strong>pauperum</strong></span> <span class='ocrx_word' id='word_1_282' title='bbox 1153 2564 1325 2633; x_wconf 84' lang='lat' dir='ltr'><strong>cibus,</strong></span> <span class='ocrx_word' id='word_1_283' title='bbox 1346 2566 1450 2620; x_wconf 88' lang='lat' dir='ltr'><strong>olei</strong></span> <span class='ocrx_word' id='word_1_284' title='bbox 1481 2567 1616 2624; x_wconf 83' lang='lat' dir='ltr'><strong>cado</strong></span> <span class='ocrx_word' id='word_1_285' title='bbox 1646 2577 1698 2622; x_wconf 90' lang='lat' dir='ltr'><strong>et</strong></span> <span class='ocrx_word' id='word_1_286' title='bbox 1729 2568 1885 2623; x_wconf 91' lang='lat' dir='ltr'><strong>farris</strong></span> 
     </span>
    </p>
   </div>
   <div class='ocr_carea' id='block_1_42' title="bbox 300 2651 1884 2731">
    <p class='ocr_par' dir='ltr' id='par_1_42' title="bbox 300 2651 1884 2731">
     <span class='ocr_line' id='line_1_42' title="bbox 300 2651 1884 2731; baseline 0.006 -24"><span class='ocrx_word' id='word_1_287' title='bbox 300 2651 487 2724; x_wconf 80' lang='lat' dir='ltr'><strong>hydria</strong></span> <span class='ocrx_word' id='word_1_288' title='bbox 520 2656 862 2724; x_wconf 87' lang='lat' dir='ltr'><strong>persistente,</strong></span> <span class='ocrx_word' id='word_1_289' title='bbox 895 2656 1281 2712; x_wconf 91' lang='lat' dir='ltr'><strong>cumulabitnr.</strong></span> <span class='ocrx_word' id='word_1_290' title='bbox 1319 2658 1392 2714; x_wconf 91' lang='lat' dir='ltr'><strong>lbi</strong></span> <span class='ocrx_word' id='word_1_291' title='bbox 1434 2660 1477 2713; x_wconf 90' lang='lat' dir='ltr'><strong>si</strong></span> <span class='ocrx_word' id='word_1_292' title='bbox 1526 2662 1606 2714; x_wconf 86' lang='lat' dir='ltr'><strong>vel</strong></span> <span class='ocrx_word' id='word_1_293' title='bbox 1647 2661 1884 2731; x_wconf 85' lang='lat' dir='ltr'><strong>quinque</strong></span> 
     </span>
    </p>
   </div>
   <div class='ocr_carea' id='block_1_43' title="bbox 299 2746 1879 2820">
    <p class='ocr_par' dir='ltr' id='par_1_43' title="bbox 299 2746 1879 2820">
     <span class='ocr_line' id='line_1_43' title="bbox 299 2746 1879 2820; baseline 0.006 -23"><span class='ocrx_word' id='word_1_294' title='bbox 299 2760 463 2812; x_wconf 89' lang='lat' dir='ltr'><strong>panes</strong></span> <span class='ocrx_word' id='word_1_295' title='bbox 489 2746 709 2813; x_wconf 88' lang='lat' dir='ltr'><strong>fuerint,</strong></span> <span class='ocrx_word' id='word_1_296' title='bbox 738 2749 1008 2819; x_wconf 89' lang='lat' dir='ltr'><strong>geminum</strong></span> <span class='ocrx_word' id='word_1_297' title='bbox 1042 2750 1243 2820; x_wconf 87' lang='lat' dir='ltr'><strong>piscem</strong></span> <span class='ocrx_word' id='word_1_298' title='bbox 1285 2751 1585 2819; x_wconf 85' lang='lat' dir='ltr'><strong>providisse</strong></span> <span class='ocrx_word' id='word_1_299' title='bbox 1633 2754 1879 2808; x_wconf 88' lang='lat' dir='ltr'><strong>sufficiat.</strong></span> 
     </span>
    </p>
   </div>
   <div class='ocr_carea' id='block_1_44' title="bbox 297 2834 1882 2915">
    <p class='ocr_par' dir='ltr' id='par_1_44' title="bbox 297 2834 1882 2915">
     <span class='ocr_line' id='line_1_44' title="bbox 297 2834 1882 2915; baseline 0.007 -25"><span class='ocrx_word' id='word_1_300' title='bbox 297 2834 432 2891; x_wconf 90' lang='lat' dir='ltr'><strong>lllud</strong></span> <span class='ocrx_word' id='word_1_301' title='bbox 462 2847 639 2893; x_wconf 88' lang='lat' dir='ltr'><strong>autem</strong></span> <span class='ocrx_word' id='word_1_302' title='bbox 673 2840 806 2893; x_wconf 67' lang='lat' dir='ltr'><strong>fidus</strong></span> <span class='ocrx_word' id='word_1_303' title='bbox 834 2850 951 2901; x_wconf 71' lang='lat' dir='ltr'><strong>rost</strong></span> <span class='ocrx_word' id='word_1_304' title='bbox 972 2842 1086 2897; x_wconf 60' lang='lat' dir='ltr'><strong>hac</strong></span> <span class='ocrx_word' id='word_1_305' title='bbox 1114 2843 1495 2899; x_wconf 89' lang='lat' dir='ltr'><strong>miraculorum</strong></span> <span class='ocrx_word' id='word_1_306' title='bbox 1518 2847 1882 2915; x_wconf 78' lang='lat' dir='ltr'><strong>experimenta</strong></span> 
     </span>
    </p>
   </div>
   <div class='ocr_carea' id='block_1_45' title="bbox 300 2929 1879 3005">
    <p class='ocr_par' dir='ltr' id='par_1_45' title="bbox 300 2929 1879 3005">
     <span class='ocr_line' id='line_1_45' title="bbox 300 2929 1879 3005; baseline 0.008 -22"><span class='ocrx_word' id='word_1_307' title='bbox 300 2929 573 2999; x_wconf 88' lang='lat' dir='ltr'><strong>promitto,</strong></span> <span class='ocrx_word' id='word_1_308' title='bbox 609 2932 747 3001; x_wconf 89' lang='lat' dir='ltr'><strong>quod</strong></span> <span class='ocrx_word' id='word_1_309' title='bbox 771 2933 986 2989; x_wconf 89' lang='lat' dir='ltr'><strong>Christo</strong></span> <span class='ocrx_word' id='word_1_310' title='bbox 1016 2950 1310 3005; x_wconf 89' lang='lat' dir='ltr'><strong>pauperum</strong></span> <span class='ocrx_word' id='word_1_311' title='bbox 1342 2952 1561 2993; x_wconf 90' lang='lat' dir='ltr'><strong>suorum</strong></span> <span class='ocrx_word' id='word_1_312' title='bbox 1592 2942 1879 2995; x_wconf 85' lang='lat' dir='ltr'><strong>conventui</strong></span> 
     </span>
    </p>
   </div>
   <div class='ocr_carea' id='block_1_46' title="bbox 270 3019 1883 3100">
    <p class='ocr_par' dir='ltr' id='par_1_46' title="bbox 270 3019 1883 3100">
     <span class='ocr_line' id='line_1_46' title="bbox 270 3019 1883 3100; baseline 0.007 -23"><span class='ocrx_word' id='word_1_313' title='bbox 270 3019 521 3078; x_wconf 65' lang='lat' dir='ltr'><strong>’minime</strong></span> <span class='ocrx_word' id='word_1_314' title='bbox 547 3023 813 3089; x_wconf 86' lang='lat' dir='ltr'><strong>defuturo,</strong></span> <span class='ocrx_word' id='word_1_315' title='bbox 844 3036 1045 3096; x_wconf 89' lang='lat' dir='ltr'><strong>quanto</strong></span> <span class='ocrx_word' id='word_1_316' title='bbox 1071 3030 1219 3099; x_wconf 91' lang='lat' dir='ltr'><strong>plura</strong></span> <span class='ocrx_word' id='word_1_317' title='bbox 1252 3032 1569 3100; x_wconf 87' lang='lat' dir='ltr'><strong>populorum</strong></span> <span class='ocrx_word' id='word_1_318' title='bbox 1587 3032 1749 3087; x_wconf 89' lang='lat' dir='ltr'><strong>millia</strong></span> <span class='ocrx_word' id='word_1_319' title='bbox 1774 3035 1883 3089; x_wconf 87' lang='lat' dir='ltr'><strong>col-</strong></span> 
     </span>
    </p>
   </div>
   <div class='ocr_carea' id='block_1_47' title="bbox 295 3114 1883 3191">
    <p class='ocr_par' dir='ltr' id='par_1_47' title="bbox 295 3114 1883 3191">
     <span class='ocr_line' id='line_1_47' title="bbox 295 3114 1883 3191; baseline 0.006 -21"><span class='ocrx_word' id='word_1_320' title='bbox 295 3114 514 3183; x_wconf 84' lang='lat' dir='ltr'><strong>legeris,</strong></span> <span class='ocrx_word' id='word_1_321' title='bbox 549 3115 728 3185; x_wconf 89' lang='lat' dir='ltr'><strong>plures</strong></span> <span class='ocrx_word' id='word_1_322' title='bbox 758 3118 1015 3186; x_wconf 88' lang='lat' dir='ltr'><strong>cophinos</strong></span> <span class='ocrx_word' id='word_1_323' title='bbox 1040 3122 1356 3187; x_wconf 86' lang='lat' dir='ltr'><strong>reportabis.</strong></span> <span class='ocrx_word' id='word_1_324' title='bbox 1388 3124 1539 3191; x_wconf 83' lang='lat' dir='ltr'><strong>Apud</strong></span> <span class='ocrx_word' id='word_1_325' title='bbox 1574 3124 1739 3178; x_wconf 88' lang='lat' dir='ltr'><strong>filium</strong></span> <span class='ocrx_word' id='word_1_326' title='bbox 1772 3143 1883 3179; x_wconf 91' lang='lat' dir='ltr'><strong>no-</strong></span> 
     </span>
    </p>
   </div>
   <div class='ocr_carea' id='block_1_48' title="bbox 294 3210 1881 3280">
    <p class='ocr_par' dir='ltr' id='par_1_48' title="bbox 294 3210 1881 3280">
     <span class='ocr_line' id='line_1_48' title="bbox 294 3210 1881 3280; baseline 0.006 -17"><span class='ocrx_word' id='word_1_327' title='bbox 294 3216 468 3263; x_wconf 81' lang='lat' dir='ltr'><strong>strum</strong></span> <span class='ocrx_word' id='word_1_328' title='bbox 502 3224 630 3264; x_wconf 90' lang='lat' dir='ltr'><strong>vero</strong></span> <span class='ocrx_word' id='word_1_329' title='bbox 659 3210 774 3279; x_wconf 91' lang='lat' dir='ltr'><strong>qui,</strong></span> <span class='ocrx_word' id='word_1_330' title='bbox 799 3210 935 3265; x_wconf 81' lang='lat' dir='ltr'><strong>sicut</strong></span> <span class='ocrx_word' id='word_1_331' title='bbox 960 3212 1210 3280; x_wconf 88' lang='lat' dir='ltr'><strong>scribitis,</strong></span> <span class='ocrx_word' id='word_1_332' title='bbox 1236 3215 1722 3271; x_wconf 83' lang='lat' dir='ltr'><strong>reconciliationem</strong></span> <span class='ocrx_word' id='word_1_333' title='bbox 1761 3234 1881 3272; x_wconf 84' lang='lat' dir='ltr'><strong>mu-</strong></span> 
     </span>
    </p>
   </div>
   <div class='ocr_carea' id='block_1_49' title="bbox 296 3299 1883 3377">
    <p class='ocr_par' dir='ltr' id='par_1_49' title="bbox 296 3299 1883 3377">
     <span class='ocr_line' id='line_1_49' title="bbox 296 3299 1883 3377; baseline 0.008 -25"><span class='ocrx_word' id='word_1_334' title='bbox 296 3306 443 3352; x_wconf 88' lang='lat' dir='ltr'><strong>tuam</strong></span> <span class='ocrx_word' id='word_1_335' title='bbox 477 3299 725 3368; x_wconf 65' lang='lat' dir='ltr'><strong>dignatur</strong></span> <span class='ocrx_word' id='word_1_336' title='bbox 752 3301 979 3371; x_wconf 89' lang='lat' dir='ltr'><strong>ambire,</strong></span> <span class='ocrx_word' id='word_1_337' title='bbox 1012 3318 1105 3358; x_wconf 90' lang='lat' dir='ltr'><strong>vos</strong></span> <span class='ocrx_word' id='word_1_338' title='bbox 1140 3315 1313 3359; x_wconf 78' lang='lat' dir='ltr'><strong>esmtc</strong></span> <span class='ocrx_word' id='word_1_339' title='bbox 1354 3307 1695 3373; x_wconf 86' lang='lat' dir='ltr'><strong>vadimonio,</strong></span> <span class='ocrx_word' id='word_1_340' title='bbox 1742 3311 1883 3377; x_wconf 83' lang='lat' dir='ltr'><strong>quod</strong></span> 
     </span>
    </p>
   </div>
   <div class='ocr_carea' id='block_1_50' title="bbox 293 3389 1882 3466">
    <p class='ocr_par' dir='ltr' id='par_1_50' title="bbox 293 3389 1882 3466">
     <span class='ocr_line' id='line_1_50' title="bbox 293 3389 1882 3466; baseline 0.007 -21"><span class='ocrx_word' id='word_1_341' title='bbox 293 3390 338 3445; x_wconf 86' lang='lat' dir='ltr'><strong>si</strong></span> <span class='ocrx_word' id='word_1_342' title='bbox 372 3389 465 3445; x_wconf 89' lang='lat' dir='ltr'><strong>illc</strong></span> <span class='ocrx_word' id='word_1_343' title='bbox 496 3392 717 3461; x_wconf 81' lang='lat' dir='ltr'><strong>paciﬁco</strong></span> <span class='ocrx_word' id='word_1_344' title='bbox 768 3406 891 3449; x_wconf 91' lang='lat' dir='ltr'><strong>voto</strong></span> <span class='ocrx_word' id='word_1_345' title='bbox 945 3410 1104 3465; x_wconf 88' lang='lat' dir='ltr'><strong>agere</strong></span> <span class='ocrx_word' id='word_1_346' title='bbox 1152 3398 1331 3466; x_wconf 90' lang='lat' dir='ltr'><strong>cupit,</strong></span> <span class='ocrx_word' id='word_1_347' title='bbox 1374 3414 1471 3465; x_wconf 77' lang='lat' dir='ltr'><strong>ego</strong></span> <span class='ocrx_word' id='word_1_348' title='bbox 1506 3408 1558 3453; x_wconf 92' lang='lat' dir='ltr'><strong>et</strong></span> <span class='ocrx_word' id='word_1_349' title='bbox 1587 3403 1759 3454; x_wconf 85' lang='lat' dir='ltr'><strong>amico</strong></span> <span class='ocrx_word' id='word_1_350' title='bbox 1794 3421 1805 3453; x_wconf 86' lang='lat'>:</span> <span class='ocrx_word' id='word_1_351' title='bbox 1840 3404 1882 3457; x_wconf 91' lang='lat' dir='ltr'><strong>si</strong></span> 
     </span>
    </p>
   </div>
   <div class='ocr_carea' id='block_1_51' title="bbox 296 3482 1883 3559">
    <p class='ocr_par' dir='ltr' id='par_1_51' title="bbox 296 3482 1883 3559">
     <span class='ocr_line' id='line_1_51' title="bbox 296 3482 1883 3559; baseline 0.007 -22"><span class='ocrx_word' id='word_1_352' title='bbox 296 3482 393 3539; x_wconf 89' lang='lat' dir='ltr'><strong>ille</strong></span> <span class='ocrx_word' id='word_1_353' title='bbox 422 3482 750 3541; x_wconf 82' lang='lat' dir='ltr'><strong>discordiam</strong></span> <span class='ocrx_word' id='word_1_354' title='bbox 782 3488 955 3555; x_wconf 90' lang='lat' dir='ltr'><strong>poscit</strong></span> <span class='ocrx_word' id='word_1_355' title='bbox 990 3487 1123 3553; x_wconf 89' lang='lat' dir='ltr'><strong>tolli,</strong></span> <span class='ocrx_word' id='word_1_356' title='bbox 1174 3503 1274 3558; x_wconf 82' lang='lat' dir='ltr'><strong>ego</strong></span> <span class='ocrx_word' id='word_1_357' title='bbox 1328 3490 1486 3559; x_wconf 91' lang='lat' dir='ltr'><strong>cupio</strong></span> <span class='ocrx_word' id='word_1_358' title='bbox 1539 3494 1883 3549; x_wconf 82' lang='lat' dir='ltr'><strong>concordiam</strong></span> 
     </span>
    </p>
   </div>
   <div class='ocr_carea' id='block_1_52' title="bbox 298 3665 1881 3740">
    <p class='ocr_par' dir='ltr' id='par_1_52' title="bbox 298 3665 1881 3740">
     <span class='ocr_line' id='line_1_52' title="bbox 298 3665 1881 3740; baseline 0.004 -20"><span class='ocrx_word' id='word_1_359' title='bbox 298 3668 499 3740; x_wconf 90' lang='lat' dir='ltr'><strong>tionem</strong></span> <span class='ocrx_word' id='word_1_360' title='bbox 544 3666 655 3740; x_wconf 83' lang='lat' dir='ltr'><strong>dari</strong></span> <span class='ocrx_word' id='word_1_361' title='bbox 698 3665 919 3740; x_wconf 66' lang='lat' dir='ltr'><strong>dicitur.</strong></span> <span class='ocrx_word' id='word_1_362' title='bbox 960 3665 1037 3719; x_wconf 90' lang='lat' dir='ltr'><strong>De</strong></span> <span class='ocrx_word' id='word_1_363' title='bbox 1084 3666 1182 3721; x_wconf 92' lang='lat' dir='ltr'><strong>hac</strong></span> <span class='ocrx_word' id='word_1_364' title='bbox 1221 3666 1392 3740; x_wconf 81' lang='lat' dir='ltr'><strong>igitur</strong></span> <span class='ocrx_word' id='word_1_365' title='bbox 1426 3683 1614 3723; x_wconf 83' lang='lat' dir='ltr'><strong>manus</strong></span> <span class='ocrx_word' id='word_1_366' title='bbox 1667 3671 1881 3740; x_wconf 88' lang='lat' dir='ltr'><strong>imposi-</strong></span> 
     </span>
    </p>
   </div>
   <div class='ocr_carea' id='block_1_53' title="bbox 295 3736 1881 3806">
    <p class='ocr_par' dir='ltr' id='par_1_53' title="bbox 295 3736 1881 3806">
     <span class='ocr_line' id='line_1_53' title="bbox 295 3736 1881 3806; baseline 0.004 -15"><span class='ocrx_word' id='word_1_367' title='bbox 295 3739 443 3792; x_wconf 87' lang='lat' dir='ltr'><strong>tione</strong></span> <span class='ocrx_word' id='word_1_368' title='bbox 469 3753 568 3804; x_wconf 87' lang='lat' dir='ltr'><strong>qua</strong></span> <span class='ocrx_word' id='word_1_369' title='bbox 595 3737 751 3790; x_wconf 92' lang='lat' dir='ltr'><strong>datur</strong></span> <span class='ocrx_word' id='word_1_370' title='bbox 783 3736 1012 3806; x_wconf 87' lang='lat' dir='ltr'><strong>Spiritus</strong></span> <span class='ocrx_word' id='word_1_371' title='bbox 1057 3748 1296 3802; x_wconf 89' lang='lat' dir='ltr'><strong>sanctus,</strong></span> <span class='ocrx_word' id='word_1_372' title='bbox 1344 3738 1429 3792; x_wconf 91' lang='lat' dir='ltr'><strong>hic</strong></span> <span class='ocrx_word' id='word_1_373' title='bbox 1456 3755 1635 3793; x_wconf 86' lang='lat' dir='ltr'><strong>sermo</strong></span> <span class='ocrx_word' id='word_1_374' title='bbox 1681 3736 1782 3806; x_wconf 85' lang='lat' dir='ltr'><strong>esi,</strong></span> <span class='ocrx_word' id='word_1_375' title='bbox 1816 3760 1881 3798; x_wconf 90' lang='lat' dir='ltr'><strong>nc</strong></span> 
     </span>
    </p>
   </div>
   <div class='ocr_carea' id='block_1_54' title="bbox 297 3807 1851 3878">
    <p class='ocr_par' dir='ltr' id='par_1_54' title="bbox 297 3807 1851 3878">
     <span class='ocr_line' id='line_1_54' title="bbox 297 3807 1851 3878; baseline 0 -17"><span class='ocrx_word' id='word_1_376' title='bbox 297 3808 420 3878; x_wconf 72' lang='lat' dir='ltr'><strong>quis</strong></span> <span class='ocrx_word' id='word_1_377' title='bbox 451 3809 516 3862; x_wconf 91' lang='lat' dir='ltr'><strong>de</strong></span> <span class='ocrx_word' id='word_1_378' title='bbox 554 3808 654 3861; x_wconf 90' lang='lat' dir='ltr'><strong>alia</strong></span> <span class='ocrx_word' id='word_1_379' title='bbox 682 3810 907 3862; x_wconf 88' lang='lat' dir='ltr'><strong>fortasse</strong></span> <span class='ocrx_word' id='word_1_380' title='bbox 934 3807 1391 3874; x_wconf 81' lang='lat' dir='ltr'><strong>interpretandum</strong></span> <span class='ocrx_word' id='word_1_381' title='bbox 1425 3821 1592 3877; x_wconf 90' lang='lat' dir='ltr'><strong>putet.</strong></span> <span class='ocrx_word' id='word_1_382' title='bbox 1848 3812 1851 3815; x_wconf 42' lang='grc' dir='ltr'><strong><em>λ</em></strong></span> 
     </span>
    </p>
   </div>
   <div class='ocr_carea' id='block_1_55' title="bbox 372 3878 1880 3947">
    <p class='ocr_par' dir='ltr' id='par_1_55' title="bbox 372 3878 1880 3947">
     <span class='ocr_line' id='line_1_55' title="bbox 372 3878 1880 3947; baseline 0.005 -16"><span class='ocrx_word' id='word_1_383' title='bbox 372 3888 399 3915; x_wconf 72' lang='grc' dir='ltr'><strong><em>λ</em></strong></span> <span class='ocrx_word' id='word_1_384' title='bbox 430 3878 589 3945; x_wconf 88' lang='lat' dir='ltr'><strong>Quasi</strong></span> <span class='ocrx_word' id='word_1_385' title='bbox 621 3879 765 3932; x_wconf 87' lang='lat' dir='ltr'><strong>dicat</strong></span> <span class='ocrx_word' id='word_1_386' title='bbox 786 3879 1181 3933; x_wconf 83' lang='lat' dir='ltr'><strong>chrismandiuu</strong></span> <span class='ocrx_word' id='word_1_387' title='bbox 1210 3880 1368 3933; x_wconf 88' lang='lat' dir='ltr'><strong>etiam</strong></span> <span class='ocrx_word' id='word_1_388' title='bbox 1402 3882 1585 3947; x_wconf 67' lang='lat' dir='ltr'><strong>fuisse,</strong></span> <span class='ocrx_word' id='word_1_389' title='bbox 1611 3884 1711 3937; x_wconf 91' lang='lat' dir='ltr'><strong>nisi</strong></span> <span class='ocrx_word' id='word_1_390' title='bbox 1739 3884 1880 3938; x_wconf 86' lang='lat' dir='ltr'><strong>chri-</strong></span> 
     </span>
    </p>
   </div>
   <div class='ocr_carea' id='block_1_56' title="bbox 298 3948 1881 4019">
    <p class='ocr_par' dir='ltr' id='par_1_56' title="bbox 298 3948 1881 4019">
     <span class='ocr_line' id='line_1_56' title="bbox 298 3948 1881 4019; baseline 0.003 -16"><span class='ocrx_word' id='word_1_391' title='bbox 298 3961 506 4003; x_wconf 84' lang='lat' dir='ltr'><strong>smatus</strong></span> <span class='ocrx_word' id='word_1_392' title='bbox 530 3949 639 4018; x_wconf 88' lang='lat' dir='ltr'><strong>jam</strong></span> <span class='ocrx_word' id='word_1_393' title='bbox 681 3958 842 4003; x_wconf 64' lang='lat' dir='ltr'><strong>esset.</strong></span> <span class='ocrx_word' id='word_1_394' title='bbox 893 3948 1258 4003; x_wconf 81' lang='lat' dir='ltr'><strong>Adliihebatur</strong></span> <span class='ocrx_word' id='word_1_395' title='bbox 1288 3950 1429 4004; x_wconf 88' lang='lat' dir='ltr'><strong>enim</strong></span> <span class='ocrx_word' id='word_1_396' title='bbox 1475 3951 1524 4003; x_wconf 88' lang='lat' dir='ltr'><strong>in</strong></span> <span class='ocrx_word' id='word_1_397' title='bbox 1560 3955 1881 4019; x_wconf 73' lang='lat' dir='ltr'><strong>recipiendis</strong></span> 
     </span>
    </p>
   </div>
   <div class='ocr_carea' id='block_1_57' title="bbox 302 4019 1881 4088">
    <p class='ocr_par' dir='ltr' id='par_1_57' title="bbox 302 4019 1881 4088">
     <span class='ocr_line' id='line_1_57' title="bbox 302 4019 1881 4088; baseline 0.003 -15"><span class='ocrx_word' id='word_1_398' title='bbox 302 4020 591 4079; x_wconf 69' lang='lat' dir='ltr'><strong>litereticis,</strong></span> <span class='ocrx_word' id='word_1_399' title='bbox 626 4029 820 4088; x_wconf 77' lang='lat' dir='ltr'><strong>pra-ter</strong></span> <span class='ocrx_word' id='word_1_400' title='bbox 848 4019 1244 4087; x_wconf 81' lang='lat' dir='ltr'><strong>impositionem</strong></span> <span class='ocrx_word' id='word_1_401' title='bbox 1272 4036 1545 4085; x_wconf 88' lang='lat' dir='ltr'><strong>manuum,</strong></span> <span class='ocrx_word' id='word_1_402' title='bbox 1578 4025 1881 4079; x_wconf 67' lang='lat' dir='ltr'><strong>chrismatis</strong></span> 
     </span>
    </p>
   </div>
   <div class='ocr_carea' id='block_1_58' title="bbox 299 4090 1880 4161">
    <p class='ocr_par' dir='ltr' id='par_1_58' title="bbox 299 4090 1880 4161">
     <span class='ocr_line' id='line_1_58' title="bbox 299 4090 1880 4161; baseline 0.005 -22"><span class='ocrx_word' id='word_1_403' title='bbox 299 4106 513 4159; x_wconf 84' lang='lat' dir='ltr'><strong>quoque</strong></span> <span class='ocrx_word' id='word_1_404' title='bbox 554 4090 905 4155; x_wconf 78' lang='lat' dir='ltr'><strong>consignatio.</strong></span> <span class='ocrx_word' id='word_1_405' title='bbox 952 4090 1113 4157; x_wconf 85' lang='lat' dir='ltr'><strong>Cujus</strong></span> <span class='ocrx_word' id='word_1_406' title='bbox 1166 4092 1328 4145; x_wconf 71' lang='lat' dir='ltr'><strong>moris</strong></span> <span class='ocrx_word' id='word_1_407' title='bbox 1366 4092 1507 4161; x_wconf 79' lang='lat' dir='ltr'><strong>apud</strong></span> <span class='ocrx_word' id='word_1_408' title='bbox 1566 4092 1880 4161; x_wconf 85' lang='lat' dir='ltr'><strong>Gregorium</strong></span> 
     </span>
    </p>
   </div>
   <div class='ocr_carea' id='block_1_59' title="bbox 301 4160 1882 4229">
    <p class='ocr_par' dir='ltr' id='par_1_59' title="bbox 301 4160 1882 4229">
     <span class='ocr_line' id='line_1_59' title="bbox 301 4160 1882 4229; baseline 0 -14"><span class='ocrx_word' id='word_1_409' title='bbox 301 4161 506 4215; x_wconf 91' lang='lat' dir='ltr'><strong>Turon.</strong></span> <span class='ocrx_word' id='word_1_410' title='bbox 538 4160 764 4214; x_wconf 87' lang='lat' dir='ltr'><strong>illustria</strong></span> <span class='ocrx_word' id='word_1_411' title='bbox 811 4169 935 4213; x_wconf 91' lang='lat' dir='ltr'><strong>sunt</strong></span> <span class='ocrx_word' id='word_1_412' title='bbox 963 4163 1230 4229; x_wconf 63' lang='lat' dir='ltr'><strong>exempla,</strong></span> <span class='ocrx_word' id='word_1_413' title='bbox 1268 4160 1320 4213; x_wconf 91' lang='lat' dir='ltr'><strong>in</strong></span> <span class='ocrx_word' id='word_1_414' title='bbox 1363 4160 1604 4215; x_wconf 87' lang='lat' dir='ltr'><strong>Lantilde</strong></span> <span class='ocrx_word' id='word_1_415' title='bbox 1631 4160 1882 4217; x_wconf 25' lang='lat' dir='ltr'><strong>Cl’odovei</strong></span> 
     </span>
    </p>
   </div>
   <div class='ocr_carea' id='block_1_60' title="bbox 297 4230 1885 4301">
    <p class='ocr_par' dir='ltr' id='par_1_60' title="bbox 297 4230 1885 4301">
     <span class='ocr_line' id='line_1_60' title="bbox 297 4230 1885 4301; baseline 0 -15"><span class='ocrx_word' id='word_1_416' title='bbox 297 4233 443 4301; x_wconf 87' lang='lat' dir='ltr'><strong>regis</strong></span> <span class='ocrx_word' id='word_1_417' title='bbox 481 4247 688 4293; x_wconf 82' lang='lat' dir='ltr'><strong>sorore,</strong></span> <span class='ocrx_word' id='word_1_418' title='bbox 731 4246 849 4297; x_wconf 73' lang='lat' dir='ltr'><strong>utne</strong></span> <span class='ocrx_word' id='word_1_419' title='bbox 886 4246 949 4285; x_wconf 79' lang='lat' dir='ltr'><strong>ex</strong></span> <span class='ocrx_word' id='word_1_420' title='bbox 990 4230 1181 4301; x_wconf 79' lang='lat' dir='ltr'><strong>haeresi</strong></span> <span class='ocrx_word' id='word_1_421' title='bbox 1221 4232 1415 4285; x_wconf 86' lang='lat' dir='ltr'><strong>Ariana</strong></span> <span class='ocrx_word' id='word_1_422' title='bbox 1452 4247 1705 4287; x_wconf 86' lang='lat' dir='ltr'><strong>conversa</strong></span> <span class='ocrx_word' id='word_1_423' title='bbox 1742 4234 1885 4287; x_wconf 87' lang='lat' dir='ltr'><strong>chri-</strong></span> 
     </span>
    </p>
   </div>
   <div class='ocr_carea' id='block_1_61' title="bbox 295 4300 1882 4370">
    <p class='ocr_par' dir='ltr' id='par_1_61' title="bbox 295 4300 1882 4370">
     <span class='ocr_line' id='line_1_61' title="bbox 295 4300 1882 4370; baseline 0 -13"><span class='ocrx_word' id='word_1_424' title='bbox 295 4300 468 4357; x_wconf 81' lang='lat' dir='ltr'><strong>smata</strong></span> <span class='ocrx_word' id='word_1_425' title='bbox 502 4312 603 4366; x_wconf 86' lang='lat' dir='ltr'><strong>est,</strong></span> <span class='ocrx_word' id='word_1_426' title='bbox 634 4302 726 4357; x_wconf 90' lang='lat' dir='ltr'><strong>lib.</strong></span> <span class='ocrx_word' id='word_1_427' title='bbox 755 4318 789 4355; x_wconf 88' lang='lat' dir='ltr'><strong>ll</strong></span> <span class='ocrx_word' id='word_1_428' title='bbox 820 4301 1063 4355; x_wconf 65' lang='lat' dir='ltr'><strong>Historiae</strong></span> <span class='ocrx_word' id='word_1_429' title='bbox 1106 4300 1299 4356; x_wconf 84' lang='lat' dir='ltr'><strong>Franc.</strong></span> <span class='ocrx_word' id='word_1_430' title='bbox 1333 4317 1452 4370; x_wconf 88' lang='lat' dir='ltr'><strong>cap.</strong></span> <span class='ocrx_word' id='word_1_431' title='bbox 1486 4302 1576 4365; x_wconf 74' lang='lat' dir='ltr'><strong>3f,</strong></span> <span class='ocrx_word' id='word_1_432' title='bbox 1611 4304 1661 4355; x_wconf 91' lang='lat' dir='ltr'><strong>in</strong></span> <span class='ocrx_word' id='word_1_433' title='bbox 1690 4304 1882 4357; x_wconf 84' lang='lat' dir='ltr'><strong>Bruni-</strong></span> 
     </span>
    </p>
   </div>
   <div class='ocr_carea' id='block_1_62' title="bbox 295 4372 1880 4441">
    <p class='ocr_par' dir='ltr' id='par_1_62' title="bbox 295 4372 1880 4441">
     <span class='ocr_line' id='line_1_62' title="bbox 295 4372 1880 4441; baseline 0.001 -15"><span class='ocrx_word' id='word_1_434' title='bbox 295 4372 477 4427; x_wconf 91' lang='lat' dir='ltr'><strong>childe</strong></span> <span class='ocrx_word' id='word_1_435' title='bbox 508 4386 556 4426; x_wconf 92' lang='lat' dir='ltr'><strong>ct</strong></span> <span class='ocrx_word' id='word_1_436' title='bbox 588 4373 877 4428; x_wconf 84' lang='lat' dir='ltr'><strong>Gosuvinta</strong></span> <span class='ocrx_word' id='word_1_437' title='bbox 906 4372 1180 4427; x_wconf 85' lang='lat' dir='ltr'><strong>sororibus</strong></span> <span class='ocrx_word' id='word_1_438' title='bbox 1218 4373 1312 4426; x_wconf 90' lang='lat' dir='ltr'><strong>lib.</strong></span> <span class='ocrx_word' id='word_1_439' title='bbox 1342 4389 1414 4439; x_wconf 91' lang='lat' dir='ltr'><strong>tv,</strong></span> <span class='ocrx_word' id='word_1_440' title='bbox 1448 4388 1565 4441; x_wconf 87' lang='lat' dir='ltr'><strong>cap.</strong></span> <span class='ocrx_word' id='word_1_441' title='bbox 1596 4374 1663 4427; x_wconf 75' lang='lat'><strong>27</strong></span> <span class='ocrx_word' id='word_1_442' title='bbox 1693 4387 1745 4428; x_wconf 87' lang='lat' dir='ltr'><strong>et</strong></span> <span class='ocrx_word' id='word_1_443' title='bbox 1772 4374 1880 4438; x_wconf 68' lang='lat'><strong>‘18;</strong></span> 
     </span>
    </p>
   </div>
   <div class='ocr_carea' id='block_1_63' title="bbox 294 4442 1880 4512">
    <p class='ocr_par' dir='ltr' id='par_1_63' title="bbox 294 4442 1880 4512">
     <span class='ocr_line' id='line_1_63' title="bbox 294 4442 1880 4512; baseline 0 -15"><span class='ocrx_word' id='word_1_444' title='bbox 294 4444 351 4498; x_wconf 88' lang='lat' dir='ltr'><strong>in</strong></span> <span class='ocrx_word' id='word_1_445' title='bbox 388 4443 825 4497; x_wconf 83' lang='lat' dir='ltr'><strong>Hernienichildo</strong></span> <span class='ocrx_word' id='word_1_446' title='bbox 856 4459 979 4509; x_wconf 78' lang='lat' dir='ltr'><strong>rege</strong></span> <span class='ocrx_word' id='word_1_447' title='bbox 1011 4442 1304 4497; x_wconf 88' lang='lat' dir='ltr'><strong>Gothorum</strong></span> <span class='ocrx_word' id='word_1_448' title='bbox 1336 4444 1389 4497; x_wconf 87' lang='lat' dir='ltr'><strong>itt</strong></span> <span class='ocrx_word' id='word_1_449' title='bbox 1420 4442 1669 4512; x_wconf 82' lang='lat' dir='ltr'><strong>Hispania</strong></span> <span class='ocrx_word' id='word_1_450' title='bbox 1714 4446 1801 4499; x_wconf 91' lang='lat' dir='ltr'><strong>lib.</strong></span> <span class='ocrx_word' id='word_1_451' title='bbox 1828 4461 1880 4509; x_wconf 92' lang='lat' dir='ltr'><strong>v,</strong></span> 
     </span>
    </p>
   </div>
   <div class='ocr_carea' id='block_1_64' title="bbox 298 4513 1881 4583">
    <p class='ocr_par' dir='ltr' id='par_1_64' title="bbox 298 4513 1881 4583">
     <span class='ocr_line' id='line_1_64' title="bbox 298 4513 1881 4583; baseline 0.001 -16"><span class='ocrx_word' id='word_1_452' title='bbox 298 4529 422 4581; x_wconf 85' lang='lat' dir='ltr'><strong>cap.</strong></span> <span class='ocrx_word' id='word_1_453' title='bbox 465 4514 647 4579; x_wconf 78' lang='lat' dir='ltr'><strong>39;in</strong></span> <span class='ocrx_word' id='word_1_454' title='bbox 693 4514 981 4567; x_wconf 76' lang='lat' dir='ltr'><strong>Chararico</strong></span> <span class='ocrx_word' id='word_1_455' title='bbox 1028 4514 1259 4583; x_wconf 88' lang='lat' dir='ltr'><strong>denique</strong></span> <span class='ocrx_word' id='word_1_456' title='bbox 1306 4513 1604 4569; x_wconf 80' lang='lat' dir='ltr'><strong>Suevorum</strong></span> <span class='ocrx_word' id='word_1_457' title='bbox 1660 4532 1785 4582; x_wconf 78' lang='lat' dir='ltr'><strong>rege</strong></span> <span class='ocrx_word' id='word_1_458' title='bbox 1829 4517 1881 4569; x_wconf 91' lang='lat' dir='ltr'><strong>in</strong></span> 
     </span>
    </p>
   </div>
   <div class='ocr_carea' id='block_1_65' title="bbox 297 4584 1878 4654">
    <p class='ocr_par' dir='ltr' id='par_1_65' title="bbox 297 4584 1878 4654">
     <span class='ocr_line' id='line_1_65' title="bbox 297 4584 1878 4654; baseline 0.003 -17"><span class='ocrx_word' id='word_1_459' title='bbox 297 4584 574 4646; x_wconf 73' lang='lat' dir='ltr'><strong>Galltecia,</strong></span> <span class='ocrx_word' id='word_1_460' title='bbox 617 4585 682 4639; x_wconf 91' lang='lat' dir='ltr'><strong>de</strong></span> <span class='ocrx_word' id='word_1_461' title='bbox 723 4601 829 4654; x_wconf 89' lang='lat' dir='ltr'><strong>quo</strong></span> <span class='ocrx_word' id='word_1_462' title='bbox 875 4584 1166 4652; x_wconf 78' lang='lat' dir='ltr'><strong>Gregorius</strong></span> <span class='ocrx_word' id='word_1_463' title='bbox 1210 4584 1349 4639; x_wconf 90' lang='lat' dir='ltr'><strong>idem</strong></span> <span class='ocrx_word' id='word_1_464' title='bbox 1393 4585 1458 4638; x_wconf 87' lang='lat' dir='ltr'><strong>de</strong></span> <span class='ocrx_word' id='word_1_465' title='bbox 1510 4585 1777 4640; x_wconf 81' lang='lat' dir='ltr'><strong>Miraculis</strong></span> <span class='ocrx_word' id='word_1_466' title='bbox 1821 4586 1878 4641; x_wconf 92' lang='lat' dir='ltr'><strong>S.</strong></span> 
     </span>
    </p>
   </div>
   <div class='ocr_carea' id='block_1_66' title="bbox 298 4654 1883 4724">
    <p class='ocr_par' dir='ltr' id='par_1_66' title="bbox 298 4654 1883 4724">
     <span class='ocr_line' id='line_1_66' title="bbox 298 4654 1883 4724; baseline 0.001 -17"><span class='ocrx_word' id='word_1_467' title='bbox 298 4654 512 4724; x_wconf 80' lang='lat' dir='ltr'><strong>Martini</strong></span> <span class='ocrx_word' id='word_1_468' title='bbox 546 4658 704 4720; x_wconf 20' lang='lat' dir='ltr'><strong>Iib..t,</strong></span> <span class='ocrx_word' id='word_1_469' title='bbox 734 4670 852 4724; x_wconf 87' lang='lat' dir='ltr'><strong>cap.</strong></span> <span class='ocrx_word' id='word_1_470' title='bbox 887 4658 918 4708; x_wconf 83' lang='lat'><strong>6</strong></span> <span class='ocrx_word' id='word_1_471' title='bbox 946 4672 957 4706; x_wconf 91' lang='lat'>:</span> <span class='ocrx_word' id='word_1_472' title='bbox 990 4654 1118 4718; x_wconf 78' lang='lat' dir='ltr'><strong>Rex,</strong></span> <span class='ocrx_word' id='word_1_473' title='bbox 1152 4656 1340 4724; x_wconf 86' lang='lat' dir='ltr'><strong>inquit,</strong></span> <span class='ocrx_word' id='word_1_474' title='bbox 1366 4656 1607 4709; x_wconf 84' lang='lat' dir='ltr'><strong>unitatem</strong></span> <span class='ocrx_word' id='word_1_475' title='bbox 1630 4654 1801 4710; x_wconf 86' lang='lat' dir='ltr'><strong>Patris</strong></span> <span class='ocrx_word' id='word_1_476' title='bbox 1836 4668 1883 4709; x_wconf 74' lang='lat' dir='ltr'><strong>et</strong></span> 
     </span>
    </p>
   </div>
   <div class='ocr_carea' id='block_1_67' title="bbox 298 4723 1883 4797">
    <p class='ocr_par' dir='ltr' id='par_1_67' title="bbox 298 4723 1883 4797">
     <span class='ocr_line' id='line_1_67' title="bbox 298 4723 1883 4797; baseline 0.001 -20"><span class='ocrx_word' id='word_1_477' title='bbox 298 4723 431 4797; x_wconf 80' lang='lat' dir='ltr'><strong>Filii</strong></span> <span class='ocrx_word' id='word_1_478' title='bbox 454 4738 497 4779; x_wconf 87' lang='lat' dir='ltr'><strong>et</strong></span> <span class='ocrx_word' id='word_1_479' title='bbox 524 4728 750 4797; x_wconf 79' lang='lat' dir='ltr'><strong>Spiritus</strong></span> <span class='ocrx_word' id='word_1_480' title='bbox 780 4723 942 4797; x_wconf 79' lang='lat' dir='ltr'><strong>sancti</strong></span> <span class='ocrx_word' id='word_1_481' title='bbox 968 4723 1245 4794; x_wconf 78' lang='lat' dir='ltr'><strong>confessus,</strong></span> <span class='ocrx_word' id='word_1_482' title='bbox 1284 4742 1401 4779; x_wconf 86' lang='lat' dir='ltr'><strong>cum</strong></span> <span class='ocrx_word' id='word_1_483' title='bbox 1431 4726 1566 4779; x_wconf 84' lang='lat' dir='ltr'><strong>omni</strong></span> <span class='ocrx_word' id='word_1_484' title='bbox 1600 4726 1751 4779; x_wconf 89' lang='lat' dir='ltr'><strong>domo</strong></span> <span class='ocrx_word' id='word_1_485' title='bbox 1788 4744 1883 4780; x_wconf 86' lang='lat' dir='ltr'><strong>sua</strong></span> 
     </span>
    </p>
   </div>
   <div class='ocr_carea' id='block_1_68' title="bbox 296 4796 1881 4851">
    <p class='ocr_par' dir='ltr' id='par_1_68' title="bbox 296 4796 1881 4851">
     <span class='ocr_line' id='line_1_68' title="bbox 296 4796 1881 4851; baseline 0.003 -4"><span class='ocrx_word' id='word_1_486' title='bbox 296 4796 606 4850; x_wconf 80' lang='lat' dir='ltr'><strong>chrismatus</strong></span> <span class='ocrx_word' id='word_1_487' title='bbox 644 4807 735 4850; x_wconf 87' lang='lat' dir='ltr'><strong>est.</strong></span> <span class='ocrx_word' id='word_1_488' title='bbox 782 4796 1047 4850; x_wconf 59' lang='lat' dir='ltr'><strong>Caeterum</strong></span> <span class='ocrx_word' id='word_1_489' title='bbox 1090 4798 1403 4850; x_wconf 90' lang='lat' dir='ltr'><strong>chrismatio</strong></span> <span class='ocrx_word' id='word_1_490' title='bbox 1455 4798 1731 4851; x_wconf 71' lang='lat' dir='ltr'><strong>coiiversis</strong></span> <span class='ocrx_word' id='word_1_491' title='bbox 1769 4808 1881 4851; x_wconf 90' lang='lat' dir='ltr'><strong>tutn</strong></span> 
     </span>
    </p>
   </div>
   <div class='ocr_carea' id='block_1_69' title="bbox 296 4866 1879 4927">
    <p class='ocr_par' dir='ltr' id='par_1_69' title="bbox 296 4866 1879 4927">
     <span class='ocr_line' id='line_1_69' title="bbox 296 4866 1879 4927; baseline 0.003 -8"><span class='ocrx_word' id='word_1_492' title='bbox 296 4866 679 4927; x_wconf 83' lang='lat' dir='ltr'><strong>adhibebatur,</strong></span> <span class='ocrx_word' id='word_1_493' title='bbox 722 4882 841 4921; x_wconf 90' lang='lat' dir='ltr'><strong>cum</strong></span> <span class='ocrx_word' id='word_1_494' title='bbox 884 4867 935 4919; x_wconf 93' lang='lat' dir='ltr'><strong>in</strong></span> <span class='ocrx_word' id='word_1_495' title='bbox 969 4866 1159 4920; x_wconf 67' lang='lat' dir='ltr'><strong>hairesi</strong></span> <span class='ocrx_word' id='word_1_496' title='bbox 1191 4866 1462 4921; x_wconf 88' lang='lat' dir='ltr'><strong>chrismati</strong></span> <span class='ocrx_word' id='word_1_497' title='bbox 1514 4882 1616 4920; x_wconf 94' lang='lat' dir='ltr'><strong>non</strong></span> <span class='ocrx_word' id='word_1_498' title='bbox 1652 4867 1879 4925; x_wconf 85' lang='lat' dir='ltr'><strong>fuerant.</strong></span> 
     </span>
    </p>
   </div>
   <div class='ocr_carea' id='block_1_70' title="bbox 373 4936 1878 5005">
    <p class='ocr_par' dir='ltr' id='par_1_70' title="bbox 373 4936 1878 5005">
     <span class='ocr_line' id='line_1_70' title="bbox 373 4936 1878 5005; baseline 0.001 -15"><span class='ocrx_word' id='word_1_499' title='bbox 373 4936 402 4974; x_wconf 75' lang='grc' dir='ltr'>δ</span> <span class='ocrx_word' id='word_1_500' title='bbox 430 4937 747 4992; x_wconf 89' lang='lat' dir='ltr'><strong>Chrismatis</strong></span> <span class='ocrx_word' id='word_1_501' title='bbox 791 4938 1248 5005; x_wconf 70' lang='lat' dir='ltr'><strong>consignationem</strong></span> <span class='ocrx_word' id='word_1_502' title='bbox 1297 4952 1447 4991; x_wconf 89' lang='lat' dir='ltr'><strong>more</strong></span> <span class='ocrx_word' id='word_1_503' title='bbox 1496 4937 1713 5005; x_wconf 85' lang='lat' dir='ltr'><strong>antiquo</strong></span> <span class='ocrx_word' id='word_1_504' title='bbox 1758 4954 1878 4992; x_wconf 90' lang='lat' dir='ltr'><strong>cum</strong></span> 
     </span>
    </p>
   </div>
   <div class='ocr_carea' id='block_1_71' title="bbox 297 5008 1881 5077">
    <p class='ocr_par' dir='ltr' id='par_1_71' title="bbox 297 5008 1881 5077">
     <span class='ocr_line' id='line_1_71' title="bbox 297 5008 1881 5077; baseline 0 -15"><span class='ocrx_word' id='word_1_505' title='bbox 297 5009 621 5077; x_wconf 83' lang='lat' dir='ltr'><strong>baptismate</strong></span> <span class='ocrx_word' id='word_1_506' title='bbox 634 5008 929 5075; x_wconf 79' lang='lat' dir='ltr'><strong>coniungit,</strong></span> <span class='ocrx_word' id='word_1_507' title='bbox 953 5008 1302 5076; x_wconf 85' lang='lat' dir='ltr'><strong>eamdemque</strong></span> <span class='ocrx_word' id='word_1_508' title='bbox 1322 5011 1389 5063; x_wconf 89' lang='lat' dir='ltr'><strong>ab</strong></span> <span class='ocrx_word' id='word_1_509' title='bbox 1408 5009 1746 5076; x_wconf 87' lang='lat' dir='ltr'><strong>impositione</strong></span> <span class='ocrx_word' id='word_1_510' title='bbox 1767 5024 1881 5062; x_wconf 82' lang='lat' dir='ltr'><strong>ma-</strong></span> 
     </span>
    </p>
   </div>
   <div class='ocr_carea' id='block_1_72' title="bbox 298 5078 1874 5149">
    <p class='ocr_par' dir='ltr' id='par_1_72' title="bbox 298 5078 1874 5149">
     <span class='ocr_line' id='line_1_72' title="bbox 298 5078 1874 5149; baseline -0.003 -16"><span class='ocrx_word' id='word_1_511' title='bbox 298 5096 468 5133; x_wconf 88' lang='lat' dir='ltr'><strong>nuum</strong></span> <span class='ocrx_word' id='word_1_512' title='bbox 501 5096 602 5149; x_wconf 87' lang='lat' dir='ltr'><strong>qua</strong></span> <span class='ocrx_word' id='word_1_513' title='bbox 631 5080 786 5133; x_wconf 90' lang='lat' dir='ltr'><strong>datur</strong></span> <span class='ocrx_word' id='word_1_514' title='bbox 810 5079 1039 5147; x_wconf 86' lang='lat' dir='ltr'><strong>Spiritus</strong></span> <span class='ocrx_word' id='word_1_515' title='bbox 1065 5089 1301 5143; x_wconf 88' lang='lat' dir='ltr'><strong>sanctus,</strong></span> <span class='ocrx_word' id='word_1_516' title='bbox 1325 5078 1529 5133; x_wconf 89' lang='lat' dir='ltr'><strong>divellit</strong></span> <span class='ocrx_word' id='word_1_517' title='bbox 1551 5094 1612 5133; x_wconf 89' lang='lat' dir='ltr'><strong>ac</strong></span> <span class='ocrx_word' id='word_1_518' title='bbox 1642 5090 1874 5146; x_wconf 84' lang='lat' dir='ltr'><strong>separat.</strong></span> 
     </span>
    </p>
   </div>
   <div class='ocr_carea' id='block_1_73' title="bbox 297 5149 1877 5217">
    <p class='ocr_par' dir='ltr' id='par_1_73' title="bbox 297 5149 1877 5217">
     <span class='ocr_line' id='line_1_73' title="bbox 297 5149 1877 5217; baseline 0 -15"><span class='ocrx_word' id='word_1_519' title='bbox 297 5152 415 5217; x_wconf 79' lang='lat' dir='ltr'><strong>Qua</strong></span> <span class='ocrx_word' id='word_1_520' title='bbox 445 5151 511 5204; x_wconf 86' lang='lat' dir='ltr'><strong>de</strong></span> <span class='ocrx_word' id='word_1_521' title='bbox 541 5167 597 5204; x_wconf 88' lang='lat' dir='ltr'><strong>re</strong></span> <span class='ocrx_word' id='word_1_522' title='bbox 644 5150 778 5203; x_wconf 87' lang='lat' dir='ltr'><strong>alias</strong></span> <span class='ocrx_word' id='word_1_523' title='bbox 816 5150 928 5203; x_wconf 85' lang='lat' dir='ltr'><strong>fuse</strong></span> <span class='ocrx_word' id='word_1_524' title='bbox 957 5149 1277 5215; x_wconf 80' lang='lat' dir='ltr'><strong>diSputatum</strong></span> <span class='ocrx_word' id='word_1_525' title='bbox 1308 5158 1408 5211; x_wconf 84' lang='lat' dir='ltr'><strong>est,</strong></span> <span class='ocrx_word' id='word_1_526' title='bbox 1456 5164 1574 5202; x_wconf 89' lang='lat' dir='ltr'><strong>cum</strong></span> <span class='ocrx_word' id='word_1_527' title='bbox 1616 5164 1877 5203; x_wconf 90' lang='lat' dir='ltr'><strong>canonem</strong></span> 
     </span>
    </p>
   </div>
   <div class='ocr_carea' id='block_1_74' title="bbox 300 5218 1878 5289">
    <p class='ocr_par' dir='ltr' id='par_1_74' title="bbox 300 5218 1878 5289">
     <span class='ocr_line' id='line_1_74' title="bbox 300 5218 1878 5289; baseline -0.004 -14"><span class='ocrx_word' id='word_1_528' title='bbox 300 5223 690 5276; x_wconf 76' lang='lat' dir='ltr'><strong>Arausicanum</strong></span> <span class='ocrx_word' id='word_1_529' title='bbox 716 5221 1145 5289; x_wconf 79' lang='lat' dir='ltr'><strong>explanaremus.</strong></span> <span class='ocrx_word' id='word_1_530' title='bbox 1172 5218 1327 5289; x_wconf 84' lang='lat' dir='ltr'><strong>Quod</strong></span> <span class='ocrx_word' id='word_1_531' title='bbox 1347 5234 1471 5289; x_wconf 81' lang='lat' dir='ltr'><strong>vero</strong></span> <span class='ocrx_word' id='word_1_532' title='bbox 1502 5218 1733 5275; x_wconf 81' lang='lat' dir='ltr'><strong>afﬁrmat</strong></span> <span class='ocrx_word' id='word_1_533' title='bbox 1762 5220 1878 5273; x_wconf 86' lang='lat' dir='ltr'><strong>Avi-</strong></span> 
     </span>
    </p>
   </div>
   <div class='ocr_carea' id='block_1_75' title="bbox 302 5288 1877 5359">
    <p class='ocr_par' dir='ltr' id='par_1_75' title="bbox 302 5288 1877 5359">
     <span class='ocr_line' id='line_1_75' title="bbox 302 5288 1877 5359; baseline -0.001 -15"><span class='ocrx_word' id='word_1_534' title='bbox 302 5303 411 5355; x_wconf 90' lang='lat' dir='ltr'><strong>tus,</strong></span> <span class='ocrx_word' id='word_1_535' title='bbox 446 5308 562 5345; x_wconf 84' lang='lat' dir='ltr'><strong>ctun</strong></span> <span class='ocrx_word' id='word_1_536' title='bbox 596 5288 860 5359; x_wconf 86' lang='lat' dir='ltr'><strong>baptismo</strong></span> <span class='ocrx_word' id='word_1_537' title='bbox 901 5291 1196 5344; x_wconf 88' lang='lat' dir='ltr'><strong>chrismare</strong></span> <span class='ocrx_word' id='word_1_538' title='bbox 1234 5288 1421 5341; x_wconf 91' lang='lat' dir='ltr'><strong>solitos</strong></span> <span class='ocrx_word' id='word_1_539' title='bbox 1449 5288 1774 5359; x_wconf 75' lang='lat' dir='ltr'><strong>Donatistas,</strong></span> <span class='ocrx_word' id='word_1_540' title='bbox 1810 5304 1877 5343; x_wconf 76' lang='lat' dir='ltr'><strong>ex</strong></span> 
     </span>
    </p>
   </div>
   <div class='ocr_carea' id='block_1_76' title="bbox 300 5357 1875 5430">
    <p class='ocr_par' dir='ltr' id='par_1_76' title="bbox 300 5357 1875 5430">
     <span class='ocr_line' id='line_1_76' title="bbox 300 5357 1875 5430; baseline -0.001 -16"><span class='ocrx_word' id='word_1_541' title='bbox 300 5364 498 5430; x_wconf 82' lang='lat' dir='ltr'><strong>Optato</strong></span> <span class='ocrx_word' id='word_1_542' title='bbox 528 5372 581 5416; x_wconf 90' lang='lat' dir='ltr'><strong>et</strong></span> <span class='ocrx_word' id='word_1_543' title='bbox 604 5357 899 5428; x_wconf 67' lang='lat' dir='ltr'><strong>Augustino</strong></span> <span class='ocrx_word' id='word_1_544' title='bbox 932 5360 1267 5430; x_wconf 74' lang='lat' dir='ltr'><strong>perSpicnunt</strong></span> <span class='ocrx_word' id='word_1_545' title='bbox 1298 5369 1398 5412; x_wconf 85' lang='lat' dir='ltr'><strong>cst.</strong></span> <span class='ocrx_word' id='word_1_546' title='bbox 1431 5357 1550 5411; x_wconf 78' lang='lat' dir='ltr'><strong>Tria</strong></span> <span class='ocrx_word' id='word_1_547' title='bbox 1582 5360 1723 5412; x_wconf 88' lang='lat' dir='ltr'><strong>enim</strong></span> <span class='ocrx_word' id='word_1_548' title='bbox 1752 5374 1875 5430; x_wconf 82' lang='lat' dir='ltr'><strong>cum</strong></span> 
     </span>
    </p>
   </div>
   <div class='ocr_carea' id='block_1_77' title="bbox 299 5428 1877 5501">
    <p class='ocr_par' dir='ltr' id='par_1_77' title="bbox 299 5428 1877 5501">
     <span class='ocr_line' id='line_1_77' title="bbox 299 5428 1877 5501; baseline -0.003 -15"><span class='ocrx_word' id='word_1_549' title='bbox 299 5428 441 5501; x_wconf 88' lang='lat' dir='ltr'><strong>apud</strong></span> <span class='ocrx_word' id='word_1_550' title='bbox 466 5434 609 5494; x_wconf 79' lang='lat' dir='ltr'><strong>illos,</strong></span> <span class='ocrx_word' id='word_1_551' title='bbox 645 5436 862 5500; x_wconf 68' lang='lat' dir='ltr'><strong>perinde</strong></span> <span class='ocrx_word' id='word_1_552' title='bbox 892 5446 953 5485; x_wconf 88' lang='lat' dir='ltr'><strong>ac</strong></span> <span class='ocrx_word' id='word_1_553' title='bbox 988 5433 1036 5482; x_wconf 94' lang='lat' dir='ltr'><strong>in</strong></span> <span class='ocrx_word' id='word_1_554' title='bbox 1068 5428 1303 5483; x_wconf 80' lang='lat' dir='ltr'><strong>Ecclesia</strong></span> <span class='ocrx_word' id='word_1_555' title='bbox 1332 5430 1593 5501; x_wconf 85' lang='lat' dir='ltr'><strong>catholica</strong></span> <span class='ocrx_word' id='word_1_556' title='bbox 1637 5428 1877 5501; x_wconf 82' lang='lat' dir='ltr'><strong>celebra-</strong></span> 
     </span>
    </p>
   </div>
   <div class='ocr_carea' id='block_1_78' title="bbox 298 5499 1877 5569">
    <p class='ocr_par' dir='ltr' id='par_1_78' title="bbox 298 5499 1877 5569">
     <span class='ocr_line' id='line_1_78' title="bbox 298 5499 1877 5569; baseline -0.003 -12"><span class='ocrx_word' id='word_1_557' title='bbox 298 5499 510 5567; x_wconf 79' lang='lat' dir='ltr'><strong>rentur,</strong></span> <span class='ocrx_word' id='word_1_558' title='bbox 539 5499 852 5569; x_wconf 88' lang='lat' dir='ltr'><strong>baptismus,</strong></span> <span class='ocrx_word' id='word_1_559' title='bbox 885 5502 1191 5557; x_wconf 84' lang='lat' dir='ltr'><strong>chrismatio</strong></span> <span class='ocrx_word' id='word_1_560' title='bbox 1212 5510 1265 5553; x_wconf 91' lang='lat' dir='ltr'><strong>et</strong></span> <span class='ocrx_word' id='word_1_561' title='bbox 1294 5514 1544 5552; x_wconf 90' lang='lat' dir='ltr'><strong>manuum</strong></span> <span class='ocrx_word' id='word_1_562' title='bbox 1575 5499 1877 5567; x_wconf 87' lang='lat' dir='ltr'><strong>impositio;</strong></span> 
     </span>
    </p>
   </div>
   <div class='ocr_carea' id='block_1_79' title="bbox 302 5570 1877 5642">
    <p class='ocr_par' dir='ltr' id='par_1_79' title="bbox 302 5570 1877 5642">
     <span class='ocr_line' id='line_1_79' title="bbox 302 5570 1877 5642; baseline -0.002 -16"><span class='ocrx_word' id='word_1_563' title='bbox 302 5574 495 5627; x_wconf 87' lang='lat' dir='ltr'><strong>horum</strong></span> <span class='ocrx_word' id='word_1_564' title='bbox 533 5575 639 5627; x_wconf 91' lang='lat' dir='ltr'><strong>duo</strong></span> <span class='ocrx_word' id='word_1_565' title='bbox 684 5577 879 5642; x_wconf 84' lang='lat' dir='ltr'><strong>priora,</strong></span> <span class='ocrx_word' id='word_1_566' title='bbox 930 5572 1142 5639; x_wconf 79' lang='lat' dir='ltr'><strong>quando</strong></span> <span class='ocrx_word' id='word_1_567' title='bbox 1181 5570 1247 5623; x_wconf 89' lang='lat' dir='ltr'><strong>ad</strong></span> <span class='ocrx_word' id='word_1_568' title='bbox 1287 5570 1573 5642; x_wconf 71' lang='lat' dir='ltr'><strong>Ecclesium</strong></span> <span class='ocrx_word' id='word_1_569' title='bbox 1608 5570 1877 5636; x_wconf 86' lang='lat' dir='ltr'><strong>redibant,</strong></span> 
     </span>
    </p>
   </div>
   <div class='ocr_carea' id='block_1_80' title="bbox 300 5639 1880 5711">
    <p class='ocr_par' dir='ltr' id='par_1_80' title="bbox 300 5639 1880 5711">
     <span class='ocr_line' id='line_1_80' title="bbox 300 5639 1880 5711; baseline -0.004 -11"><span class='ocrx_word' id='word_1_570' title='bbox 300 5660 411 5700; x_wconf 86' lang='lat' dir='ltr'><strong>non</strong></span> <span class='ocrx_word' id='word_1_571' title='bbox 456 5639 805 5707; x_wconf 82' lang='lat' dir='ltr'><strong>iterabatitur,</strong></span> <span class='ocrx_word' id='word_1_572' title='bbox 860 5644 953 5697; x_wconf 88' lang='lat' dir='ltr'><strong>sed</strong></span> <span class='ocrx_word' id='word_1_573' title='bbox 1006 5644 1199 5697; x_wconf 88' lang='lat' dir='ltr'><strong>intacta</strong></span> <span class='ocrx_word' id='word_1_574' title='bbox 1239 5639 1645 5711; x_wconf 88' lang='lat' dir='ltr'><strong>permanebant,</strong></span> <span class='ocrx_word' id='word_1_575' title='bbox 1690 5648 1880 5694; x_wconf 85' lang='lat' dir='ltr'><strong>contra</strong></span> 
     </span>
    </p>
   </div>
   <div class='ocr_carea' id='block_1_81' title="bbox 300 5711 1882 5783">
    <p class='ocr_par' dir='ltr' id='par_1_81' title="bbox 300 5711 1882 5783">
     <span class='ocr_line' id='line_1_81' title="bbox 300 5711 1882 5783; baseline -0.002 -16"><span class='ocrx_word' id='word_1_576' title='bbox 300 5730 462 5783; x_wconf 80' lang='lat' dir='ltr'><strong>quam</strong></span> <span class='ocrx_word' id='word_1_577' title='bbox 498 5715 613 5769; x_wconf 84' lang='lat' dir='ltr'><strong>fieri</strong></span> <span class='ocrx_word' id='word_1_578' title='bbox 640 5716 707 5766; x_wconf 90' lang='lat' dir='ltr'><strong>ah</strong></span> <span class='ocrx_word' id='word_1_579' title='bbox 736 5714 862 5783; x_wconf 86' lang='lat' dir='ltr'><strong>ipsis</strong></span> <span class='ocrx_word' id='word_1_580' title='bbox 893 5714 1109 5776; x_wconf 88' lang='lat' dir='ltr'><strong>soleret,</strong></span> <span class='ocrx_word' id='word_1_581' title='bbox 1141 5713 1228 5781; x_wconf 87' lang='lat' dir='ltr'><strong>qui</strong></span> <span class='ocrx_word' id='word_1_582' title='bbox 1263 5711 1647 5766; x_wconf 85' lang='lat' dir='ltr'><strong>catholicorum</strong></span> <span class='ocrx_word' id='word_1_583' title='bbox 1692 5720 1744 5764; x_wconf 91' lang='lat' dir='ltr'><strong>et</strong></span> <span class='ocrx_word' id='word_1_584' title='bbox 1778 5711 1882 5783; x_wconf 26' lang='lat' dir='ltr'><strong>‘ba-</strong></span> 
     </span>
    </p>
   </div>
   <div class='ocr_carea' id='block_1_82' title="bbox 302 5780 1883 5853">
    <p class='ocr_par' dir='ltr' id='par_1_82' title="bbox 302 5780 1883 5853">
     <span class='ocr_line' id='line_1_82' title="bbox 302 5780 1883 5853; baseline 0 -18"><span class='ocrx_word' id='word_1_585' title='bbox 302 5780 559 5853; x_wconf 70' lang='lat' dir='ltr'><strong>ptisinuin</strong></span> <span class='ocrx_word' id='word_1_586' title='bbox 592 5794 647 5838; x_wconf 85' lang='lat' dir='ltr'><strong>et</strong></span> <span class='ocrx_word' id='word_1_587' title='bbox 674 5780 903 5837; x_wconf 84' lang='lat' dir='ltr'><strong>chrisma</strong></span> <span class='ocrx_word' id='word_1_588' title='bbox 925 5780 1358 5853; x_wconf 71' lang='lat' dir='ltr'><strong>exsecrabantur,</strong></span> <span class='ocrx_word' id='word_1_589' title='bbox 1386 5791 1440 5853; x_wconf 84' lang='lat' dir='ltr'><strong>et</strong></span> <span class='ocrx_word' id='word_1_590' title='bbox 1462 5789 1748 5853; x_wconf 77' lang='lat' dir='ltr'><strong>utrumque</strong></span> <span class='ocrx_word' id='word_1_591' title='bbox 1776 5780 1883 5835; x_wconf 61' lang='lat' dir='ltr'><strong>iteo</strong></span> 
     </span>
    </p>
   </div>
   <div class='ocr_carea' id='block_1_83' title="bbox 304 5850 1879 5921">
    <p class='ocr_par' dir='ltr' id='par_1_83' title="bbox 304 5850 1879 5921">
     <span class='ocr_line' id='line_1_83' title="bbox 304 5850 1879 5921; baseline -0.001 -10"><span class='ocrx_word' id='word_1_592' title='bbox 304 5850 519 5921; x_wconf 69' lang='lat' dir='ltr'><strong>iubant.</strong></span> <span class='ocrx_word' id='word_1_593' title='bbox 576 5853 797 5919; x_wconf 79' lang='lat' dir='ltr'><strong>Optatus</strong></span> <span class='ocrx_word' id='word_1_594' title='bbox 836 5854 931 5911; x_wconf 88' lang='lat' dir='ltr'><strong>lib.</strong></span> <span class='ocrx_word' id='word_1_595' title='bbox 964 5868 1033 5911; x_wconf 78' lang='lat' dir='ltr'><strong>vn</strong></span> <span class='ocrx_word' id='word_1_596' title='bbox 1063 5870 1073 5906; x_wconf 93' lang='lat'><strong>:</strong></span> <span class='ocrx_word' id='word_1_597' title='bbox 1104 5851 1251 5919; x_wconf 79' lang='lat' dir='ltr'><strong>Quod</strong></span> <span class='ocrx_word' id='word_1_598' title='bbox 1288 5869 1320 5909; x_wconf 81' lang='grc' dir='ltr'><em>α</em></span> <span class='ocrx_word' id='word_1_599' title='bbox 1360 5850 1498 5912; x_wconf 80' lang='lat' dir='ltr'><strong>vobis</strong></span> <span class='ocrx_word' id='word_1_600' title='bbox 1544 5862 1749 5911; x_wconf 75' lang='lat' dir='ltr'><strong>unctum</strong></span> <span class='ocrx_word' id='word_1_601' title='bbox 1778 5858 1879 5909; x_wconf 73' lang='lat' dir='ltr'><strong>est.</strong></span> 
     </span>
    </p>
   </div>
   <div class='ocr_carea' id='block_1_84' title="bbox 1993 2012 3583 2083">
    <p class='ocr_par' dir='ltr' id='par_1_84' title="bbox 1993 2012 3583 2083">
     <span class='ocr_line' id='line_1_84' title="bbox 1993 2012 3583 2083; baseline -0.004 -10"><span class='ocrx_word' id='word_1_602' title='bbox 1993 2033 2120 2073; x_wconf 89' lang='lat' dir='ltr'><strong>vasa</strong></span> <span class='ocrx_word' id='word_1_603' title='bbox 2154 2015 2421 2071; x_wconf 90' lang='lat' dir='ltr'><strong>dominica</strong></span> <span class='ocrx_word' id='word_1_604' title='bbox 2450 2014 2614 2083; x_wconf 85' lang='lat' dir='ltr'><strong>(Dan.</strong></span> <span class='ocrx_word' id='word_1_605' title='bbox 2646 2030 2698 2079; x_wconf 90' lang='lat' dir='ltr'><strong>v,</strong></span> <span class='ocrx_word' id='word_1_606' title='bbox 2732 2016 2786 2081; x_wconf 83' lang='lat'><strong>5)</strong></span> <span class='ocrx_word' id='word_1_607' title='bbox 2818 2012 3128 2081; x_wconf 86' lang='lat' dir='ltr'><strong>spectaculo</strong></span> <span class='ocrx_word' id='word_1_608' title='bbox 3152 2012 3418 2067; x_wconf 79' lang='lat' dir='ltr'><strong>convivali</strong></span> <span class='ocrx_word' id='word_1_609' title='bbox 3462 2027 3583 2080; x_wconf 74' lang='lat' dir='ltr'><strong>qua:</strong></span> 
     </span>
    </p>
   </div>
   <div class='ocr_carea' id='block_1_85' title="bbox 1990 2101 3580 2175">
    <p class='ocr_par' dir='ltr' id='par_1_85' title="bbox 1990 2101 3580 2175">
     <span class='ocr_line' id='line_1_85' title="bbox 1990 2101 3580 2175; baseline -0.004 -13"><span class='ocrx_word' id='word_1_610' title='bbox 1990 2107 2212 2163; x_wconf 80' lang='lat' dir='ltr'><strong>irrident</strong></span> <span class='ocrx_word' id='word_1_611' title='bbox 2240 2124 2255 2170; x_wconf 83' lang='lat'><strong>;</strong></span> <span class='ocrx_word' id='word_1_612' title='bbox 2289 2105 2618 2175; x_wconf 80' lang='lat' dir='ltr'><strong>exposuistis</strong></span> <span class='ocrx_word' id='word_1_613' title='bbox 2649 2103 2799 2157; x_wconf 87' lang='lat' dir='ltr'><strong>velut</strong></span> <span class='ocrx_word' id='word_1_614' title='bbox 2820 2103 3076 2157; x_wconf 89' lang='lat' dir='ltr'><strong>nudatum</strong></span> <span class='ocrx_word' id='word_1_615' title='bbox 3107 2101 3221 2157; x_wconf 82' lang='lat' dir='ltr'><strong>Noe</strong></span> <span class='ocrx_word' id='word_1_616' title='bbox 3261 2101 3423 2171; x_wconf 82' lang='lat' dir='ltr'><strong>(Gen.</strong></span> <span class='ocrx_word' id='word_1_617' title='bbox 3483 2116 3533 2155; x_wconf 78' lang='grc' dir='ltr'><strong>ιιι</strong></span> <span class='ocrx_word' id='word_1_618' title='bbox 3566 2146 3580 2167; x_wconf 87' lang='grc'><em>,</em></span> 
     </span>
    </p>
   </div>
   <div class='ocr_carea' id='block_1_86' title="bbox 1989 2184 3597 2267">
    <p class='ocr_par' dir='ltr' id='par_1_86' title="bbox 1989 2184 3597 2267">
     <span class='ocr_line' id='line_1_86' title="bbox 1989 2184 3597 2267; baseline -0.004 -15"><span class='ocrx_word' id='word_1_619' title='bbox 1989 2198 2079 2267; x_wconf 74' lang='grc'>22)</span> <span class='ocrx_word' id='word_1_620' title='bbox 2110 2197 2389 2252; x_wconf 87' lang='lat' dir='ltr'><strong>cachinnis</strong></span> <span class='ocrx_word' id='word_1_621' title='bbox 2420 2211 2691 2264; x_wconf 88' lang='lat' dir='ltr'><strong>nunquam</strong></span> <span class='ocrx_word' id='word_1_622' title='bbox 2725 2194 3017 2263; x_wconf 87' lang='lat' dir='ltr'><strong>opprobrio</strong></span> <span class='ocrx_word' id='word_1_623' title='bbox 3052 2194 3321 2248; x_wconf 89' lang='lat' dir='ltr'><strong>carituris.</strong></span> <span class='ocrx_word' id='word_1_624' title='bbox 3366 2193 3420 2247; x_wconf 91' lang='lat' dir='ltr'><strong>Si</strong></span> <span class='ocrx_word' id='word_1_625' title='bbox 3452 2184 3597 2247; x_wconf 43' lang='lat' dir='ltr'><strong>reti-</strong></span> 
     </span>
    </p>
   </div>
   <div class='ocr_carea' id='block_1_87' title="bbox 1990 2286 3580 2358">
    <p class='ocr_par' dir='ltr' id='par_1_87' title="bbox 1990 2286 3580 2358">
     <span class='ocr_line' id='line_1_87' title="bbox 1990 2286 3580 2358; baseline -0.003 -13"><span class='ocrx_word' id='word_1_626' title='bbox 1990 2300 2119 2347; x_wconf 88' lang='lat' dir='ltr'><strong>nent</strong></span> <span class='ocrx_word' id='word_1_627' title='bbox 2148 2300 2238 2343; x_wconf 89' lang='lat' dir='ltr'><strong>aut</strong></span> <span class='ocrx_word' id='word_1_628' title='bbox 2268 2297 2586 2358; x_wconf 88' lang='lat' dir='ltr'><strong>sequuntur,</strong></span> <span class='ocrx_word' id='word_1_629' title='bbox 2621 2288 2926 2355; x_wconf 90' lang='lat' dir='ltr'><strong>periculose</strong></span> <span class='ocrx_word' id='word_1_630' title='bbox 2955 2286 3197 2341; x_wconf 83' lang='lat' dir='ltr'><strong>subrexit</strong></span> <span class='ocrx_word' id='word_1_631' title='bbox 3228 2286 3458 2356; x_wconf 87' lang='lat' dir='ltr'><strong>qualitas</strong></span> <span class='ocrx_word' id='word_1_632' title='bbox 3490 2302 3580 2341; x_wconf 89' lang='lat' dir='ltr'><strong>ve-</strong></span> 
     </span>
    </p>
   </div>
   <div class='ocr_carea' id='block_1_88' title="bbox 1987 2377 3579 2449">
    <p class='ocr_par' dir='ltr' id='par_1_88' title="bbox 1987 2377 3579 2449">
     <span class='ocr_line' id='line_1_88' title="bbox 1987 2377 3579 2449; baseline -0.004 -11"><span class='ocrx_word' id='word_1_633' title='bbox 1987 2384 2157 2439; x_wconf 89' lang='lat' dir='ltr'><strong>ritati.</strong></span> <span class='ocrx_word' id='word_1_634' title='bbox 2183 2383 2337 2437; x_wconf 83' lang='lat' dir='ltr'><strong>Certe</strong></span> <span class='ocrx_word' id='word_1_635' title='bbox 2358 2381 2402 2435; x_wconf 90' lang='lat' dir='ltr'><strong>si</strong></span> <span class='ocrx_word' id='word_1_636' title='bbox 2440 2380 2733 2449; x_wconf 88' lang='lat' dir='ltr'><strong>pretiosum</strong></span> <span class='ocrx_word' id='word_1_637' title='bbox 2778 2379 2931 2434; x_wconf 87' lang='lat' dir='ltr'><strong>vobis</strong></span> <span class='ocrx_word' id='word_1_638' title='bbox 2974 2388 3089 2434; x_wconf 90' lang='lat' dir='ltr'><strong>erat</strong></span> <span class='ocrx_word' id='word_1_639' title='bbox 3132 2379 3273 2447; x_wconf 87' lang='lat' dir='ltr'><strong>quod</strong></span> <span class='ocrx_word' id='word_1_640' title='bbox 3318 2377 3579 2448; x_wconf 88' lang='lat' dir='ltr'><strong>publicari</strong></span> 
     </span>
    </p>
   </div>
   <div class='ocr_carea' id='block_1_89' title="bbox 1988 2472 3581 2546">
    <p class='ocr_par' dir='ltr' id='par_1_89' title="bbox 1988 2472 3581 2546">
     <span class='ocr_line' id='line_1_89' title="bbox 1988 2472 3581 2546; baseline -0.004 -14"><span class='ocrx_word' id='word_1_641' title='bbox 1988 2476 2186 2532; x_wconf 90' lang='lat' dir='ltr'><strong>debere</strong></span> <span class='ocrx_word' id='word_1_642' title='bbox 2218 2484 2459 2546; x_wconf 89' lang='lat' dir='ltr'><strong>putatum</strong></span> <span class='ocrx_word' id='word_1_643' title='bbox 2491 2484 2592 2541; x_wconf 90' lang='lat' dir='ltr'><strong>est,</strong></span> <span class='ocrx_word' id='word_1_644' title='bbox 2622 2483 2826 2527; x_wconf 91' lang='lat' dir='ltr'><strong>terrere</strong></span> <span class='ocrx_word' id='word_1_645' title='bbox 2855 2472 2939 2526; x_wconf 81' lang='lat' dir='ltr'><strong>vel</strong></span> <span class='ocrx_word' id='word_1_646' title='bbox 2970 2472 3212 2529; x_wconf 66' lang='lat' dir='ltr'><strong>Ezechiae</strong></span> <span class='ocrx_word' id='word_1_647' title='bbox 3241 2475 3381 2541; x_wconf 89' lang='lat' dir='ltr'><strong>regis</strong></span> <span class='ocrx_word' id='word_1_648' title='bbox 3421 2472 3581 2539; x_wconf 87' lang='lat' dir='ltr'><strong>culpa</strong></span> 
     </span>
    </p>
   </div>
   <div class='ocr_carea' id='block_1_90' title="bbox 1990 2563 3582 2639">
    <p class='ocr_par' dir='ltr' id='par_1_90' title="bbox 1990 2563 3582 2639">
     <span class='ocr_line' id='line_1_90' title="bbox 1990 2563 3582 2639; baseline -0.003 -18"><span class='ocrx_word' id='word_1_649' title='bbox 1990 2568 2096 2639; x_wconf 86' lang='lat' dir='ltr'><strong>(IV</strong></span> <span class='ocrx_word' id='word_1_650' title='bbox 2138 2567 2267 2638; x_wconf 82' lang='lat' dir='ltr'><strong>Reg.</strong></span> <span class='ocrx_word' id='word_1_651' title='bbox 2304 2584 2390 2631; x_wconf 72' lang='lat' dir='ltr'><strong>xx,</strong></span> <span class='ocrx_word' id='word_1_652' title='bbox 2421 2564 2511 2636; x_wconf 78' lang='grc'><strong>15)</strong></span> <span class='ocrx_word' id='word_1_653' title='bbox 2540 2581 2635 2621; x_wconf 83' lang='grc' dir='ltr'><strong>νος</strong></span> <span class='ocrx_word' id='word_1_654' title='bbox 2661 2563 2866 2629; x_wconf 89' lang='lat' dir='ltr'><strong>debuit,</strong></span> <span class='ocrx_word' id='word_1_655' title='bbox 2893 2578 3054 2632; x_wconf 89' lang='lat' dir='ltr'><strong>quem</strong></span> <span class='ocrx_word' id='word_1_656' title='bbox 3089 2563 3361 2631; x_wconf 71' lang='lat' dir='ltr'><strong>jactantire</strong></span> <span class='ocrx_word' id='word_1_657' title='bbox 3414 2563 3582 2618; x_wconf 88' lang='lat' dir='ltr'><strong>odore</strong></span> 
     </span>
    </p>
   </div>
   <div class='ocr_carea' id='block_1_91' title="bbox 1993 2654 3577 2732">
    <p class='ocr_par' dir='ltr' id='par_1_91' title="bbox 1993 2654 3577 2732">
     <span class='ocr_line' id='line_1_91' title="bbox 1993 2654 3577 2732; baseline -0.005 -14"><span class='ocrx_word' id='word_1_658' title='bbox 1993 2672 2301 2732; x_wconf 91' lang='lat' dir='ltr'><strong>peccantem</strong></span> <span class='ocrx_word' id='word_1_659' title='bbox 2332 2661 2595 2730; x_wconf 85' lang='lat' dir='ltr'><strong>propheta</strong></span> <span class='ocrx_word' id='word_1_660' title='bbox 2624 2658 2896 2727; x_wconf 87' lang='lat' dir='ltr'><strong>redarguit</strong></span> <span class='ocrx_word' id='word_1_661' title='bbox 2946 2654 3119 2727; x_wconf 83' lang='lat' dir='ltr'><strong>(Isai.</strong></span> <span class='ocrx_word' id='word_1_662' title='bbox 3162 2671 3357 2718; x_wconf 73' lang='lat' dir='ltr'><strong>XXXIX,</strong></span> <span class='ocrx_word' id='word_1_663' title='bbox 3388 2654 3453 2721; x_wconf 87' lang='lat'><strong>5,</strong></span> <span class='ocrx_word' id='word_1_664' title='bbox 3485 2654 3577 2725; x_wconf 86' lang='lat'><strong>6).</strong></span> 
     </span>
    </p>
   </div>
   <div class='ocr_carea' id='block_1_92' title="bbox 1990 2750 3581 2827">
    <p class='ocr_par' dir='ltr' id='par_1_92' title="bbox 1990 2750 3581 2827">
     <span class='ocr_line' id='line_1_92' title="bbox 1990 2750 3581 2827; baseline -0.007 -12"><span class='ocrx_word' id='word_1_665' title='bbox 1990 2760 2096 2816; x_wconf 87' lang='lat' dir='ltr'><strong>Sed</strong></span> <span class='ocrx_word' id='word_1_666' title='bbox 2123 2774 2243 2813; x_wconf 88' lang='lat' dir='ltr'><strong>cum</strong></span> <span class='ocrx_word' id='word_1_667' title='bbox 2274 2756 2681 2827; x_wconf 90' lang='lat' dir='ltr'><strong>trepidationem</strong></span> <span class='ocrx_word' id='word_1_668' title='bbox 2716 2754 2869 2806; x_wconf 88' lang='lat' dir='ltr'><strong>istam</strong></span> <span class='ocrx_word' id='word_1_669' title='bbox 2894 2750 3084 2805; x_wconf 91' lang='lat' dir='ltr'><strong>dicatis</strong></span> <span class='ocrx_word' id='word_1_670' title='bbox 3131 2750 3312 2804; x_wconf 90' lang='lat' dir='ltr'><strong>animo</strong></span> <span class='ocrx_word' id='word_1_671' title='bbox 3356 2764 3581 2805; x_wconf 88' lang='lat' dir='ltr'><strong>conver-</strong></span> 
     </span>
    </p>
   </div>
   <div class='ocr_carea' id='block_1_93' title="bbox 1991 2840 3581 2915">
    <p class='ocr_par' dir='ltr' id='par_1_93' title="bbox 1991 2840 3581 2915">
     <span class='ocr_line' id='line_1_93' title="bbox 1991 2840 3581 2915; baseline -0.008 -8"><span class='ocrx_word' id='word_1_672' title='bbox 1991 2852 2151 2908; x_wconf 89' lang='lat' dir='ltr'><strong>tentis</strong></span> <span class='ocrx_word' id='word_1_673' title='bbox 2178 2850 2497 2912; x_wconf 78' lang='lat' dir='ltr'><strong>abstcrsam,</strong></span> <span class='ocrx_word' id='word_1_674' title='bbox 2525 2848 2726 2915; x_wconf 90' lang='lat' dir='ltr'><strong>justum</strong></span> <span class='ocrx_word' id='word_1_675' title='bbox 2752 2853 2835 2896; x_wconf 89' lang='lat' dir='ltr'><strong>est</strong></span> <span class='ocrx_word' id='word_1_676' title='bbox 2858 2856 2915 2896; x_wconf 92' lang='lat' dir='ltr'><strong>ut</strong></span> <span class='ocrx_word' id='word_1_677' title='bbox 2942 2857 3063 2897; x_wconf 90' lang='lat' dir='ltr'><strong>cum</strong></span> <span class='ocrx_word' id='word_1_678' title='bbox 3112 2840 3473 2895; x_wconf 84' lang='lat' dir='ltr'><strong>exsultatione</strong></span> <span class='ocrx_word' id='word_1_679' title='bbox 3502 2840 3581 2895; x_wconf 88' lang='lat' dir='ltr'><strong>di-</strong></span> 
     </span>
    </p>
   </div>
   <div class='ocr_carea' id='block_1_94' title="bbox 1988 2930 3577 3003">
    <p class='ocr_par' dir='ltr' id='par_1_94' title="bbox 1988 2930 3577 3003">
     <span class='ocr_line' id='line_1_94' title="bbox 1988 2930 3577 3003; baseline -0.01 -2"><span class='ocrx_word' id='word_1_680' title='bbox 1988 2960 2191 3001; x_wconf 89' lang='lat' dir='ltr'><strong>camus.</strong></span> <span class='ocrx_word' id='word_1_681' title='bbox 2231 2941 2353 2996; x_wconf 67' lang='lat' dir='ltr'><strong>llaec</strong></span> <span class='ocrx_word' id='word_1_682' title='bbox 2377 2949 2458 2993; x_wconf 89' lang='lat' dir='ltr'><strong>est</strong></span> <span class='ocrx_word' id='word_1_683' title='bbox 2484 2936 2697 2991; x_wconf 83' lang='lat' dir='ltr'><strong>mutatio</strong></span> <span class='ocrx_word' id='word_1_684' title='bbox 2726 2935 2949 2987; x_wconf 63' lang='grc' dir='ltr'><strong>ἄρχηται</strong></span> <span class='ocrx_word' id='word_1_685' title='bbox 2968 2931 3171 2986; x_wconf 80' lang='lat' dir='ltr'><strong>Excelsi</strong></span> <span class='ocrx_word' id='word_1_686' title='bbox 3194 2930 3369 3003; x_wconf 86' lang='lat' dir='ltr'><strong>(Psal.</strong></span> <span class='ocrx_word' id='word_1_687' title='bbox 3397 2946 3577 2998; x_wconf 79' lang='lat' dir='ltr'><strong>Lxxvr,</strong></span> 
     </span>
    </p>
   </div>
   <div class='ocr_carea' id='block_1_95' title="bbox 1992 3022 3579 3106">
    <p class='ocr_par' dir='ltr' id='par_1_95' title="bbox 1992 3022 3579 3106">
     <span class='ocr_line' id='line_1_95' title="bbox 1992 3022 3579 3106; baseline -0.008 -15"><span class='ocrx_word' id='word_1_688' title='bbox 1992 3036 2101 3106; x_wconf 72' lang='lat' dir='ltr'><strong>ll).</strong></span> <span class='ocrx_word' id='word_1_689' title='bbox 2136 3034 2266 3088; x_wconf 82' lang='lat' dir='ltr'><strong>Nam</strong></span> <span class='ocrx_word' id='word_1_690' title='bbox 2317 3030 2460 3100; x_wconf 87' lang='lat' dir='ltr'><strong>quod</strong></span> <span class='ocrx_word' id='word_1_691' title='bbox 2494 3028 2644 3082; x_wconf 91' lang='lat' dir='ltr'><strong>vobis</strong></span> <span class='ocrx_word' id='word_1_692' title='bbox 2695 3026 2926 3080; x_wconf 89' lang='lat' dir='ltr'><strong>inaniter</strong></span> <span class='ocrx_word' id='word_1_693' title='bbox 2966 3024 3341 3079; x_wconf 88' lang='lat' dir='ltr'><strong>contradicunt</strong></span> <span class='ocrx_word' id='word_1_694' title='bbox 3382 3022 3579 3079; x_wconf 59' lang='lat' dir='ltr'><strong>bellua</strong></span> 
     </span>
    </p>
   </div>
   <div class='ocr_carea' id='block_1_96' title="bbox 1987 3116 3579 3190">
    <p class='ocr_par' dir='ltr' id='par_1_96' title="bbox 1987 3116 3579 3190">
     <span class='ocr_line' id='line_1_96' title="bbox 1987 3116 3579 3190; baseline -0.006 -7"><span class='ocrx_word' id='word_1_695' title='bbox 1987 3130 2063 3183; x_wconf 87' lang='lat' dir='ltr'><strong>sic</strong></span> <span class='ocrx_word' id='word_1_696' title='bbox 2092 3126 2356 3190; x_wconf 90' lang='lat' dir='ltr'><strong>minaces,</strong></span> <span class='ocrx_word' id='word_1_697' title='bbox 2391 3124 2500 3175; x_wconf 85' lang='lat' dir='ltr'><strong>Deo</strong></span> <span class='ocrx_word' id='word_1_698' title='bbox 2525 3128 2858 3189; x_wconf 86' lang='lat' dir='ltr'><strong>protegente,</strong></span> <span class='ocrx_word' id='word_1_699' title='bbox 2886 3118 3027 3187; x_wconf 86' lang='lat' dir='ltr'><strong>quod</strong></span> <span class='ocrx_word' id='word_1_700' title='bbox 3070 3116 3307 3183; x_wconf 90' lang='lat' dir='ltr'><strong>debiles,</strong></span> <span class='ocrx_word' id='word_1_701' title='bbox 3339 3131 3579 3187; x_wconf 87' lang='lat' dir='ltr'><strong>quasque</strong></span> 
     </span>
    </p>
   </div>
   <div class='ocr_carea' id='block_1_97' title="bbox 1988 3210 3573 3291">
    <p class='ocr_par' dir='ltr' id='par_1_97' title="bbox 1988 3210 3573 3291">
     <span class='ocr_line' id='line_1_97' title="bbox 1988 3210 3573 3291; baseline -0.008 -15"><span class='ocrx_word' id='word_1_702' title='bbox 1988 3222 2109 3291; x_wconf 90' lang='lat' dir='ltr'><strong>plus</strong></span> <span class='ocrx_word' id='word_1_703' title='bbox 2140 3220 2335 3272; x_wconf 90' lang='lat' dir='ltr'><strong>mirum</strong></span> <span class='ocrx_word' id='word_1_704' title='bbox 2367 3224 2452 3270; x_wconf 86' lang='lat' dir='ltr'><strong>est</strong></span> <span class='ocrx_word' id='word_1_705' title='bbox 2481 3228 2668 3268; x_wconf 90' lang='lat' dir='ltr'><strong>carere</strong></span> <span class='ocrx_word' id='word_1_706' title='bbox 2699 3212 2974 3278; x_wconf 88' lang='lat' dir='ltr'><strong>dentibus,</strong></span> <span class='ocrx_word' id='word_1_707' title='bbox 3007 3220 3063 3266; x_wconf 90' lang='lat' dir='ltr'><strong>et</strong></span> <span class='ocrx_word' id='word_1_708' title='bbox 3092 3210 3363 3265; x_wconf 89' lang='lat' dir='ltr'><strong>furoribus</strong></span> <span class='ocrx_word' id='word_1_709' title='bbox 3392 3210 3573 3281; x_wconf 84' lang='lat' dir='ltr'><strong>pasci:</strong></span> 
     </span>
    </p>
   </div>
   <div class='ocr_carea' id='block_1_98' title="bbox 1991 3303 3579 3382">
    <p class='ocr_par' dir='ltr' id='par_1_98' title="bbox 1991 3303 3579 3382">
     <span class='ocr_line' id='line_1_98' title="bbox 1991 3303 3579 3382; baseline -0.006 -14"><span class='ocrx_word' id='word_1_710' title='bbox 1991 3314 2081 3382; x_wconf 87' lang='lat' dir='ltr'><strong>qui</strong></span> <span class='ocrx_word' id='word_1_711' title='bbox 2112 3327 2231 3366; x_wconf 85' lang='lat' dir='ltr'><strong>eum</strong></span> <span class='ocrx_word' id='word_1_712' title='bbox 2257 3317 2535 3377; x_wconf 83' lang='lat' dir='ltr'><strong>gemerent</strong></span> <span class='ocrx_word' id='word_1_713' title='bbox 2557 3305 2879 3375; x_wconf 89' lang='lat' dir='ltr'><strong>perditionis</strong></span> <span class='ocrx_word' id='word_1_714' title='bbox 2909 3318 3020 3357; x_wconf 72' lang='lat' dir='ltr'><strong>sua:</strong></span> <span class='ocrx_word' id='word_1_715' title='bbox 3044 3304 3220 3372; x_wconf 87' lang='lat' dir='ltr'><strong>perire</strong></span> <span class='ocrx_word' id='word_1_716' title='bbox 3248 3303 3544 3375; x_wconf 84' lang='lat' dir='ltr'><strong>discipulos</strong></span> <span class='ocrx_word' id='word_1_717' title='bbox 3562 3346 3579 3370; x_wconf 85' lang='lat'><strong>,</strong></span> 
     </span>
    </p>
   </div>
   <div class='ocr_carea' id='block_1_99' title="bbox 1992 3394 3580 3473">
    <p class='ocr_par' dir='ltr' id='par_1_99' title="bbox 1992 3394 3580 3473">
     <span class='ocr_line' id='line_1_99' title="bbox 1992 3394 3580 3473; baseline -0.003 -16"><span class='ocrx_word' id='word_1_718' title='bbox 1992 3402 2217 3473; x_wconf 86' lang='lat' dir='ltr'><strong>perdere</strong></span> <span class='ocrx_word' id='word_1_719' title='bbox 2250 3400 2512 3465; x_wconf 86' lang='lat' dir='ltr'><strong>incipiunt</strong></span> <span class='ocrx_word' id='word_1_720' title='bbox 2539 3406 2592 3451; x_wconf 92' lang='lat' dir='ltr'><strong>et</strong></span> <span class='ocrx_word' id='word_1_721' title='bbox 2619 3396 2925 3465; x_wconf 87' lang='lat' dir='ltr'><strong>magistros.</strong></span> <span class='ocrx_word' id='word_1_722' title='bbox 2945 3394 3244 3451; x_wconf 89' lang='lat' dir='ltr'><strong>Salubriter</strong></span> <span class='ocrx_word' id='word_1_723' title='bbox 3265 3410 3447 3450; x_wconf 86' lang='lat' dir='ltr'><strong>coram</strong></span> <span class='ocrx_word' id='word_1_724' title='bbox 3469 3396 3580 3452; x_wconf 88' lang='lat' dir='ltr'><strong>Deo</strong></span> 
     </span>
    </p>
   </div>
   <div class='ocr_carea' id='block_1_100' title="bbox 1992 3486 3578 3556">
    <p class='ocr_par' dir='ltr' id='par_1_100' title="bbox 1992 3486 3578 3556">
     <span class='ocr_line' id='line_1_100' title="bbox 1992 3486 3578 3556; baseline -0.003 -9"><span class='ocrx_word' id='word_1_725' title='bbox 1992 3494 2079 3550; x_wconf 88' lang='lat' dir='ltr'><strong>vel</strong></span> <span class='ocrx_word' id='word_1_726' title='bbox 2111 3491 2417 3548; x_wconf 89' lang='lat' dir='ltr'><strong>hominibus</strong></span> <span class='ocrx_word' id='word_1_727' title='bbox 2448 3489 2595 3543; x_wconf 87' lang='lat' dir='ltr'><strong>lucra</strong></span> <span class='ocrx_word' id='word_1_728' title='bbox 2620 3488 2743 3542; x_wconf 85' lang='lat' dir='ltr'><strong>talia</strong></span> <span class='ocrx_word' id='word_1_729' title='bbox 2772 3486 3180 3556; x_wconf 89' lang='lat' dir='ltr'><strong>conquiruntur.</strong></span> <span class='ocrx_word' id='word_1_730' title='bbox 3229 3486 3371 3541; x_wconf 84' lang='lat' dir='ltr'><strong>Nihil</strong></span> <span class='ocrx_word' id='word_1_731' title='bbox 3402 3491 3456 3543; x_wconf 89' lang='lat' dir='ltr'><strong>in</strong></span> <span class='ocrx_word' id='word_1_732' title='bbox 3491 3503 3578 3543; x_wconf 85' lang='lat' dir='ltr'><strong>re—</strong></span> 
     </span>
    </p>
   </div>
   <div class='ocr_carea' id='block_1_101' title="bbox 1989 3664 3579 3737">
    <p class='ocr_par' dir='ltr' id='par_1_101' title="bbox 1989 3664 3579 3737">
     <span class='ocr_line' id='line_1_101' title="bbox 1989 3664 3579 3737; baseline -0.003 -13"><span class='ocrx_word' id='word_1_733' title='bbox 1989 3671 2090 3724; x_wconf 80' lang='lat' dir='ltr'><strong>tale</strong></span> <span class='ocrx_word' id='word_1_734' title='bbox 2114 3684 2375 3723; x_wconf 79' lang='lat' dir='ltr'><strong>servamus</strong></span> <span class='ocrx_word' id='word_1_735' title='bbox 2413 3665 2567 3737; x_wconf 60' lang='lat' dir='ltr'><strong>quale</strong></span> <span class='ocrx_word' id='word_1_736' title='bbox 2595 3666 2931 3730; x_wconf 80' lang='lat' dir='ltr'><strong>suscepimus.</strong></span> <span class='ocrx_word' id='word_1_737' title='bbox 2965 3664 3035 3719; x_wconf 88' lang='lat' dir='ltr'><strong>Et</strong></span> <span class='ocrx_word' id='word_1_738' title='bbox 3078 3674 3199 3731; x_wconf 87' lang='lat' dir='ltr'><strong>post</strong></span> <span class='ocrx_word' id='word_1_739' title='bbox 3235 3664 3339 3719; x_wconf 86' lang='lat' dir='ltr'><strong>alia</strong></span> <span class='ocrx_word' id='word_1_740' title='bbox 3342 3682 3377 3737; x_wconf 50' lang='grc' dir='ltr'>ξ</span> <span class='ocrx_word' id='word_1_741' title='bbox 3406 3664 3579 3721; x_wconf 81' lang='lat' dir='ltr'><strong>Sedu-</strong></span> 
     </span>
    </p>
   </div>
   <div class='ocr_carea' id='block_1_102' title="bbox 1987 3736 3576 3806">
    <p class='ocr_par' dir='ltr' id='par_1_102' title="bbox 1987 3736 3576 3806">
     <span class='ocr_line' id='line_1_102' title="bbox 1987 3736 3576 3806; baseline -0.003 -10"><span class='ocrx_word' id='word_1_742' title='bbox 1987 3743 2133 3796; x_wconf 70' lang='lat' dir='ltr'><strong>tristis</strong></span> <span class='ocrx_word' id='word_1_743' title='bbox 2166 3736 2431 3803; x_wconf 79' lang='lat' dir='ltr'><strong>homines,</strong></span> <span class='ocrx_word' id='word_1_744' title='bbox 2451 3738 2829 3806; x_wconf 79' lang='lat' dir='ltr'><strong>rebaptisastt’s,</strong></span> <span class='ocrx_word' id='word_1_745' title='bbox 2860 3737 3043 3789; x_wconf 71' lang='lat' dir='ltr'><strong>iterum</strong></span> <span class='ocrx_word' id='word_1_746' title='bbox 3065 3737 3307 3791; x_wconf 78' lang='lat' dir='ltr'><strong>unxistis.</strong></span> <span class='ocrx_word' id='word_1_747' title='bbox 3338 3736 3576 3792; x_wconf 86' lang='lat' dir='ltr'><strong>Tertium</strong></span> 
     </span>
    </p>
   </div>
   <div class='ocr_carea' id='block_1_103' title="bbox 1988 3808 3572 3877">
    <p class='ocr_par' dir='ltr' id='par_1_103' title="bbox 1988 3808 3572 3877">
     <span class='ocr_line' id='line_1_103' title="bbox 1988 3808 3572 3877; baseline -0.003 -11"><span class='ocrx_word' id='word_1_748' title='bbox 1988 3821 2217 3874; x_wconf 86' lang='lat' dir='ltr'><strong>tantum,</strong></span> <span class='ocrx_word' id='word_1_749' title='bbox 2244 3812 2293 3864; x_wconf 90' lang='lat' dir='ltr'><strong>id</strong></span> <span class='ocrx_word' id='word_1_750' title='bbox 2318 3820 2420 3875; x_wconf 80' lang='lat' dir='ltr'><strong>est,</strong></span> <span class='ocrx_word' id='word_1_751' title='bbox 2451 3810 2847 3877; x_wconf 85' lang='lat' dir='ltr'><strong>impositionein</strong></span> <span class='ocrx_word' id='word_1_752' title='bbox 2880 3822 3156 3871; x_wconf 88' lang='lat' dir='ltr'><strong>manuum,</strong></span> <span class='ocrx_word' id='word_1_753' title='bbox 3181 3808 3251 3861; x_wconf 91' lang='lat' dir='ltr'><strong>ob</strong></span> <span class='ocrx_word' id='word_1_754' title='bbox 3273 3823 3391 3863; x_wconf 82' lang='lat' dir='ltr'><strong>eam</strong></span> <span class='ocrx_word' id='word_1_755' title='bbox 3412 3821 3572 3875; x_wconf 88' lang='lat' dir='ltr'><strong>quam</strong></span> 
     </span>
    </p>
   </div>
   <div class='ocr_carea' id='block_1_104' title="bbox 1986 3877 3575 3949">
    <p class='ocr_par' dir='ltr' id='par_1_104' title="bbox 1986 3877 3575 3949">
     <span class='ocr_line' id='line_1_104' title="bbox 1986 3877 3575 3949; baseline -0.003 -13"><span class='ocrx_word' id='word_1_756' title='bbox 1986 3884 2219 3937; x_wconf 78' lang='lat' dir='ltr'><strong>diximus</strong></span> <span class='ocrx_word' id='word_1_757' title='bbox 2246 3897 2460 3935; x_wconf 88' lang='lat' dir='ltr'><strong>causam</strong></span> <span class='ocrx_word' id='word_1_758' title='bbox 2493 3880 2827 3949; x_wconf 82' lang='lat' dir='ltr'><strong>repetebant,</strong></span> <span class='ocrx_word' id='word_1_759' title='bbox 2862 3878 3003 3944; x_wconf 86' lang='lat' dir='ltr'><strong>quod</strong></span> <span class='ocrx_word' id='word_1_760' title='bbox 3042 3877 3298 3947; x_wconf 89' lang='lat' dir='ltr'><strong>Spiritum</strong></span> <span class='ocrx_word' id='word_1_761' title='bbox 3329 3888 3575 3933; x_wconf 90' lang='lat' dir='ltr'><strong>sanctum</strong></span> 
     </span>
    </p>
   </div>
   <div class='ocr_carea' id='block_1_105' title="bbox 1987 3950 3575 4019">
    <p class='ocr_par' dir='ltr' id='par_1_105' title="bbox 1987 3950 3575 4019">
     <span class='ocr_line' id='line_1_105' title="bbox 1987 3950 3575 4019; baseline 0 -14"><span class='ocrx_word' id='word_1_762' title='bbox 1987 3953 2224 4006; x_wconf 79' lang='lat' dir='ltr'><strong>haeretici</strong></span> <span class='ocrx_word' id='word_1_763' title='bbox 2267 3953 2395 4004; x_wconf 84' lang='lat' dir='ltr'><strong>dare</strong></span> <span class='ocrx_word' id='word_1_764' title='bbox 2442 3966 2547 4004; x_wconf 91' lang='lat' dir='ltr'><strong>non</strong></span> <span class='ocrx_word' id='word_1_765' title='bbox 2602 3950 2825 4019; x_wconf 90' lang='lat' dir='ltr'><strong>possint.</strong></span> <span class='ocrx_word' id='word_1_766' title='bbox 2859 3950 3088 4019; x_wconf 82' lang='lat' dir='ltr'><strong>Sanctus</strong></span> <span class='ocrx_word' id='word_1_767' title='bbox 3139 3950 3465 4013; x_wconf 61' lang='lat' dir='ltr'><strong>Augustinus</strong></span> <span class='ocrx_word' id='word_1_768' title='bbox 3504 3951 3575 4005; x_wconf 79' lang='lat' dir='ltr'><strong>de</strong></span> 
     </span>
    </p>
   </div>
   <div class='ocr_carea' id='block_1_106' title="bbox 1987 4018 3576 4088">
    <p class='ocr_par' dir='ltr' id='par_1_106' title="bbox 1987 4018 3576 4088">
     <span class='ocr_line' id='line_1_106' title="bbox 1987 4018 3576 4088; baseline -0.004 -12"><span class='ocrx_word' id='word_1_769' title='bbox 1987 4024 2254 4088; x_wconf 87' lang='lat' dir='ltr'><strong>baptismo</strong></span> <span class='ocrx_word' id='word_1_770' title='bbox 2280 4018 2676 4074; x_wconf 85' lang='lat' dir='ltr'><strong>Donatistarum</strong></span> <span class='ocrx_word' id='word_1_771' title='bbox 2719 4020 2809 4071; x_wconf 90' lang='lat' dir='ltr'><strong>lib.</strong></span> <span class='ocrx_word' id='word_1_772' title='bbox 2843 4035 2895 4072; x_wconf 89' lang='grc' dir='ltr'><strong>ιιι</strong></span> <span class='ocrx_word' id='word_1_773' title='bbox 2928 4037 2941 4072; x_wconf 92' lang='lat'><strong>:</strong></span> <span class='ocrx_word' id='word_1_774' title='bbox 2974 4018 3163 4071; x_wconf 79' lang='lat' dir='ltr'><strong>Manus</strong></span> <span class='ocrx_word' id='word_1_775' title='bbox 3194 4031 3367 4071; x_wconf 86' lang='lat' dir='ltr'><strong>autem</strong></span> <span class='ocrx_word' id='word_1_776' title='bbox 3406 4020 3576 4088; x_wconf 86' lang='lat' dir='ltr'><strong>impo-</strong></span> 
     </span>
    </p>
   </div>
   <div class='ocr_carea' id='block_1_107' title="bbox 1988 4087 3575 4157">
    <p class='ocr_par' dir='ltr' id='par_1_107' title="bbox 1988 4087 3575 4157">
     <span class='ocr_line' id='line_1_107' title="bbox 1988 4087 3575 4157; baseline -0.004 -11"><span class='ocrx_word' id='word_1_777' title='bbox 1988 4087 2123 4155; x_wconf 84' lang='lat' dir='ltr'><strong>sitio,</strong></span> <span class='ocrx_word' id='word_1_778' title='bbox 2157 4110 2257 4144; x_wconf 84' lang='lat' dir='ltr'><strong>non</strong></span> <span class='ocrx_word' id='word_1_779' title='bbox 2286 4097 2413 4144; x_wconf 79' lang='lat' dir='ltr'><strong>sicut</strong></span> <span class='ocrx_word' id='word_1_780' title='bbox 2449 4091 2732 4155; x_wconf 82' lang='lat' dir='ltr'><strong>baptismus</strong></span> <span class='ocrx_word' id='word_1_781' title='bbox 2776 4093 2937 4157; x_wconf 82' lang='lat' dir='ltr'><strong>repeti</strong></span> <span class='ocrx_word' id='word_1_782' title='bbox 2968 4104 3069 4140; x_wconf 87' lang='lat' dir='ltr'><strong>non</strong></span> <span class='ocrx_word' id='word_1_783' title='bbox 3102 4097 3287 4153; x_wconf 80' lang='lat' dir='ltr'><strong>potest.</strong></span> <span class='ocrx_word' id='word_1_784' title='bbox 3321 4087 3457 4152; x_wconf 81' lang='lat' dir='ltr'><strong>Quid</strong></span> <span class='ocrx_word' id='word_1_785' title='bbox 3497 4096 3575 4140; x_wconf 83' lang='lat' dir='ltr'><strong>est</strong></span> 
     </span>
    </p>
   </div>
   <div class='ocr_carea' id='block_1_108' title="bbox 1990 4157 3575 4225">
    <p class='ocr_par' dir='ltr' id='par_1_108' title="bbox 1990 4157 3575 4225">
     <span class='ocr_line' id='line_1_108' title="bbox 1990 4157 3575 4225; baseline -0.005 -10"><span class='ocrx_word' id='word_1_786' title='bbox 1990 4166 2124 4215; x_wconf 83' lang='lat' dir='ltr'><strong>enim</strong></span> <span class='ocrx_word' id='word_1_787' title='bbox 2151 4162 2319 4222; x_wconf 82' lang='lat' dir='ltr'><strong>aliud,</strong></span> <span class='ocrx_word' id='word_1_788' title='bbox 2358 4161 2455 4212; x_wconf 81' lang='lat' dir='ltr'><strong>nisi</strong></span> <span class='ocrx_word' id='word_1_789' title='bbox 2485 4159 2647 4211; x_wconf 88' lang='lat' dir='ltr'><strong>oratio</strong></span> <span class='ocrx_word' id='word_1_790' title='bbox 2675 4174 2831 4225; x_wconf 86' lang='lat' dir='ltr'><strong>super</strong></span> <span class='ocrx_word' id='word_1_791' title='bbox 2859 4157 3153 4225; x_wconf 82' lang='lat' dir='ltr'><strong>hominem?</strong></span> <span class='ocrx_word' id='word_1_792' title='bbox 3177 4157 3301 4223; x_wconf 90' lang='lat' dir='ltr'><strong>quia</strong></span> <span class='ocrx_word' id='word_1_793' title='bbox 3324 4171 3424 4225; x_wconf 88' lang='lat' dir='ltr'><strong>per</strong></span> <span class='ocrx_word' id='word_1_794' title='bbox 3452 4169 3575 4225; x_wconf 48' lang='lat' dir='ltr'><strong>ora-7</strong></span> 
     </span>
    </p>
   </div>
   <div class='ocr_carea' id='block_1_109' title="bbox 1993 4222 3574 4293">
    <p class='ocr_par' dir='ltr' id='par_1_109' title="bbox 1993 4222 3574 4293">
     <span class='ocr_line' id='line_1_109' title="bbox 1993 4222 3574 4293; baseline -0.004 -9"><span class='ocrx_word' id='word_1_795' title='bbox 1993 4233 2191 4285; x_wconf 86' lang='lat' dir='ltr'><strong>tionem</strong></span> <span class='ocrx_word' id='word_1_796' title='bbox 2221 4231 2471 4283; x_wconf 86' lang='lat' dir='ltr'><strong>videlicet</strong></span> <span class='ocrx_word' id='word_1_797' title='bbox 2515 4222 2812 4291; x_wconf 73' lang='lat' dir='ltr'><strong>manusque</strong></span> <span class='ocrx_word' id='word_1_798' title='bbox 2854 4222 3278 4293; x_wconf 85' lang='lat' dir='ltr'><strong>impositionem,</strong></span> <span class='ocrx_word' id='word_1_799' title='bbox 3322 4222 3574 4289; x_wconf 80' lang='lat' dir='ltr'><strong>baptizati</strong></span> 
     </span>
    </p>
   </div>
   <div class='ocr_carea' id='block_1_110' title="bbox 1988 4293 3573 4371">
    <p class='ocr_par' dir='ltr' id='par_1_110' title="bbox 1988 4293 3573 4371">
     <span class='ocr_line' id='line_1_110' title="bbox 1988 4293 3573 4371; baseline -0.004 -15"><span class='ocrx_word' id='word_1_800' title='bbox 1988 4320 2016 4355; x_wconf 90' lang='lat' dir='ltr'><strong>a</strong></span> <span class='ocrx_word' id='word_1_801' title='bbox 2050 4302 2350 4371; x_wconf 65' lang='lat' dir='ltr'><strong>prazpositis</strong></span> <span class='ocrx_word' id='word_1_802' title='bbox 2395 4296 2647 4352; x_wconf 71' lang='lat' dir='ltr'><strong>Ecclesia:</strong></span> <span class='ocrx_word' id='word_1_803' title='bbox 2695 4295 2948 4364; x_wconf 85' lang='lat' dir='ltr'><strong>Spiritum</strong></span> <span class='ocrx_word' id='word_1_804' title='bbox 2994 4301 3239 4349; x_wconf 87' lang='lat' dir='ltr'><strong>sanctum</strong></span> <span class='ocrx_word' id='word_1_805' title='bbox 3279 4293 3573 4363; x_wconf 85' lang='lat' dir='ltr'><strong>apostolico</strong></span> 
     </span>
    </p>
   </div>
   <div class='ocr_carea' id='block_1_111' title="bbox 1990 4371 2514 4437">
    <p class='ocr_par' dir='ltr' id='par_1_111' title="bbox 1990 4371 2514 4437">
     <span class='ocr_line' id='line_1_111' title="bbox 1990 4371 2514 4437; baseline -0.01 -10"><span class='ocrx_word' id='word_1_806' title='bbox 1990 4388 2138 4427; x_wconf 85' lang='lat' dir='ltr'><strong>mOre</strong></span> <span class='ocrx_word' id='word_1_807' title='bbox 2166 4371 2514 4437; x_wconf 75' lang='lat' dir='ltr'><strong>accipiebant.</strong></span> 
     </span>
    </p>
   </div>
   <div class='ocr_carea' id='block_1_112' title="bbox 2066 4433 3571 4505">
    <p class='ocr_par' dir='ltr' id='par_1_112' title="bbox 2066 4433 3571 4505">
     <span class='ocr_line' id='line_1_112' title="bbox 2066 4433 3571 4505; baseline -0.007 -7"><span class='ocrx_word' id='word_1_808' title='bbox 2066 4454 2087 4481; x_wconf 72' lang='grc' dir='ltr'><em>ε</em></span> <span class='ocrx_word' id='word_1_809' title='bbox 2125 4433 2320 4505; x_wconf 82' lang='lat' dir='ltr'><strong>Fratri,</strong></span> <span class='ocrx_word' id='word_1_810' title='bbox 2346 4439 2641 4493; x_wconf 69' lang='lat' dir='ltr'><strong>Valettlittm</strong></span> <span class='ocrx_word' id='word_1_811' title='bbox 2668 4436 2834 4501; x_wconf 86' lang='lat' dir='ltr'><strong>urbis,</strong></span> <span class='ocrx_word' id='word_1_812' title='bbox 2880 4445 2939 4490; x_wconf 85' lang='lat' dir='ltr'><strong>ut</strong></span> <span class='ocrx_word' id='word_1_813' title='bbox 2981 4436 3048 4490; x_wconf 92' lang='lat' dir='ltr'><strong>ad</strong></span> <span class='ocrx_word' id='word_1_814' title='bbox 3082 4433 3361 4504; x_wconf 91' lang='lat' dir='ltr'><strong>epistolam</strong></span> <span class='ocrx_word' id='word_1_815' title='bbox 3398 4434 3459 4505; x_wconf 71' lang='lat' dir='ltr'><strong>ll</strong></span> <span class='ocrx_word' id='word_1_816' title='bbox 3490 4433 3571 4488; x_wconf 87' lang='lat' dir='ltr'><strong>di-</strong></span> 
     </span>
    </p>
   </div>
   <div class='ocr_carea' id='block_1_113' title="bbox 1988 4504 3572 4576">
    <p class='ocr_par' dir='ltr' id='par_1_113' title="bbox 1988 4504 3572 4576">
     <span class='ocr_line' id='line_1_113' title="bbox 1988 4504 3572 4576; baseline -0.004 -11"><span class='ocrx_word' id='word_1_817' title='bbox 1988 4522 2130 4567; x_wconf 84' lang='lat' dir='ltr'><strong>ctum</strong></span> <span class='ocrx_word' id='word_1_818' title='bbox 2165 4524 2269 4575; x_wconf 92' lang='lat' dir='ltr'><strong>est,</strong></span> <span class='ocrx_word' id='word_1_819' title='bbox 2296 4504 2537 4565; x_wconf 89' lang='lat' dir='ltr'><strong>antistiti.</strong></span> <span class='ocrx_word' id='word_1_820' title='bbox 2567 4510 2697 4562; x_wconf 85' lang='lat' dir='ltr'><strong>Cum</strong></span> <span class='ocrx_word' id='word_1_821' title='bbox 2732 4509 2829 4560; x_wconf 89' lang='lat' dir='ltr'><strong>hac</strong></span> <span class='ocrx_word' id='word_1_822' title='bbox 2854 4507 3077 4576; x_wconf 90' lang='lat' dir='ltr'><strong>epistola</strong></span> <span class='ocrx_word' id='word_1_823' title='bbox 3102 4504 3456 4573; x_wconf 86' lang='lat' dir='ltr'><strong>comparanda</strong></span> <span class='ocrx_word' id='word_1_824' title='bbox 3489 4512 3572 4558; x_wconf 88' lang='lat' dir='ltr'><strong>est</strong></span> 
     </span>
    </p>
   </div>
   <div class='ocr_carea' id='block_1_114' title="bbox 1988 4577 3571 4651">
    <p class='ocr_par' dir='ltr' id='par_1_114' title="bbox 1988 4577 3571 4651">
     <span class='ocr_line' id='line_1_114' title="bbox 1988 4577 3571 4651; baseline -0.006 -12"><span class='ocrx_word' id='word_1_825' title='bbox 1988 4584 2194 4639; x_wconf 90' lang='lat' dir='ltr'><strong>Sidonii</strong></span> <span class='ocrx_word' id='word_1_826' title='bbox 2223 4584 2381 4651; x_wconf 79' lang='lat' dir='ltr'><strong>epist.</strong></span> <span class='ocrx_word' id='word_1_827' title='bbox 2416 4583 2504 4645; x_wconf 73' lang='lat'><strong>15,</strong></span> <span class='ocrx_word' id='word_1_828' title='bbox 2539 4580 2633 4633; x_wconf 90' lang='lat' dir='ltr'><strong>lib.</strong></span> <span class='ocrx_word' id='word_1_829' title='bbox 2667 4596 2716 4633; x_wconf 83' lang='lat' dir='ltr'><strong>tv</strong></span> <span class='ocrx_word' id='word_1_830' title='bbox 2734 4579 2803 4651; x_wconf 88' lang='lat' dir='ltr'><strong>ad</strong></span> <span class='ocrx_word' id='word_1_831' title='bbox 2841 4578 3148 4651; x_wconf 69' lang='lat' dir='ltr'><strong>Elaphium,</strong></span> <span class='ocrx_word' id='word_1_832' title='bbox 3181 4591 3210 4628; x_wconf 91' lang='lat' dir='ltr'><strong>a</strong></span> <span class='ocrx_word' id='word_1_833' title='bbox 3232 4591 3338 4645; x_wconf 93' lang='lat' dir='ltr'><strong>quo</strong></span> <span class='ocrx_word' id='word_1_834' title='bbox 3370 4577 3571 4651; x_wconf 76' lang='lat' dir='ltr'><strong>pariter</strong></span> 
     </span>
    </p>
   </div>
   <div class='ocr_carea' id='block_1_115' title="bbox 1990 4645 3571 4714">
    <p class='ocr_par' dir='ltr' id='par_1_115' title="bbox 1990 4645 3571 4714">
     <span class='ocr_line' id='line_1_115' title="bbox 1990 4645 3571 4714; baseline -0.005 -6"><span class='ocrx_word' id='word_1_835' title='bbox 1990 4645 2340 4709; x_wconf 54' lang='lat' dir='ltr'><strong>invitatus&#39;ad</strong></span> <span class='ocrx_word' id='word_1_836' title='bbox 2372 4668 2522 4705; x_wconf 84' lang='lat' dir='ltr'><strong>novae</strong></span> <span class='ocrx_word' id='word_1_837' title='bbox 2550 4650 2794 4704; x_wconf 74' lang='lat' dir='ltr'><strong>ecclesia:</strong></span> <span class='ocrx_word' id='word_1_838' title='bbox 2824 4648 3247 4710; x_wconf 89' lang='lat' dir='ltr'><strong>dedicationem,</strong></span> <span class='ocrx_word' id='word_1_839' title='bbox 3294 4646 3408 4714; x_wconf 88' lang='lat' dir='ltr'><strong>pari</strong></span> <span class='ocrx_word' id='word_1_840' title='bbox 3459 4645 3571 4700; x_wconf 84' lang='lat' dir='ltr'><strong>ele-</strong></span> 
     </span>
    </p>
   </div>
   <div class='ocr_carea' id='block_1_116' title="bbox 1987 4714 3572 4795">
    <p class='ocr_par' dir='ltr' id='par_1_116' title="bbox 1987 4714 3572 4795">
     <span class='ocr_line' id='line_1_116' title="bbox 1987 4714 3572 4795; baseline -0.005 -19"><span class='ocrx_word' id='word_1_841' title='bbox 1987 4727 2164 4795; x_wconf 84' lang='lat' dir='ltr'><strong>gautia</strong></span> <span class='ocrx_word' id='word_1_842' title='bbox 2196 4740 2255 4778; x_wconf 87' lang='lat' dir='ltr'><strong>se</strong></span> <span class='ocrx_word' id='word_1_843' title='bbox 2282 4718 3301 4795; x_wconf 73' lang='lat' dir='ltr'><strong>adfuturumspondet,_bospitumque</strong></span> <span class='ocrx_word' id='word_1_844' title='bbox 3337 4714 3572 4784; x_wconf 87' lang='lat' dir='ltr'><strong>undique</strong></span> 
     </span>
    </p>
   </div>
   <div class='ocr_carea' id='block_1_117' title="bbox 1987 4787 3027 4854">
    <p class='ocr_par' dir='ltr' id='par_1_117' title="bbox 1987 4787 3027 4854">
     <span class='ocr_line' id='line_1_117' title="bbox 1987 4787 3027 4854; baseline -0.012 -5"><span class='ocrx_word' id='word_1_845' title='bbox 1987 4787 2319 4849; x_wconf 68' lang='lat' dir='ltr'><strong>affluentium</strong></span> <span class='ocrx_word' id='word_1_846' title='bbox 2348 4787 2740 4847; x_wconf 88' lang='lat' dir='ltr'><strong>multitudinem</strong></span> <span class='ocrx_word' id='word_1_847' title='bbox 2770 4787 3027 4854; x_wconf 60' lang='lat' dir='ltr'><strong>praedicit.</strong></span> 
     </span>
    </p>
   </div>
   <div class='ocr_carea' id='block_1_118' title="bbox 2056 4853 3571 4933">
    <p class='ocr_par' dir='ltr' id='par_1_118' title="bbox 2056 4853 3571 4933">
     <span class='ocr_line' id='line_1_118' title="bbox 2056 4853 3571 4933; baseline -0.009 -12"><span class='ocrx_word' id='word_1_848' title='bbox 2056 4862 2083 4901; x_wconf 71' lang='grc' dir='ltr'>ἀ</span> <span class='ocrx_word' id='word_1_849' title='bbox 2115 4867 2401 4933; x_wconf 84' lang='lat' dir='ltr'><strong>Episcopo,</strong></span> <span class='ocrx_word' id='word_1_850' title='bbox 2436 4871 2495 4933; x_wconf 86' lang='lat' dir='ltr'><strong>ut</strong></span> <span class='ocrx_word' id='word_1_851' title='bbox 2522 4853 2775 4929; x_wconf 82' lang='lat' dir='ltr'><strong>apparet,</strong></span> <span class='ocrx_word' id='word_1_852' title='bbox 2796 4855 3187 4933; x_wconf 83' lang='lat' dir='ltr'><strong>cujus_nomini</strong></span> <span class='ocrx_word' id='word_1_853' title='bbox 3238 4853 3406 4933; x_wconf 88' lang='lat' dir='ltr'><strong>pa_rcit</strong></span> <span class='ocrx_word' id='word_1_854' title='bbox 3434 4898 3449 4921; x_wconf 93' lang='lat'><strong>,</strong></span> <span class='ocrx_word' id='word_1_855' title='bbox 3501 4853 3571 4933; x_wconf 85' lang='lat' dir='ltr'><strong>de</strong></span> 
     </span>
    </p>
   </div>
   <div class='ocr_carea' id='block_1_119' title="bbox 1990 4924 3569 4995">
    <p class='ocr_par' dir='ltr' id='par_1_119' title="bbox 1990 4924 3569 4995">
     <span class='ocr_line' id='line_1_119' title="bbox 1990 4924 3569 4995; baseline -0.008 -6"><span class='ocrx_word' id='word_1_856' title='bbox 1990 4924 2332 4989; x_wconf 64' lang='lat' dir='ltr'><strong>nimia&#39;illuni</strong></span> <span class='ocrx_word' id='word_1_857' title='bbox 2381 4924 2631 4985; x_wconf 71' lang='lat' dir='ltr'><strong>facilitate</strong></span> <span class='ocrx_word' id='word_1_858' title='bbox 2678 4926 3079 4995; x_wconf 88' lang='lat' dir='ltr'><strong>reprehendens</strong></span> <span class='ocrx_word' id='word_1_859' title='bbox 3109 4967 3124 4988; x_wconf 95' lang='lat'><strong>,</strong></span> <span class='ocrx_word' id='word_1_860' title='bbox 3172 4924 3313 4995; x_wconf 86' lang='lat' dir='ltr'><strong>quod</strong></span> <span class='ocrx_word' id='word_1_861' title='bbox 3360 4931 3569 4995; x_wconf 73' lang='lat' dir='ltr'><strong>secreta</strong></span> 
     </span>
    </p>
   </div>
   <div class='ocr_carea' id='block_1_120' title="bbox 1986 4993 3567 5073">
    <p class='ocr_par' dir='ltr' id='par_1_120' title="bbox 1986 4993 3567 5073">
     <span class='ocr_line' id='line_1_120' title="bbox 1986 4993 3567 5073; baseline -0.009 -13"><span class='ocrx_word' id='word_1_862' title='bbox 1986 5016 2171 5060; x_wconf 91' lang='lat' dir='ltr'><strong>nostra</strong></span> <span class='ocrx_word' id='word_1_863' title='bbox 2199 5001 2547 5073; x_wconf 81' lang='lat' dir='ltr'><strong>imperfectis,</strong></span> <span class='ocrx_word' id='word_1_864' title='bbox 2567 4999 2673 5073; x_wconf 78' lang='lat' dir='ltr'><strong>hoc</strong></span> <span class='ocrx_word' id='word_1_865' title='bbox 2698 4993 2779 5073; x_wconf 77' lang='lat' dir='ltr'><strong>est</strong></span> <span class='ocrx_word' id='word_1_866' title='bbox 2804 4996 3071 5050; x_wconf 68' lang='lat' dir='ltr'><strong>haereticis</strong></span> <span class='ocrx_word' id='word_1_867' title='bbox 3121 4994 3436 5073; x_wconf 77' lang='lat' dir='ltr'><strong>prodiderit.</strong></span> <span class='ocrx_word' id='word_1_868' title='bbox 3490 4993 3567 5046; x_wconf 87' lang='lat' dir='ltr'><strong>De</strong></span> 
     </span>
    </p>
   </div>
   <div class='ocr_carea' id='block_1_121' title="bbox 1987 5063 3568 5145">
    <p class='ocr_par' dir='ltr' id='par_1_121' title="bbox 1987 5063 3568 5145">
     <span class='ocr_line' id='line_1_121' title="bbox 1987 5063 3568 5145; baseline -0.011 -14"><span class='ocrx_word' id='word_1_869' title='bbox 1987 5076 2239 5145; x_wconf 89' lang='lat' dir='ltr'><strong>episc0po</strong></span> <span class='ocrx_word' id='word_1_870' title='bbox 2269 5063 2447 5127; x_wconf 76' lang='lat' dir='ltr'><strong>autem</strong></span> <span class='ocrx_word' id='word_1_871' title='bbox 2470 5070 2537 5123; x_wconf 89' lang='lat' dir='ltr'><strong>ab</strong></span> <span class='ocrx_word' id='word_1_872' title='bbox 2567 5066 2767 5145; x_wconf 67' lang='lat' dir='ltr'><strong>haeresi</strong></span> <span class='ocrx_word' id='word_1_873' title='bbox 2789 5063 3387 5145; x_wconf 67' lang='lat' dir='ltr'><strong>converso,_resppndet</strong></span> <span class='ocrx_word' id='word_1_874' title='bbox 3410 5074 3568 5145; x_wconf 66' lang='lat' dir='ltr'><strong>posse</strong></span> 
     </span>
    </p>
   </div>
   <div class='ocr_carea' id='block_1_122' title="bbox 1988 5131 3569 5205">
    <p class='ocr_par' dir='ltr' id='par_1_122' title="bbox 1988 5131 3569 5205">
     <span class='ocr_line' id='line_1_122' title="bbox 1988 5131 3569 5205; baseline -0.011 -6"><span class='ocrx_word' id='word_1_875' title='bbox 1988 5131 2040 5199; x_wconf 75' lang='lat' dir='ltr'><strong>in</strong></span> <span class='ocrx_word' id='word_1_876' title='bbox 2070 5131 2296 5200; x_wconf 77' lang='lat' dir='ltr'><strong>ecclesia</strong></span> <span class='ocrx_word' id='word_1_877' title='bbox 2324 5150 2528 5205; x_wconf 91' lang='lat' dir='ltr'><strong>nostra,</strong></span> <span class='ocrx_word' id='word_1_878' title='bbox 2559 5139 2604 5193; x_wconf 91' lang='lat' dir='ltr'><strong>si</strong></span> <span class='ocrx_word' id='word_1_879' title='bbox 2627 5136 2770 5192; x_wconf 92' lang='lat' dir='ltr'><strong>aliud</strong></span> <span class='ocrx_word' id='word_1_880' title='bbox 2798 5137 2929 5191; x_wconf 91' lang='lat' dir='ltr'><strong>nihil</strong></span> <span class='ocrx_word' id='word_1_881' title='bbox 2956 5136 3142 5199; x_wconf 90' lang='lat' dir='ltr'><strong>officit,</strong></span> <span class='ocrx_word' id='word_1_882' title='bbox 3171 5131 3236 5188; x_wconf 86' lang='lat' dir='ltr'><strong>ad</strong></span> <span class='ocrx_word' id='word_1_883' title='bbox 3276 5131 3569 5205; x_wconf 85' lang='lat' dir='ltr'><strong>quemlibet</strong></span> 
     </span>
    </p>
   </div>
   <div class='ocr_carea' id='block_1_123' title="bbox 1988 5201 3568 5283">
    <p class='ocr_par' dir='ltr' id='par_1_123' title="bbox 1988 5201 3568 5283">
     <span class='ocr_line' id='line_1_123' title="bbox 1988 5201 3568 5283; baseline -0.013 -13"><span class='ocrx_word' id='word_1_884' title='bbox 1988 5216 2273 5269; x_wconf 88' lang='lat' dir='ltr'><strong>sacerdotii</strong></span> <span class='ocrx_word' id='word_1_885' title='bbox 2299 5201 2524 5283; x_wconf 84' lang='lat' dir='ltr'><strong>gradum</strong></span> <span class='ocrx_word' id='word_1_886' title='bbox 2547 5208 2795 5283; x_wconf 74' lang='lat' dir='ltr'><strong>assum_i._</strong></span> <span class='ocrx_word' id='word_1_887' title='bbox 2821 5206 2943 5283; x_wconf 79' lang='lat' dir='ltr'><strong>Quo</strong></span> <span class='ocrx_word' id='word_1_888' title='bbox 2964 5206 3179 5283; x_wconf 88' lang='lat' dir='ltr'><strong>quidem</strong></span> <span class='ocrx_word' id='word_1_889' title='bbox 3211 5201 3493 5283; x_wconf 62' lang='lat' dir='ltr'><strong>exemplo,</strong></span> <span class='ocrx_word' id='word_1_890' title='bbox 3511 5206 3568 5283; x_wconf 78' lang='lat' dir='ltr'><strong>et</strong></span> 
     </span>
    </p>
   </div>
   <div class='ocr_carea' id='block_1_124' title="bbox 1988 5276 3657 5356">
    <p class='ocr_par' dir='ltr' id='par_1_124' title="bbox 1988 5276 3657 5356">
     <span class='ocr_line' id='line_1_124' title="bbox 1988 5276 3657 5356; baseline -0.013 -15"><span class='ocrx_word' id='word_1_891' title='bbox 1988 5276 2368 5356; x_wconf 60' lang='lat' dir='ltr'><strong>Symphosiu&#39;m</strong></span> <span class='ocrx_word' id='word_1_892' title='bbox 2398 5293 2557 5356; x_wconf 81' lang='lat' dir='ltr'><strong>atque</strong></span> <span class='ocrx_word' id='word_1_893' title='bbox 2607 5278 2891 5356; x_wconf 76' lang='lat' dir='ltr'><strong>Dictinium</strong></span> <span class='ocrx_word' id='word_1_894' title='bbox 2932 5276 3218 5356; x_wconf 64' lang='lat' dir='ltr'><strong>haereticos</strong></span> <span class='ocrx_word' id='word_1_895' title='bbox 3252 5276 3564 5356; x_wconf 66' lang='lat' dir='ltr'><strong>episcopos,</strong></span> <span class='ocrx_word' id='word_1_896' title='bbox 3654 5316 3657 5319; x_wconf 72' lang='lat'><strong>.</strong></span> 
     </span>
    </p>
   </div>
   <div class='ocr_carea' id='block_1_125' title="bbox 1988 5339 3566 5411">
    <p class='ocr_par' dir='ltr' id='par_1_125' title="bbox 1988 5339 3566 5411">
     <span class='ocr_line' id='line_1_125' title="bbox 1988 5339 3566 5411; baseline -0.013 0"><span class='ocrx_word' id='word_1_897' title='bbox 1988 5339 2308 5411; x_wconf 53' lang='lat' dir='ltr'><strong>Piiscilliani</strong></span> <span class='ocrx_word' id='word_1_898' title='bbox 2353 5339 2599 5406; x_wconf 75' lang='lat' dir='ltr'><strong>hrerésim</strong></span> <span class='ocrx_word' id='word_1_899' title='bbox 2631 5348 2947 5403; x_wconf 91' lang='lat' dir='ltr'><strong>damnantes</strong></span> <span class='ocrx_word' id='word_1_900' title='bbox 2978 5390 2992 5411; x_wconf 91' lang='lat'><strong>,</strong></span> <span class='ocrx_word' id='word_1_901' title='bbox 3052 5350 3257 5400; x_wconf 89' lang='lat' dir='ltr'><strong>retenta</strong></span> <span class='ocrx_word' id='word_1_902' title='bbox 3306 5339 3566 5411; x_wconf 75' lang='lat' dir='ltr'><strong>dignitate</strong></span> 
     </span>
    </p>
   </div>
   <div class='ocr_carea' id='block_1_126' title="bbox 1990 5406 3563 5495">
    <p class='ocr_par' dir='ltr' id='par_1_126' title="bbox 1990 5406 3563 5495">
     <span class='ocr_line' id='line_1_126' title="bbox 1990 5406 3563 5495; baseline -0.013 -13"><span class='ocrx_word' id='word_1_903' title='bbox 1990 5406 2485 5495; x_wconf 36' lang='lat' dir='ltr'><strong>receptos—legimus</strong></span> <span class='ocrx_word' id='word_1_904' title='bbox 2516 5421 2569 5473; x_wconf 92' lang='lat' dir='ltr'><strong>in</strong></span> <span class='ocrx_word' id='word_1_905' title='bbox 2594 5418 2825 5495; x_wconf 71' lang='lat' dir='ltr'><strong>concilio</strong></span> <span class='ocrx_word' id='word_1_906' title='bbox 2872 5406 3047 5495; x_wconf 80' lang='lat' dir='ltr'><strong>primo</strong></span> <span class='ocrx_word' id='word_1_907' title='bbox 3080 5406 3563 5495; x_wconf 23' lang='lat' dir='ltr'><strong>Toletanotetide</strong></span> 
     </span>
    </p>
   </div>
   <div class='ocr_carea' id='block_1_127' title="bbox 1987 5482 3563 5562">
    <p class='ocr_par' dir='ltr' id='par_1_127' title="bbox 1987 5482 3563 5562">
     <span class='ocr_line' id='line_1_127' title="bbox 1987 5482 3563 5562; baseline -0.014 -12"><span class='ocrx_word' id='word_1_908' title='bbox 1987 5482 2198 5551; x_wconf 70' lang='lat' dir='ltr'><strong>clericis</strong></span> <span class='ocrx_word' id='word_1_909' title='bbox 2227 5482 2492 5550; x_wconf 59' lang='lat' dir='ltr'><strong>hieFeticis</strong></span> <span class='ocrx_word' id='word_1_910' title='bbox 2519 5490 2609 5559; x_wconf 92' lang='lat' dir='ltr'><strong>qui</strong></span> <span class='ocrx_word' id='word_1_911' title='bbox 2635 5490 2703 5543; x_wconf 91' lang='lat' dir='ltr'><strong>ad</strong></span> <span class='ocrx_word' id='word_1_912' title='bbox 2748 5482 2914 5562; x_wconf 64' lang='lat' dir='ltr'><strong>fidem</strong></span> <span class='ocrx_word' id='word_1_913' title='bbox 2946 5482 3262 5562; x_wconf 70' lang='lat' dir='ltr'><strong>catholicam</strong></span> <span class='ocrx_word' id='word_1_914' title='bbox 3298 5482 3519 5562; x_wconf 70' lang='lat' dir='ltr'><strong>veniunt</strong></span> <span class='ocrx_word' id='word_1_915' title='bbox 3545 5518 3563 5542; x_wconf 87' lang='lat'><strong>,</strong></span> 
     </span>
    </p>
   </div>
   <div class='ocr_carea' id='block_1_128' title="bbox 1989 5550 3563 5621">
    <p class='ocr_par' dir='ltr' id='par_1_128' title="bbox 1989 5550 3563 5621">
     <span class='ocr_line' id='line_1_128' title="bbox 1989 5550 3563 5621; baseline -0.01 -1"><span class='ocrx_word' id='word_1_916' title='bbox 1989 5568 2277 5621; x_wconf 87' lang='lat' dir='ltr'><strong>universim</strong></span> <span class='ocrx_word' id='word_1_917' title='bbox 2299 5574 2513 5621; x_wconf 88' lang='lat' dir='ltr'><strong>cautum</strong></span> <span class='ocrx_word' id='word_1_918' title='bbox 2537 5550 2696 5614; x_wconf 78' lang='lat' dir='ltr'><strong>estin</strong></span> <span class='ocrx_word' id='word_1_919' title='bbox 2725 5557 2954 5614; x_wconf 92' lang='lat' dir='ltr'><strong>concilio</strong></span> <span class='ocrx_word' id='word_1_920' title='bbox 2984 5571 2999 5606; x_wconf 92' lang='grc' dir='ltr'><strong>ι</strong></span> <span class='ocrx_word' id='word_1_921' title='bbox 3039 5550 3407 5607; x_wconf 84' lang='lat' dir='ltr'><strong>Aurelianensi</strong></span> <span class='ocrx_word' id='word_1_922' title='bbox 3438 5567 3563 5606; x_wconf 92' lang='lat' dir='ltr'><strong>can.</strong></span> 
     </span>
    </p>
   </div>
   <div class='ocr_carea' id='block_1_129' title="bbox 1989 5622 3563 5705">
    <p class='ocr_par' dir='ltr' id='par_1_129' title="bbox 1989 5622 3563 5705">
     <span class='ocr_line' id='line_1_129' title="bbox 1989 5622 3563 5705; baseline -0.012 -14"><span class='ocrx_word' id='word_1_923' title='bbox 1989 5639 2056 5693; x_wconf 84' lang='grc'><strong>10</strong></span> <span class='ocrx_word' id='word_1_924' title='bbox 2090 5657 2100 5688; x_wconf 91' lang='lat'><strong>:</strong></span> <span class='ocrx_word' id='word_1_925' title='bbox 2138 5637 2204 5692; x_wconf 88' lang='lat' dir='ltr'><strong>Ut</strong></span> <span class='ocrx_word' id='word_1_926' title='bbox 2230 5638 2273 5691; x_wconf 80' lang='lat' dir='ltr'><strong>si</strong></span> <span class='ocrx_word' id='word_1_927' title='bbox 2297 5636 2516 5705; x_wconf 77' lang='lat' dir='ltr'><strong>ﬁdeliter</strong></span> <span class='ocrx_word' id='word_1_928' title='bbox 2559 5638 2917 5705; x_wconf 49' lang='lat' dir='ltr'><strong>conponuntur</strong></span> <span class='ocrx_word' id='word_1_929' title='bbox 2957 5634 3021 5705; x_wconf 43' lang='lat' dir='ltr'><strong>et.</strong></span> <span class='ocrx_word' id='word_1_930' title='bbox 3063 5622 3214 5691; x_wconf 80' lang='lat' dir='ltr'><strong>ﬁdem</strong></span> <span class='ocrx_word' id='word_1_931' title='bbox 3260 5623 3563 5702; x_wconf 71' lang='lat' dir='ltr'><strong>catholicam</strong></span> 
     </span>
    </p>
   </div>
   <div class='ocr_carea' id='block_1_130' title="bbox 1987 5694 3563 5780">
    <p class='ocr_par' dir='ltr' id='par_1_130' title="bbox 1987 5694 3563 5780">
     <span class='ocr_line' id='line_1_130' title="bbox 1987 5694 3563 5780; baseline -0.013 -18"><span class='ocrx_word' id='word_1_932' title='bbox 1987 5710 2180 5780; x_wconf 86' lang='lat' dir='ltr'><strong>integre</strong></span> <span class='ocrx_word' id='word_1_933' title='bbox 2209 5694 2547 5775; x_wconf 65' lang='lat' dir='ltr'><strong>conﬁtentur,</strong></span> <span class='ocrx_word' id='word_1_934' title='bbox 2589 5699 2805 5780; x_wconf 58' lang='lat' dir='ltr'><strong>alliciam</strong></span> <span class='ocrx_word' id='word_1_935' title='bbox 2832 5694 3111 5763; x_wconf 83' lang='lat' dir='ltr'><strong>suscipiant</strong></span> <span class='ocrx_word' id='word_1_936' title='bbox 3134 5711 3241 5754; x_wconf 36' lang='lat' dir='ltr'><strong>.&quot;up</strong></span> <span class='ocrx_word' id='word_1_937' title='bbox 3264 5711 3345 5748; x_wconf 67' lang='lat' dir='ltr'><strong>eos</strong></span> <span class='ocrx_word' id='word_1_938' title='bbox 3375 5694 3563 5763; x_wconf 79' lang='lat' dir='ltr'><strong>episeo-</strong></span> 
     </span>
    </p>
   </div>
   <div class='ocr_carea' id='block_1_131' title="bbox 1989 5774 2733 5850">
    <p class='ocr_par' dir='ltr' id='par_1_131' title="bbox 1989 5774 2733 5850">
     <span class='ocr_line' id='line_1_131' title="bbox 1989 5774 2733 5850; baseline -0.026 -17"><span class='ocrx_word' id='word_1_939' title='bbox 1989 5796 2082 5847; x_wconf 83' lang='lat' dir='ltr'><strong>pus</strong></span> <span class='ocrx_word' id='word_1_940' title='bbox 2094 5774 2294 5850; x_wconf 54' lang='lat' dir='ltr'><strong>&#39;dignos</strong></span> <span class='ocrx_word' id='word_1_941' title='bbox 2324 5790 2433 5832; x_wconf 77' lang='lat' dir='ltr'><strong>esse</strong></span> <span class='ocrx_word' id='word_1_942' title='bbox 2462 5774 2733 5823; x_wconf 79' lang='lat' dir='ltr'><strong>censuerit.</strong></span> 
     </span>
    </p>
   </div>
   <div class='ocr_carea' id='block_1_132' title="bbox 3046 5892 3059 5901">
    <p class='ocr_par' dir='ltr' id='par_1_132' title="bbox 3046 5892 3059 5901">
     <span class='ocr_line' id='line_1_132' title="bbox 3046 5892 3059 5901; baseline 0 0"><span class='ocrx_word' id='word_1_943' title='bbox 3046 5892 3059 5901; x_wconf 77' lang='grc' dir='ltr'><strong>ι</strong></span> 
     </span>
    </p>
   </div>
   <div class='ocr_carea' id='block_1_133' title="bbox 2944 5910 3063 5931">
    <p class='ocr_par' dir='ltr' id='par_1_133' title="bbox 2944 5910 3063 5931">
     <span class='ocr_line' id='line_1_133' title="bbox 2944 5910 3063 5931; baseline 0 0"><span class='ocrx_word' id='word_1_944' title='bbox 2944 5922 2963 5927; x_wconf 57' lang='grc' dir='ltr'><strong>κ-</strong></span> <span class='ocrx_word' id='word_1_945' title='bbox 2986 5910 3063 5931; x_wconf 42' lang='grc' dir='ltr'><strong>«ὦ</strong></span> 
     </span>
    </p>
   </div>
  </div>
