4092 6350
524 316 628 373 2ιὸ

1767 308 1821 362 S.
1864 306 2046 361 AVITI
2091 306 2487 364 VIENNENSlS

3676 304 3777 363 ΞΜ

525 440 771 511 clplendo
802 442 1082 505 expetente
1110 429 1395 483 violentum
1429 432 1509 477 est
1542 440 1552 474 ;
1587 432 1639 475 ut
1674 423 1901 476 volentis
1930 423 2094 476 devo-
2126 427 2176 485 Α
2205 423 2311 477 elui
2360 424 2607 477 sensibus
2635 433 2877 492 possunt,
2910 440 3029 493 quae
3062 424 3214 477 nobis
3258 423 3395 491 apud
3444 423 3645 477 Italiam
3688 437 3774 477 γε.

528 535 726 589 tionem
758 526 1056 585 benedictio
1079 517 1377 591 praestanda
1400 515 1718 580 confirmet,
1761 529 1866 569 non
1897 522 1978 568 est
2006 529 2093 569 ra.

528 629 671 695 pina,
704 623 797 681 sed
816 620 1019 690 gratia;
1052 613 1192 683 quod
1235 609 1483 665 Christus
1521 608 1772 677 dignatur
1823 607 2093 676 accipere,

526 718 631 771 dici
658 730 760 769 um
789 721 1065 780 possumus
1098 702 1379 758 invasisse.
1406 700 1481 754 De
1502 699 1708 767 reliquo
1738 708 1936 764 autem,
1955 698 2096 767 quod

525 825 612 863 me
636 820 794 873 super
816 798 1061 855 conversi
1093 807 1232 849 statu
1264 793 1483 846 creditis
1506 792 1892 845 consulendum
1917 832 1930 850 .
1963 790 2063 843 deti
2080 819 2097 829 -

522 902 610 954 nio
643 893 987 964 inspiratione
1013 889 1212 949 divina.
1242 886 1307 941 ad
1334 884 1628 950 quemlibet
1656 883 1941 937 sacerdoni
1972 898 2097 951 gra-

519 994 644 1045 dum
673 989 945 1043 hominem
980 998 1138 1051 posse
1164 994 1508 1047 consurgere.
1548 976 1593 1031 si
1635 992 1738 1030 non
1787 984 1868 1027 est
1900 982 1991 1026 aut
2043 976 2094 1026 in

518 1084 725 1136 ratione
739 1078 1095 1147 conj::gii,aut
1124 1075 1175 1126 in
1198 1085 1512 1141 quacunque
1545 1069 1719 1138 reguli
1750 1069 2093 1136 moribusque

517 1154 658 1239 quod
693 1170 971 1240 prohibeat
1027 1166 1356 1221 clericatum.
1410 1163 1514 1217 Cur
1563 1162 1703 1214 enim
1760 1175 1861 1211 non
1918 1166 2097 1223 pascat

517 1266 716 1319 Christi
739 1277 975 1330 gregem,
1012 1262 1097 1325 qui
1131 1256 1401 1323 sapienter
1428 1251 1656 1304 advertit
1682 1266 1809 1302 oves
1844 1264 1946 1301 non
1978 1262 2096 1302 esse

518 1376 652 1426 quas
680 1356 931 1425 paverat?
960 1351 1155 1420 quique
1187 1348 1305 1413 quia
1343 1362 1445 1399 non
1481 1346 1561 1398 fur
1590 1344 1831 1409 latruqnc
1856 1383 1869 1405 ,
1905 1340 2097 1393 merito

518 1460 700 1518 pastor
720 1449 924 1500 futurus
948 1459 1040 1512 per
1062 1442 1193 1495 ostia
1214 1442 1486 1507 ingressus
1506 1437 1665 1503 elegit
1682 1435 1898 1487 altaria?
1921 1436 2099 1499 Quare

522 1560 626 1597 non
658 1543 747 1596 fiat
776 1541 826 1593 in
849 1537 1150 1592 sacerdotio
1182 1544 1364 1586 nostro
1391 1540 1622 1593 erectus,
1658 1530 1745 1597 qui
1775 1542 1957 1579 amore
2004 1530 2100 1581 liu-

520 1632 761 1687 militatis
783 1646 808 1679 a
832 1645 931 1684 suo
960 1626 1128 1680 voluit
1147 1639 1267 1679 esse
1296 1620 1594 1677 decidens“!
1624 1619 1703 1671 Sit
1737 1634 1895 1671 verax
1922 1632 2097 1672 sacer-

518 1725 615 1778 dos
645 1739 707 1777 ex
739 1721 895 1784 laico,
929 1718 1021 1787 qui
1063 1716 1175 1770 fieri
1236 1712 1401 1768 laicus
1455 1726 1521 1764 ex
1578 1710 1765 1764 fall-ce
1817 1709 2097 1765 sacerdote

2201 524 2392 580 stram,
2427 515 2506 569 vel
2542 514 2859 582 pontificalis
2890 514 3211 583 benignitas.
3240 514 3319 568 vel
3344 514 3573 568 civilitas
3592 513 3777 581 regalis

2202 606 2484 675 impendit,
2514 621 2633 662 cum
2669 614 2788 675 post
2817 605 3230 660 familiaritatem
3265 605 3426 658 totius
3476 606 3779 658 munificen-

2204 698 2290 753 tia:
2318 697 2618 753 commodis
2646 696 3058 766 praeferendam,
3092 696 3215 764 quia
3241 697 3359 749 istic
3389 696 3608 750 liberius
3635 696 3773 748 laxa-

2202 791 2276 845 vit
2306 790 2554 855 reditum,
2588 790 2731 845 illinc
2760 791 2996 845 tenacius
3023 790 3193 843 vinxit
3218 788 3486 843 affectum.
3516 788 3776 841 Attentior

2202 899 2301 953 pro
2327 885 2521 938 vestris
2549 884 2689 953 quod
2724 891 2971 951 superest
3001 882 3271 937 incumbat
3310 882 3502 936 oratio.
3553 883 3606 933 In
3657 896 3776 947 aug-

2202 983 2383 1029 mento
2414 989 2643 1042 namque
2664 974 2843 1028 ovium
2873 973 3068 1028 crescit
3098 972 3338 1027 custodia
3370 971 3776 1040 pastoralis.Sa-

2201 1067 2308 1118 eris
2341 1078 2437 1118 nos
2465 1065 2827 1133 apostolorum
2858 1062 3134 1118 liminibus
3156 1063 3664 1120 commemoratione
3698 1078 3776 1113 as-

2202 1155 2354 1211 sidua
2388 1164 2793 1225 praesentautes,
2827 1158 3051 1225 speciali
3074 1158 3198 1210 dum
3230 1158 3414 1211 vixero
3446 1153 3775 1224 prmdicatori

2202 1260 2403 1315 vestro,
2431 1248 2517 1303 ubi
2550 1248 2860 1303 obtinuistis
2885 1248 3118 1315 initium,
3150 1248 3429 1316 impetrate
3458 1245 3774 1316 profectum.

2203 1339 2419 1393 Litteris
2442 1355 2558 1403 nos,
2590 1340 2640 1392 in
2664 1348 2919 1407 quantum
2949 1338 3274 1408 possibilitas
3290 1338 3485 1408 patitur
3508 1344 3599 1391 aut
3622 1338 3778 1389 liber-

2204 1440 2305 1494 tas,
2336 1430 2527 1498 quibus
2555 1430 2707 1484 nobis
2730 1430 2968 1485 doctrina
2999 1440 3051 1487 et
3098 1428 3432 1485 incolumitas
3472 1436 3649 1481 vestra
3687 1426 3782 1479 fio-

2204 1532 2337 1591 reat,
2364 1522 2715 1593 frequentate.
2745 1522 2808 1577 Et
2841 1530 2897 1576 ut
2918 1536 3077 1589 supra
3110 1520 3467 1590 speravimus.
3495 1516 3779 1575 ambieuda

2204 1613 2357 1669 nobis
2398 1610 2775 1669 venerabilium
2820 1610 3161 1681 reliquiarum
3212 1609 3451 1666 conferte
3495 1609 3775 1677 praesidia:

2203 1722 2426 1776 quarum
2450 1705 2618 1770 cultu,
2654 1712 2709 1761 et
2735 1703 3106 1759 beatissimum
3140 1704 3352 1759 Petrum
3387 1703 3438 1757 in
3470 1704 3679 1767 virtute,
3730 1708 3783 1753 et

518 1807 1129 1869 cmitentnsest.'l‘eneat
1155 1806 1203 1859 in
1231 1802 1463 1857 licclesia
1487 1810 1666 1854 nostra
1696 1799 1898 1865 plebem
1928 1812 2089 1865 suam,

2207 1813 2302 1853 vos
2328 1812 2541 1867 semper
2572 1795 2771 1853 habere
2801 1810 3105 1853 mereamur
3134 1795 3185 1853 in
3215 1809 3457 1851 munere.

515 1906 605 1973 qui
632 1904 684 1957 in
715 1914 807 1954 sua
837 1895 1159 1962 contempsit
1185 1891 1434 1947 alienam.
1485 1889 1675 1943 Datura
1706 1896 1786 1942 est
1816 1888 1973 1941 tantis
2002 1887 2094 1941 bo-

454 2045 459 2049 .
515 1996 599 2050 nis
620 2000 963 2061 augmentum
990 1984 1225 2042 ctelesds
1254 1983 1437 2054 gratia:
1470 1981 1769 2052 plenitudo,
1821 1989 1877 2034 ut
1922 1992 1973 2034 et
2006 1979 2094 2034 ille

515 2094 836 2138 consecutus
868 2080 1086 2145 incipiat
1113 2074 1345 2147 gaudere
1377 2072 1515 2141 quod
1550 2072 1737 2134 doluit,
1770 2081 1818 2124 et
1851 2070 1935 2125 hic
1962 2086 2094 2141 quo-

516 2173 646 2228 tldie
678 2169 1017 2231 fructuosior,
1047 2167 1267 2238 pra-isse
1294 2180 1352 2220 se
1374 2164 1543 2232 magis
1574 2160 1831 2233 intelligat
1854 2175 1986 2232 quos
2013 2176 2098 2216 re-

514 2268 688 2336 liquit.
1282 2290 1285 2293 ·

1014 2350 1339 2407 EPISTULA
1384 2348 1593 2405 XXVII.

521 2468 585 2507 ΑΒ
612 2465 770 2506 AVITO
800 2463 1046 2504 EPISCOPII
1074 2460 1299 2501 DICTATA
1322 2458 1415 2498 SUB
1461 2450 1484 2477 ⁸
1529 2456 1722 2496 NOMINE
1767 2456 1925 2496 [OMNI
1980 2455 2097 2496 SIGI‘

695 2535 883 2574 SMUNDI
917 2534 1083 2583 REGIS,
1123 2531 1186 2569 ΑΙ)
1214 2529 1527 2568 ΗΜΜΛΕΗΕΜ
1557 2527 1723 2565 PAPA.“
1750 2526 1915 2566 URBIS.

589 2637 723 2691 Dum
749 2648 899 2688 sacra
932 2630 1275 2699 reliquiarum
1303 2632 1520 2698 pignora
1550 2669 1562 2687 ,
1618 2626 1810 2696 quibus
1868 2641 1961 2693 per
2012 2642 2095 2679 me

516 2730 741 2782 Galliam
767 2734 998 2779 vestram
1029 2722 1253 2791 spiritali
1274 2720 1713 2773 remuneratione
1734 2718 1967 2783 ditastis,
1999 2733 2094 2771 ne-

516 2833 643 2887 gare
677 2814 979 2886 petentibus
1003 2828 1106 2866 ntrn
1137 2825 1423 2881 prmsumo,
1445 2825 1529 2863 me
1553 2825 1762 2878 quoque
1789 2819 2093 2862 sanctorum

515 2910 811 2979 patrocinia
834 2906 1102 2975 postulare
1121 2903 1184 2958 ab
1208 2903 1403 2967 irriguo
1422 2901 1580 2955 VCaIl'I
1606 2901 1934 2969 apostolatus
1957 2900 2097 2954 fonte

516 3016 739 3058 necesse
768 2998 1203 3067 cst.Quauquam
1245 2997 1342 3049 etsi
1377 3004 1459 3048 cst
1501 2993 1673 3047 adhuc
1716 2993 1855 3061 apud
1896 3007 1993 3047 nos
2034 2994 2097 3046 de

519 3095 662 3149 dono
694 3100 900 3155 vestro,
923 3088 1064 3159 quod
1090 3087 1368 3141 catholicae
1398 3085 1671 3154 religionis
1704 3084 1892 3138 debeat
1924 3084 2097 3137 studio

2664 1908 3001 1965 EPISTOLA
3047 1908 3287 1964 XXVIII.

2235 2016 2418 2059 AVITUS
2462 2014 2766 2055 visaxsnsts
2810 2014 3086 2056 EPISCOPUS
3141 2000 3164 2038 δ
3218 2014 3391 2055 nouae
3439 2014 3744 2054 αυιωοωοο

2922 2085 3061 2126 REGI.

2271 2163 2505 2220 Rediens
2535 2164 2603 2219 ab
2628 2164 2758 2222 urbe
2810 2163 3150 2237 Lugdunensi
3192 2172 3409 2219 sanctus
3461 2161 3777 2218 Chartenius

2200 2254 2505 2325 episcopus,
2541 2258 2590 2310 in
2620 2269 2743 2325 qua,
2772 2256 2927 2311 nobis
2960 2264 2981 2293 ο
3014 2254 3079 2311 de
3102 2253 3330 2311 concilio
3353 2252 3774 2315 discedentibus,

2200 2346 2265 2400 ad
2299 2347 2500 2417 privata
2542 2346 2784 2417 quaedam
2830 2344 3040 2415 negotia
3087 2344 3416 2414 expedienda
3467 2346 3774 2405 resederat,

2200 2439 2552 2507 quaestionem
2586 2438 2708 2504 sibi,
2746 2439 2851 2490 imo
2882 2438 3050 2507 magis
3072 2437 3317 2492 omnibus
3344 2437 3528 2500 nobis,
3582 2451 3775 2506 prepo-

2199 2531 2371 2585 suisse
2399 2546 2492 2585 vos
2521 2530 2723 2585 retulit.
2750 2527 2878 2596 Quze
2902 2531 2944 2584 si
2972 2528 3160 2583 fuisset
3181 2543 3361 2583 coram
3410 2528 3599 2594 positis
3636 2526 3774 2580 indi-

2200 2632 2341 2690 rata,
2374 2623 2815 2676 subministrante
2844 2630 3031 2675 sancto
3060 2620 3262 2690 Spiritu
3286 2662 3300 2685 ,
3336 2619 3490 2674 facile
3538 2618 3774 2673 sciscita-

2202 2714 2331 2768 tioni
2365 2725 2558 2770 vestra:
2580 2730 2699 2785 qua:
2725 2713 2788 2767 ad
2823 2729 3036 2767 causam
3064 2711 3404 2782 pertinebant
3441 2711 3652 2780 suggei-i
3686 2727 3778 2779 po-

2205 2815 2439 2861 tuerunt.
2470 2806 2572 2861 Sed
2605 2808 2726 2875 quia
2761 2816 2864 2859 tam
2909 2814 3145 2860 sanctam
3191 2804 3603 2859 sollicitudinem
3638 2804 3777 2857 nulla

2204 2898 2461 2953 debemus
2490 2900 2729 2966 responsi
2761 2898 3016 2952 dilatione
3058 2896 3305 2951 fraudare
3360 2913 3371 2949 :
3433 2898 3606 2951 sciens
3652 2896 3775 2948 mihi

2203 2991 2418 3045 Christo
2444 2991 2675 3060 pr0pitio
2703 2991 2753 3043 in
2790 2990 2894 3045 fide
2920 2989 3142 3044 fratrum
3169 3004 3407 3044 meomm
3452 2992 3779 3043 concordare

2204 3083 2549 3147 sententiam,
2581 3082 2862 3152 praesentis
2893 3085 3099 3152 pagina:
3147 3082 3406 3137 famulatu
3456 3082 3778 3150 respondere

513 3184 796 3250 celebrari,
825 3181 983 3237 etiam
1014 3179 1145 3235 illud
1175 3188 1353 3232 tamen
1382 3178 1631 3231 convenit
1657 3178 1814 3245 justa:
1861 3178 2095 3231 devotio-
2125 3164 2172 3226 C
2204 3172 2269 3225 ad
2294 3173 2537 3226 consulta
2562 3187 2851 3243 praesumo.
2882 3172 3086 3227 .lubetis
3113 3174 3312 3250 igitur)
3369 3172 3577 3227 ostendi
3631 3172 3779 3225 vobis

513 3279 597 3331 nis
627 3277 868 3346 intelligi,
901 3287 955 3330 ut
986 3274 1204 3330 directis
1234 3272 1475 3327 litterarii
1505 3273 1768 3324 sermonis
1796 3271 1988 3324 ofﬁciis
2015 3271 2093 3323 al-

512 3368 689 3438 loquio
718 3367 805 3422 illa
834 3374 1132 3439 captemus,
1164 3365 1356 3435 quibus
1384 3379 1469 3418 me
1511 3364 1848 3432 pontificatus
1886 3372 2084 3431 vester,

510 3461 597 3516 vel
622 3467 939 3529 praesentem
972 3460 1190 3515 monitis
1220 3459 1420 3525 docuit,
1470 3458 1553 3512 vel
1600 3458 1875 3513 absentem
1924 3458 2088 3513 inter-

510 3554 846 3607 cessionibus
872 3554 1171 3623 acquisivit.
1220 3552 1327 3606 Nec
1365 3566 1505 3605 nunc
1558 3553 1763 3620 paginae
1808 3553 2086 3618 pnesentis

508 3645 823 3712 obsequium
860 3654 1073 3712 reperta
1120 3643 1490 3711 Opportunitas
1544 3642 1941 3708 complectitur;
1992 3641 2085 3695 sed

510 3736 779 3789 destinato
811 3736 877 3789 ad
910 3750 1003 3788 vos
1031 3736 1257 3788 diacono
1285 3736 1545 3801 portitore
1566 3730 1595 3797 ,’
1630 3735 1743 3785 viro
1798 3733 2087 3793 venerabili

512 3826 745 3887 Juliano,
792 3825 857 3877 ad
914 3824 1232 3877 universalis
1284 3824 1534 3875 Ecclesiae
1582 3824 1866 3889 praesulem
1899 3824 2088 3891 spiritu

510 3923 930 3984 reprzesentante
959 3913 1352 3967 concurrimus.
1384 3913 1589 3967 Crescit
1634 3914 1830 3981 quippe
1883 3913 2089 3967 benefi-

509 4009 715 4063 ciorum
744 4005 1117 4060 recordatione
1137 4003 1464 4058 desiderium
1501 4021 1511 4055 :
1544 4018 1645 4058 nec
1677 4018 1910 4073 unquam
1954 4003 2090 4059 meis

581 4199 607 4227 ει
632 4189 731 4243 Per
759 4186 1025 4241 Iulianum
1057 4185 1341 4241 diaconum
1396 4199 1575 4239 sacras
1624 4185 1876 4253 reliquias
1922 4186 2087 4251 Sigis-

507 4261 736 4315 mundus
758 4274 848 4311 rex
873 4258 1051 4326 petita
1076 4255 1397 4328 Symmacho
1430 4270 1559 4325 papa
1590 4296 1604 4319 ,
1635 4271 1662 4309 a
1692 4272 1795 4324 quo
1825 4258 1955 4311 alias
1975 4258 2084 4327 jam

506 4333 711 4399 pridem
744 4339 1043 4393 aereperat.
1076 4326 1384 4399 Symmachi
1419 4340 1765 4399 porro_pap:e
1787 4326 2085 4399 obitus’in-

506 4396 639 4452 cidit
667 4400 720 4451 in
742 4399 1015 4450 Senatoris
1043 4398 1376 4449 consulatum
1407 4412 1547 4449 anno
1572 4396 1769 4450 Christi
1802 4396 2086 4453 SILGun-

506 4467 750 4520 dobadus
771 4467 1097 4535 Sigismundi
1146 4476 1294 4534 pater
1343 4466 1560 4519 biennio
1610 4474 1731 4532 post
1785 4470 2077 4535 occubuit,

508 4536 667 4590 Petro
698 4537 935 4588 consule.
968 4540 1034 4587 At
1073 4534 1441 4604 Sigismunitus
1496 4536 1547 4588 in
1603 4536 1843 4603 epistolae
1895 4541 2083 4592 inscri-

507 4608 693 4670 ptione
717 4620 811 4658 rex
839 4595 1158 4671 appellatur:
1184 4608 1405 4659 Constat
1434 4621 1562 4675 ergo
1593 4595 1741 4672 patre
1781 4607 1957 4661 adhuc
1994 4624 2082 4665 su-
2108 4595 2164 4654 υ

508 4676 728 4743 perstite
754 4676 894 4748 regis
925 4688 1119 4748 nomen
1143 4676 1456 4748 obtinuisse.
1488 4676 1841 4748 Fredegarius
1880 4680 1929 4731 in
1960 4680 2083 4748 Epi-

507 4742 651 4818 tome
676 4758 794 4810 cap.
822 4745 890 4797 '54
935 4761 951 4818 :_
1000 4742 1304 4818 Gundebadi
1354 4746 1493 4813 ﬁlius
1544 4742 1903 4814 Sigistitundus
1946 4742 2083 4818 ap'ud

507 4811 847 4866 Genavensem
874 4814 1043 4865 urbem
1073 4816 1191 4866 villa
1224 4811 1518 4880 Quadruvio
1539 4811 1692 4885 jussu
1734 4819 1895 4885 patris
1926 4811 2084 4873 subli-

506 4890 673 4956 matur
712 4885 764 4935 in
817 4898 1074 4956 regnum;
1107 4886 1248 4956 qugd
1298 4886 1443 4938 Marii
1494 4901 1704 4956 quoque
1755 4888 2078 4943 Chronieum

504 4951 898 5027 conﬁrmathis
932 4952 1126 5027 verbis,
1158 4952 1430 5027 Florentio
1468 4951 1825 5027 etrAnt/temio
1878 4960 1894 5027 (
1923 4960 1972 5013 id
2001 4971 2083 5015 est

504 5035 649 5073 anno
683 5022 771 5090 qui
800 5023 938 5090 inter
962 5020 1268 5090 Symmachi
1308 5034 1361 5078 et
1395 5026 1707 5081 Gundobadi
1756 5020 1956 5082 obitum
2000 5033 2079 5084 in-

503 5089 808 5172 ρξ’(ξθδξῖἱι).¹
828 5089 924 5143 His
954 5089 1242 5172 consulibus
1266 5098 1627 5172 monasterium
1668 5098 1878 5172 Agnone
1910 5116 1940 5151 a
1967 5118 2081 5172 rege

505 5161 845 5238 Sigismundo
873 5170 1234 5238 constructum.
1263 5162 1422 5238 A_tq_ni
1441 5164 1531 5238 his
1562 5161 1869 5238 consulibus
1906 5161 2079 5238 ponti-

503 5229 591 5303 [εἰ
622 5232 805 5286 Romae
822 5232 933 5303 jam
958 5240 1071 5303 erat
1099 5230 1405 5285 Horsmisda
1437 5233 1741 5303 Symmachi
1772 5229 2074 5295 successor.

504 5298 680 5364 Quare
700 5298 1191 5377 non'illoprimum
1218 5316 1355 5353 anno
1379 5298 1657 5377 rev'dictus
1680 5307 2073 5377 Sigismundus,

505 5381 661 5452 quem
695 5372 1000 5452 Symmachi
1033 5382 1186 5452 antea
1211 5372 1542 5452 temporibus
1567 5372 1764 5431 nomen
1811 5378 1911 5435 hoc
1956 5372 2076 5452 ges;

505 5436 648 5511 sisse_
669 5436 838 5511 arguit
868 5441 1107 5511 epistolzr
1131 5436 1426 5507 inscriptio.

578 5503 604 5541 δ
629 5503 837 5564 Librum
866 5503 933 5568 de
953 5510 1150 5567 Christi
1186 5503 1468 5567 Divinitate
1494 5524 1650 5567 vocat
1672 5516 1861 5571 Florus
1888 5519 2068 5574 diaco—

508 5584 638 5652 nus_,
673 5581 1091 5652 quandocunqnc
1133 5581 1413 5650 epistolam
1467 5584 1601 5637 hanc
1650 5587 1777 5640 citat
1819 5590 1871 5642 in
1918 5590 2067 5644 Pauli

508 5641 672 5727 verba
693 5641 757 5727 ad
789 5641 1071 5727 Eomanos,
1101 5641 1316 5727 Galatas
1341 5662 1395 5727 et
1418 5652 1778 5727 Hebrmosrln
1818 5673 1878 5711 ea
1920 5641 2067 5713 enim

520 5710 833 5771 Gundebadi
858 5710 1129 5786 quaestioni
1158 5724 1511 5792 respondens,
1527 5726 1760 5782 ostendit
1786 5710 1839 5781 in
1860 5710 2073 5783 cui-in};

2114 5802 2154 5846 Ἰ

2198 3264 2460 3319 rationem
2492 3267 2570 3320 vel
2601 3266 2773 3334 potius
2806 3265 3197 3328 auctoritatem,
3248 3241 3347 3336 qba
3390 3275 3567 3333 pateat
3614 3265 3774 3319 Deum

2198 3356 2449 3411 habuisse
2480 3356 2531 3410 in
2562 3357 2836 3411 divinitate
2858 3356 3229 3422 substantiam,
3262 3356 3566 3426 priusquam
3593 3372 3771 3411 sume-

2196 3457 2279 3503 ret
2308 3449 2373 3503 de
2406 3450 2768 3504 incarnatione
2797 3458 3070 3517 naturam;
3104 3457 3157 3503 et
3189 3466 3280 3518 per
3306 3452 3404 3502 hoc
3435 3449 3771 3517 perniciosis-

2196 3546 2329 3598 sima
2369 3546 2589 3599 haeresis
2636 3545 2721 3599 illa
2752 3545 3013 3612 vincatur,
3052 3560 3171 3613 ane
3217 3544 3497 3597 Dominum
3533 3553 3771 3597 nostrum

2195 3648 2262 3689 ex
2299 3636 2457 3690 Maria
2489 3638 2715 3706 cmpisse
2745 3636 3095 3699 contendens,
3140 3636 3299 3691 etiam
3351 3636 3512 3691 Deum
3567 3638 3771 3691 Patrem

2198 3730 2248 3785 in
2278 3731 2396 3785 Filii
2425 3733 2796 3787 exsecratione
2824 3731 3181 3799 blasphemat.
3215 3730 3445 3785 Necesse
3476 3742 3559 3786 est
3590 3732 3727 3786 enim
3755 3776 3769 3797 ,

2195 3831 2449 3891 quantum
2481 3823 2545 3876 ad
2574 3823 2713 3887 illos,
2739 3822 3127 3891 imperfectioni
3158 3822 3351 3875 divinm
3374 3821 3573 3890 aliquid
3598 3837 3775 3875 accre-

2196 3914 2359 3979 visse,
2389 3914 2434 3968 si
2459 3915 2622 3968 tantis
2647 3922 2794 3969 retro
2818 3914 3030 3969 saeculis
3076 3914 3192 3969 sine
3222 3913 3329 3967 filio
3362 3928 3607 3978 manens,
3643 3896 3773 3983 pene

2197 4004 2302 4060 iam
2331 4006 2385 4060 in
2413 4007 2640 4061 termino
2666 4006 2844 4061 mundi
2874 4006 3115 4061 labentis.
3156 4020 3277 4059 cum
3318 4004 3483 4060 Maria
3527 4007 3727 4074 prolem
3757 4047 3772 4070 ,

2199 4190 2450 4255 Domino,
2482 4193 2791 4261 priusquam
2821 4193 2982 4247 homo
3011 4196 3185 4261 ﬁeret,
3213 4203 3467 4249 aeternam
3504 4194 3664 4246 fuisse
3693 4194 3774 4246 di-

2197 4261 2493 4321 vinitatem.
2530 4264 2784 4318 adversus
2811 4264 3057 4319 haeresim
3090 4266 3298 4319 illorum
3352 4266 3440 4332 qui
3495 4280 3559 4317 ex
3614 4264 3770 4317 Maria

2196 4332 2426 4403 coepisse
2452 4334 2864 4388 contendebant.
2900 4336 2972 4388 De
3002 4336 3190 4401 quibus
3226 4334 3550 4403 Augustinus
3584 4336 3771 4388 lizeresi

2193 4400 2264 4453 4-4
2295 4420 2306 4454 :
2340 4401 2603 4467 Pontiani,
2632 4406 2821 4473 inquit,
2849 4422 2875 4455 rt
2909 4405 3076 4458 Paulo
3112 4400 3469 4467 Samovdteno,
3517 4402 3770 4458 Christum

2196 4488 2299 4544 non
2330 4489 2525 4544 semper
2549 4475 2706 4543 fuisse
2724 4476 2921 4540 dicunt,
2946 4479 3032 4529 sed
3054 4479 3167 4541 eius
3210 4478 3407 4528 initium
3458 4492 3524 4528 ex
3569 4492 3665 4544 quo
3708 4475 3771 4528 de

2199 4540 2372 4617 Maria
2399 4540 2557 4597 notus
2576 4556 2648 4597 est
2678 4555 3005 4617 asseverant;
3038 4540 3126 4599 nec
3152 4548 3346 4617 aliquid
3377 4540 3596 4611 amplius
3621 4562 3769 4616 quam

2190 4611 2447 4687 hominem
2473 4624 2671 4687 putant.
2702 4614 2813 4668 Ista
2837 4618 3040 4669 ltwresis
3075 4611 3350 4687 aliquando
3381 4611 3652 4686 cujusdam
3680 4618 3771 4668 Ar—

2199 4685 2411 4755 temonis
2471 4686 2608 4753 fuit;
2648 4688 2733 4737 sed
2774 4703 2887 4738 cum
2948 4685 3249 4755 defecisset,
3294 4685 3580 4740 instaurata
3631 4698 3697 4740 est
3738 4704 3771 4737 (ι

2202 4752 2390 4827 Paulo,
2418 4752 2661 4827 el'postea
2686 4758 2758 4809 sic
2786 4774 2815 4808 a
2846 4752 3063 4809 Photino
3092 4760 3391 4827 conﬁrmata
3417 4799 3431 4822 ,
3487 4768 3538 4809 ut
3590 4756 3769 4809 Photi-

2198 4823 2340 4876 m'am'
2364 4841 2513 4889 quam
2547 4825 2790 4898 Paufiani
2819 4828 3063 4898 celebritas
3092 4823 3465 4898 nuncupentur.
3512 4827 3773 4881 Photinia-

2197 4909 2294 4965 nos
2324 4906 2524 4961 autem,
2552 4912 2640 4949 seu
2670 4897 3042 4956 Paulianistas.
3080 4915 3170 4965 per
3197 4903 3309 4951 tunc
3359 4908 3598 4965 tempora
3644 4897 3766 4951 Gal-

2197 4964 2321 5017 liam
2354 4966 2633 5019 infestasse
2668 4967 3169 5021 indicatmmcilimu
3206 4964 3518 5021 Arelatense
3553 4983 3609 5027 ιι,
3652 4982 3765 5035 cap.

2202 5034 2287 5096 16,
2321 5045 2373 5089 et
2397 5035 2599 5088 Sidonii
2629 5038 2850 5103 epistola
2880 5038 2962 5099 12,
2995 5039 3083 5091 lib.
3120 5055 3189 5101 Iv,
3229 5039 3292 5091 ad
3326 5038 3618 5091 Paticntem
3661 5034 3768 5105 epi-

2194 5118 2415 5175 scopum
2447 5106 2879 5174 Lugdunensem.
2912 5108 3065 5162 Unde
3092 5120 3144 5162 et
3189 5110 3373 5162 beatus
3403 5124 3614 5175 quoque
3648 5109 3768 5162 Avi-

2192 5181 2279 5225 tus
2311 5174 2753 5229 Photinianornm
2786 5178 3156 5232 lucreticorum
3201 5174 3561 5233 validissimus
3607 5194 3767 5246 expu-

2190 5247 2382 5311 gnator
2404 5246 2598 5299 dicitur
2622 5247 2688 5300 ab
2721 5248 3023 5313 Agobardo.

2220 5383 2231 5393 _
2265 5324 2287 5354 ε
2324 5316 2599 5393 Diversum
2632 5327 2712 5389 est
2739 5319 2841 5393 hoc
2858 5320 3153 5393 concilium
3188 5320 3416 5393 aprimo
3450 5320 3763 5393 Lugdunen-

2188 5388 2256 5457 s_i_,
2280 5388 2419 5451 quod
2442 5388 2577 5440 inter
2598 5388 2821 5440 concilia
2849 5388 3033 5441 Galliae
3056 5400 3201 5443 tomo
3231 5390 3249 5441 l
3277 5390 3561 5451 edidimus,
3596 5392 3644 5442 iu
3667 5404 3766 5457 quo

2188 5453 2428 5528 discussa
2459 5466 2542 5509 est
2586 5458 2685 5509 sub
2730 5459 3073 5527 Sigismundo
3122 5474 3276 5512 causa
3330 5460 3625 5528 Stephani,
3677 5453 3765 5527 qui

2187 5523 2319 5576 duas
2344 5539 2556 5579 sorores
2588 5523 2831 5582 duxerat.
2870 5528 2980 5582 Iloc
3002 5530 3143 5582 enim
3174 5530 3272 5583 sub
3300 5523 3632 5583 Guudobado
3659 5523 3761 5596 jam

2187 5605 2536 5667 praecesserat
2570 5614 2582 5647 :
2620 5598 2713 5650 sed
2748 5600 2797 5651 in
2831 5614 2893 5651 eo
2918 5600 3043 5667 quid
3073 5608 3248 5653 actum
3272 5601 3343 5653 sit
3366 5599 3761 5661 nescimus,nisi

2186 5664 2325 5742 quod
2359 5680 2418 5718 se
2449 5667 2755 5742 interfuisse
2790 5664 2975 5723 Avitus
3009 5671 3272 5738 significat
3311 5685 3429 5724 cum
3478 5667 3763 5724 Cartbenio

2188 5737 2407 5789 incertm
2442 5737 2583 5792 sedis
2607 5742 2882 5807 episcopo.
