4092 6350
215 379 318 436 245

1547 372 1879 430 EPISTOLA
1921 373 2110 430 XXIX.

3381 377 3484 433 216

214 508 316 552 tum
348 495 437 551 ille
464 495 660 551 habere
685 496 964 561 meceperit
993 491 1365 562 paternitatem
1400 506 1410 539 :
1439 503 1499 542 ac
1537 503 1563 541 a
1589 495 1785 544 semet-
1812 487 1865 546 Δ
1894 500 1940 546 te
1971 502 2241 563 antequam
2272 496 2488 549 mundus
2520 495 2657 564 ﬁeret
2684 494 2861 564 (Joan.
2899 510 3027 559 xvn,
3057 496 3089 548 4
3110 493 3148 563 ).
3192 492 3295 546 Sed
3351 492 3486 547 forte

212 589 337 655 ipsis
366 590 679 642 assertionis
707 601 819 640 suae
847 584 1166 640 necessitate
1181 582 1479 646 constricti,
1511 598 1670 650 quem
1696 600 1792 639 no-

211 683 410 736 minant
434 682 619 744 ﬁlium,
646 683 912 750 denegant
941 679 1128 732 Deum.
1161 677 1414 731 Sentiunt
1439 677 1604 737 enim,
1631 691 1790 736 sanas

207 789 363 827 aures
396 774 534 828 ferre
559 789 660 826 non
699 787 855 842 posse
884 781 940 823 ut
968 778 1092 823 ante
1119 784 1221 822 non
1251 768 1447 821 multos
1489 768 1665 822 adlmc
1694 784 1790 822 an-

207 881 297 920 nos
331 866 474 919 Deus
504 867 732 934 coepisse
777 863 1027 917 credatur
1056 877 1120 915 ex
1155 843 1388 915 homine.
1443 861 1546 915 Sed
1608 862 1787 915 nescio

210 961 257 1012 in
286 974 446 1027 quem
474 957 721 1013 eﬁ'ectutn
756 956 1052 1024 redemptio
1087 964 1268 1008 nostra
1298 956 1567 1017 surrexit,
1602 956 1644 1006 si
1681 970 1785 1006 non

205 1060 464 1106 creatura:
487 1067 596 1106 sure
619 1051 846 1119 pretium
875 1050 1014 1102 Deus
1041 1047 1266 1102 exstitit.
1317 1047 1423 1100 Nec
1471 1045 1613 1100 enim
1647 1046 1788 1099 redi-

210 1160 353 1199 mere
383 1144 544 1199 homo
574 1144 720 1198 solus
751 1144 1022 1198 hominem
1070 1149 1312 1211 poterat;
1347 1151 1433 1194 aut
1478 1141 1564 1209 qui
1599 1143 1648 1194 in
1696 1156 1789 1195 su-

201 1238 384 1308 pernis
413 1246 466 1292 et
495 1237 635 1291 Deus
662 1247 766 1302 est,
791 1236 937 1305 eguit
970 1235 1359 1304 redemptione.
1414 1233 1620 1288 .Inbetis
1665 1248 1791 1302 ergo

202 1343 256 1386 ιιι
281 1332 392 1385 haec
421 1345 538 1400 qua:
567 1331 776 1383 ratione
803 1329 1105 1395 colligimus
1133 1327 1451 1382 auctoritate
1475 1326 1788 1380 doceamus.

199 1423 445 1478 Sufﬁciat
483 1439 609 1493 ergo
660 1423 973 1476 acrimonias
1004 1430 1196 1476 vestra:
1225 1420 1467 1490 paucitas
1514 1420 1790 1489 exemplu-

201 1532 341 1582 rum,
366 1531 486 1585 qua:
513 1526 724 1584 sumpta
754 1513 821 1569 de
863 1514 1103 1581 pluribus
1146 1515 1422 1569 abumlant
1464 1525 1792 1584 cognoscere

197 1612 428 1680 cupienti
457 1628 470 1662 :
501 1618 754 1663 eceteram
783 1609 1140 1662 renitentibus
1171 1609 1366 1662 animis
1409 1617 1461 1662 et
1501 1607 1554 1660 in
1586 1622 1680 1662 sua
1713 1606 1793 1658 iu-

197 1703 518 1757 eredulitate
545 1701 884 1767 durantibus,
931 1702 976 1754 si
1009 1700 1184 1770 aliqua
1227 1716 1333 1754 non
1387 1699 1751 1754 satisfecerint
1778 1744 1791 1766 ,

195 1807 396 1848 cuncta
456 1809 561 1848 non
618 1793 936 1861 proderunt.
996 1792 1184 1846 Esaias
1229 1789 1797 1846 conclamantissimus

1903 595 1955 641 et
1981 588 2080 639 hoc
2111 596 2328 655 putatur
2359 589 2686 656 addendum,
2722 600 2780 657 ut
2809 605 2930 644 eum
2963 589 3123 644 ﬁlimn
3154 588 3483 642 nominatum

1899 677 2266 749 cuiuscunque
2294 682 2526 750 exempli
2555 683 2868 736 auctoritate
2886 683 3189 737 doceamus.
3208 681 3262 735 ln
3281 681 3485 749 psalmo

1899 773 2002 826 ait:
2029 771 2274 825 Dominus
2301 773 2428 826 dixit
2453 774 2519 825 ad
2551 790 2657 834 me;
2679 773 2847 826 Filius
2876 792 3014 828 meus
3041 792 3092 828 es
3116 785 3199 838 tu;
3229 791 3318 843 ego
3337 772 3484 824 hodie

1899 866 2054 935 genui
2080 875 2126 916 te
2149 863 2324 932 (Psal.
2356 881 2412 930 ιι,
2440 864 2511 934 7).
2536 863 2706 918 llodie
2733 864 2815 918 hic
2846 868 3117 919 mternitas
3135 864 3480 935 signiﬁcatur,

1900 979 2018 1034 qua:
2050 964 2280 1019 termino
2303 975 2459 1032 atque
2489 965 2750 1034 principio
2780 966 3002 1033 perinde
3030 977 3176 1020 caret
3219 984 3230 1018 :
3263 967 3346 1020 cui
3380 982 3484 1020 non

1901 1057 2115 1127 pariunt
2137 1058 2370 1112 crastina
2400 1067 2636 1126 tempora
2670 1056 2938 1118 futurum,
2980 1074 3078 1111 nec.
3122 1059 3337 1125 rapiunt
3391 1059 3484 1113 be-

1900 1160 2082 1205 sterna
2111 1159 2460 1204 transactum.
2493 1149 2665 1204 Penes
2695 1166 2790 1204 nos
2816 1165 2962 1218 ergo,
3008 1165 3101 1218 per
3145 1151 3485 1203 tenebrarum

1899 1243 2044 1296 vices
2073 1241 2170 1295 ista
2199 1251 2503 1303 mittamur;
2537 1241 2674 1309 apud
2712 1242 2874 1294 Deum
2908 1257 3068 1306 vero,
3103 1240 3186 1293 cui
3235 1256 3338 1294 nox
3383 1259 3486 1293 non

1899 1346 2002 1399 est,
2035 1350 2250 1404 semper
2280 1333 2438 1388 hodie
2468 1345 2567 1387 est.
2602 1333 2751 1399 Quod
2785 1343 2960 1387 tamen
2993 1333 3032 1387 si
3064 1333 3299 1385 haeretici
3333 1333 3487 1384 aliter

1898 1428 2084 1481 volunt
2113 1424 2447 1494 intelligere,
2497 1434 2680 1480 nostra
2725 1440 2826 1478 non
2879 1423 3061 1477 refert.
3097 1422 3225 1474 Nam
3267 1437 3388 1474 cum
3422 1421 3486 1472 (lu

1900 1519 2017 1573 solo
2050 1519 2268 1572 nomine
2302 1518 2392 1571 lilii
2421 1517 2513 1572 Dei
2541 1531 2784 1586 agamus,
2819 1514 2975 1583 quale
3009 1514 3187 1566 volunt
3222 1513 3372 1565 hodie
3401 1527 3486 1564 ac-

1900 1612 2140 1680 cipiant,
2174 1612 2481 1665 concessuri
2525 1619 2685 1674 sunt,
2745 1619 2801 1662 ιιι
2857 1617 2981 1662 ante
3035 1608 3272 1676 genuerit
3323 1605 3485 1660 lilium

1904 1712 2077 1769 pater,
2108 1720 2266 1772 quam
2305 1715 2476 1756 mater
2509 1703 2758 1756 ediderit.
2791 1704 2948 1756 (Ierte
2987 1702 3067 1756 vel
3109 1701 3363 1755 Salomon
3400 1698 3485 1754 cui

1906 1795 2194 1848 maximam
2227 1795 2278 1847 in
2303 1795 2583 1861 scrip'nris
2610 1794 2880 1847 Veteribus
2903 1794 3277 1846 auctoritatem
3310 1792 3487 1860 singu-

196 1887 612 1956 propbetarum,
667 1884 997 1937 nativitatem
1034 1882 1234 1936 Christi
1275 1883 1476 1950 Spiritu
1523 1880 1796 1935 revelante
1829 1858 1877 1918 Β
1906 1885 2035 1940 laris
2065 1887 2324 1956 sapientia
2361 1858 2510 1944 facit,
2540 1885 2850 1953 planissime
2884 1885 3047 1936 lilium
3091 1885 3142 1936 in
3186 1858 3488 1938 Proverbiis

197 1975 537 2045 prospiciens
572 1993 582 2026 :
622 1973 896 2039 Parvulas,
928 1974 1119 2043 inquit,
1147 1984 1293 2027 natus
1315 1973 1388 2027 est
1417 1973 1562 2026 nobis
1592 2014 1606 2038 ,
1655 1972 1795 2040 filius

194 2071 353 2122 datus
384 2077 454 2121 est
478 2068 659 2129 nobis;
684 2079 733 2120 et
765 2068 1024 2120 vocabitur
1065 2081 1249 2119 nomen
1287 2067 1400 2136 ejus
1441 2065 1790 2127 admirabilis,

192 2160 545 2225 consiliarius,
570 2156 708 2211 Deus
737 2159 906 2228 fortis,
935 2166 1077 2225 pater
1098 2155 1264 2226 futuri
1287 2156 1466 2209 saeculi
1497 2197 1510 2220 ,
1557 2155 1791 2222 princeps

195 2254 344 2323 pacis
373 2251 525 2323 (Isai.
553 2268 627 2317 Ix,
653 2251 729 2320 6).
759 2251 1059 2314 Intuemini,
1090 2264 1295 2319 quaeso,
1346 2247 1495 2304 verbi
1526 2249 1786 2316 vigerent.

196 2345 462 2399 Parvulas
501 2344 657 2398 datus
685 2351 767 2397 est
796 2341 971 2407 nobis,
1009 2341 1150 2397 ﬁlius
1173 2342 1331 2396 datus
1354 2349 1436 2396 est
1460 2339 1636 2397 nobis.
1662 2339 1792 2393 Par-

198 2438 362 2490 vulus
393 2447 548 2491 natus
573 2446 678 2503 est,
704 2445 757 2491 et
789 2436 928 2489 ﬁlius
951 2434 1109 2490 datus
1141 2452 1154 2489 :
1193 2442 1345 2488 natus
1374 2443 1455 2489 est
1487 2432 1641 2486 nobis
1692 2431 1790 2483 lto--

197 2531 366 2584 minis
393 2529 553 2592 ﬁlius,
577 2529 732 2582 datus
759 2536 840 2583 est
865 2528 990 2593 Dei;
1019 2537 1072 2583 et
1114 2527 1390 2582 vocabitur
1442 2525 1580 2580 Deus
1617 2524 1790 2578 fortis.

194 2623 276 2676 Ac
308 2621 355 2675 si
388 2620 612 2686 diceret,
642 2620 782 2675 Deus
809 2629 861 2674 et
885 2619 1068 2687 homo,
1114 2619 1256 2674 Deus
1287 2620 1375 2689 qui
1405 2628 1682 2674 creaverat
1714 2617 1794 2670 vi-

196 2725 338 2779 tam,
373 2715 524 2770 fortis
552 2717 639 2782 qui
671 2715 909 2770 vinceret
937 2722 1186 2770 mortem.
1216 2714 1382 2782 Cujus
1414 2713 1748 2767 divinitatem
1774 2751 1787 2772 ,

193 2807 298 2860 sub
329 2806 511 2861 verbis
534 2806 725 2861 scriba:
757 2822 818 2861 ac
865 2806 1118 2876 discipuli
1164 2806 1245 2860 sui
1288 2806 1548 2876 propheta
1603 2802 1793 2857 [liere-

192 2899 337 2950 mias
369 2896 658 2952 ostendens
689 2900 765 2952 sic
795 2900 869 2954 ait
909 2914 922 2953 :
975 2899 1078 2953 Hic
1121 2910 1192 2954 est
1247 2899 1380 2952 Deus
1432 2905 1648 2950 noster:
1690 2911 1792 2947 non

188 2992 542 3046 testimabitnr
569 2993 699 3046 alius
724 2995 790 3046 ad
825 3010 955 3046 eum.
988 2994 1188 3048 Invenit
1213 3010 1414 3047 onmem
1460 2996 1591 3046 viam
1638 2995 1795 3047 disci-

184 3087 393 3157 plinw:
420 3087 558 3139 dedit
584 3084 744 3138 Jacob
774 3103 930 3157 puero
962 3105 1078 3152 suo,
1115 3098 1161 3140 et
1212 3087 1374 3141 Israel
1421 3088 1604 3142 dilecto
1658 3102 1795 3148 suo;

182 3194 234 3237 et
259 3191 384 3252 post
413 3183 518 3235 ha’c
541 3184 592 3234 in
617 3192 752 3234 terra
779 3184 909 3235 visus
933 3193 1025 3246 est,
1054 3194 1099 3234 et
1125 3185 1250 3237 inter
1271 3185 1497 3237 homines
1519 3180 1790 3238 conversa-

195 3285 282 3328 tus
314 3273 574 3346 (Baruch.
604 3287 682 3337 ιιι,
713 3271 827 3342 56).
856 3273 1006 3340 Quod
1031 3273 1075 3326 si
1107 3282 1188 3327 est
1230 3273 1384 3337 forte,
1415 3275 1498 3328 cui
1533 3274 1644 3328 hanc
1675 3289 1794 3343 qua:

189 3367 259 3422 de
294 3365 539 3433 antiquis
567 3365 832 3434 ponimus,
855 3365 1083 3419 obscura
1098 3365 1397 3430 videantur,
1415 3365 1551 3435 legat
1577 3378 1794 3436 aposto-

188 3459 301 3512 lum
339 3456 568 3512 Paulum
599 3499 611 3519 ,
649 3456 736 3524 qui
769 3472 888 3510 eum
940 3472 1230 3526 corporeus
1283 3468 1529 3528 parentes
1584 3457 1794 3514 Domini

187 3557 671 3613 commemoraret,
707 3549 933 3615 Quorum
961 3559 1151 3619 patres,
1180 3551 1372 3620 inquit,
1416 3560 1461 3603 et
1507 3568 1568 3605 ex
1611 3551 1792 3620 quibus

190 3642 440 3697 Christus
468 3642 749 3695 secundum
778 3657 1004 3705 carnem,
1029 3645 1113 3711 qui
1134 3652 1205 3695 est
1239 3659 1392 3712 super
1432 3645 1604 3697 omnia
1653 3644 1790 3698 Deus

189 3738 494 3790 benedictus
523 3735 576 3788 in
603 3735 788 3789 uacula
820 3733 996 3804 (Rom.
1043 3750 1116 3799 tx,
1156 3735 1234 3804 5).
1276 3735 1409 3790 Nam
1461 3747 1515 3792 et
1554 3737 1789 3791 Thomas

192 3817 648 3898 apostolus,cum
679 3829 729 3880 in
770 3827 1072 3883 resuscitati
1114 3827 1422 3884 mediatoris
1457 3845 1683 3899 corpore
1727 3833 1788 3886 ﬁ-

190 3935 358 3976 xuras
386 3922 682 3982 clavorum,
717 3917 949 3973 hiulcum
977 3920 1310 3987 tranSpuneti
1343 3921 1524 3976 lateris
1550 3923 1785 3993 signum,

191 4012 365 4083 digito
399 4020 643 4066 tentante
675 4011 965 4081 palpasset,
999 4013 1213 4065 virtutis
1245 4013 1610 4080 experimenta
1652 4017 1790 4070 inter

192 4103 536 4158 inﬁrmitatis
568 4103 761 4156 indicia
792 4101 1064 4170 colligens,
1087 4103 1165 4156 sic
1198 4103 1483 4167 clamavit;
1537 4103 1789 4158 Dominus

193 4212 360 4262 meus,
394 4205 450 4249 et
479 4194 612 4248 Deus
638 4209 779 4246 meus
807 4192 988 4262 (Joan.
1015 4208 1110 4255 xx,
1129 4191 1244 4261 28).
1269 4192 1405 4248 Ecce
1428 4194 1619 4264 quibus
1646 4198 1793 4250 testi-

192 4288 422 4355 moniis,
460 4286 626 4340 velint
667 4285 874 4352 nolint,
918 4284 1153 4338 haeretici
1211 4284 1348 4352 ipsi,
1392 4284 1696 4340 indecorum
1743 4288 1792 4340 in

194 4381 514 4449 perditione
539 4377 814 4444 conﬁnes,
853 4379 921 4430 de
968 4376 1088 4430 Filii
1128 4375 1409 4432 divinitate
1463 4377 1792 4433 vincuntur:

193 4487 437 4542 quorum
469 4471 631 4525 verbo
654 4470 842 4524 credas
882 4467 1095 4523 Judteos
1131 4471 1182 4522 in
1235 4469 1529 4539 Evangelio
1573 4471 1794 4526 Joannis

196 4564 500 4620 Dominum
541 4562 857 4618 discussisse
887 4560 1126 4617 dicentes
1173 4580 1186 4616 :
1239 4565 1589 4634 Quadraginta
1631 4583 1795 4619 annos

192 4661 436 4713 nondum
465 4659 636 4721 habes,
671 4666 718 4709 et
744 4656 1002 4709 Abraham
1025 4657 1196 4709 vidisti
1248 4656 1423 4724 (Joan.
1476 4675 1565 4712 vm
1593 4700 1605 4722 ,
1656 4660 1723 4714 57

193 4751 383 4806 Atille
416 4751 590 4819 inquit
632 4765 643 4800 :
694 4749 852 4801 Amen
879 4748 993 4800 dico
1039 4749 1196 4813 vobis,
1249 4758 1366 4802 ante
1409 4751 1668 4804 Abraham
1709 4769 1799 4822 ego

192 4858 309 4896 sum
345 4841 546 4911 (Ibid.,
579 4841 693 4908 58).
719 4840 809 4894 Est
842 4839 957 4905 hic,
1006 4855 1157 4909 rogo,
1203 4840 1343 4910 quod
1395 4841 1684 4896 obscurare
1716 4844 1799 4896 vel

195 4934 397 4988 volens
450 4934 647 5000 queat?
673 4931 808 4999 Quid
841 4947 985 4986 nunc
1028 4941 1224 4999 restat,
1261 4932 1359 4985 nisi
1401 4941 1455 4984 ut
1498 4933 1584 5001 qui
1616 4933 1799 4988 senior

193 5025 264 5080 ab
286 5023 574 5082 Abraham
594 5024 957 5093 cognoscitur,
985 5023 1167 5091 junior
1202 5024 1281 5078 vel
1318 5023 1516 5078 mundo
1557 5025 1802 5079 dicatur?

197 5119 268 5172 Et
298 5119 478 5185 istud,
511 5116 803 5186 quamlibet
829 5115 1225 5170 contentiosutn
1253 5117 1353 5182 sit,
1405 5118 1546 5172 vinci
1580 5126 1800 5186 potest,

185 5211 315 5281 ipso
339 5211 582 5265 Domino
613 5207 749 5263 inter
777 5207 1049 5279 passionis
1072 5209 1431 5263 contumelias
1462 5210 1800 5276 proclaman-

196 5315 249 5360 te
283 5322 298 5358 :
334 5303 526 5370 Pater,
559 5301 789 5370 clari/ica
812 5317 889 5354 me
911 5315 966 5355 ea
994 5299 1224 5353 claritate
1267 5315 1419 5368 quam
1467 5300 1620 5354 habui
1666 5305 1806 5369 apud

271 5524 298 5550 τι
343 5511 645 5578 Utriusque
681 5505 918 5578 epistola:
959 5501 1280 5578 eadcm‘fuit
1321 5504 1551 5578 occasio.
1584 5514 1803 5578 aposto-

197 5589 298 5642 lica
335 5573 622 5644 nimirum,
659 5573 821 5634 id'est
851 5576 991 5631 beati
1037 5573 1180 5628 Petri
1228 5573 1512 5636 festivitas,
1545 5590 1664 5642 qua:
1693 5574 1802 5628 Ge-

195 5671 355 5711 nava:
405 5667 589 5707 annuo
637 5650 780 5703 cultu
828 5647 1217 5702 celebrabatur.
1269 5645 1599 5700 Geuavensis
1652 5646 1796 5698 enim

195 5707 460 5781 ecclesia:
480 5721 642 5775 tutela
668 5730 723 5773 et
744 5731 997 5786 patronus
1017 5716 1200 5769 beatus
1226 5716 1440 5776 Petrus;
1468 5727 1520 5768 et
1542 5716 1797 5774 Genava).
1815 5707 1839 5735 ⁴

193 5802 425 5864 "pirum,
455 5795 626 5846 divisi»
674 5807 793 5843 cum
829 5800 973 5857 patre
1004 5804 1187 5864 regno,
1219 5786 1802 5864 l;t_retn_li_xerat_Sigis-

194 5855 452 5926 ttiltttdtts
494 5883 504 5915 ι
544 5865 680 5922 quod
714 5876 765 5917 et
807 5855 870 5916 tle
912 5855 1216 5926 (lodegisi‘lo
1253 5855 1568 5916 Gundebadi
1609 5855 1798 5923 fratre,

1826 4617 1882 4677 Ι)

1905 1990 1957 2033 et
1988 1980 2315 2033 lucidissime
2353 1979 2590 2032 nominat
2621 1978 2807 2031 dicens
2834 1998 2843 2029 :
2877 1978 3000 2044 Quis
3030 1978 3287 2047 colligavit
3331 1993 3488 2045 aquas

1901 2074 2052 2142 quasi
2082 2073 2132 2124 in
2155 2072 2442 2124 vestimento
2459 2071 2481 2123 ?
2499 2072 2612 2132 quis
2635 2071 2896 2123 suscitavit
2920 2086 3092 2122 omnes
3115 2070 3355 2123 terminos
3389 2078 3490 2121 ter-

1901 2182 1972 2219 ra:
1994 2167 2018 2218 .9
2040 2165 2178 2234 quod
2204 2181 2382 2216 nomen
2407 2167 2541 2235 ejus,
2575 2173 2620 2214 et
2647 2163 2782 2229 quod
2806 2178 2988 2214 nontcn
3021 2161 3115 2228 ﬁlii
3145 2162 3276 2228 ejus,
3315 2161 3358 2213 si
3397 2176 3490 2211 no-

1899 2256 2184 2322 stilProv.
2241 2273 2382 2322 xxx,
2419 2255 2514 2324 4)?
2575 2255 2648 2307 De
2704 2252 2986 2322 pt‘arleritis
3042 2251 3138 2303 ista
3199 2248 3486 2303 sufﬁciant.

1901 2351 2189 2419 Apostolus
2238 2358 2414 2402 autem
2470 2347 2599 2401 dicit
2656 2363 2668 2400 :
2727 2346 3004 2411 Postquam
3051 2344 3183 2398 venit
3227 2343 3490 2412 plenitudo

1902 2453 2206 2513 temporum,
2235 2443 2369 2494 misit
2396 2441 2532 2493 Deus
2553 2439 2746 2491 Filium
2765 2455 2912 2491 suum
2946 2436 3087 2507 (Gal.
3116 2453 3187 2499 tv,
3210 2437 3286 2505 4).
3307 2435 3489 2490 Enim-

1905 2550 2034 2589 vero
2059 2535 2146 2603 qui
2174 2533 2422 2594 mittitur,
2467 2540 2584 2585 crat
2609 2543 2894 2600 antequam
2935 2532 3253 2583 mitteretur.
3301 2530 3399 2595 Qui
3447 2528 3490 2582 si

1904 2619 2032 2682 ante
2063 2627 2278 2679 Mariam
2315 2640 2418 2678 non
2455 2623 2660 2686 luisset,
2688 2623 2828 2676 hunc
2871 2621 3098 2676 similem
3125 2622 3333 2674 caeteris
3363 2620 3489 2673 adn-

1907 2723 2014 2792 ptio
2039 2722 2238 2774 fecerat
2269 2719 2358 2771 Dei
2390 2718 2603 2784 Filium,
2639 2733 2743 2769 non
2775 2726 2982 2782 natura.
3018 2713 3124 2767 Nec
3153 2714 3206 2767 in
3245 2713 3490 2783 Evange-

1903 2817 1988 2870 liis
2018 2818 2130 2885 ipse
2163 2815 2387 2867 dixisset
2420 2831 2429 2865 :
2463 2810 2687 2866 Tantum
2718 2811 2859 2865 Deus
2897 2811 3076 2863 dilexit
3115 2810 3392 2873 mundum,
3439 2819 3491 2862 ut

1907 2907 2105 2962 Filium
2127 2923 2274 2960 suum
2307 2908 2512 2958 unicum
2543 2906 2683 2956 daret
2705 2902 2884 2970 (Joan.
2920 2916 3040 2968 xm,
3075 2900 3186 2969 16).
3224 2899 3337 2952 Non
3382 2899 3492 2953 ele-

1904 3009 2047 3054 ctum
2071 3014 2197 3068 ergo
2227 2998 2418 3065 abipsa
2446 2995 2697 3050 inellabili
2723 2993 3069 3064 paternitate,
3102 2991 3194 3046 sed
3218 2993 3489 3060 genitum:

1904 3093 1987 3147 cui
2017 3102 2123 3145 tam
2160 3091 2268 3144 Deo
2290 3103 2450 3155 quam
2499 3087 2700 3141 homini
2731 3101 2894 3152 vero,
2940 3086 2991 3139 in
3037 3095 3262 3153 utraque
3304 3093 3491 3138 natura

1884 3183 2136 3259 ﬁdeliter
2161 3180 2396 3251 proprio,
2430 3179 2482 3233 in
2516 3179 2796 3232 divinitate
2829 3179 3092 3232 mansisse
3121 3175 3188 3230 de
3211 3176 3368 3230 Patre
3393 3216 3407 3239 ,
3439 3176 3494 3230 in

1909 3291 2137 3346 corpore
2160 3275 2393 3344 coepisse
2422 3272 2489 3326 de.
2521 3284 2690 3326 matre
2716 3280 2819 3326 est.
2848 3271 2971 3324 l-larc
2999 3286 3148 3338 ergo,
3181 3271 3300 3338 quia
3331 3269 3492 3337 jussi-

1907 3370 2028 3434 stis,
2061 3369 2301 3436 quaedam
2349 3363 2720 3434 responsionis
2761 3372 2964 3417 nosme
3001 3361 3233 3414 indicula
3261 3401 3276 3426 ,
3321 3369 3373 3411 et
3425 3359 3493 3412 ad
3577 3412 3582 3418 ,

1903 3459 2270 3518 elucidandam
2308 3457 2592 3512 veritatem
2626 3470 2791 3525 pauca
2825 3453 3255 3508 testimoniorum
3287 3451 3494 3502 semina

1907 3556 2180 3613 transmisi
2209 3572 2222 3610 :
2255 3568 2374 3622 quae
2406 3550 2573 3620 possit
2607 3547 2824 3619 quidem
2859 3544 3151 3599 acrimonia
3201 3551 3374 3597 vestra
3409 3540 3494 3595 vel

1899 3648 2279 3721 eloquentiain
2304 3647 2509 3716 frugem
2540 3644 2731 3698 salutis
2746 3640 2960 3695 Christo
2987 3639 3240 3710 irrigante
3264 3638 3493 3690 nutrire.

1899 3742 2004 3798 Sed
2038 3742 2083 3796 si
2113 3740 2181 3794 sit
2210 3739 2489 3807 quisquam
2515 3734 2580 3790 de
2606 3733 2688 3788 his
2714 3742 2898 3787 contra
2929 3744 3065 3800 quos
3091 3729 3490 3799 agimus,quem

1899 3835 1982 3889 bis
2013 3841 2192 3888 vestro
2216 3827 2422 3900 judicio
2476 3827 2540 3880 ad
2598 3834 2766 3879 totum
2822 3821 3168 3889 restiondisse
3219 3821 3488 3886 credatis,

1900 3927 2026 3979 licet
2073 3923 2180 3977 sint
2219 3918 2612 3989 vigilantissimi
2669 3917 2721 3970 in
2774 3913 3039 3969 catholica
3091 3922 3144 3966 et
3199 3911 3494 3967 ﬁdelissimi

1902 4026 2250 4076 tractatores;
2279 4011 2426 4065 dabit
2452 4020 2629 4064 tamen
2657 4009 2889 4072 Deus,ut
2920 4020 3020 4073 ego
3047 4019 3259 4074 quoque
3290 4004 3489 4072 possim

1899 4106 2052 4161 vobis
2082 4115 2136 4158 et
2161 4100 2599 4157 numerosiorum
2633 4097 3000 4166 exemplorum
3058 4109 3339 4148 numerum
3370 4135 3384 4156 ,
3441 4101 3495 4144 et

1902 4199 2165 4252 rationem
2199 4210 2316 4262 qua:
2348 4190 2664 4252 satisfaciat,
2715 4195 3037 4257 praesumpta
3075 4184 3342 4239 scribendi
3396 4198 3495 4237 vo-

1903 4290 2117 4344 catione
2146 4299 2452 4354 suggerere.

2417 4371 2744 4428 EPISTOLA
2785 4367 2978 4424 XXIX.

1959 4488 2146 4530 Ανιτυε
2186 4483 2492 4525 VIENNENSIS
2533 4480 2806 4520 EPISCOPUS
2848 4472 2871 4499 ⁸
2909 4474 3086 4517 DOINO
3121 4470 3450 4514 SIGISIIUNDO.

1980 4565 2139 4622 Omni
2185 4562 2402 4634 quidem
2447 4562 2567 4612 vita:
2614 4572 2746 4612 mea:
2793 4564 3032 4626 tempore
3076 4550 3372 4605 debitorem
3419 4567 3502 4605 me

1914 4659 2194 4716 asserendi
2225 4655 2513 4712 famulatus
2559 4665 2821 4721 agnosco;
2852 4647 2946 4701 sed
2978 4645 3274 4716 impensius
3304 4645 3504 4701 festivi-

1913 4763 2023 4808 tate
2056 4740 2469 4823 prtesenti,q'u:e
2503 4740 2916 4798 sollicitudinem
2935 4745 3169 4792 vestram
3199 4752 3304 4791 non
3331 4738 3506 4790 minus

1913 4842 2266 4916 explorandis
2314 4837 2690 4893 haereticorum
2741 4828 3043 4896 conatibus,
3101 4844 3257 4897 quam
3308 4839 3504 4883 ltOSlrzc

1914 4939 2355 5009 partisoecupat
2399 4928 2632 4984 cultibus
2679 4920 3038 4980 celebrandis.
3091 4921 3363 4990 Siquidem
3413 4937 3504 4987 per

1916 5045 2149 5087 annuum
2189 5025 2456 5096 quoddam
2504 5020 2808 5088 contagium
2851 5014 3189 5085 congregatis
3241 5013 3496 5072 adversis,

1917 5133 2124 5178 attento
2157 5119 2309 5173 Vobis
2342 5115 2522 5169 labore
2565 5109 2858 5166 curandum
2898 5115 3000 5172 est,
3031 5123 3096 5160 ne
3136 5105 3324 5158 alienae
3357 5102 3506 5156 calli-

1918 5213 2103 5269 ditatis
2131 5208 2318 5265 lraude
2345 5205 2592 5275 pullulet,
2610 5201 2752 5272 quod
2778 5202 2830 5255 in
2856 5199 2949 5254 Dei
2967 5197 3184 5253 nomine
3204 5197 3312 5261 jam
3331 5202 3504 5246 vestra

1920 5304 2145 5360 victoria
2179 5297 2492 5355 celebrabili
2522 5306 2719 5350 Virtute
2758 5291 3007 5354 succidit,
3038 5286 3330 5359 quamlibet
3355 5282 3507 5335 Clu-i-

1917 5521 2041 5558 cum
2086 5519 2190 5559 una
2222 5511 2530 5571 regnarent,
2561 5499 2749 5554 scribit
2782 5499 2836 5552 in
2870 5489 3158 5571 Epiphanii
3185 5487 3287 5571 vita
3322 5485 3506 5571 Enno-

1917 5557 2056 5629 dius.
2095 5557 2379 5630 VGrenVav‘am
2430 5557 2539 5626 tum
2585 5585 2714 5637 ergo
2756 5557 3505 5639 promise—tteadventantibus

1919 5649 2081 5700 etiam
2119 5645 2406 5706 ltazretiris,
2449 5643 2624 5696 locum
2649 5631 2972 5706 Vltabuerunt
3019 5631 3110 5684 illa
3161 5646 3287 5706 ante
3329 5631 3506 5706 priore

1918 5717 2068 5782 epiw
2097 5719 2139 5769 la
2173 5700 2540 5782 continentur,
2571 5712 2636 5782 in_
2655 5722 2757 5774 qua
2791 5708 2922 5758 duas
2951 5702 3210 5769 Itazreses,
3239 5702 3292 5756 ni
3328 5700 3497 5755 fallor.

1919 5778 2050 5842 dicit
2080 5789 2329 5842 Arianam
2351 5793 2403 5837 et
2429 5778 2819 5836 Pbotinianam.
