4092 6350
591 445 694 500 ξιτ

1830 443 1883 493 S.
1930 444 1967 494 Α
1983 436 2115 495 Vl'l‘l
2156 443 2552 504 VLENNENSIS

3729 449 3840 506 ‘248

598 570 679 614 sto
719 558 946 627 propitio
989 551 1339 624 pl‘tL‘SCllllbUS
1392 555 1539 607 vobis
1586 554 1813 605 obsistat
1849 552 1995 623 [alia
2025 555 2169 609 lectio
2203 560 2254 618 Α
2279 564 2467 617 sentiae
2512 572 2700 617 vestrm
2727 561 2907 617 delicti
2950 577 3051 617 ouo
3084 576 3277 632 arguor
3306 559 3678 616 emendatione
3706 560 3847 611 tran-

594 646 857 717 absistat].
892 648 1022 701 Hinc
1054 647 1141 700 illa
1173 646 1531 700 sollicitudine
1563 647 1819 714 pressior,
1853 645 2172 714 constipatio

594 739 940 802 Genavensis,
979 753 1097 806 qua:
1138 738 1191 791 in
1240 753 1387 793 more
1427 739 1647 806 originis
1688 741 1896 807 primm,
1934 738 2175 793 virilibus

593 835 784 888 animis
816 833 962 885 virus
990 833 1239 903 anguium
1287 833 1446 887 sibilo
1477 830 1691 885 feminei
1732 831 1997 885 sermonis
2034 835 2178 886 inso-

592 924 723 976 nuit.
750 922 901 977 Unde
924 923 1077 989 illud,
1106 924 1150 977 si
1180 938 1415 989 mereor,
1443 924 1833 992 quamprimum
1863 922 2002 977 scire
2034 923 2175 977 desi-

590 1015 741 1080 ilcro,
798 1022 975 1067 utrum
1028 1029 1148 1068 cum
1196 1014 1394 1068 damno
1443 1012 1741 1067 clementia:
1786 1024 1983 1067 vestra:
2028 1022 2178 1081 patre

593 1106 794 1159 mentio
843 1106 987 1158 illius
1036 1103 1391 1159 ordinationis
1432 1102 1709 1169 acciderit,
1752 1119 1870 1173 qua:
1919 1105 2177 1157 bonorum

593 1206 799 1263 pestem
831 1196 898 1251 ab
922 1195 1270 1251 infernalibus
1301 1196 1521 1250 latebris
1551 1197 1857 1263 excitatam,
1890 1195 2179 1250 catholicis

596 1288 911 1357 Arianisque
953 1288 1281 1342 certantibus
1329 1288 1622 1342 intromisit
1657 1306 1668 1339 :
1709 1288 1793 1341 vel
1837 1287 1881 1340 si
1935 1295 2181 1341 servatur

596 1381 769 1435 adhuc
794 1382 1145 1445 credulitatis,
1161 1383 1267 1436 imo
1289 1381 1646 1435 simulationis
1665 1380 1805 1435 illius
1825 1380 2004 1444 dolus,
2021 1394 2180 1448 quem

598 1488 703 1524 non
726 1472 1043 1541 impressum
1074 1474 1287 1539 animis,
1322 1474 1414 1526 sed
1443 1472 1703 1527 chartulis
1730 1482 2179 1539 exaratum,pau-

601 1567 744 1619 latim
775 1566 829 1620 in
867 1568 1084 1635 antiqua
1125 1568 1205 1621 sui
1244 1566 1508 1637 dogmatis
1544 1575 1570 1602 ⁸
1608 1564 1925 1621 crudelitate
1965 1568 2183 1617 revocat

598 1662 829 1715 litterata
860 1660 1162 1730 promissio.
1195 1661 1324 1729 Quae
1351 1670 1497 1715 certe
1522 1660 1563 1714 si
1595 1658 1790 1724 adhuc,
1826 1665 1885 1710 ut
1923 1663 2180 1722 coeperat,

600 1756 843 1809 societati
885 1756 1095 1810 Arianae
1137 1755 1512 1810 communione
1557 1749 1797 1806 immixta
1848 1756 1962 1815 est,
2015 1748 2183 1801 claret

598 1846 883 1913 gloriosior
913 1846 1011 1901 sub
1052 1846 1349 1916 principatu
1389 1854 1570 1899 vestro
1611 1850 1794 1896 noster
1840 1837 2176 1906 triumphus;

2278 652 2500 708 davero.

2787 742 3117 800 EPISTULA
3157 744 3349 798 XXXI.

2280 850 2467 890 avrrus
2506 849 2808 890 \‘lENNENSIS
2848 829 3126 889 setscoros
3167 844 3191 870 ι
3232 848 3431 889 nosro
3468 849 3537 890 ετ
3577 848 3859 891 εῖιηιλοιιυ

2790 920 3141 960 SENATORIBUS
3182 920 3349 959 UBBIS.

2355 1022 2587 1076 Primum
2613 1018 2782 1076 fuerat
2811 1022 2927 1076 talis
2960 1030 3128 1075 status
3158 1037 3333 1076 rerum
3365 1023 3775 1083 desiderandus,
3800 1031 3857 1075 ut

2282 1113 2381 1180 ipsi
2408 1126 2500 1179 per
2522 1126 2616 1165 nos
2635 1110 2831 1166 Urbem
2856 1110 2973 1164 orbi
2997 1111 3352 1165 venerabilem
3380 1128 3475 1181 pro
3497 1113 3861 1182 dependentlis

2282 1202 2477 1255 divinis
2515 1202 2864 1270 humanisque
2903 1209 3275 1269 expeteremus
3318 1201 3527 1256 officiis.
3582 1203 3683 1257 Sed
3736 1204 3859 1270 quia

2284 1292 2424 1345 istud
2444 1292 2553 1360 jam
2580 1291 2776 1345 dudum
2809 1308 2901 1361 per
2934 1293 3194 1347 rationem
3225 1300 3523 1362 temporum
3560 1292 3669 1345 ﬁeri
3702 1309 3858 1360 posse

2284 1384 2535 1448 cessavit,
2568 1382 2795 1437 velimus
2820 1383 2962 1452 quod
3002 1382 3273 1439 fatendum
3305 1394 3405 1448 est,
3450 1384 3533 1438 vel
3561 1400 3625 1438 eo
3654 1386 3858 1439 securi-

2285 1475 2409 1530 tatis
2434 1475 2712 1539 accedere,
2746 1484 2801 1529 ut
2831 1491 2962 1546 .quae
2998 1475 3050 1529 in
3081 1490 3240 1530 causa
3267 1477 3535 1531 communi
3575 1476 3857 1543 supplicari

2284 1575 2515 1633 oportet,
2546 1567 2840 1635 amplitudo
2878 1575 3054 1621 vestra
3081 1576 3521 1639 congregatorum
3556 1565 3743 1622 Gallice
3778 1583 3855 1621 sa~

2284 1658 2561 1713 cerdotum
2604 1659 2860 1713 relatione
2886 1666 3251 1728 cognosceret.
3283 1658 3391 1715 Sed
3420 1658 3672 1729 quoniam
3703 1658 3858 1728 hujus

2286 1764 2496 1821 quoque
2524 1765 2620 1804 nos
2646 1751 2752 1804 voti
2802 1766 2904 1804 non
2935 1761 3084 1819 potes
3114 1750 3290 1806 reddit
3327 1753 3599 1821 provincia
3630 1752 3861 1821 przefuis

2285 1857 2573 1911 regnorum
2602 1841 2958 1897 determinata
2978 1843 3276 1900 limitibus:
3307 1847 3701 1915 quamprimum
3733 1860 3857 1916 sup-

599 1951 719 1989 cum
746 1936 951 1991 duabus
984 1936 1276 1992 hzcresibus
1308 1936 1359 1990 in
1392 1951 1554 1990 unum
1581 1934 1835 2000 redactis,
1862 1941 1968 1985 tam
1996 1929 2177 2000 acqui-
2206 1921 2256 1981 Β
2282 1932 2407 2001 plici
2438 1948 2594 2001 prece
2633 1948 2818 2001 posco,
2857 1949 2925 1990 ne
2952 1934 3308 1991 celeberrimo
3349 1938 3523 1992 ordini
3555 1948 3735 1995 vestro
3768 1953 3857 2007 pa-

600 2027 838 2083 rentibus
868 2043 1026 2096 quam
1056 2029 1498 2082 convincentibus
1529 2026 1699 2088 vobis,
1727 2034 1779 2079 et
1809 2022 2179 2078 schismatico-

599 2136 716 2174 rum
766 2136 1022 2176 numerus
1063 2120 1325 2176 decrescit
1366 2130 1419 2173 et
1464 2118 1832 2174 schismatum.
1874 2116 2009 2170 liinc
2053 2127 2180 2184 ergo

599 2213 873 2267 servitium
912 2213 1239 2267 curiositatis
1277 2228 1410 2266 mea:
1439 2210 1720 2281 dignanter
1759 2207 2001 2277 aspicite,
2034 2218 2087 2261 et
2113 2206 2181 2260 de

602 2306 886 2374 peculiaris
914 2306 1121 2375 patroni
1162 2303 1326 2359 vestri
1363 2302 1589 2372 apostoli
1620 2301 1769 2356 testis
1798 2299 2180 2369 exspectationi

601 2408 797 2453 nostrae
822 2398 1193 2468 prosperitatis
1215 2405 1269 2451 ct
1289 2393 1717 2465 compellationis
1742 2402 1935 2447 vestras
1961 2406 2179 2447 munera

602 2491 887 2561 duplicate.
1336 2476 1337 2479 ‘

1125 2576 1456 2633 EPISTOLA
1495 2575 1662 2630 XXX.

673 2686 862 2727 AVITUS
901 2684 1207 2726 VIENNENSIS
1248 2683 1527 2723 EPISCOPUS
1569 2681 1741 2720 υΟΜΝΟ
1780 2680 2107 2720 ειῦιεκυκοο.

670 2762 852 2833 Nuper
889 2778 1009 2817 cum
1048 2761 1479 2839 ofﬁcia'culmini
1528 2769 1708 2814 vestro
1751 2772 1962 2827 semper
2007 2756 2182 2813 debita

601 2870 700 2925 pro
746 2855 1053 2924 apostolica:
1098 2853 1402 2908 festivitatis
1452 2851 1839 2905 consuetudine
1886 2849 2179 2915 destinavi,

602 2964 709 3003 non
763 2948 939 3002 minus
980 2946 1233 3001 civilitate
1278 2947 1549 3015 pretioso,
1598 2960 1753 3013 quam
1796 2943 2183 2999 declamatione

601 3044 893 3111 conSpicuo
937 3057 1184 3096 sermone
1224 3040 1452 3105 dixistis,
1495 3040 1692 3095 idcirco
1723 3055 1817 3093 vos
1852 3040 2051 3095 tardius
2088 3038 2184 3094 de-

603 3133 748 3186 disse
797 3134 1135 3203 rescriptum,
1174 3140 1231 3184 ut
1280 3132 1555 3185 humilitas
1598 3130 1680 3185 sui
1732 3130 1942 3185 conscia
1988 3144 2105 3198 quze
2153 3144 2182 3182 a

2284 2024 2403 2091 gina
2433 2024 2548 2079 haec
2579 2024 2795 2091 aliquod
2826 2035 3039 2081 moveat
3068 2028 3220 2095 quasi
3250 2028 3315 2082 ab
3346 2043 3452 2083 uno
3480 2029 3676 2084 dictata
3706 2031 3857 2085 fasti-

2284 2114 2429 2169 dium
2474 2133 2487 2168 :
2533 2116 2784 2183 quoniam
2815 2131 2844 2170 a
2872 2118 3078 2173 cunctis
3106 2117 3396 2175 Gallicanis
3420 2119 3675 2177 fratribus
3702 2122 3855 2189 meis,

2284 2205 2348 2260 ad
2382 2205 2482 2260 hoc
2506 2206 2677 2276 ipsum
2710 2221 2815 2260 non
2841 2208 3019 2263 minus
3048 2222 3144 2278 per
3171 2210 3441 2278 mandata,
3471 2227 3629 2282 quam
3661 2214 3850 2283 perlit-

2286 2306 2426 2352 teras
2447 2308 2719 2362 oneratur,
2744 2313 3078 2370 quaecunque
3114 2316 3143 2354 a
3175 2302 3326 2357 vobis
3354 2316 3542 2359 omnes
3568 2304 3854 2373 ambimus,

2284 2404 2419 2445 unus
2459 2389 2791 2461 suggerenda
2836 2393 3069 2462 suscepi.
3122 2393 3255 2448 Dum
3295 2394 3362 2449 de
3401 2409 3558 2450 causa
3607 2396 3856 2453 Romana:

2288 2483 2543 2539 Ecclesia:
2572 2485 2863 2539 anxianimi
2908 2500 2970 2541 ac
3012 2487 3205 2557 trepidi
3235 2503 3496 2555 essemus,
3530 2497 3587 2544 ut
3614 2501 3735 2558 pote
3762 2509 3855 2546 ηας

2288 2585 2399 2630 tare
2431 2584 2627 2630 statum
2657 2585 2899 2632 nostrum
2942 2578 2994 2632 in
3028 2579 3274 2634 lacessito
3300 2582 3499 2635 vertice
3524 2585 3816 2639 sentientes
3842 2602 3855 2637 :

2286 2682 2418 2735 quos
2439 2680 2626 2722 omnes
2655 2683 2759 2722 una
2786 2670 3087 2725 criminatio
3110 2671 3289 2740 utique
3315 2671 3430 2726 sine
3458 2673 3653 2728 invidia
3683 2675 3855 2728 multi-

2288 2759 2485 2814 tudinis
2527 2769 2884 2829 percusserat,
2934 2761 2977 2815 si
3018 2769 3215 2816 statum
3258 2764 3509 2833 principis
3544 2764 3854 2819 obruisset:

2288 2852 2489 2921 perlata
2525 2861 2607 2908 est
2637 2853 2977 2909 sollicitudini
3008 2862 3206 2910 nostra:
3233 2854 3300 2909 ab
3327 2855 3469 2910 Italia
3506 2856 3558 2910 in
3590 2858 3858 2924 exenipla-

2286 2946 2434 3001 ribus
2468 2945 2494 2984 ι)
2524 2946 2873 3005 sacerdotalis
2920 2946 3090 3002 forma
3138 2947 3362 3013 decreti,
3408 2963 3566 3019 quam
3612 2949 3679 3004 de
3725 2963 3858 3018 papa

2258 3112 2263 3119 ι
2287 3037 2609 3108 Symmacho
2637 3040 2776 3106 apud
2807 3037 3001 3093 Urbem
3032 3037 3241 3119 collecti
3274 3038 3435 3093 Italiae
3463 3039 3724 3093 antistites
3749 3040 3857 3093 edi-

603 3224 874 3279 scribendi
901 3224 1117 3278 audacia
1138 3223 1257 3292 jure
1287 3232 1568 3293 temperat,
1601 3237 1666 3278 eo
1696 3221 1895 3277 diutius
1918 3221 2207 3276 ariditatis-

604 3318 859 3386 supplicia
908 3318 1198 3387 penderet,
1239 3333 1344 3386 quo
1394 3320 1592 3372 fontem
1643 3317 1979 3387 splendidum
2023 3316 2183 3372 vestri

605 3410 826 3481 alloquii
866 3411 981 3479 plus
1019 3413 1209 3466 sitiret.
1244 3411 1526 3478 Vindictze,
1569 3412 1709 3468 sicut
1732 3412 2019 3482 dignamini
2046 3413 2183 3466 scri-

605 3503 751 3569 bere,
784 3518 950 3572 genus
975 3517 1093 3558 esse
1118 3514 1427 3575 censentes,
1458 3513 1514 3558 ut
1539 3505 1765 3574 portitor
1794 3518 1825 3557 a
1856 3518 1940 3559 me
1969 3505 2185 3572 segnius

602 3595 899 3649 destinatus
924 3595 1196 3649 vobiscum
1239 3590 1437 3651 diutius
1464 3607 1787 3652 moraretur.
1833 3595 1877 3651 Ο
1904 3596 2186 3651 retributio

604 3685 813 3742 ultionis.
831 3686 1220 3743 blandissimae!
1239 3705 1269 3741 o
1286 3689 1546 3743 sententia
1565 3688 1890 3743 crudelitatis
1905 3687 2179 3756 optandae!

605 3782 731 3847 Quis
761 3784 967 3837 scilicet
1006 3794 1109 3836 tam
1151 3778 1541 3835 intolerabilem
1573 3795 1783 3849 poenam
1815 3780 2185 3849 :cquanimiter

606 3876 760 3942 ferat,
808 3886 863 3929 ut
908 3875 1153 3943 paradiso
1189 3872 1355 3929 vestri
1396 3882 1712 3941 conspectus
1752 3873 1988 3929 inclusus
2031 3889 2180 3929 mora

605 3967 843 4021 beatiore
872 3980 967 4020 vos
997 3966 1207 4020 videat?
1238 3963 1426 4020 Timeo
1456 3964 1634 4033 plane,
1665 3980 1735 4019 ne
1762 3965 2067 4033 frequenter
2096 3982 2183 4021 me

602 4058 833 4125 jubeatis
859 4057 1116 4124 scribere,
1141 4058 1185 4112 si
1214 4056 1495 4123 diSponitis
1530 4056 1829 4112 tarditatem
1869 4057 2040 4113 taliter
2065 4059 2182 4114 vin-

604 4150 803 4205 dicare.
847 4149 951 4204 Aut
978 4150 1020 4203 si
1062 4165 1161 4220 ego
1188 4158 1369 4203 certus
1396 4146 1583 4202 fuerim
1617 4148 1917 4218 huiusmodi
1949 4166 2033 4207 me
2060 4152 2179 4207 ani-

606 4241 976 4297 matlversione
1007 4241 1366 4311 plectendum,
1414 4239 1527 4308 ipse
1563 4242 1745 4309 procul
1787 4242 1947 4296 dubio
1984 4248 2181 4313 scripta

606 4334 953 4401 porrigerem,
989 4350 1104 4401 qua:
1143 4334 1287 4401 justo
1317 4332 1488 4388 rarius
1529 4348 1853 4388 exarassem.
1887 4335 1951 4387 Et
1982 4337 2182 4391 utinam

608 4420 734 4473 mihi
760 4421 1029 4475 vobiscum
1061 4425 1234 4491 posito
1259 4431 1546 4493 negaretur
1567 4424 1813 4477 celeritas
1834 4427 2139 4480 revertendi
2166 4444 2178 4479 :

607 4523 659 4563 ct
689 4511 849 4565 verba
882 4527 1001 4578 qua:
1029 4523 1148 4579 post
1177 4513 1390 4582 longum
1424 4524 1634 4585 tempus
1669 4513 1870 4581 legere,
1897 4514 2096 4570 diutius
2127 4516 2181 4571 in

606 4600 721 4669 ipso
753 4612 959 4656 meatus
999 4604 1080 4656 sui
1111 4603 1320 4658 tramite
1362 4605 1590 4659 donarer
1618 4608 1821 4663 audire.
1855 4604 2012 4665 Certe
2044 4606 2183 4662 Deus

606 4694 821 4761 viderit,
846 4695 971 4763 quid
1002 4710 1100 4764 ego
1127 4696 1265 4762 apud
1292 4695 1550 4764 judicium
1574 4708 1831 4766 vestrum,
1854 4702 1935 4755 vel
1961 4696 2181 4759 audacia

607 4788 825 4852 servitii,
870 4788 953 4842 vel
994 4788 1346 4858 trepidatione
1390 4806 1701 4859 promerear
1739 4811 1753 4848 :
1798 4804 1975 4850 tamen
2016 4795 2182 4851 officii

607 4880 709 4933 niei
755 4881 1101 4948 portitoribus
1141 4896 1263 4936 reus
1305 4898 1420 4947 ero,
1470 4882 1514 4938 si
1558 4899 1650 4939 eos
1693 4885 1996 4954 prolixitate
2042 4904 2179 4960 prae-

675 5101 699 5125 α
742 5088 855 5141 Non
884 5096 1157 5143 senatores
1187 5090 1368 5154 modo,
1398 5089 1491 5144 sed
1517 5091 1721 5158 patricii
1753 5091 1934 5157 ambo,
1957 5102 2013 5147 et
2033 5094 2176 5149 ordi-

604 5159 742 5213 narii
784 5159 1032 5212 consules
1081 5158 1325 5212 fuerant:
1362 5158 1587 5214 Faustus
1633 5177 1772 5215 anno
1821 5160 2020 5217 Christi
2072 5163 2179 5218 485

609 5229 823 5302 biennio
865 5238 984 5298 post
1023 5227 1395 5302 Symmachus,
1436 5240 1656 5295 uterque
1685 5234 1801 5286 sine
1836 5232 2061 5302 collega.
2095 5234 2178 5287 Ad

611 5301 705 5355 hos
734 5314 885 5369 ergo,
911 5309 1161 5372 tanquam
1192 5301 1457 5368 praecipue
1495 5302 1545 5354 in
1572 5301 1712 5356 Urbe
1754 5301 2028 5369 dignitatis
2054 5318 2179 5372 pro-

606 5387 776 5437 ceres,
811 5385 909 5424 suo
938 5380 992 5424 et
1031 5368 1419 5424 Gallicanorum
1460 5375 1696 5426 omnium
1734 5368 2031 5426 antistitum
2055 5368 2175 5426 ἠο-

606 5444 767 5503 mine,
796 5442 982 5495 scribit
1001 5440 1067 5493 de
1095 5439 1300 5510 synodo
1330 5439 1587 5506 Romana,
1623 5442 1894 5509 etjndicio
1918 5443 1969 5496 in
1992 5459 2052 5496 ea
2084 5444 2180 5497 ad-

607 5524 794 5581 versus
823 5511 1202 5581 Symmachum
1234 5525 1421 5579 papam
1465 5511 1779 5565 Theoderici
1826 5514 1967 5581 regis
1995 5522 2181 5567 aucto-

517 5642 528 5655 .
611 5578 1096 5655 ritate_co'nstituto
1134 5578 1521 5655 espostulans,
1579 5583 1845 5655 Italiaeque
1890 5578 2180 5655 episcopos

610 5649 989 5728 perstringens,
1008 5652 1148 5721 quod
1170 5651 1237 5705 de
1256 5652 1606 5706 eminentiore
1619 5650 1878 5719 judicium
1896 5649 2182 5707 inferiores

608 5728 932 5783 receperint.

677 5787 705 5825 ι)
746 5790 933 5860 Exstat
976 5788 1077 5843 hoc
1116 5792 1389 5847 decretum
1442 5796 1494 5846 in
1533 5792 1737 5860 synodo
1776 5792 1939 5853 Rullo
1990 5792 2180 5851 Magno

2211 3295 2258 3361 C

2210 4667 2263 4732 D

2287 3129 2500 3185 derunt.
2535 3129 2704 3197 Quam
2730 3130 3163 3185 constitutionem
3196 3116 3319 3185 licet
3345 3130 3734 3185 observabilem
3764 3146 3859 3184 nu-

2290 3224 2485 3278 merosi
2516 3222 2905 3293 reverendique
2934 3223 3151 3279 concilii
3182 3222 3371 3278 reddat
3400 3237 3671 3288 assensus,
3705 3222 3858 3277 intel~

2290 3316 2500 3385 ligimus
2552 3328 2752 3380 tamen,
2803 3324 3045 3370 sanctum
3096 3314 3476 3386 Symmachum
3531 3329 3762 3386 papam,
3816 3313 3859 3370 si

2287 3411 2485 3467 saeculo
2537 3410 2767 3480 primum
2826 3410 3000 3465 fuerat
3050 3418 3371 3475 accusatus,
3420 3409 3859 3464 consacerdotum

2286 3519 2505 3559 suorum
2561 3503 2811 3558 solatium
2871 3504 3048 3571 potius
3103 3503 3368 3559 asciscere
3418 3518 3576 3573 quam
3620 3505 3859 3571 recipere

2286 3596 2535 3651 debuisse
2578 3594 2855 3665 judicium.
2888 3594 3021 3663 Quia
3054 3595 3190 3650 sicut
3218 3595 3458 3651 subditos
3478 3609 3584 3650 non
3606 3609 3727 3651 esse
3753 3605 3859 3650 ter-

2286 3688 2431 3741 renis
2474 3687 2823 3756 potestatibus
2861 3685 3014 3755 jubet
3059 3686 3261 3742 arbiter
3296 3687 3438 3752 cteli,
3482 3695 3716 3741 staturos
3759 3700 3857 3741 nos

2287 3787 2411 3831 ante
2450 3791 2602 3846 reges
2643 3786 2697 3830 et
2747 3774 3018 3846 principes
3067 3776 3119 3830 in
3166 3790 3479 3847 quacunque
3519 3776 3860 3832 accusatione

2290 3868 2580 3937 przcdicens
2606 3884 2620 3920 ε
2645 3867 2719 3921 ita
2750 3881 2857 3922 non
2888 3865 3042 3922 facile
3065 3867 3221 3922 datur
3250 3866 3492 3937 intelligi,
3535 3852 3637 3937 qua
3663 3868 3748 3923 vel
3778 3882 3860 3921 ra-

2289 3962 2431 4016 tione
2464 3961 2547 4015 vel
2580 3961 2714 4031 lege,
2752 3960 2819 4015 ab
2848 3959 3187 4017 inferioribus
3217 3962 3533 4017 eminentior
3568 3961 3857 4031 judicetur.

2287 4056 2419 4111 Nam
2450 4070 2570 4111 cum
2594 4053 2791 4109 celebri
2825 4064 3090 4125 praecepto
3117 4056 3403 4126 Apostolus
3427 4055 3622 4112 clamet
3643 4054 3696 4126 (Ι
3726 4055 3857 4109 Tim.

2287 4166 2339 4214 v,
2374 4147 2485 4218 10),
2517 4147 2913 4202 accusationem
2951 4148 3035 4203 vel
3074 4149 3125 4202 in
3158 4147 3532 4220 presbyterum
3564 4148 3725 4217 recipi
3756 4163 3861 4204 non

2287 4240 2505 4306 debere,
2534 4239 2662 4311 quid
2694 4241 2746 4295 in
2768 4240 3091 4310 prmeipuuin
3115 4242 3377 4311 generalis
3400 4240 3655 4297 Ecclesiae
3682 4241 3860 4297 crimi-

2290 4337 2594 4392 nationibus
2621 4338 2783 4393 licere
2810 4337 3135 4393 censendum
3164 4340 3283 4394 est?
3306 4338 3458 4406 Quod
3487 4337 3721 4409 synodus
3748 4337 3861 4406 ipsa

2294 4428 2614 4484 venerabilis
2645 4428 2897 4484 laudabili
2922 4431 3300 4486 constitutione
3342 4431 3693 4501 prospiciens,
3737 4444 3862 4486 cau-

2291 4535 2403 4574 sam
2426 4536 2606 4590 quam,
2646 4521 2786 4591 quod
2832 4521 2977 4575 salva
3019 4521 3137 4590 ejus
3181 4521 3480 4577 reverentia
3524 4520 3723 4576 dictum
3771 4522 3861 4587 sit,

2291 4629 2427 4683 pene
2457 4623 2661 4669 temere
2690 4624 2998 4683 susceperat
3038 4614 3429 4684 inquirendam,
3473 4614 3655 4669 divino
3685 4614 3863 4683 potius

2289 4705 2520 4765 servavit
2544 4706 2777 4766 examini
2804 4724 2817 4767 :
2844 4707 3216 4781 perstringens
3233 4717 3431 4777 tamen,
3452 4717 3608 4781 prout
3632 4708 3864 4765 breviter

2290 4802 2482 4870 potuit,
2514 4800 2649 4855 nihil
2679 4801 2771 4855 vel
2801 4800 2901 4855 sibi
2935 4801 3024 4855 vel
3059 4802 3441 4870 gloriosissimo
3468 4803 3583 4857 viro
3610 4800 3863 4855 Theode-

2288 4892 2402 4947 rico
2445 4890 2579 4961 regi,
2610 4890 2678 4946 de
2729 4889 2811 4945 his
2840 4905 2959 4960 qua:
3011 4906 3158 4961 papae
3188 4891 3498 4948 dicebantur
3526 4891 3732 4961 objecta
3773 4905 3865 4961 pa-

2281 5026 2560 5088 cernimus,
2603 5023 2872 5097 inquiunt,
2910 5036 2966 5079 ut
3008 5025 3347 5097 Symmachus
3381 5042 3535 5095 papa,
3572 5027 3707 5080 sedis
3739 5045 3863 5097 apo«

2289 5096 2484 5149 stolicte
2504 5094 2712 5167 prtesul,
2726 5105 2971 5167 quantum
2990 5094 3067 5151 ad'
3081 5097 3309 5150 homines
3325 5094 3544 5167 reapicit,
3565 5099 3685 5163 quia
3702 5094 3865 5153 totum
3894 5112 3897 5113 '

2290 5174 2489 5217 constat
2520 5164 2691 5233 diuino
2720 5163 2928 5220 arbitrio
2972 5167 3125 5233 fuisse
3148 5163 3432 5230 dimissum,
3463 5167 3524 5219 sit
3554 5168 3796 5221 immunis
3818 5178 3865 5222 et

2291 5234 2441 5307 liber,
2462 5243 2510 5307 et
2540 5231 2847 5307 Christiana:
2874 5231 3028 5307 plebi,
3056 5238 3165 5289 sine
3192 5236 3363 5304 aliqua
3396 5236 3458 5290 de
3480 5237 3685 5297 obiectis
3714 5238 3864 5291 obla-

2290 5306 2427 5377 tione
2443 5305 2507 5377 in
2534 5303 2764 5377 omnibus
2790 5303 3014 5377 ecclesiis
3042 5307 3169 5371 suis,
3196 5309 3263 5359 ad
3276 5303 3368 5377 jus
3404 5307 3537 5360 sedis
3574 5321 3681 5360 sua:
3710 5311 3864 5377 perti-

2290 5375 2544 5439 nentibus,
2574 5374 2743 5446 tradat
2774 5374 2946 5429 dicina
2978 5379 3237 5446 mysteria.
3276 5374 3465 5443 'Quare
3498 5374 3720 5431 dubium
3755 5395 3864 5432 non

2291 5457 2373 5516 est
2395 5445 2522 5516 quin
2547 5444 2812 5516 synodum
2842 5449 2997 5500 istam
3028 5444 3217 5501 Avitus
3238 5446 3514 5516 intelligat,
3538 5461 3659 5515 quze
3692 5447 3743 5501 in
3773 5454 3873 5502 coo‘

2290 5514 2421 5588 dice
2437 5513 2769 5588 Narbonensi
2792 5517 3019 5588 aliisque
3037 5513 3440 5588 vetustioribus,
3464 5513 3649 5584 quarta
3681 5526 3733 5571 et
3750 5518 3865 5588 pal~

2290 5583 2455 5636 maris
2482 5593 2627 5638 recte
2655 5583 2981 5640 inscribitur.
3029 5586 3185 5641 Falso
3222 5586 3363 5641 enim
3394 5583 3723 5641 recentiores
3751 5583 3866 5654 pal-

2274 5653 2454 5734 paris
2500 5669 2708 5734 nomen
2737 5658 2943 5734 synodo
2984 5656 3136 5711 alteri
3179 5658 3444 5734 tribuunt,
3493 5672 3612 5725 qua:
3658 5653 3865 5734 avieno

2283 5726 2499 5789 juniore
2524 5726 2745 5781 consule
2769 5726 3036 5781 celebrata
3078 5736 3187 5791 est;
3217 5742 3337 5782 cum
3363 5726 3415 5779 in
3445 5742 3506 5780 ea
3536 5741 3635 5781 nec
3660 5728 3864 5782 decreti

2287 5793 2457 5867 hujus;
2484 5795 2551 5849 sit
2585 5799 2813 5867 mentio,
2850 5812 2948 5851 nec
2976 5797 3328 5854 absolutionis
3368 5795 3677 5867 Symmachi
3702 5811 3862 5867 quam

606 5856 803 5915 Fausto
832 5859 1037 5915 Avieno
1062 5863 1279 5917 consule
1311 5864 1486 5919 habita
1514 5856 1651 5919 anno
1676 5864 1873 5920 Christi
1906 5863 2033 5918 502.
2068 5863 2219 5947 ιὶεο.⁵
2290 5856 2599 5934 ω’ραιωθῆ
2626 5856 2823 5926 editam
2850 5874 3079 5923 constat.
