4092 6350
267 422 372 479 249

1604 419 1933 476 EPIS’I'OLA
1972 415 2210 475 XXXIII.

3423 424 3529 484 250

269 537 453 591 tuisse.
487 534 686 598 Quibus
713 534 961 604 cognitis,
980 533 1129 603 quasi
1157 542 1371 587 senator
1402 533 1512 599 ipse
1540 532 1829 597 Rornauus,
1867 538 1920 594 Α
1945 534 2360 604 abundantqua:
2388 538 2603 604 possitis
2626 539 2906 609 iujungere
2921 537 3256 609 cupientibus
3276 538 3525 595 obedire:

268 630 419 697 quasi
441 627 778 682 Christianus
814 628 1099 699 episcopus
1138 627 1397 695 obtestor,
1431 626 1511 681 sic
1549 625 1846 680 divinitatis

270 720 506 775 cmleSIis
534 718 673 774 dono
705 719 1035 789 temporibus
1072 719 1264 775 vestris
1302 717 1630 789 prosperitas
1668 727 1846 787 optata

271 810 541 876 succedat,
587 810 666 864 sic
693 810 922 879 dignitas
967 812 1017 865 in
1056 826 1158 880 qua
1197 810 1419 874 ﬂoretis,
1451 809 1703 865 universo
1730 810 1847 865 orbi

271 906 505 974 speciem
536 904 759 957 Romani
803 904 1032 958 nominis
1064 903 1263 959 mundo
1304 904 1514 960 labente
1556 903 1845 969 contineat,

274 1005 334 1050 ut
359 995 412 1050 in
442 1004 730 1066 conspectu
761 1007 939 1051 vestro
966 1011 1072 1051 non
1102 996 1171 1051 sit
1204 996 1458 1051 Ecclesia:
1482 999 1661 1052 minor
1689 1009 1848 1061 quam

275 1085 580 1156 reipublicae
608 1095 811 1151 status;
838 1087 1085 1156 quodque
1111 1086 1259 1141 vobis
1286 1086 1426 1141 Deus
1453 1101 1611 1155 posse
1636 1086 1849 1155 praesti-

276 1178 359 1243 tit,
395 1179 560 1249 prosit
587 1188 641 1232 et
672 1180 852 1243 nobis;
898 1194 996 1234 nec
1028 1180 1204 1234 minus
1251 1179 1481 1249 diligatis
1528 1181 1580 1233 in
1612 1179 1850 1235 Ecclesia

279 1281 459 1325 vestra
486 1270 665 1326 sedem
700 1271 864 1336 Petri,
891 1287 1049 1341 quam
1080 1271 1134 1326 in
1161 1272 1375 1327 civitate
1404 1270 1613 1341 apicem
1644 1272 1847 1327 mundi.

277 1362 333 1417 Si
367 1362 628 1432 profundo
656 1363 747 1417 illo
776 1372 1035 1419 tractatus
1064 1364 1223 1418 veStri
1250 1362 1473 1419 consilio
1494 1378 1604 1418 rem
1634 1362 1848 1430 videtis,

280 1469 387 1508 non
424 1470 485 1509 ea
516 1454 882 1509 tantummodo
923 1469 1041 1525 quae
1088 1455 1269 1511 Roma:
1294 1454 1495 1526 geritur
1519 1470 1679 1510 causa
1710 1456 1853 1526 cogi-

279 1544 438 1598 tanda
472 1552 571 1599 est.
619 1544 724 1599 Sed
765 1554 817 1600 et
855 1545 910 1599 in
942 1544 1307 1600 sacerdotibus
1348 1545 1555 1600 ceteris
1593 1554 1771 1615 potest
1805 1544 1853 1602 si

276 1634 402 1704 quid
427 1634 562 1691 forte
583 1635 722 1704 quod
742 1646 1023 1691 vocaverat
1047 1636 1325 1692 reformari
1347 1652 1362 1701 ;
1388 1646 1442 1690 at
1468 1636 1513 1691 si
1538 1651 1672 1705 papa
1696 1636 1856 1694 Urbis

276 1737 502 1783 vocatur
530 1728 586 1782 in
620 1728 861 1793 dubium,
901 1730 1241 1798 episcopatus
1280 1728 1388 1796 jam
1430 1727 1717 1793 videbitur,
1751 1744 1857 1782 non

284 1822 568 1891 episcopus
596 1820 869 1876 vacillare.
897 1819 1079 1874 Nostis
1104 1820 1242 1874 bene
1270 1820 1409 1874 inter
1436 1834 1568 1889 quas
1594 1818 1857 1875 hceresum

179 1931 187 1938 ·
284 1922 651 1982 tempestates,
674 1912 836 1968 veluti
866 1912 1040 1967 ventis
1066 1911 1540 1976 circumflantibus,
1574 1912 1699 1967 fidei
1728 1928 1859 1983 pup—
1886 1910 1936 1971 B

285 2020 407 2072 pem
449 2005 723 2060 ducamus.
775 2005 830 2061 Si
882 2004 1159 2059 nobiscum
1214 2005 1578 2074 hujuscemodi
1624 2007 1855 2075 pericula

280 2094 603 2161 formidatis,
641 2094 853 2164 expedit
898 2103 955 2149 ut
979 2095 1391 2165 gubernatorem
1423 2107 1655 2151 vestrum
1684 2098 1853 2166 parti-

281 2187 459 2256 cipato
483 2186 665 2242 labore
694 2186 971 2241 tueamini.
1000 2186 1148 2240 Alias
1170 2195 1346 2240 autem
1373 2202 1490 2256 qua:
1525 2187 1655 2243 ultio
1684 2196 1785 2255 est,
1808 2191 1853 2245 si

283 2279 460 2335 nautis
489 2279 543 2335 in
568 2281 876 2351 magistrum
906 2280 1223 2348 furentibus,
1254 2295 1358 2336 non
1388 2280 1734 2337 sineillorum
1765 2297 1855 2353 pe-

282 2374 452 2430 riculo
473 2372 691 2429 cedatur
719 2374 819 2429 isto
841 2372 1184 2429 discrimine?
1224 2372 1432 2428 Reddet
1473 2375 1735 2429 rationem
1765 2372 1854 2444 qui

283 2468 406 2524 ovili
439 2469 706 2524 dominico
730 2476 940 2538 praeest,
975 2483 1075 2538 qua
1103 2468 1443 2523 commissam
1470 2468 1570 2523 sibi
1597 2484 1854 2538 agnorum

283 2573 465 2615 curam
494 2559 953 2615 administratione
995 2558 1271 2629 dispenset
1304 2578 1316 2612 :
1346 2569 1599 2615 caeterum
1642 2574 1747 2616 non
1778 2573 1857 2617 est

284 2652 460 2722 gregis
489 2661 751 2720 pastorem
776 2653 1049 2723 proprium
1074 2661 1299 2718 terrere,
1346 2651 1442 2707 sed
1467 2652 1680 2722 judicis.
1712 2652 1855 2729 Qua-

287 2752 501 2814 propter
529 2744 733 2801 reddite
761 2744 912 2800 nobis
941 2744 1313 2815 principalem,
1344 2745 1390 2799 si
1422 2754 1596 2799 tamen
1630 2744 1854 2800 necdum

286 2846 370 2892 est
412 2838 676 2903 restituta,
718 2836 1060 2893 concordiam
1091 2853 1104 2890 :
1135 2836 1389 2907 quoniam
1431 2836 1613 2892 clienti
1652 2846 1853 2905 vestro,

286 2928 579 2985 venerabili
626 2929 945 2999 Symmacho
982 2929 1317 3013 presbytero,
1369 2929 1569 2985 idcirco
1619 2930 1855 2990 laborem

285 3022 446 3092 hujus
477 3023 795 3091 fatigationis
832 3024 1180 3093 iniunximus,
1207 3033 1268 3079 ut
1297 3023 1450 3079 nobis
1480 3025 1532 3079 in
1559 3034 1854 3080 vestrarum

285 3114 506 3167 oraculo
545 3113 839 3169 litterarum
894 3130 989 3184 per
1037 3117 1378 3186 reintegrata:
1418 3117 1566 3187 pacis
1610 3114 1856 3172 nuntium

283 3202 698 3273 supplicationis
727 3214 926 3259 nostrae
950 3205 1173 3261 referret
1201 3206 1468 3261 effectum.

785 3295 1115 3377 EPISTOhA
1148 3296 1361 3351 χχχιι.

323 3403 510 3443 Ανιτυε
550 3388 852 3444 νιεΝΝεθδιε
892 3403 1166 3445 EPISCOPUS
1206 3397 1234 3427 ⁸
1273 3402 1481 3443 ιιθειιιο
1518 3402 1821 3442 Ριιεπεοτο.

355 3482 640 3552 Postquam
678 3482 1001 3551 multiplices
1040 3482 1335 3536 Galliarum
1365 3481 1576 3537 labores
1615 3480 1864 3535 felicissi-

284 3588 403 3627 mus
435 3573 714 3642 potestatis
735 3582 929 3630 vestrre
951 3574 1189 3629 visitavit
1211 3573 1494 3640 adventus,
1516 3573 1718 3628 nullum
1743 3587 1859 3627 sum

282 3664 511 3719 antehac
540 3666 592 3720 in
621 3665 896 3721 affectibus
934 3666 1136 3722 vestris
1175 3664 1427 3720 desiderii
1464 3664 1568 3719 mei
1606 3672 1859 3735 expertus

283 3754 549 3813 effectura.
593 3757 741 3814 Unde
768 3758 892 3814 licet
920 3759 1081 3814 etiam
1109 3758 1266 3815 nobis
1296 3758 1551 3829 prodesse
1574 3758 1875 3814 credamus-

284 3847 563 3914 beneficia,
599 3865 718 3919 qua:
761 3849 868 3919 jam
900 3850 1101 3905 dudum
1133 3849 1547 3921 provincialibus
1587 3848 1854 3920 spargitis,

286 3940 414 3996 mihi
460 3950 634 3997 tamen
681 3940 937 3997 hactenus
976 3941 1183 3996 sitienti
1218 3924 1425 3996 litteras
1465 3948 1672 3996 vestras
1706 3937 1859 4009 quasi

286 4032 517 4103 primum
544 4033 703 4088 modo
738 4033 982 4090 venistis.
1025 4032 1312 4087 Enimvero
1352 4042 1410 4087 ut
1448 4046 1535 4086 me
1572 4027 1860 4086 efferendis

287 4129 429 4183 ultro
450 4126 827 4197 epistolaribus
847 4125 1041 4181 officiis
1067 4140 1172 4180 non
1201 4123 1473 4190 offerrem,
1504 4123 1609 4177 illis
1637 4135 1861 4190 occupa-

287 4219 522 4275 tionibus
545 4218 853 4289 ubstrepere
882 4217 1053 4287 timui,
1075 4215 1271 4286 quibus
1293 4228 1381 4269 me
1404 4211 1691 4269 credebam
1712 4219 1861 4266 tanto

286 4320 590 4381 temporum
621 4310 793 4381 spatio
814 4325 843 4364 a
866 4310 1039 4364 votiva
1072 4307 1301 4363 lectione
1321 4304 1597 4376 suspendi.
1612 4304 1719 4359 Sed
1737 4303 1860 4372 quia

284 4405 385 4460 etsi
417 4404 589 4471 tarde,
610 4402 1054 4473 compellantihus
1080 4400 1254 4466 vobis,
1277 4412 1469 4469 tneque
1487 4396 1552 4452 ad
1577 4395 1862 4467 praecelsus

286 4498 468 4567 apices
511 4496 861 4563 rescribente,
901 4494 1036 4551 ordo
1082 4493 1400 4549 alternantis
1454 4487 1761 4545 commercii
1806 4486 1859 4542 in

288 4594 551 4650 litterario
578 4608 829 4649 sermone
848 4600 1093 4648 servatus
1106 4598 1209 4656 est,
1223 4589 1313 4659 qui
1335 4587 1535 4643 fecistis
1558 4600 1642 4641 me
1660 4585 1862 4654 absque

1952 630 2122 698 major
2152 630 2415 699 siquidem
2442 641 2702 699 potestate
2728 634 2978 701 civilitas,
3012 647 3109 689 nec
3137 633 3312 688 minor
3339 641 3421 688 est
3443 632 3524 687 di-

1950 722 2153 790 gnitate
2204 721 2461 791 dignatio.
2514 725 2645 778 Nam
2688 724 2803 782 haec
2843 728 2958 795 ipsa
2993 741 3152 782 causa
3187 725 3337 796 cujus
3375 725 3527 781 vobis

1952 814 2222 870 scribendi
2247 816 2524 871 materiam
2546 831 2754 872 merces
2781 817 3023 887 ingessit,
3051 819 3246 889 quibus
3272 820 3409 874 inter
3436 816 3531 873 tri-

1951 903 2168 960 bunalia
2211 907 2463 974 operibus
2507 906 2673 978 magis
2708 907 2966 963 studeatis
2997 909 3190 965 florere
3230 909 3528 979 perdocuit.

1954 996 2107 1055 Unde
2128 998 2273 1068 quod
2304 1000 2458 1056 nobis
2484 1016 2514 1055 a
2537 998 2565 1037 ι)
2598 999 2716 1054 viro
2744 999 3046 1069 spectabili,
3085 1001 3286 1056 vicario
3324 1010 3526 1065 vestro,

1954 1104 2053 1159 pro
2091 1091 2445 1159 quorumdam
2493 1090 2823 1160 captivorum
2866 1090 3183 1146 liberatione
3221 1102 3527 1162 suggestum

1953 1190 2055 1249 est,
2089 1181 2156 1236 ad
2181 1184 2591 1252 praeceptionem
2622 1183 2874 1238 culminis
2914 1182 3079 1236 vestri
3111 1182 3262 1238 laetus
3289 1184 3529 1253 implevi,

1955 1272 2127 1340 pretio
2146 1279 2321 1327 tamen
2343 1272 2482 1341 quod
2514 1272 2799 1341 portitores
2828 1271 3142 1338 attulerunt,
3159 1286 3265 1327 non
3290 1282 3529 1341 recepto.

1954 1362 2089 1432 Quia
2118 1363 2160 1417 si
2189 1364 2385 1433 aliquid
2412 1363 2633 1433 przefato
2657 1364 2769 1420 viro
2796 1363 3101 1433 magnifico,
3145 1363 3251 1417 lilio
3282 1378 3403 1417 meo
3429 1361 3535 1416 Geo
3623 1400 3629 1413 .

1956 1454 2141 1522 mello,
2182 1454 2500 1509 conditionis
2542 1468 2784 1523 personas
2828 1455 2955 1523 ipsa:
3008 1469 3104 1523 per
3139 1453 3400 1523 originem
3442 1451 3535 1506 dc-

1956 1544 2106 1613 bent,
2139 1553 2312 1613 potest
2338 1545 2439 1600 hoc
2466 1545 2608 1615 quod
2636 1545 2769 1600 mihi
2798 1544 3090 1611 obtulerat,
3120 1559 3218 1615 pro
3263 1542 3531 1598 redimen-

1957 1640 2040 1695 dis
2090 1638 2334 1707 ingenuis
2381 1636 2722 1692 distribuere.
2784 1636 2842 1693 Si
2890 1651 3018 1692 vero
3066 1636 3205 1691 istos
3245 1635 3536 1707 agnoscitis

1960 1731 2162 1787 liberos
2191 1738 2367 1795 natos,
2396 1728 2591 1783 sufﬁcit
2617 1727 2843 1796 pretium
2876 1728 3157 1796 profuisse.

2451 1837 2782 1894 EPISTULA
2819 1836 3059 1891 XXXIII.

2106 1947 2293 1992 AVITUS
2331 1945 2631 1988 VIENNENSIS
2668 1943 2938 1985 EPISCOPUS
2976 1942 3099 1984 νιηο
3137 1942 3375 1983 ιιιυδτιιι

2558 2011 2579 2038 θ
2605 2015 2933 2055 APOLLINARI.

2032 2098 2158 2153 Scio
2176 2095 2314 2166 quod
2337 2100 2611 2149 revertens
2630 2091 2696 2146 ad
2713 2090 3142 2146 devinctissimos
3164 2090 3292 2144 mihi
3314 2091 3538 2144 domuos

1960 2190 2251 2245 Domnolus
2289 2197 2494 2250 n05ter,
2536 2197 2716 2237 coram
2759 2197 2845 2237 me
2887 2191 3081 2236 vestra:
3125 2182 3227 2251 pia:
3268 2181 3533 2237 sollicitu-

1957 2283 2099 2339 dinis
2139 2277 2574 2349 ambiguitatibus
2614 2284 2926 2331 aestuantem
2947 2318 2963 2343 ,
3007 2274 3160 2329 aliter
3184 2290 3343 2344 quant
3372 2274 3538 2329 voluit

1958 2376 2246 2441 relaturus,
2288 2372 2596 2443 aggravavit
2646 2369 2811 2438 magis
2857 2366 3114 2423 redeundi
3164 2366 3532 2431 festinatione,

1959 2484 2117 2540 quam
2148 2466 2354 2523 minuit.
2404 2462 2677 2532 Siquidem
2707 2476 2791 2514 me
2817 2461 2955 2528 apud
2985 2459 3300 2528 Lugdunum
3343 2459 3393 2511 iu
3437 2455 3533 2510 ad-

1960 2571 2121 2616 ventu
2152 2558 2267 2627 ejus
2305 2554 2484 2626 gravis
2522 2553 2798 2608 oculorum
2842 2551 2997 2605 dolor
3024 2551 3277 2619 impotem
3323 2547 3537 2602 luminis

1960 2649 2247 2708 contuendi
2290 2649 2491 2717 impetu
2530 2645 2811 2713 ingruente
2851 2632 3181 2696 reddiderat.
3228 2637 3381 2694 Unde
3414 2638 3537 2707 quia

1960 2762 2061 2803 nec
2089 2746 2204 2815 ipse
2230 2740 2329 2797 fuit
2358 2737 2603 2796 eliciendi
2631 2734 2877 2805 rescripti
2903 2732 3124 2797 efﬁcax,
3170 2746 3267 2810 pec
3299 2744 3398 2800 ego
3427 2729 3539 2784 ido-

1959 2854 2093 2897 neus
2141 2832 2501 2899 redhibendi,
2556 2844 2769 2885 omnem
2816 2821 3109 2897 gr‘atiarum
3140 2869 3153 2891 ,
3208 2836 3539 2893 quaacunque

1960 2934 2044 2990 vel
2070 2931 2245 3002 pretio
2272 2939 2551 2984 munerum
2571 2964 2586 2987 ,
2619 2922 2700 2977 vel
2742 2920 2922 2975 animo
2948 2924 3321 2972 munerantum
3350 2913 3534 2969 deberi

1960 3027 2131 3098 potuit
2149 3066 2164 3092 ,
2205 3024 2468 3079 actionem
2498 3009 2664 3073 verbo
2691 3013 2868 3085 potius
2896 3009 3232 3067 referendam
3264 3006 3539 3078 portitoris

1960 3119 2179 3177 auribus
2206 3113 2437 3185 alligavi.
2468 3110 2617 3165 Licet
2638 3106 2858 3162 minime
2878 3103 3152 3167 dubitans,
3178 3100 3315 3170 apud
3340 3108 3539 3153 sanctae

1961 3206 2261 3268 dulcedinis
2286 3204 2595 3259 aviditatem
2639 3194 3125 3268 parvipendendam
3167 3189 3538 3247 mandatorum

1885 3289 1933 3352 (Σ
1963 3303 2159 3359 seriem
2186 3295 2451 3353 desiderio
2480 3292 2795 3346 litterarum.
2829 3285 2934 3343 Sed
2964 3300 3084 3340 cum
3114 3284 3365 3353 primum,
3394 3294 3539 3333 rare-

1964 3392 2239 3451 scentibus
2260 3385 2499 3443 tenebris
2518 3382 2837 3439 cubicularis
2856 3377 3134 3448 ergastuli,
3154 3372 3540 3444 aliquantisper

1964 3479 2247 3540 ordinandi
2285 3475 2461 3532 ofﬁcia
2502 3472 2652 3541 capia
2694 3469 2819 3533 fuit,
2864 3465 3186 3522 solutionem
3226 3460 3389 3517 debiti
3433 3474 3538 3513 non

1964 3584 2225 3636 moratus,
2274 3575 2590 3640 praesentem
2638 3562 2875 3632 bajulum
2920 3556 3225 3611 destinavi-
3277 3553 3358 3607 cui
3403 3550 3540 3604 ultra

1962 3682 2120 3738 quam
2164 3662 2266 3718 dici
2317 3667 2492 3729 potest
2540 3654 2780 3710 verbosis
2827 3646 3235 3706 salutationibus
3280 3649 3539 3738 onerato,

1962 3733 2217 3828 quantum
2251 3750 2479 3822 pertinet
2519 3746 2586 3802 ad
2626 3743 2876 3800 mandata
2906 3737 3180 3810 loquacia,
3226 3733 3541 3828 perbrevetn

1963 3825 2209 3922 paginam
2236 3845 2449 3903 dedisse
2476 3856 2561 3896 me
2588 3844 2859 3907 computo.
2913 3832 3041 3888 Nam
3072 3844 3198 3886 ecce
3240 3826 3366 3883 mihi
3404 3825 3542 3879 Deus

1961 3945 2116 4001 testis
2145 3952 2248 4010 εει,
2276 3947 2477 4010 quanto
2506 3936 2707 3991 lumine
2743 3929 2994 4001 praefatus
3022 3924 3329 3981 carissimus
3359 3926 3543 3975 noster

1965 4038 2016 4091 in
2060 4037 2173 4107 ipsa
2216 4030 2583 4087 contenebrati
2614 4037 2857 4081 recessus
2886 4016 3181 4075 nocturnali
3213 4012 3544 4107 habitatione

1964 4106 2243 4195 respersit,
2264 4137 2385 4177 cum
2408 4110 2705 4175 dulcissimi
2729 4113 2967 4184 pignoris
2994 4108 3160 4163 nostri
3188 4106 3359 4195 reditu
3384 4116 3542 4171 quem

1965 4194 2090 4276 ante
2137 4215 2456 4277 nescieram,
2484 4209 2751 4272 nuntiato,
2784 4199 3127 4257 resolidatam
3158 4194 3372 4251 Christo
3417 4206 3543 4259 pro-

1964 4313 2096 4384 pitio
2142 4307 2398 4364 familiam
2448 4316 2621 4358 meam
2671 4298 2739 4353 ab
2784 4310 2849 4351 eo
2897 4304 3054 4363 quem
3086 4287 3351 4384 misissem
3381 4284 3543 4384 inve-

1965 4371 2215 4460 niendam
2265 4412 2385 4455 esse
2435 4390 2690 4449 firmavit.
2739 4384 2999 4455 Quocirca
3047 4393 3163 4474 nec.
3187 4390 3281 4430 vos
3318 4375 3427 4444 jam
3475 4371 3543 4427 de

1963 4495 2117 4550 Vobis
2162 4488 2363 4560 aliquid
2414 4482 2768 4554 semiplenum
2815 4474 3011 4547 putetis
3049 4489 3061 4525 :
3095 4472 3320 4560 quorum
3350 4472 3544 4560 contu.

1966 4585 2196 4649 beruio,
2250 4557 2525 4634 divinitate
2573 4570 2842 4642 propitia,
2893 4564 3053 4620 etiam
3107 4559 3245 4614 oculi
3295 4557 3579 4649 tuei#per‘

292 4686 613 4743 verecundia
642 4685 1079 4755 respondentem,
1109 4646 1317 4738 reddite
1344 4688 1402 4734 ut
1426 4677 1584 4749 cupio
1613 4676 1865 4746 frequen-
1890 4666 1943 4727 D
1969 4682 2293 4748 prasentem
2331 4669 2576 4740 paginam
2607 4659 2999 4755 satisfacientes
3028 4646 3544 4755 accrescuntnTum

290 4782 361 4835 tia
394 4780 713 4837 debitorem.
726 4778 832 4835 Nec
852 4778 1048 4835 desunt
1074 4775 1122 4831 si
1152 4774 1385 4831 annuitis
1406 4785 1584 4828 causae
1608 4768 1863 4839 jubendi;

362 4928 390 4955 ἰ
429 4916 671 4972 Prsetorii
699 4917 926 4987 primum
954 4914 1138 4987 Italiae,
1181 4922 1291 4966 tum
1328 4908 1522 4987 deinde
1549 4906 1860 4987 Galliarum,

286 4991 404 5044 viro
430 4976 895 5057 multiplici'laude
922 4976 1230 5057 conspicuo,
1260 4989 1380 5057 post
1404 4978 1565 5057 etiam
1608 4976 1859 5057 Eatricio.

285 5048 644 5114 Cassiodorus
684 5056 818 5111 libro
848 5070 900 5107 χι
933 5048 1231 5116 Variarum,
1262 5048 1419 5119 epist.
1471 5052 1495 5103 1
1544 5066 1556 5103 :
1596 5048 1864 5116 Respicere

285 5130 561 5200 patricium
594 5126 846 5180 Liberium
888 5124 1180 5200 prmfectum
1204 5122 1353 5200 etinnt
1377 5119 1861 5200 Galliarumhexer-

284 5188 525 5254 citualem
569 5199 752 5261 virum,
778 5188 1130 5249 communione
1155 5191 1511 5261 gratissimum,
1536 5188 1726 5261 meritis
1756 5188 1865 5241 cla-

285 5287 427 5334 rum,
461 5272 628 5339 {arma
668 5257 1016 5336 conspicuum,
1056 5257 1456 5339 sed'vulneribus
1496 5257 1859 5339 pulchriorem,

288 5326 522 5394 laborum
544 5353 751 5392 suorum
792 5326 1012 5407 'munerd
1026 5341 1368 5407 consecutum,
1393 5338 1446 5382 ut
1473 5326 1572 5407 non
1599 5326 1862 5407 prwfeclu-

286 5428 401 5463 ram
440 5407 758 5479 quambene
805 5405 978 5476 gessit,
1024 5402 1295 5479 amitteret,
1330 5400 1658 5479 el_exintiurn
1700 5400 1861 5479 virum

287 5466 464 5534 honor.
482 5466 1007 5548 geminatuso'rnareit.
1035 5471 1305 5548 Ennodius
1330 5468 1734 5548 Liberio‘eidem
1765 5466 1856 5520 lib.

289 5567 364 5613 nr,
396 5540 553 5618 epist.
580 5549 653 5618 ‘23,
685 5566 695 5598 :
733 5546 933 5618 illech
956 5543 1220 5618 quliaain
1246 5541 1339 5594 Itac
1359 5540 1717 5618 astipulntione
1735 5553 1859 5618 con-

284 5608 513 5683 veniri-nt,
543 5628 597 5670 ut
619 5617 818 5670 Christo
849 5613 955 5668 Deo
983 5616 1108 5689 vivo
1127 5614 1443 5681 disponente,
1482 5608 1861 5689 ordinatisillis

287 5689 472 5757 quibus
501 5679 804 5741 civilitatem
848 5695 955 5754 post
1000 5679 1278 5757 multorum
1312 5695 1564 5757 annorunt
1602 5679 1859 5757 curricula

288 5747 529 5821 intulisti,
568 5773 690 5823 quos
732 5747 991 5825 nou'aute‘
1013 5754 1221 5824 contigit
1261 5764 1494 5819 saporem
1525 5750 1597 5825 de.
1624 5747 1859 5825 Romana

292 5818 526 5882 libertate
548 5818 773 5897 gustare,
801 5826 867 5878 ad
883 5822 1097 5897 Italiam
1122 5818 1260 5877 tuum
1290 5818 1334 5876 et
1358 5820 1670 5890 poscentibus
1695 5818 1837 5873 nobis

292 5911 339 5962 et
368 5900 471 5956 illis
500 5896 775 5954 tenentibus
804 5896 1077 5951 reducaris.

1974 4742 2227 4825 videlicet
2274 4763 2580 4819 sinceritate
2628 4754 2859 4827 perfecta
2908 4750 3102 4805 hilares
3130 4744 3236 4801 diei
3266 4742 3431 4814 gratia
3462 4755 3544 4796 re-

2040 4904 2068 4943 b
2108 4902 2407 4960 Gemellum
2454 4912 2579 4953 mox
2617 4892 2858 4967 no'miuat
2894 4901 3097 4967 :_QItetn
3139 4881 3544 4967 Provinciam);-

1970 4951 2438 5042 ῑίιυεῖἷῖἶίᾶἱίέῃ
2458 4951 2835 5042 Theodericus
2874 4951 3135 5042 vicarium
3169 4951 3545 5042 praescitorum

1968 5021 2497 5100 éi'éiviiisn‘éium
2531 5037 2596 5090 ad
2637 5050 2757 5089 cum
2783 5030 2967 5106 scribit
2998 5026 3136 5096 apud
3167 5021 3544 5106 Qassiodorunt

1969 5095 2356 5182 Iibtvttiepist.
2390 5108 2492 5182 ως
2529 5106 2666 5161 Hinc
2690 5115 2769 5182 est
2801 5102 2933 5169 quod
2965 5095 3207 5182 prmseriti
3248 5104 3468 5182 temperie

1969 5164 2384 5249 bellioswnobis
2432 5180 2536 5232 Deo
2577 5164 2857 5249 auxiliante
2894 5164 3177 5249 subjectus,
3212 5164 3452 5249 uicarium

1969 5235 2336 5327 prirfectbrum
2374 5260 2550 5327 nosqu
2590 5248 2741 5327 mittit
2790 5235 3402 5327 auctoritus..“(:.:elt:er‘tim.
3425 5266 3440 5291 ,
3467 5235 3546 5327 ctit:

1971 5304 2443 5380 rA-vit'ushocloco
2474 5319 2671 5373 Liberii
2715 5324 2899 5383 rogatu
2943 5312 3179 5383 captivos
3219 5304 3545 5383 liberatus}?

1968 5364 2691 5451 ἰίῖἑῗῗυὲἲὶῖιῖὂάῖιὶῖήἰὶ.
2716 5364 3024 5456 '{i’f'épistf
3053 5378 3164 5456 59.,
3187 5386 3301 5456 urg
3316 5364 3543 5456 Εὲιιιίξζίι

2522 5468 2691 5534 rogat,
2724 5433 3090 5511 ut'cascllulas
3120 5444 3235 5513 ejus
3258 5440 3393 5492 intra
3421 5433 3544 5490 Gal-

1969 5536 2068 5591 lias
2098 5532 2208 5589 fisci
2234 5533 2485 5588 oneribus
2510 5532 2729 5584 relevet.

2044 5577 2640 5661 ἒὗὲ”’έῖἑίῦἱι’ίῖ’ἱῇίόᾜι’
2662 5577 2971 5663 animum.
3004 5589 3201 5663 ,ηιορεῖί
3238 5578 3337 5662 5‘“?
3381 5577 3539 5633 “"em

1966 5650 2166 5731 nomen
2205 5650 2683 5739 X'Fciisiuifiufem
2727 5650 3280 5739 A'polliuarism'liliuni
3322 5650 3545 5739 innuero

2212 5723 2561 5813 'Kpolliua'rif
2578 5745 2754 5813 autem
2767 5723 3009 5813 ,1Sidonii
3025 5726 3163 5813 filio,
3190 5723 3543 5813 fuisse

1966 5791 2579 5880 XFc'tiSiiiuiii'iii".{6us
2625 5791 2927 5858 Sidonianis
2958 5797 3290 5855 ostendimus
3330 5791 3421 5847 Iib.
3453 5802 3539 5856 tu,

1968 5888 2126 5956 epist.
2156 5884 2239 5938 15.
