4092 6350
540 365 642 422 251

1833 358 1888 414 S.
1932 358 2116 416 AVITI
2158 357 2556 421 VIENNENSIS

3718 371 3825 427 iiii

543 479 770 546 cepturi,
799 490 843 530 ει
871 490 956 530 me
978 472 1276 528 rescribere
1304 471 1563 526 hactenus
1589 476 1768 524 vestra
1799 469 2028 524 dulcedo
2052 469 2129 524 sic
2160 471 2213 534 Α
2241 469 2573 538 litterarum,
2631 474 2756 529 illud
2809 475 3095 546 aliquantae
3127 479 3497 534 amaritud'nis
3537 481 3823 546 asperitate

544 571 846 641 ignescens,
871 565 1160 638 quamlibet
1185 562 1454 618 inflrmum
1477 569 1638 632 atque
1670 563 1917 626 anxium,
1943 563 2008 616 ad
2034 577 2129 616 vo-

544 665 707 720 tivam
739 675 914 718 tamen
945 659 1298 729 frequentiam
1341 657 1640 712 litterarum
1685 658 1737 710 in
1778 656 1874 711 Dei
1907 671 2126 723 nomen,

543 756 809 812 Archadio
831 755 939 824 jam
971 752 1238 818 dictante,
1276 751 1406 807 solis
1447 749 1930 819 subscriptionibns
1970 762 2128 803 occu-

545 848 712 917 panda
741 845 1051 917 compellat.

1024 935 1361 993 EPISTULA
1401 935 1641 991 XXXIV.

646 1047 836 1088 Ανιτυε
892 1045 1198 1087 VIENNENSIS
1260 1044 1536 1086 EPISCOPUS
1593 1047 1714 1085 VIRO
1775 1045 2014 1084 ILLUSTRI

1149 1113 1176 1140 ⁸
1200 1118 1517 1157 AUBELlA-NO.

623 1216 880 1275 Indicium
939 1218 1156 1289 quidem
1215 1218 1693 1290 quantulaecunque
1754 1216 2123 1288 prosperitatis

542 1325 663 1366 esse
695 1311 1036 1368 manifestum
1079 1320 1189 1380 est,
1234 1312 1376 1382 quod
1419 1311 1712 1367 amicorum
1758 1309 1916 1365 aifatu
1969 1311 2128 1362 tanti-

543 1418 666 1472 sper
690 1405 1044 1460 inte‘rlucentc
1072 1404 1412 1475 temporariae
1444 1406 1591 1473 pacis
1621 1404 1803 1460 colore
1823 1405 2125 1459 visitamur.

545 1495 924 1553 Verumtamen
964 1507 1128 1554 aestus
1172 1498 1260 1552 ille
1301 1497 1485 1553 diluvii
1520 1513 1678 1569 quem
1713 1497 1963 1567 procellis
1996 1507 2131 1552 tctn-

544 1588 814 1656 poralibus
861 1591 1248 1658 comparastis,
1305 1590 1553 1646 humanis
1604 1592 1802 1661 rebus,
1855 1590 1980 1645 dum
2035 1606 2130 1659 per

543 1679 872 1735 mundanum
903 1681 1122 1754 pelagus
1148 1684 1400 1748 curritur,
1434 1683 1596 1738 ﬂuctu
1640 1684 1871 1739 assidere
1913 1692 2128 1752 pertur-

542 1772 776 1828 bationis
803 1775 1018 1830 insistit.
1073 1776 1520 1846 Quandoquidem
1549 1778 1651 1832 hoc
1682 1779 1850 1846 ipsum
1876 1778 2016 1847 quod
2050 1778 2130 1830 in-

545 1876 628 1921 ter
653 1867 1002 1946 adversitates
1033 1875 1334 1936 temporum
1361 1869 1718 1937 respiramus,
1750 1869 2128 1924 discriminum
2163 1852 2210 1918 Β

540 1974 659 2029 qua:
681 1960 946 2030 patiamur
968 1959 1246 2016 intervalla
1271 1961 1440 2032 magis
1462 1959 1717 2018 debemus
1740 1969 1949 2030 putare,
1969 1977 2130 2030 quam

540 2053 853 2108 terminum.
910 2051 1043 2107 Nam
1090 2052 1293 2108 idcirco
1347 2063 1552 2109 tantum
1600 2053 1742 2108 inter
1791 2053 2129 2108 incommoda

537 2145 931 2214 calamitatum,
973 2146 1478 2202 circumscribendis
1520 2148 1698 2217 potius
1738 2161 1898 2218 quam
1935 2162 2130 2201 sanan-

537 2239 644 2304 dis,
679 2239 769 2296 lux
796 2240 1040 2310 quaedam
1068 2240 1281 2295 videtur
1310 2241 1571 2307 alludere,
1615 2250 1672 2295 ut
1712 2250 1919 2296 mentes
1951 2241 2128 2296 fallaci

543 2331 830 2387 securitate
879 2333 1104 2400 lanatas,
1158 2331 1454 2390 instaurata
1498 2334 1716 2403 gravius
1760 2345 1904 2388 metu
1953 2336 2128 2389 succi-

543 2426 682 2480 duus
729 2441 896 2498 angor
942 2427 1162 2482 ofﬁciat.
1210 2429 1472 2494 Quocirca
1514 2428 1739 2496 desiste,
1793 2430 1873 2484 vir
1900 2430 2122 2500 optime,

542 2519 680 2574 mala
712 2517 970 2576 ferventia
1001 2519 1223 2576 credere
1253 2519 1414 2576 finem
1448 2521 1750 2580 malorum:
1794 2532 1849 2577 et
1883 2537 2003 2577 cum
2040 2540 2120 2593 se,

541 2621 689 2669 motu
738 2613 986 2668 dissimili
1041 2623 1358 2685 tempestate
1410 2615 1636 2685 molita,
1689 2617 1852 2672 facies
1905 2617 2124 2674 tantilla:

536 2705 846 2762 serenitatis
880 2705 1132 2772 alternat,
1166 2707 1424 2764 varietate
1454 2719 1807 2778 proventuum
1841 2727 1944 2767 non
1974 2711 2122 2766 dele-

533 2807 701 2865 ctare,
733 2799 827 2854 sed
861 2783 1030 2856 ntere.
1082 2799 1189 2858 Nec
1228 2801 1306 2856 sic
1345 2812 1396 2858 te
1434 2813 1526 2859 aut
1557 2805 1890 2874 prosperitas
1919 2806 2118 2874 erigat,

531 2903 625 2950 aut
651 2893 861 2964 frangat
889 2895 1204 2960 adversitas,
1249 2905 1308 2952 ut
1334 2897 1385 2950 in
1415 2898 1606 2952 animis
1635 2899 1740 2954 tuis
1777 2906 1883 2954 tam
1914 2900 2119 2955 amico-

535 3001 656 3044 rutn
705 2997 940 3044 mutetur
969 3004 1166 3056 causa,
1214 3005 1373 3059 quam
1425 3001 1747 3060 temporum.
1798 2993 2121 3050 Mementote

531 3091 746 3148 semper
769 3081 1055 3150 prepositaz
1077 3081 1336 3148 caritatis,
1357 3082 1402 3140 si
1425 3082 1552 3139 licet
1571 3084 1838 3142 scribere:
1860 3086 1940 3142 sin
1963 3087 2118 3153 alias,

532 3169 676 3238 quod
716 3172 986 3240 prohiberi
1016 3190 1120 3229 non
1155 3184 1352 3244 potest,
1390 3177 1476 3232 vel
1507 3187 1684 3234 amate
1711 3197 1721 3230 :
1754 3188 1808 3234 et
1837 3189 1956 3249 post
1990 3196 2116 3251 gur-

2237 566 2514 635 respersit,
2547 581 2653 635 quo
2686 566 2749 620 ad
2784 576 2833 620 te
2863 567 3060 635 scripta
3093 585 3209 637 qua:
3254 571 3398 637 prius
3446 569 3683 633 reddidi,
3731 572 3820 624 ah-

2236 674 2398 728 negas
2426 659 2758 727 pervenisse.
2802 658 2930 712 Nam
2960 669 2979 696 ε
3009 675 3102 730 per
3133 663 3392 730 majorem
3423 662 3615 714 domus
3641 661 3819 725 Tullii,

2234 755 2324 823 qui
2356 769 2596 806 amorem
2634 763 2803 816 tuum,
2834 753 3108 807 dominum
3144 769 3318 808 meum
3344 755 3769 822 Sigismunduni,
3793 772 3824 809 a

2239 855 2389 914 patre
2417 862 2517 900 suo
2547 847 2596 900 in
2628 847 2892 916 legatione
2919 847 3179 910 directus,
3207 849 3255 901 in
3284 847 3670 902 Viennensium
3700 849 3824 902 civi-

2238 949 2344 995 tate
2381 951 2688 1010 repererat,
2729 942 2982 1009 epistolas
3017 951 3133 995 luas
3163 957 3245 997 tne
3282 942 3555 1012 accepisse
3587 943 3822 1006 laetatus;

2239 1049 2334 1103 per
2365 1034 2538 1104 ipsum
2585 1048 2774 1087 rursus
2818 1033 2988 1086 officii
3043 1034 3425 1102 profusissima:
3467 1033 3705 1088 caritatis
3736 1049 3824 1087 ex-

2236 1129 2403 1191 solvi,
2438 1138 2491 1182 et
2520 1128 2763 1182 affectum
2802 1127 2875 1180 tui
2909 1143 3066 1196 quem
3096 1127 3258 1181 corde
3283 1142 3641 1196 conceperam
3665 1169 3678 1191 ,
3712 1137 3823 1178 stu-

2237 1221 2325 1276 dio
2353 1221 2560 1291 pagina:
2587 1222 2889 1277 famulantis
2914 1221 3150 1277 excolui.
3182 1223 3298 1288 Quo
3328 1230 3524 1277 eventu
3555 1222 3606 1275 in
3639 1237 3822 1274 manus

2239 1325 2355 1370 tuas
2387 1315 2584 1385 perlata
2617 1330 2720 1369 non
2756 1314 2940 1376 fuerit,
2974 1313 3142 1381 major
3173 1328 3328 1383 quem
3358 1327 3521 1383 supra
3554 1313 3686 1376 dixi,
3724 1331 3821 1365 nou

2240 1419 2411 1479 potest
2443 1409 2710 1479 ignorare.
2741 1407 2826 1476 ,Et
2853 1424 2950 1477 ego
2979 1407 3192 1478 quidem
3224 1407 3448 1462 moleste
3477 1406 3608 1471 tuli,
3653 1415 3704 1460 et
3734 1406 3824 1458 tibi

2240 1502 2522 1556 molestum
2556 1499 2722 1555 fuisse
2751 1500 2965 1568 gavisus
2996 1514 3116 1552 sum
3143 1539 3156 1558 ,
3191 1500 3242 1550 in
3275 1506 3380 1552 tam
3413 1497 3601 1551 idonea
3634 1510 3826 1565 oppor-

2242 1595 2464 1650 tunitate
2493 1591 2777 1648 desideriis
2808 1592 3036 1646 duorum
3065 1592 3219 1645 unius
3243 1591 3406 1644 officii
3431 1589 3656 1659 periisse
3679 1604 3824 1643 com-

2241 1687 2519 1744 mercium.
2563 1686 2940 1741 Verumtamen
2973 1701 3092 1739 cutn
3124 1683 3190 1738 de
3223 1684 3479 1738 instituta!
3521 1682 3823 1736 dilectionis

2240 1779 2516 1850 proposito
2548 1794 2673 1850 pars
2703 1777 2911 1833 alterna
2942 1792 3130 1831 secura
3167 1787 3246 1830 est
3267 1817 3284 1842 ,
3317 1790 3704 1844 nonnunquam
3733 1790 3820 1828 ca-

2238 1873 2386 1930 sibus
2416 1880 2632 1943 oportet
2659 1869 2881 1940 ignosci,
2912 1869 3104 1939 quibus
3135 1865 3401 1937 colloquia
3432 1874 3617 1921 nostra
3651 1865 3825 1936 potius
3893 1907 3898 1911 .

2239 1981 2396 2034 quam
2429 1975 2549 2018 vota
2602 1962 2894 2030 frustratis,
2947 1959 3297 2015 sollicitudini
3347 1960 3602 2014 damnum
3653 1967 3827 2028 potest

2237 2057 2572 2125 contingere,
2607 2073 2712 2110 non
2753 2055 2945 2110 amori.
2993 2052 3177 2123 Neque
3206 2062 3259 2107 tu
3290 2062 3466 2123 putes,
3498 2069 3593 2106 seu
3622 2053 3825 2122 negatis

2235 2149 2633 2212 occasionibus,
2685 2164 2780 2202 seu
2827 2148 3074 2216 repertis,
3127 2145 3290 2200 ullum
3339 2159 3460 2200 esse
3490 2145 3825 2215 negligentiae

2239 2256 2476 2314 tempus,
2509 2258 2614 2313 quo
2646 2241 2784 2310 apud
2829 2255 2916 2294 me
2962 2241 3102 2294 inter
3127 2238 3396 2308 quaslibet
3426 2238 3558 2293 alias
3580 2238 3824 2291 actiones

2236 2335 2637 2408 frequentanda:
2667 2333 2940 2404 sospitatis
2963 2342 3201 2403 tepescat
3226 2333 3468 2387 ambitio.
3504 2331 3637 2385 Illud
3667 2333 3823 2399 igitur

2237 2431 2288 2484 in
2339 2428 2606 2483 mentibus
2661 2429 2953 2483 amicorum
3005 2440 3202 2479 censeo
3246 2439 3363 2479 esse
3415 2425 3720 2493 pretiosius,
3774 2427 3822 2477 in

2233 2540 2340 2594 quo
2388 2532 2596 2578 constat
2646 2522 2880 2577 fortuitis
2911 2521 3002 2588 ‘_nil
3053 2520 3235 2583 licere,
3289 2519 3430 2588 quod
3484 2533 3583 2572 nec
3619 2518 3821 2571 itineris

2231 2618 2458 2687 dissipat
2488 2614 2786 2684 longitudo,
2844 2629 2943 2669 nec
2971 2611 3262 2667 oblivionis
3293 2610 3582 2665 frustratur
3612 2612 3818 2664 abusio.

2231 2708 2536 2783 Compenso
2588 2722 2768 2766 tamen
2821 2711 2874 2766 in
2921 2709 3172 2780 praesenti
3203 2706 3443 2763 caritatis
3474 2704 3724 2768 verbum,
3776 2703 3818 2755 si

2231 2821 2328 2876 pro
2357 2804 2556 2860 damno
2584 2803 2832 2873 dignatus
2873 2816 2932 2857 es
2975 2810 3163 2870 putare
3206 2797 3496 2855 silentium.
3551 2796 3720 2850 Simul
3764 2805 3818 2847 et

2229 2897 2518 2977 specialius
2545 2896 2945 2952 adolescentem
2991 2892 3038 2948 si
3077 2893 3315 2963 dignaris
3359 2889 3603 2953 insinuo,
3651 2889 3814 2941 lilium

2228 2991 2434 3046 scilicet
2463 2989 2562 3045 viri
2596 2986 3047 3053 illustris'Celeri,
3074 2985 3164 3055 qui
3194 2992 3313 3053 post
3344 2983 3512 3038 Deum
3552 2992 3608 3035 ut
3648 2981 3816 3035 unicae

2228 3083 2398 3138 soboli
2423 3081 2586 3137 vitam
2612 3080 2830 3150 incipiat
2851 3093 3071 3150 sperare
3099 3087 3154 3132 tu
3185 3077 3364 3132 facies.
3392 3075 3522 3130 Nam
3550 3075 3620 3128 ita
3645 3075 3816 3144 lacry-

2227 3178 2407 3233 mabili
2450 3176 2686 3246 pignoris
2716 3173 3029 3230 infirmitate
3058 3169 3461 3237 constringitur,
3496 3179 3552 3222 ut
3582 3170 3818 3223 incertus

528 3262 665 3332 gites
693 3279 825 3334 quos
853 3265 1045 3322 litteris
1071 3267 1458 3337 deseripsistis,
1507 3269 1560 3326 in
1607 3285 1674 3326 eo
1717 3274 1884 3342 magis
1921 3240 2120 3330 szeculo
2149 3240 2196 3303 C
2224 3269 2468 3339 Optantii,
2517 3269 2671 3338 cujus
2718 3267 2868 3336 quasi
2916 3275 3070 3336 pater
3096 3272 3324 3319 mortem
3358 3262 3640 3315 imminere
3670 3275 3815 3314 con:-

527 3368 742 3426 sprrate
773 3368 1008 3428 portum,
1036 3375 1142 3430 quo
1167 3361 1356 3419 timere
1383 3377 1491 3418 non
1525 3365 1724 3434 poterit
1755 3366 2120 3436 tranquillitas

529 3458 646 3504 rata
677 3451 1028 3522 naufragium.

1036 3544 1364 3619 EPISTULA
1398 3546 1615 3604 xxxv.

616 3650 804 3692 Ανηιτε
843 3651 1149 3692 νιεΝΝιαΒις
1188 3638 1511 3693 εριεεοιιυςδ
1538 3657 1745 3719 Εηιριυιο
1782 3657 2027 3698 DIACONO.

599 3723 701 3780 Per
729 3727 988 3795 quosdam
1016 3729 1240 3782 clericos
1274 3731 1405 3799 legis
1433 3731 1620 3787 aliena:
1649 3733 1890 3788 divinum
1921 3749 2116 3788 munus

525 3817 579 3872 in
611 3819 798 3873 nuntio
828 3828 931 3875 ture
957 3821 1344 3878 incolumitatis
1373 3826 1552 3894 accepi
1581 3845 1591 3878 :
1639 3843 1738 3882 nec
1773 3827 1966 3882 minuit
1992 3828 2116 3882 dili-

523 3910 701 3978 gentis
729 3914 955 3980 gratiam
983 3914 1214 3984 qualitas
1254 3918 1616 3986 portitorum:
1661 3920 1800 3973 sicut
1842 3934 1940 3975 nec
1980 3921 2112 3976 Elim

525 4001 602 4074 (γ
635 4001 763 4074 Reg.
796 4019 924 4069 xvrt,
958 4006 1011 4075 6)
1049 4016 1234 4064 nostro
1261 4011 1561 4065 transmissi
1593 4010 1806 4065 ctelitus
1836 4011 1940 4066 cibi
1974 4013 2112 4068 inter

522 4092 739 4152 horrida
761 4097 1057 4155 volatilinm
1086 4100 1390 4170 bajulorum
1414 4111 1588 4160 rostra
1618 4103 1907 4166 viluerunt.
1936 4106 2110 4177 Ipsam

519 4197 696 4248 tamen
716 4207 880 4265 quam
897 4195 1028 4252 satis
1047 4195 1234 4253 avidus
1259 4200 1488 4269 sumpsi,
1522 4209 1734 4256 tuarum
1766 4200 2107 4259 dulcedinem

589 4417 714 4493 {De
741 4419 842 4472 hoc
869 4420 1293 4493 verogdiflicilior
1319 4434 1401 4478 est
1429 4425 1759 4493 conjectura,
1787 4439 1906 4477 cum
1934 4426 2103 4477 Aure-

512 4487 643 4563 liani
685 4485 785 4563 hac
819 4498 977 4544 astate
1007 4491 1243 4560 insignes
1275 4493 1474 4550 fuerint
1513 4485 1618 4547 non
1658 4485 1836 4563 pauci.
1876 4493 2008 4548 Vide
2036 4509 2104 4547 an

515 4557 582 4634 ad
605 4559 952 4634 Aurelianum
979 4557 1260 4634 patricium
1284 4563 1475 4619 referri
1503 4557 1682 4634 queat,
1705 4564 1863 4629 cujus
1889 4579 2105 4619 servum

515 4625 762 4682 Massilia
793 4629 857 4683 ad
889 4625 1164 4687 basilicam
1203 4633 1262 4690 S.
1291 4625 1581 4689 Victoris'a
1610 4625 1880 4690 dasmonio
1913 4635 2106 4690 libera-

518 4709 629 4780 tum
653 4699 731 4780 ait
753 4697 1042 4780 Gregorius
1065 4702 1264 4760 Turon.
1290 4704 1383 4780 lib.
1404 4721 1424 4780 _t
1450 4704 1632 4760 Mirac.
1659 4719 1777 4774 cap.
1802 4707 1890 4759 77.
1921 4706 2100 4772 Certe,

518 4773 617 4848 nisi
648 4775 886 4848 tempora
906 4773 1247 4848 discrepant,
1271 4775 1503 4846 dignitas
1534 4792 1641 4832 non
1671 4773 1956 4848 repugnat,
1983 4794 2102 4834 cum

517 4841 982 4916 illust_res_fuerint
1007 4841 1192 4902 omnes
1221 4841 1452 4916 patricii.

513 4982 525 4995 .
567 4909 612 4995 _b
657 4911 859 4968 Medico
907 4909 1236 4995 Theoderici
1272 4920 1450 4995 regis,
1507 4921 1658 4995 cujus
1711 4921 1778 4974 ad
1832 4919 2096 4995 Elpidium

512 4985 721 5064 ips-um,
767 4985 1136 5064 c_pm_diaconi_
1161 4985 1605 5064 quoquetitnlo',
1652 5002 1830 5064 exstat
1875 4985 2097 5064 epistola

509 5054 600 5108 lib.
648 5069 733 5132 x_tv
777 5055 1055 5132 Variarum
1098 5054 1443 5132 Cassiodori,
1494 5072 1550 5118 et
1593 5054 1737 5132 apud
1789 5054 2094 5118 Ennbdium

507 5125 839 5204 cotiiplures.
870 5128 1211 5204 anlludens
1232 5125 1518 5204 Ennodius
1547 5125 1688 5190 idem
1718 5135 1808 5187 lib.
1835 5151 1908 5203 tx,
1934 5136 2092 5204 epist.

507 5196 597 5279 30.
648 5196 791 5278 Scio,
825 5197 1016 5279 inquit,
1059 5201 1180 5279 quin
1224 5201 1359 5279 Detts
1403 5205 1492 5258 tibi
1535 5206 1614 5279 sic»
1655 5196 2093 5275 gratiam't’n'ricti

508 5272 754 5342 principis
786 5272 1023 5336 contulit,
1058 5280 1110 5323 ut
1145 5273 1408 5328 humilitas
1439 5272 1780 5330 ecclesiaIstica
1810 5293 1910 5329 non
1952 5279 2088 5342 peri-

507 5347 603 5411 [ει.
635 5338 827 5411 Carum
859 5343 999 5396 enim
1031 5342 1290 5411 imprimis
1312 5343 1646 5404 Theoderico
1675 5348 1838 5402 fuisse
1866 5338 2090 5401 testatur

508 5405 800 5488 Cyprianus
830 5412 1088 5488 diaconus
1109 5405 1168 5469 'in
1187 5414 1303 5488 Vita
1329 5417 1389 5471 S.
1414 5418 1629 5472 C:t_~sarii
1660 5419 1750 5472 lib.
1777 5434 1823 5472 t:
1855 5418 2090 5488 Elpidius

508 5478 750 5559 diaconus
776 5493 829 5559 et»
846 5485 1101 5559 medicus,
1126 5486 1278 5555 regiae
1303 5491 1537 5556 potestati
1562 5489 1751 5541 sedulis
1775 5478 1951 5557 o/Iiciis
1979 5504 2091 5542 cum

505 5551 686 5616 primis
711 5551 976 5627 familiaris
1012 5567 1061 5610 et
1090 5551 1331 5612 intimus.
1365 5563 1501 5627 'Qno
1549 5560 1600 5612 in
1652 5560 1770 5612 loco
1807 5551 2088 5627 ‘Elpidiutn

505 5629 686 5702 narrat
717 5620 1150 5702 ab_infesta't_ione
1190 5620 1534 5702 diaboli'qna
1577 5629 1720 5682 domi
1766 5620 2082 5694 vexa-batur,

503 5686 562 5742 S.
583 5686 809 5771 AClgrsarii
828 5706 1000 5771 ppera
1027 5698 1330 5755 liberatum.

555 5769 599 5839 ,ο
629 5759 758 5826 Quis
787 5759 1089 5839 hic'major,
1122 5786 1213 5824 aut
1239 5788 1482 5839 quaenam
1507 5769 1696 5823 domus
1723 5768 1882 5822 Tullii
1921 5784 1948 5821 a
1978 5785 2080 5839 qua

532 5827 570 5884 li
590 5844 804 5900 nomen,
823 5847 930 5889 non
947 5827 1134 5904 liquet,
1151 5827 1384 5910 nisi'qnis
1404 5843 1630 5896 fortasse
1649 5841 1712 5894 ad
1733 5839 1904 5896 Servii
1922 5827 2081 5895 'l'u'llii

2230 3365 2463 3436 pellitur,
2495 3363 2660 3418 vitam
2691 3363 2843 3431 quasi
2884 3357 3106 3415 orbatus
3145 3357 3352 3413 deﬂere
3385 3364 3628 3425 cogatur.
3674 3353 3814 3420 Qua-

2231 3468 2446 3528 propter
2492 3456 2834 3526 opitulaturaa
2886 3452 3159 3508 Divinitati
3203 3451 3369 3520 junge
3418 3460 3505 3503 tua
3555 3459 3814 3518 quantum

2211 3551 2543 3620 cnnjicimus
2571 3550 2636 3603 de
2669 3548 2856 3617 peritia
2896 3546 3153 3615 singulari
3181 3563 3193 3598 :
3231 3554 3469 3599 vestrum
3499 3542 3815 3612 promisisse

2222 3642 2334 3712 jam
2362 3658 2429 3696 ex
2464 3649 2616 3709 parte
2645 3639 2837 3694 fecisse
2861 3649 2962 3694 est.
2995 3638 3216 3693 Tribuat
3245 3627 3512 3700 Christus,
3546 3646 3601 3690 ut
3634 3633 3816 3688 exsul-

2229 3735 2392 3790 tando
2421 3741 2578 3802 atque
2614 3733 2910 3801 impensius
2951 3733 3215 3788 laudando
3258 3732 3308 3786 in
3351 3730 3449 3784 hac
3477 3743 3604 3784 cura
3641 3729 3813 3797 magi-

2223 3829 2390 3884 sterio
2421 3835 2532 3894 tuo,
2565 3825 2724 3880 simul
2757 3825 2851 3880 tibi
2891 3835 2946 3880 et
2982 3825 3126 3880 ltalia
3161 3824 3450 3880 medicinae
3476 3823 3810 3892 opinionem,

2224 3929 2279 3976 et
2302 3919 2473 3976 Gallia
2508 3919 2656 3988 pueri
2688 3917 2883 3974 debeat
2911 3919 3220 3972 sanitatem.

2710 4010 3044 4068 EPISTOLA
3083 4011 3325 4068 XXXVI.

2225 4122 2414 4162 AVITUS
2441 4120 2752 4162 VIENNENSIS
2790 4121 3066 4161 ειηεεονυε
3089 4105 3115 4142 d
3139 4121 3261 4160 νιιιο
3290 4119 3529 4160 ιιιυετω
3565 4119 3813 4160 εειυικιο.

2292 4201 2701 4271 Magnificentiaa
2729 4209 2922 4255 vestrae
2947 4199 3173 4270 gratiam
3204 4200 3510 4269 frequenter
3533 4209 3814 4264 expertus,

2216 4420 2360 4488 regis
2383 4419 2621 4484 domum,
2648 4434 2804 4489 quam
2828 4418 2887 4473 P.
2906 4419 3087 4471 Victor
3119 4419 3167 4471 in
3192 4418 3372 4486 quinta
3396 4417 3553 4472 Urbis
3588 4417 3813 4486 regione

2222 4492 2480 4554 collocat,
2525 4491 2865 4545 referendum
2908 4499 3088 4560 putet,
3131 4490 3274 4559 quod
3305 4490 3485 4543 multis
3517 4504 3620 4541 non
3655 4489 3812 4543 facile

2214 4561 2563 4628 persuaserit.
2595 4561 2676 4615 Ad
2705 4561 2950 4616 Celerem
2984 4570 3183 4625 autem,
3215 4561 3368 4628 cujus
3399 4561 3489 4613 filii
3522 4561 3808 4613 sanitatem

2212 4633 2318 4687 hoc
2352 4633 2469 4686 loco
2503 4633 2712 4702 Elpidio
2741 4634 2950 4685 medico
2983 4632 3354 4695 commendat,
3398 4630 3694 4698 scripturus
3721 4642 3806 4682 cst

2211 4704 2494 4773 epistolam
2528 4706 2614 4758 45.

2284 4773 2311 4810 ⁸
2335 4774 2528 4829 Comes
2569 4775 2654 4828 hic
2696 4773 2792 4826 fuit
2843 4773 3147 4839 patrimonii
3177 4772 3495 4827 Theoderici
3529 4776 3668 4842 regis
3691 4815 3704 4834 ,
3754 4785 3803 4823 «ιι

2213 4847 2492 4913 patricius,
2526 4847 2592 4899 de
2621 4861 2726 4914 quo
2759 4845 2922 4897 multa
2963 4846 3070 4911 jam
3114 4844 3344 4914 diximus
3374 4844 3450 4896 ad'
3476 4843 3804 4897 Ennodtunt.

2208 4918 2361 4972 Nunc
2388 4913 2691 4971 addendum
2726 4925 2807 4968 est
2834 4915 3076 4981 ejusdem
3107 4913 3434 4982 epitaphium
3456 4955 3469 4978 ,
3517 4914 3658 4980 quod
3696 4931 3800 4966 non

2206 4989 2424 5044 insnlsis
2455 4987 2700 5041 versibus
2732 4987 3004 5037 conditum
3029 5026 3041 5048 ,
3083 4998 3112 5037 a
3142 4985 3300 5038 Petro
3330 4984 3540 5039 Pitltteo
3570 4986 3796 5038 relatum

2206 5071 2286 5114 est
2318 5061 2370 5112 in
2403 5059 2540 5111 libro
2570 5073 2618 5109 IV
2651 5055 3067 5110 i-‘oematiorntn.

2202 5149 2456 5202 SENARH
2493 5149 2554 5199 V.
2590 5147 2626 5197 Ι.
2663 5147 2916 5198 COMITIS
2967 5146 3342 5198 PATRIMONII
3392 5148 3469 5198 ΕΤ
3523 5147 3797 5198 ΡΑΤιιι‹;ε;

2791 5209 3204 5259 ΕΡΙΤΑΙἨΙυΜ.

2300 5295 2387 5344 Ille
2415 5307 2510 5355 ego
2539 5307 2644 5342 sum
2671 5295 2835 5343 mundi
2857 5295 3096 5356 quondam
3122 5295 3229 5342 sine
3257 5293 3351 5343 fine
3379 5297 3528 5344 viator

2296 5358 2549 5418 Senarius,
2573 5357 2806 5404 membris
2833 5355 3017 5405 tumulo
3039 5368 3135 5418 non
3174 5358 3370 5404 nomine
3394 5358 3605 5418 clausos,

2296 5419 2537 5479 Principis
2565 5420 2730 5467 invicti
2758 5431 2954 5480 semper
2977 5417 3195 5480 sublimis
3219 5429 3403 5466 amore.

2289 5481 2434 5541 Cujus
2462 5478 2507 5526 in
2531 5481 2652 5528 orbe
2679 5480 2741 5528 fui
2771 5478 3079 5542 vox'regum,
3106 5478 3268 5539 lingua
3289 5481 3487 5542 salutis,

2294 5542 2516 5604 Frederis
2536 5550 2714 5601 orator,
2744 5545 2876 5604 pacis
2900 5543 2995 5602 via,
3015 5541 3187 5604 litibus
3218 5543 3386 5604 hostis.

2292 5603 2438 5651 Novit
2462 5611 2512 5651 et
2537 5604 2624 5651 hoc
2645 5603 2838 5662 Oriens,
2866 5606 2956 5653 hoc
2979 5603 3174 5652 ultimus
3199 5604 3305 5651 axis
3329 5603 3476 5662 lberi,

2296 5665 2398 5713 Hoc
2417 5669 2512 5728 scit
2530 5666 2697 5714 bruma
2722 5670 2907 5728 rigens,
2934 5669 3024 5728 scit
3043 5673 3095 5728 et
3122 5665 3281 5714 Africa
3311 5666 3492 5713 solibus
3516 5674 3638 5713 usta.

2257 5739 2266 5745 '
2293 5729 2375 5775 liis
2396 5727 2549 5775 denas
2575 5737 2625 5776 et
2649 5725 2868 5789 quinque
2889 5727 3026 5774 simul
3055 5725 3235 5785 legatio
3255 5737 3413 5774 nostra

2293 5791 2465 5849 Signat
2491 5794 2538 5838 in
2568 5792 2688 5837 orbe
2714 5791 2828 5848 tias,
2855 5799 2905 5836 et
2933 5802 3178 5849 nunquam
3203 5796 3357 5837 strnta
3381 5789 3565 5836 labore.

2293 5851 2470 5901 Cursus
2494 5857 2598 5901 erat
2630 5851 2849 5912 volucer;
2887 5863 3095 5912 namque
3124 5863 3248 5901 anno
3273 5850 3480 5915 pervigil
3507 5861 3595 5900 urr
