4092 6350
117 615 130 663 ι

831 423 855 464 Ι

1496 354 1832 414 εΡιετοιΑ
1872 358 2155 419 XXXVIII.

3353 368 3454 430 254

198 487 310 538 quia
336 471 617 542 dignanter
646 471 904 540 accipitis,
937 468 1276 524 salutationis
1302 468 1533 524 ofﬁcium
1575 471 1763 540 pagina
1793 474 1846 536 Α
1871 489 2031 542 quam
2071 476 2326 537 didicisse
2365 480 2411 537 si
2457 481 2676 540 nesciat.
2728 481 2858 550 Quae
2891 480 3028 538 inter
3061 480 3354 539 Romanam
3400 491 3453 541 et

193 563 478 618 famulante
503 563 694 618 direxi.
755 562 819 618 Et
864 561 984 632 quia
1029 561 1179 616 scitis
1220 561 1558 631 synodalium
1593 563 1767 629 legum

194 668 328 717 esse,
363 665 418 708 ut
446 656 497 708 in
529 656 691 710 rebus
720 671 837 722 qua;
866 654 932 707 ad
961 654 1220 708 Ecclesiae
1247 661 1442 709 statum
1475 655 1767 724 pertinent,

192 747 230 798 si
274 747 402 815 quid
453 748 610 801 fuerit
653 747 1000 801 dubitationis
1046 752 1336 812 exortum,
1389 746 1454 800 ad
1505 746 1762 802 Romanis

193 834 444 892 Ecclesia:
473 840 761 892 maximum
793 838 1154 901 sacerdotem,
1201 839 1352 906 quasi
1383 838 1450 892 ad
1480 849 1639 906 caput
1668 854 1767 892 no-

190 936 354 984 strum
383 931 621 985 membra
660 931 936 1000 sequentia
978 925 1352 992 recurremus;
1398 947 1461 985 ex
1503 946 1766 986 consensu

189 1019 483 1074 antistitum
531 1021 816 1089 provinciae
850 1020 1168 1076 Viennensis
1192 1032 1216 1059 ι
1245 1021 1310 1075 ad
1349 1032 1590 1078 sanctum
1632 1022 1768 1077 Hor-

190 1109 434 1174 misdam,
476 1127 570 1167 seu
599 1113 905 1183 quicunque
936 1128 1074 1167 nunc
1104 1113 1196 1167 ille
1225 1122 1329 1176 est,
1361 1129 1548 1182 papam
1578 1114 1769 1170 debita:

189 1201 548 1257 venerationis
578 1203 894 1272 obsequium
922 1219 1043 1258 cum
1075 1204 1439 1261 sollicitudine
1469 1205 1766 1261 destinavi:

190 1290 375 1346 audire
402 1307 432 1346 ι
461 1293 699 1362 ρτωΐδιω
726 1293 868 1348 sedis
899 1294 1220 1350 auctoritate
1257 1295 1600 1364 desiderans,
1643 1298 1768 1365 quid

188 1377 254 1435 de
279 1379 470 1438 eﬂ‘ectu
501 1382 715 1439 directa
745 1398 776 1439 a
801 1398 861 1440 se
887 1383 953 1438 ad
982 1383 1256 1440 Orientem
1291 1385 1574 1454 legationis
1601 1403 1764 1458 agno.

188 1470 342 1525 verit.
373 1473 502 1527 Cum
530 1487 678 1543 ergo,
713 1483 768 1532 ut
795 1474 928 1538 di‘xi,
962 1491 994 1530 a
1025 1476 1441 1544 provincialibus
1474 1478 1606 1532 meis
1633 1493 1764 1534 eon-

105 1624 110 1631 _
187 1559 354 1628 sulor,
388 1564 718 1633 respondere
748 1566 909 1620 etiam
943 1581 1060 1634 ego,
1106 1566 1157 1620 ni
1197 1567 1430 1635 priorem
1463 1569 1770 1634 consulam,

186 1665 292 1707 non
323 1669 605 1723 praesumo.
640 1655 979 1729 Adminiculo
1013 1657 1174 1725 igitur
1205 1659 1555 1713 ordinationis
1578 1671 1773 1716 vestrae

184 1758 319 1812 Opus
355 1754 460 1812 est,
509 1757 566 1800 ut
609 1747 744 1800 istud
799 1747 866 1804 ab
914 1756 1138 1817 utraque
1188 1758 1339 1816 parte
1389 1765 1482 1817 per
1530 1751 1770 1804 ordinem

1873 569 2526 640 Constantinopolitanam
2581 575 2872 630 Ecclesiam
2925 589 3009 629 res
3057 584 3297 644 agantur,
3347 591 3451 632 non

1874 676 2187 729 quacunque
2216 666 2538 720 auctoritate
2565 669 2968 735 cognoscimus,
3015 668 3107 722 sed
3156 668 3222 721 de
3266 682 3449 721 rumo-

1875 754 2023 808 ribus
2075 755 2242 824 magis
2287 771 2350 812 ac
2396 757 2704 812 nuntiorum
2737 759 2994 814 varietate
3036 771 3329 830 captamus.
3385 758 3453 812 Et

1875 847 2016 914 ideo,
2033 864 2098 901 ne
2123 848 2258 903 forte
2281 864 2437 918 quam
2457 851 2642 904 rustici
2667 859 2776 905 tam
2800 852 3126 921 negligentes
3147 853 3449 916 credemur,

1876 940 2098 1008 perinde
2141 951 2386 996 sanctum
2431 956 2620 1010 papam
2668 951 2722 998 et
2769 943 3156 998 beatitudinem
3193 953 3448 1010 vestram,

1879 1041 1900 1067 ο
1928 1046 2020 1099 per
2049 1030 2382 1090 Viennenses
2410 1033 2640 1088 clericos
2682 1034 2955 1104 provincia
3002 1043 3107 1088 tota
3149 1050 3288 1090 nunc
3326 1051 3454 1089 cun-

1874 1123 2022 1188 sulit,
2053 1133 2108 1178 ut
2139 1140 2254 1192 qua:
2288 1124 2439 1180 vobis
2467 1125 2532 1180 de
2561 1134 2701 1179 statu
2738 1124 2859 1180 ﬁdei
2891 1139 3012 1180 cum
3037 1123 3270 1180 Orientis
3307 1134 3454 1194 parte

1875 1216 2090 1269 deﬁnita
2136 1217 2276 1282 sint,
2328 1217 2570 1288 rescripti
2616 1217 2847 1272 salubris
2906 1215 3107 1272 lumine
3147 1217 3449 1272 deelaretis.

1873 1308 2006 1374 Quia
2032 1325 2150 1362 cum
2177 1311 2462 1379 magistros
2483 1311 2642 1365 etiam
2669 1310 2849 1380 procul
2883 1307 3075 1380 positis
3100 1310 3240 1362 ultro
3268 1309 3455 1363 deccat

1875 1415 2164 1469 prorogare
2201 1399 2536 1463 doctrinam;
2584 1401 2878 1456 curandum
2920 1409 3003 1456 est
3042 1401 3294 1456 soliditati
3326 1415 3455 1456 cor-

1875 1489 2052 1558 poris,
2098 1501 2151 1546 nt
2192 1507 2408 1560 semper
2441 1493 2851 1562 prosiieritatem
2887 1492 3075 1561 capitis
3104 1492 3182 1546 sui
3217 1491 3451 1545 membra

1875 1591 2223 1649 cognoscant.
2277 1582 2540 1649 Quocirca
2600 1580 2646 1636 si
2699 1581 2868 1636 servis
2913 1581 3106 1634 vestris
3156 1578 3277 1634 ﬁliis
3323 1581 3454 1632 meis

1876 1687 2010 1738 quos
2043 1674 2092 1726 in
2127 1673 2176 1726 itl
2221 1672 2393 1741 ipsum
2423 1672 2623 1735 direxi,
2672 1673 2936 1728 tribuatur
2967 1671 3256 1728 accedendi
3290 1685 3454 1739 uSque

1878 1759 1942 1816 ad
1997 1760 2216 1815 Romam
2269 1763 2514 1827 facultas,
2569 1778 2660 1832 per
2708 1762 2840 1816 duos
2892 1761 3142 1816 Ecclesiae
3191 1760 3454 1828 principis

183 1836 539 1906 compleatur,
586 1846 645 1892 ut
673 1838 757 1894 vel
799 1855 828 1892 ι
876 1837 1029 1893 nobis
1071 1839 1417 1908 interrogatio
1460 1842 1765 1908 perveniat,
1804 1841 1849 1901 Β
1878 1851 2169 1908 abundabit
2200 1853 2401 1908 Gallias
2447 1853 2666 1908 (-ruiliri.
2715 1854 2866 1922 Quod
2908 1855 2950 1906 si
2995 1853 3217 1907 forsitan
3261 1868 3288 1904 a
3331 1857 3453 1902 siuti-

183 1925 270 1985 vel
301 1926 366 1982 ad
399 1941 496 1983 nos
526 1927 709 1985 redeat
750 1929 816 1984 ab
855 1939 1166 1997 exponente
1206 1930 1504 1998 responsio.
1557 1931 1669 1986 Non
1709 1933 1774 1986 ad

183 2019 338 2074 solos
378 2020 687 2077 sacerdotes
740 2020 992 2080 Ecclesia:
1043 2022 1275 2092 pertinet
1325 2031 1534 2078 status:
1568 2025 1776 2079 cunct’s

184 2107 436 2168 ﬁdelibus
479 2109 782 2167 sollicitudo
826 2111 926 2168 ista
970 2113 1266 2167 communis
1306 2121 1406 2167 est.
1459 2113 1774 2186 Quicunque

183 2202 268 2259 vel
310 2216 626 2272 quocunque
665 2201 906 2258 videmur
937 2203 1230 2258 Ecclesiaui
1278 2217 1496 2272 regere,
1539 2214 1770 2260 vestram
1838 2233 1840 2235 -

188 2293 240 2348 in
290 2293 556 2352 catholica
604 2294 861 2363 religione
907 2308 1022 2350 rem
1069 2293 1326 2366 gerimus.
1388 2293 1516 2350 Cum
1551 2295 1617 2350 de
1647 2295 1768 2351 ﬁdei

185 2387 370 2456 regula
414 2387 496 2442 vel
547 2396 768 2454 aegrotat
813 2386 1004 2456 aliquis
1055 2387 1136 2443 vel
1186 2397 1436 2454 sanatur,
1491 2389 1769 2444 nobiscum

187 2501 281 2542 vos
311 2495 401 2542 aut
429 2485 663 2556 gaudere
691 2495 902 2556 oportet
939 2495 1030 2540 aut
1065 2501 1304 2556 gemere.
1357 2486 1510 2543 Unde
1546 2503 1645 2542 nec
1678 2504 1771 2541 vos

186 2577 384 2646 aliquid
405 2577 471 2634 de
489 2590 645 2632 causa
670 2592 828 2646 quam
854 2577 1100 2643 consulo,
1124 2578 1293 2638 latere
1314 2578 1642 2634 credendum
1668 2589 1766 2633 est.

186 2667 243 2724 Si
273 2668 405 2723 mihi
435 2669 531 2724 soli
561 2683 796 2737 agerem,
823 2669 952 2723 satis
979 2667 1386 2738 interrogationi
1419 2683 1552 2722 mea:
1584 2669 1771 2722 notitia

185 2769 365 2816 vestra
396 2761 704 2817 sufﬁceret:
736 2761 808 2816 nil
841 2761 962 2832 plus
989 2777 1015 2814 a
1049 2776 1181 2831 papa
1209 2776 1368 2832 quam
1409 2776 1438 2815 a
1469 2761 1619 2817 vobis
1651 2777 1769 2832 posa

186 2866 372 2908 sumus
405 2853 642 2908 veritatis
672 2851 874 2906 audire.
927 2853 1028 2906 Sed
1073 2851 1436 2906 Ecclesiarum
1470 2851 1639 2921 poscit
1667 2852 1771 2906 uti-

186 2941 329 3008 litas,
364 2951 423 2996 ut
451 2958 567 3013 qua:
596 2956 692 2997 vos
725 2943 896 2997 nostis
926 2941 1118 3023 doctor
1148 2942 1400 2998 insinuet.
1450 2942 1561 3014 Ego
1592 2952 1769 2998 tamen

184 3037 476 3104 peculiaris
505 3045 684 3091 vester
715 3036 1065 3104 rescriptum,
1101 3037 1145 3092 si
1181 3037 1506 3105 dignamini,
1549 3054 1574 3090 a
1622 3037 1770 3091 vobis

181 3129 510 3198 peculiarins
538 3128 914 3197 praestolabor:
947 3145 1052 3198 quo
1082 3145 1294 3195 revera,
1319 3141 1378 3183 ut
1406 3129 1538 3194 dixi,
1565 3139 1766 3184 tantum
1794 3123 1795 3126 X

181 3219 315 3275 mihi
343 3219 542 3276 veritas
567 3220 906 3276 innotescere
929 3221 1144 3288 poterit,
1164 3228 1421 3290 quantum
1444 3235 1501 3274 se
1516 3219 1771 3274 Romamn
1796 3187 1845 3249 Ο

183 3312 328 3366 urbis
385 3312 616 3367 antistes
674 3311 1010 3367 auctoritatis
1066 3313 1343 3382 privilegio
1399 3310 1772 3382 expetentibu’s

183 3404 530 3476 respondisse
558 3402 829 3474 gaudebit.

654 3493 986 3551 EPISTULA
1041 3493 1308 3548 XXXVII.

275 3603 468 3645 AVITUS
509 3604 809 3644 VlENNENSIS
851 3604 1124 3644 EPISCOPUS
1149 3587 1172 3625 δ
1199 3603 1369 3643 rcrno
1409 3603 1668 3643 rtrtscoro.

259 3679 482 3734 Etiamsi
526 3680 625 3734 alia
667 3694 824 3736 causa
885 3695 992 3734 non
1049 3689 1190 3735 esset
1231 3695 1332 3749 qua
1381 3678 1762 3734 beatitudinem

187 3781 415 3826 vestram
451 3771 709 3826 litterario
741 3773 992 3826 famulatu
1023 3786 1276 3827 occursus
1303 3787 1433 3826 mem
1463 3771 1762 3828 devotionis

189 3876 480 3936 expeteret,
510 3868 709 3936 justum
740 3877 882 3922 esset
915 3882 1009 3922 vos
1040 3867 1107 3922 ab
1136 3867 1386 3922 omnibus
1413 3867 1594 3923 excoli
1614 3910 1628 3933 ,
1673 3870 1760 3939 qui

187 3960 436 4029 opinione
465 3970 644 4014 sancta
669 3960 992 4016 desiderium
1018 3961 1180 4016 vestri
1208 3962 1454 4016 omnibus
1482 3963 1758 4018 inlimatis.

188 4046 404 4120 Dignum
439 4051 635 4122 quippe
664 4060 746 4107 est
773 4065 864 4106 vos
895 4051 1074 4120 expeti
1123 4067 1226 4104 non
1270 4053 1446 4106 minus
1489 4053 1617 4107 sede
1659 4052 1763 4107 Ro-

189 4155 368 4208 mana,
422 4142 548 4213 quia
599 4158 702 4196 non
758 4143 925 4210 magis
975 4141 1408 4210 potestateilla,
1460 4156 1619 4208 quam
1669 4158 1764 4196 vos

187 4234 402 4291 caritate
437 4233 670 4304 fulgetis.
727 4232 887 4300 Cujus
928 4231 1243 4286 reverentiae
1288 4239 1348 4283 ut
1391 4229 1629 4285 debitum
1678 4240 1762 4285 est

186 4325 504 4380 salutatione
535 4326 811 4394 praemissa
833 4365 846 4388 ,
900 4323 1070 4378 fateor
1100 4323 1416 4392 apostolatui
1452 4331 1661 4389 vestro,
1708 4331 1764 4379 et

186 4415 226 4469 si
271 4431 388 4472 cum
441 4417 796 4479 verecundia,
850 4415 1200 4485 ignorantiam
1253 4413 1602 4468 Gallicanam.
1653 4414 1763 4470 Nec

1885 1951 2060 1998 vestra
2093 1958 2226 2011 quos
2270 1944 2510 1999 misimus
2551 1953 2907 2006 revertantur,
2941 1943 3100 1998 vestri
3132 1942 3367 2014 apostolo
3401 1962 3408 1988 l
3438 1962 3457 1988 .-

1884 2032 1982 2086 fida
2013 2034 2290 2100 responsio
2325 2033 2412 2088 ﬁet
2444 2033 2594 2090 nobis
2635 2034 2794 2088 totius
2827 2032 3192 2088 instructionis
3234 2049 3349 2104 qum
3395 2037 3454 2081 ρει

1879 2136 2098 2180 cunctos
2127 2125 2422 2195 perveniat,
2454 2123 2739 2193 plenitudo.

2331 2215 2659 2271 EPISTULA
2705 2213 2992 2270 XXXVIII.

2069 2323 2258 2362 unus
2299 2324 2600 2365 VIENNENSIS
2642 2325 2915 2364 EPISCOPUS
2939 2305 2964 2345 ά
2990 2322 3261 2364 ευῖιιλειο.

1947 2401 2061 2456 Jani
2090 2401 2302 2470 quidem
2337 2417 2431 2471 per
2456 2417 2648 2471 pueros
2681 2418 2828 2458 meos
2857 2403 3063 2457 litteras
3091 2401 3234 2468 dedi,
3265 2403 3454 2470 quibus

1877 2494 2014 2548 scire
2042 2509 2133 2549 vos
2163 2495 2390 2550 facerem
2421 2506 2674 2565 quantum
2708 2496 2854 2550 fratri
2898 2496 3145 2550 lmcterio
3187 2494 3324 2562 apud
3370 2510 3454 2547 me
3486 2567 3488 2570 ν

1879 2585 2274 2640 commendatio
2304 2596 2475 2640 vestra
2511 2587 2814 2653 profecerit.
2845 2587 3042 2640 'tanien
3075 2601 3177 2639 non
3209 2585 3454 2639 dubitans

1877 2693 1999 2737 eum
2031 2677 2167 2732 inter
2196 2678 2338 2731 initia
2372 2678 2710 2748 pontiﬁcatus
2753 2680 2862 2745 Slli,
2909 2679 3138 2732 senioris
3177 2679 3451 2748 germani,

1876 2770 2011 2826 sicut
2041 2771 2258 2840 dignum
2288 2782 2400 2839 est,
2442 2772 2616 2828 ofﬁcia
2650 2783 2988 2837 curaturum;
3035 2773 3130 2825 bas
3170 2773 3327 2825 etiam
3365 2787 3454 2834 per

1878 2865 2046 2930 ipsum
2079 2865 2310 2920 libenter
2337 2865 2536 2934 adjeci,
2578 2866 2769 2936 quibus
2796 2865 3037 2934 Opuseuli
3085 2865 3184 2917 mei
3223 2863 3330 2929 jam
3365 2862 3452 2916 diu

1882 2954 2162 3024 quaesitum
2208 2955 2515 3026 prmdoncm
2546 2955 2618 3023 {in
2672 2971 2860 3010 manus
2908 2969 3054 3008 meas
3083 2955 3296 3008 venisse
3339 2953 3452 3021 plus

1875 3047 2099 3116 gaudeo.
2155 3047 2219 3102 Et
2248 3048 2368 3117 quia
2396 3048 2632 3102 libellum
2667 3049 2873 3118 ipsum,
2911 3056 3161 3116 quantum
3204 3045 3329 3098 milii
3374 3045 3452 3096 in-

1876 3139 2180 3204 dicaverat,
2215 3141 2366 3195 vobis
2399 3141 2666 3210 reportati,
2699 3157 2856 3210 spero
2886 3150 2942 3194 ut
2972 3141 3340 3210 qualecunque
3372 3148 3452 3190 est

1876 3231 2189 3300 opusculum
2225 3231 2426 3299 ipsum,
2471 3247 2567 3286 nec
2595 3239 2846 3286 vacanter
2873 3231 3103 3292 editum,
3146 3245 3242 3284 nec
3280 3229 3451 3281 omni-

1879 3321 2050 3375 modis
2079 3322 2440 3387 emendatum,
2469 3324 2582 3374 viro
2613 3322 2823 3375 sublimi
2872 3337 2931 3374 ac
2979 3321 3238 3387 piissimo,
3273 3321 3316 3374 si
3367 3320 3450 3372 iii-

1877 3413 2152 3481 gnamini,
2202 3413 2350 3466 fratri
2403 3422 2586 3467 nostro
2630 3413 2922 3482 Apollinari
2977 3414 3247 3480 publicare
3295 3421 3450 3480 atque

1879 3518 2135 3558 excusare
2176 3503 2488 3574 dignemini.
2545 3504 2639 3559 Cui
2695 3505 2911 3574 impium
2965 3503 3134 3558 fuerat
3183 3519 3285 3556 non
3338 3504 3450 3556 iure

1877 3614 1904 3652 a
1935 3614 2018 3653 me
2049 3599 2275 3669 primum
2323 3600 2442 3668 jure
2491 3598 2727 3654 caritatis
2757 3597 2974 3659 offerri,
3029 3597 3070 3650 si
3119 3613 3149 3649 ιι
3176 3614 3220 3649 ιιι
3267 3608 3450 3648 rursus

1876 3687 2060 3744 fuisset
2088 3689 2376 3743 absurdum
2398 3734 2410 3755 ,
2458 3705 2541 3743 me
2570 3691 2748 3742 domui
2781 3689 2980 3742 Sidonii
3015 3688 3144 3750 ﬁlio,
3186 3687 3324 3740 inter
3369 3687 3414 3740 I'a

1873 3779 2080 3834 cundia:
2126 3789 2362 3850 paternae
2392 3780 2631 3847 delicias,
2684 3781 2816 3834 meis
2863 3781 3190 3848 temporibus
3241 3779 3446 3831 nausia-

1875 3882 2080 3936 turum,
2134 3872 2327 3926 offerre
2375 3872 2530 3927 etiam
2581 3872 2646 3924 de
2697 3873 3106 3940 [tl’TSiiIlllliOﬂO
3157 3869 3443 3925 fastidium.
3485 3869 3488 3874 ’

1872 3961 2130 4028 Quocirca
2164 3963 2409 4016 volumen
2441 3980 2534 4029 per
2563 3979 2655 4015 vos
2683 3962 3032 4022 temperatius
3062 3961 3442 4028 ingerendum,

1874 4055 1918 4108 si
1967 4053 2302 4122 supradictus
2335 4056 2498 4108 frater
2527 4055 2609 4108 vel
2645 4054 2934 4106 infantibus
2967 4054 3064 4118 legi
3095 4053 3290 4104 debere
3321 4066 3444 4104 ceu-

1873 4145 2077 4207 sueril,
2129 4160 2344 4212 possum
2391 4160 2484 4210 per
2511 4159 2841 4214 ψιευριιιιαιιυ
2888 4140 3292 4206 tnagnlﬁcentire
3337 4154 3445 4189 suae

1873 4234 2068 4303 scripta
2100 4249 2444 4302 cognoscere.
2496 4233 2550 4286 Si
2595 4241 2767 4284 autem
2812 4243 2924 4299 pest
2960 4230 3175 4281 flumina
3227 4228 3445 4280 fontium

1876 4334 2239 4394 paternorum,
2276 4335 2331 4377 ut
2381 4325 2554 4392 potius
2595 4338 2762 4387 reor,~
2788 4330 3150 4389 paupertatem
3187 4333 3336 4371 venae
3370 4328 3446 4372 tc-

1876 4416 2132 4473 nuissimo
2161 4432 2282 4473 rore
2329 4417 2592 4470 manantis
2634 4415 2918 4482 abiecerit,
2970 4415 3085 4466 sine
3128 4412 3444 4493 verecundia

185 4506 364 4563 melius
413 4522 541 4562 esse
591 4514 718 4576 puto
761 4521 1081 4577 quemquam
1123 4505 1379 4559 simulare
1407 4505 1548 4572 quod
1591 4506 1760 4564 sciat.
1792 4489 1848 4552 Β
1875 4523 1992 4564 mea
2032 4524 2235 4576 tntaque
2275 4509 2576 4578 impietate,
2625 4507 2854 4564 sufficiet
2894 4524 2978 4561 me
3017 4489 3446 4575 reprehensionis

271 4665 348 4726 [iis
367 4667 520 4715 maris
539 4667 741 4726 Oceani,
761 4666 836 4714 bis
860 4665 1060 4714 Pontica
1091 4664 1249 4712 littora
1278 4665 1392 4726 vidi,

269 4725 610 4789 Europamque
634 4725 894 4787 Asiamque
919 4739 1152 4789 sequens,
1171 4725 1449 4789 duolimlna
1471 4726 1650 4774 mundi.

271 4787 355 4836 Ilis
379 4786 542 4838 etiam
555 4790 742 4837 meritis
766 4786 1052 4835 seciavimns
1078 4786 1252 4849 agmen
1280 4786 1530 4836 bonorum.

271 4849 440 4910 Aulica
461 4853 642 4910 quippe
662 4861 827 4910 comes
849 4851 958 4898 rexi
983 4851 1266 4910 patrimonia
1291 4849 1466 4906 clarus,

277 4909 333 4959 Et
358 4924 470 4959 mea
484 4909 696 4969 patricio
716 4909 956 4960 fulserunt
976 4909 1165 4971 cingula
1188 4910 1338 4959 cultu.

273 4972 348 5022 Me
373 4976 558 5033 pietas,
582 4985 660 5020 me
683 4980 848 5021 sancta
871 4971 1008 5030 ﬁdes,
1029 4985 1108 5019 me
1133 4971 1247 5020 fovit
1268 4972 1511 5019 honestas.

271 5034 426 5084 Secla
448 5041 620 5083 canant
638 5034 804 5083 titulos
833 5049 843 5082 :
874 5045 982 5081 nam
1007 5033 1223 5081 moribus
1242 5040 1369 5080 astra
1395 5040 1636 5082 tenemus.

253 5112 276 5137 “
303 5105 448 5158 Aviti
475 5104 539 5157 ad
570 5103 904 5157 llortnisdam
932 5101 1173 5170 epistola,
1208 5104 1437 5169 itemque
1462 5101 1760 5159 Hormisda:

189 5173 250 5225 ad
277 5176 490 5230 Avitum
533 5175 832 5240 rCSpOnsio,
876 5181 1144 5240 postremo
1183 5171 1298 5224 loco
1338 5186 1366 5223 a
1408 5171 1558 5224 nobis
1598 5173 1757 5228 edita:

187 5255 301 5296 sunt
333 5260 559 5299 numero
588 5241 663 5298 87
686 5253 739 5298 et
777 5243 865 5307 88,
890 5258 952 5296 ex
996 5242 1182 5310 quibus
1224 5241 1458 5310 epistola:
1506 5242 1662 5311 hujus
1705 5255 1760 5299 et

193 5317 427 5384 proxime
454 5313 726 5384 sequentis
753 5311 1502 5384 interpretatiopetendaest.

254 5382 279 5420 δ
306 5381 632 5448 Ravennati,
677 5393 732 5438 ιιι
763 5382 974 5451 Opinor.
1023 5381 1224 5437 Eodem
1267 5381 1495 5448 pertinet
1527 5385 1754 5451 epistola

189 5467 285 5519 quo
315 5456 577 5523 superim'.
617 5455 788 5508 Missis
819 5455 958 5506 enim
990 5454 1053 5506 ad
1086 5451 1417 5523 llortnisdam
1455 5451 1657 5520 legatis,
1696 5465 1757 5508 ut

190 5525 250 5575 de
279 5522 564 5578 Orientalis
599 5523 848 5578 Ecclesiae
873 5531 1007 5575 statu
1041 5523 1235 5576 certior
1262 5522 1370 5582 ﬁat,
1406 5523 1472 5575 ab
1502 5527 1756 5589 episeopo

193 5591 511 5657 Ravennate,
543 5611 641 5657 qua
673 5596 768 5647 iter
802 5594 905 5646 illis
932 5595 1160 5647 futurum
1194 5603 1330 5652 erat,
1365 5593 1490 5659 petit
1523 5603 1578 5646 ιιι
1606 5595 1757 5663 igno-

191 5665 407 5716 rantiam
439 5665 764 5717 Gallicanam
793 5663 1015 5717 erudiat.
1071 5664 1207 5717 l‘etri
1254 5663 1408 5727 linjus
1453 5664 1502 5714 in
1549 5667 1758 5727 synodo

190 5727 421 5785 Romana
446 5734 664 5802 palinuri
689 5735 862 5786 snbsm
881 5735 1007 5800 iptio
1032 5735 1224 5799 legitur
1249 5732 1330 5784 his
1348 5734 1552 5785 verbis:
1580 5727 1762 5789 Petrus

187 5801 716 5864 wiscopusEchesiw
747 5803 1052 5858 Ravennatis
1093 5805 1209 5858 huic
1252 5812 1438 5858 statuto
1483 5815 1675 5868 nostra,
1707 5807 1762 5860 in

1824 4708 1836 4719 .
1871 4687 1970 4742 quo
2000 4680 2153 4725 totam
2184 4688 2390 4724 causam
2419 4671 2510 4724 Dei
2530 4672 2730 4742 judicio
2759 4673 3122 4735 commisimus,
3149 4671 3442 4736 subscripsi.

1872 4741 1951 4793 Ad
1991 4743 2238 4796 eumdem
2269 4743 2427 4795 etiam
2475 4741 2742 4811 pertinere
2786 4742 3098 4807 conjirimns
3131 4742 3442 4795 Theoderici

1871 4811 2012 4882 regis
2056 4813 2211 4882 epist.
2261 4813 2351 4876 27,
2403 4814 2518 4866 libri
2549 4829 2600 4866 ιιι
2635 4814 2932 4874 Varlaruin,
2989 4813 3144 4865 Petro
3191 4814 3444 4880 episcopo

1872 4880 2178 4951 inscriptam
2214 4884 2390 4938 Felice
2416 4885 2655 4944 consule,
2691 4885 2739 4935 id
2769 4892 2849 4936 est
2871 4923 2885 4944 ,
2919 4898 3058 4936 anno
3087 4883 3285 4936 (ibi-isti
3318 4883 3375 4934 :‘il
3398 4885 3441 4936 l.

1871 4952 2021 5017 Quod
2053 4955 2094 5007 si
2129 4969 2312 5006 verum
2344 4964 2420 5007 est
2442 4995 2455 5014 ,
2495 4965 2675 5007 errant
2705 4955 2794 5021 qui
2828 4953 3040 5006 Petrum
3082 4953 3440 5007 Ravennatem

1871 5031 1996 5076 ante
2026 5023 2077 5077 id
2110 5033 2316 5092 tempus
2343 5024 2648 5077 defunctum
2678 5024 2906 5077 tradunt.

1945 5103 1967 5133 ⁸
1997 5095 2237 5148 Alexium
2282 5095 2646 5164 presbyterum
2693 5103 2746 5146 et
2773 5093 3092 5148 Venantium
3132 5097 3437 5147 diaconum.

1867 5164 1954 5218 Sic
1982 5165 2122 5220 enim
2155 5163 2492 5231 appellaiitirr
2518 5167 2569 5216 in
2595 5164 2730 5217 Aviti
2763 5167 2951 5219 litteris
2981 5168 3045 5218 ad
3081 5167 3436 5223 llnrmisdam,

1869 5246 1922 5290 et
1955 5237 2004 5289 in
2040 5235 2334 5290 Hormisdm
2364 5236 2426 5286 ad
2460 5236 2688 5288 Avitum.

1937 5305 1965 5342 ⁸³
1990 5307 2099 5360 Etsi
2133 5306 2365 5375 episcopi
2400 5321 2590 5358 nomen
2624 5322 2726 5358 non
2760 5318 2838 5358 est
2870 5309 3195 5374 appositum,
3225 5302 3434 5366 episcm

1871 5392 1992 5442 pum
2023 5388 2196 5432 tamen
2232 5375 2393 5428 fuis~e
2417 5377 2641 5428 diverim
2679 5377 3064 5436 Arvernorum,
3111 5377 3173 5426 ad
3204 5384 3358 5442 quem
3386 5377 3440 5442 rt

1870 5438 2008 5501 binze
2036 5458 2162 5502 sunt
2191 5449 2430 5512 epistolae
2462 5448 2688 5508 liuricii,
2735 5462 2953 5514 quarum
2986 5448 3035 5496 in
3068 5445 3232 5495 altera
3265 5438 3440 5514 d_igni-_

1870 5520 1991 5572 talis
2022 5510 2235 5587 quoque
2261 5534 2450 5570 nomen
2481 5520 2734 5569 omissum
2754 5510 2879 5588 est.“
2901 5514 3120 5588 Synodo
3154 5510 3439 5588 Agatliensi

1871 5605 1968 5652 per
1998 5581 2250 5642 vicarium
2301 5589 2618 5653 Subscripsit
2669 5602 2808 5638 anno
2851 5581 2984 5642 suo;
3045 5582 3297 5653 interfuit
3329 5581 3440 5647 ipso

1870 5661 2236 5713 Aurelianensi
2265 5675 2276 5711 ι
2305 5674 2444 5712 anno
2466 5651 2588 5711 5H.
2619 5655 2968 5716 lluucitaqne
2998 5666 3141 5717 rogat
3171 5663 3220 5703 ut
3249 5651 3438 5704 librum

1869 5744 2021 5783 suum
2053 5732 2140 5799 qui
2171 5733 2220 5783 itt
2254 5731 2366 5796 ejus
2398 5742 2587 5780 titanus
2613 5729 2849 5783 venerat,
2882 5721 3202 5784 Apollinaris
3232 5719 3440 5778 Sidonii

1871 5799 1981 5861 ﬁlio
2004 5801 2386 5856 recensendum
2419 5801 2624 5862 ingerat
2654 5801 2705 5845 et
2736 5799 2974 5846 excuset.
