4092 6350
567 375 674 442 258

1860 363 1915 419 S.
1960 355 2141 416 AVlTi
2183 353 2583 411 VIENNENSIS

3741 345 3847 399 236

566 513 678 554 suae
728 508 1007 552 censuram
1061 490 1183 545 hinc
1232 481 1603 541 tantummodo
1654 476 1992 534 intellexisse
2019 517 2033 541 ,
2108 472 2153 525 si
2181 470 2234 531 Α
2261 482 2489 539 gravare
2517 481 2601 521 me
2633 466 2843 530 debeat,
2872 463 3019 518 illum
3051 478 3154 516 non
3180 426 3353 531 po‘test
3380 461 3685 515 sublevare.
3735 461 3845 527 Ego

570 599 745 648 taceat

1043 674 1375 733 EPISTOLA
1426 670 1667 727 XXXIX.

800 786 988 830 AVITUS
1029 783 1333 825 VIENNENSIS
1364 778 1641 822 EPISCOPUS
1683 772 1706 800 ”
1740 774 1917 817 DOHNO

1121 854 1432 898 GUNDEBADO
1455 853 1600 893 ΙιΕῦι.

637 959 787 1027 Quod
813 972 1029 1014 servum
1058 956 1143 1012 cui
1173 954 1438 1011 discessio
1468 950 1771 1008 necessaria
1799 946 2144 1015 credebatur,

564 1052 630 1107 de
660 1051 950 1105 Viennensi
979 1049 1046 1103 ad
1079 1048 1490 1117 Lugdunensem
1536 1042 1810 1097 basilicam
1836 1039 1937 1095 sub
1963 1049 2148 1094 custo-

564 1145 649 1199 dia
677 1143 963 1209 destinavi,
983 1142 1193 1197 timoris
1210 1137 1595 1196 etobedientize
1617 1135 1782 1191 fuisse
1803 1133 2148 1189 manifestum

506 1300 509 1303 _
567 1244 667 1291 est.
728 1236 861 1290 Nam
892 1235 1029 1291 sicut
1056 1249 1178 1288 eum
1232 1231 1320 1287 hic
1367 1231 1735 1285 inaecusatum
1775 1226 1990 1281 tradere
2040 1240 2147 1281 non

566 1328 902 1400 przesumpsi,
948 1328 1019 1382 ita
1045 1326 1154 1381 illic
1186 1322 1696 1392 interrogationibus
1717 1335 1851 1391 quas
1880 1318 2150 1374 audientia

566 1418 892 1488 postulabat,
918 1418 1097 1474 vivum
1123 1417 1238 1473 ﬁeri
1284 1415 1586 1485 procuravi.
1620 1412 1749 1467 Cum
1803 1426 1935 1467 vero
1964 1420 2019 1466 et
2064 1426 2153 1466 re-

568 1510 688 1579 gula
722 1510 920 1580 ubique
946 1525 1049 1565 una
1079 1512 1169 1575 sit,
1193 1518 1247 1565 et
1277 1508 1465 1565 eadem
1493 1521 1589 1561 seu
1620 1504 2030 1575 impossibilitas
2055 1519 2151 1560 seu

574 1600 813 1669 incultas,
847 1618 942 1673 pro
984 1602 1284 1657 communis
1332 1598 1615 1655 ministerii
1643 1596 2018 1653 observatione
2055 1613 2153 1653 nos

601 1703 792 1747 Janeat
818 1710 832 1759 ;
866 1710 971 1749 non
1000 1709 1099 1765 ego
1126 1693 1502 1764 proprietatem
1531 1692 1898 1761 Lugdunensis
1919 1700 1974 1746 et
1996 1691 2155 1746 Vien-

574 1786 757 1841 nensis
781 1786 1042 1853 basilicae,
1069 1787 1165 1842 sed
1195 1784 1550 1841 reverentiam
1578 1782 1834 1838 Ecclesia:
1875 1784 2153 1853 utriusque

2259 572 2441 618 tamen
2467 572 2797 633 praeceptum
2820 568 3015 615 vestrae
3040 556 3250 626 pietatis
3270 558 3539 625 opperior.
3574 555 3843 625 Quidquid

2257 654 2420 709 habet
2447 653 2728 709 ecclesiola
2752 666 2895 717 mea,
2923 652 3029 705 imo
3047 663 3233 704 omnes
3258 648 3500 704 ecclesiae
3533 656 3729 701 nostra:
3753 663 3842 701 ve—

2255 756 2424 802 strum
2451 756 2553 811 est,
2587 746 2656 801 de
2679 744 2979 802 substantia
3008 758 3169 813 quam
3204 753 3223 781 ε
3258 742 3338 797 vel
3365 742 3620 796 servastis
3662 740 3841 795 hacte-

2256 854 2358 894 nus
2383 840 2468 895 vel
2500 840 2761 894 donastis.
2790 836 2942 906 Quod
2972 838 3266 905 inSpirante
3296 835 3404 890 Deo
3445 834 3835 903 praeceperitis,

2254 930 2309 985 in
2332 939 2587 999 quantum
2619 929 2764 985 vires
2792 928 3053 993 habuero,
3080 942 3268 997 parere
3296 927 3552 981 conabor.
3572 928 3836 980 Caeterum

2256 1021 2450 1077 divinm
2464 1022 2755 1093 majestatis
2772 1022 3021 1093 aspectus
3044 1021 3174 1075 nihil
3196 1029 3368 1090 potest
3389 1021 3646 1076 oﬁ‘ensam
3661 1037 3834 1089 suam,

2255 1130 2413 1185 quam
2440 1126 2671 1170 vestram
2703 1130 2919 1186 semper
2946 1113 3243 1169 timuissem
3272 1123 3546 1168 aeternam.
3581 1113 3693 1167 Hoc
3712 1130 3837 1182 sup-

2255 1208 2464 1278 pliciter
2493 1225 2699 1279 quaeso,
2730 1218 2787 1263 ut
2814 1208 2997 1264 infelix
3028 1207 3116 1263 ille
3137 1206 3204 1261 ad
3236 1207 3389 1274 cujus
3439 1206 3834 1261 accusationem

2255 1305 2386 1359 satis
2416 1303 2611 1357 sufﬁcit
2642 1302 2782 1371 quod
2811 1310 3055 1367 excusat,
3084 1301 3221 1369 apud
3251 1300 3473 1370 iustitia:
3510 1308 3702 1355 vestra:
3724 1300 3837 1354 ani-

2255 1412 2375 1453 mos
2414 1412 2518 1452 non
2548 1411 2633 1453 me
2686 1396 2842 1451 faciat
2864 1409 2975 1450 sua:
3009 1393 3337 1449 infidelitatis
3366 1392 3601 1460 socium,
3633 1391 3838 1447 etiamsi

2255 1490 2450 1546 viderit
2480 1506 2576 1561 pro
2606 1498 2786 1545 vestra
2819 1489 3184 1544 commotione
3214 1478 3517 1541 multatum.

2790 1599 3125 1656 EPISTULA
3166 1597 3279 1653 XL.

2479 1712 2667 1753 AVITUS
2710 1710 3015 1751 VIENNENSIS
3061 1708 3339 1749 EPISCOPUS
3385 1690 3411 1728 ἀ
3458 1706 3632 1747 nonne

2947 1779 3276 1821 SlGlSMUNDO.

578 1879 837 1932 tractavi:
881 1878 1021 1935 unde
1079 1878 1450 1934 intercessioni
1498 1876 1526 1915 ι)
1559 1877 1770 1932 facilius
1815 1877 1884 1933 de
1912 1878 2155 1947 proximo

2334 1866 2410 1920 De
2440 1864 2730 1919 festivitate
2766 1862 2833 1917 ad
2873 1877 3031 1931 quam
3076 1860 3345 1930 profectus
3394 1859 3596 1914 fueram
3636 1870 3841 1912 summa

577 1971 942 2042 suggerendae,
972 1970 1113 2040 quod
1145 1981 1427 2039 utrumque
1470 1979 1710 2025 nostrum
1762 1979 1979 2038 tangere
2002 1980 2153 2038 pote-

580 2072 687 2128 rat,
718 2078 954 2133 przesens
976 2063 1261 2133 episcopus
1289 2062 1565 2131 allegaret.
1594 2060 1868 2131 Siquidem
1904 2061 1953 2113 in
1984 2062 2158 2115 omni-

582 2154 683 2210 bus
718 2155 849 2209 locis
876 2154 1095 2221 sanctis,
1126 2155 1265 2209 sicut
1301 2153 1601 2209 ministerio
1623 2161 1808 2207 nostro
1852 2151 2038 2207 eadem
2071 2166 2158 2206 ca-

578 2249 728 2316 ritas,
753 2249 824 2304 ita
855 2249 1081 2319 imperio
1108 2258 1286 2304 vestro
1308 2263 1457 2315 aequa
1476 2255 1712 2315 potestas
1737 2255 1839 2300 est.
1868 2245 1936 2300 Ut
1954 2253 2155 2300 taceam

578 2342 718 2413 quod
746 2356 932 2397 servus
974 2342 1111 2412 ipse,
1143 2357 1175 2396 a
1221 2340 1433 2395 Domini
1462 2339 1822 2395 eollocutione
1861 2337 2155 2407 digressus,

578 2450 685 2491 non
717 2435 899 2490 debuit
929 2450 1025 2505 pro
1054 2434 1369 2491 concitanda
1414 2433 1543 2488 mihi
1568 2432 1769 2488 offensa
1801 2431 2156 2487 Viennensem

581 2538 853 2600 expetere,
900 2528 989 2599 qui
1038 2528 1149 2583 illic
1197 2528 1403 2598 positus
1450 2528 1590 2581 intra
1638 2525 2047 2595 Lugdunensem
2101 2538 2160 2579 se

583 2621 753 2691 potuit
783 2621 1076 2676 Ecclesium
1130 2620 1423 2675 continere.
1468 2619 1544 2674 De
1589 2633 1750 2673 causa
1788 2633 1942 2683 vero,
1974 2618 2026 2672 in
2058 2632 2159 2686 qua

581 2729 760 2769 coram
787 2718 1033 2771 examine
1052 2717 1386 2772 celsitudinis
1412 2726 1607 2771 vestrae
1651 2715 1878 2770 callidus
1931 2714 2183 2783 depositi'

582 2816 806 2875 negator
830 2810 1086 2877 arguitur,
1135 2809 1255 2863 talis
1296 2808 1623 2863 conscientia
1676 2822 1793 2861 mea
1838 2817 1940 2872 est,
1991 2806 2162 2875 qualis

584 2900 695 2955 Deo
743 2911 796 2956 et
850 2901 997 2956 vobis
1041 2903 1093 2958 in
1125 2903 1269 2957 omni
1301 2913 1424 2958 actu
1470 2917 1593 2956 meo
1648 2912 1701 2956 et
1754 2901 2163 2957 conversatione

582 3005 932 3051 monstratur.
961 2999 1273 3068 Quanquam
1315 2998 1476 3051 etiam
1510 3011 1596 3050 me
1627 3002 1859 3050 testante
1903 2995 2163 3063 interpel-

581 3088 743 3143 lantis
771 3090 1108 3160 simplicitas,
1136 3106 1255 3161 qua:
1287 3100 1343 3145 ut
1374 3090 1442 3159 pii
1474 3089 1655 3145 domui
1702 3090 1893 3145 dicatis
1930 3104 2036 3143 non
2064 3089 2161 3144 dc-

580 3181 776 3237 vitarer
831 3184 1143 3252 operatione
1209 3181 1447 3248 difﬁteri,
1510 3181 1597 3251 qui
1656 3183 1707 3235 in
1752 3181 1866 3250 ejus
1912 3181 2161 3235 consola-

580 3273 729 3329 tione
762 3276 1057 3340 volueram,
1084 3276 1125 3329 si
1145 3273 1414 3328 Christum
1441 3272 1675 3341 cogitare
1698 3281 1999 3341 putaretur,
2034 3288 2163 3341 pro-

581 3366 740 3421 ﬁteri.
774 3366 925 3434 Quod
958 3368 1117 3422 etiam
1151 3367 1404 3437 praesenti
1456 3365 1832 3421 testiﬁcatione
1874 3368 1941 3420 de
1991 3366 2159 3422 servis

580 3457 794 3525 vestris,
824 3458 1028 3513 civibus
1060 3458 1278 3524 nostris,
1312 3457 1473 3527 aliqui
1505 3465 1895 3526 cognoverunt.
1928 3456 2160 3513 l’ulsatis

578 3555 757 3603 autem
789 3548 1073 3604 laboriosis
1090 3558 1240 3603 extra
1273 3548 1514 3603 ordinem
1539 3564 1693 3602 suum
1724 3564 1937 3603 omnem
1971 3564 2159 3618 parum

575 3640 782 3697 stabilis
806 3642 999 3696 dicitur
1044 3657 1165 3696 esse
1196 3642 1498 3711 responsio.
1545 3640 1730 3696 Utrum
1781 3640 1849 3695 de
1898 3655 1982 3694 me
2032 3641 2155 3705 erit,

575 3744 825 3802 suggerat
857 3734 994 3789 Deus
1016 3735 1167 3788 vobis
1196 3752 1209 3799 ;
1252 3733 1489 3787 declaret
1538 3744 1592 3788 et
1642 3736 1878 3796 veritas;
1912 3734 2032 3803 quia
2066 3734 2157 3802 qui

576 3824 864 3892 castigatus
893 3840 923 3878 a
956 3840 1059 3890 me,
1109 3840 1175 3879 eo
1206 3826 1340 3879 forte
1390 3826 1576 3895 spiritu
1608 3825 1859 3879 falsitatis
1907 3825 2161 3880 irascitur

576 3930 683 3984 quo
708 3924 891 3969 contra
921 3917 1215 3985 simplicem
1241 3916 1307 3972 de
1332 3917 1562 3986 depositi
1592 3916 1919 3972 iuﬁciatione
1958 3918 2159 3972 menti-

579 4017 685 4075 tur,
710 4008 832 4065 licet
861 4009 971 4065 Deo
994 4011 1251 4081 vobisque
1281 4009 1525 4080 propitiis
1557 4025 1745 4080 parum
1786 4010 1852 4065 ad
1884 4010 2157 4065 defensio-

577 4116 698 4157 nem
721 4116 871 4156 suam
900 4102 1215 4172 proﬁciente
1242 4112 1573 4168 commento,
1605 4102 1731 4157 dum
1760 4117 1819 4159 se
1846 4118 1875 4157 a
1908 4119 1995 4159 me
2031 4103 2163 4159 dicit

575 4189 907 4249 admonitum
941 4208 1007 4249 ne
1060 4193 1332 4260 redderet,
1382 4191 1596 4247 diffiteri
1650 4208 1754 4248 non
1798 4203 1975 4263 potest
2015 4193 2161 4264 quod

572 4288 800 4358 accepit.
831 4287 964 4356 Quae
994 4286 1261 4358 professio
1312 4300 1430 4353 sua,
1479 4285 1688 4343 etiamsi
1727 4287 1993 4342 censeatis
2020 4286 2165 4356 quod

648 4454 673 4481 "
700 4444 928 4499 Causam
974 4443 1151 4497 reddit
1179 4459 1275 4497 cur
1320 4458 1533 4497 servum
1574 4442 1802 4510 depositi
1843 4450 2153 4509 negatorem

574 4514 667 4584 qui
692 4515 949 4584 Lugduno
972 4513 1233 4586 Viennam
1258 4523 1498 4580 venerat,
1527 4513 1842 4586 Lugdunum
1868 4512 2159 4586 ad_di_squi-
2188 4526 2242 4586 Ι)

577 4581 829 4639 sitionem
859 4584 1129 4639 remiserit
1180 4592 1474 4651 purgatque
1510 4583 1652 4653 quod
1700 4581 1791 4636 ille
1821 4596 1881 4637 se
1909 4581 1977 4634 ab
2001 4583 2159 4638 Avito

576 4655 785 4710 dicebat
812 4653 1140 4707 admonitum
1168 4668 1235 4707 ne
1258 4653 1525 4708 redderet.

651 4724 677 4763 δ
708 4725 947 4780 Solemni
1000 4724 1375 4795 episcoporum
1432 4739 1601 4789 more,
1659 4724 1743 4793 qui
1776 4733 1831 4779 et
1862 4739 1957 4792 pro
1984 4726 2156 4782 servis

579 4796 718 4866 apud
747 4796 1012 4861 dominos,
1046 4805 1099 4850 et
1128 4810 1225 4864 pro
1248 4796 1356 4850 reis
1383 4796 1814 4865 quibuscunque,
1845 4795 2053 4850 miseris
2076 4798 2159 4851 vel

577 4869 868 4936 oppressis,
892 4867 1031 4934 apud
1057 4867 1267 4935 judices
1293 4877 1384 4920 aut
1415 4866 1555 4933 apud
1598 4866 1869 4935 principes
1894 4871 2051 4923 enixe
2080 4869 2161 4921 in-

579 4938 854 4992 tercedere
880 4938 1144 4992 solebant.
1196 4937 1469 4991 Ennodius
1514 4938 1564 4991 in
1593 4939 1701 4991 vita
1732 4936 2015 5006 Epiphauii
2046 4938 2161 5007 epi-

577 5010 745 5077 scopi,
773 5017 883 5061 tum
913 5009 1087 5063 adhuc
1113 5008 1321 5062 diaconi
1352 5026 1365 5063 :
1395 5006 1827 5062 Intercessionum
1858 5010 2009 5062 etiam
2040 5006 2159 5063 tunc

577 5079 853 5133 certamina
908 5081 1230 5149 proludebat.
1284 5079 1423 5133 Nam
1470 5079 1753 5146 ubicunque
1790 5096 1882 5148 pro
1920 5080 2159 5133 remediis

518 5171 529 5219 ί
576 5151 878 5203 miserarum
907 5152 1129 5220 episcopi
1160 5152 1448 5203 mittebatur
1480 5152 1723 5219 imperio,
1760 5159 1902 5203 tanta
1928 5150 2160 5219 exigebat

577 5221 871 5282 bene/icium
898 5233 1007 5274 arte
1035 5222 1379 5290 supplicandi,
1427 5230 1481 5274 ut
1513 5222 1750 5275 sentirent
1781 5221 1875 5273 sibi
1916 5223 1969 5274 in
1992 5222 2159 5274 causis

546 5290 551 5297 ’
577 5294 831 5359 profuisse
861 5290 1202 5359 complurimi,
1227 5293 1393 5361 ipsum
1418 5310 1503 5357 per
1533 5308 1586 5345 se
1614 5294 1907 5361 episwpum
1938 5308 2038 5343 non
2070 5307 2157 5343 ve-

579 5364 728 5416 nisse.
788 5362 965 5417 Plente
1013 5374 1135 5416 sunt
1189 5363 1449 5428 exemplis
1496 5374 1801 5416 sanctorum
1858 5361 2156 5415 antistitum

581 5434 837 5494 historian
871 5445 923 5487 et
954 5435 1161 5487 illustre
1197 5434 1459 5503 imprimis
1491 5441 1575 5487 est
1604 5434 1660 5486 S.
1704 5433 2004 5499 Augustini,
2036 5446 2157 5485 cum

578 5517 675 5569 pro
719 5506 1239 5559 cireumeelliuuibus
1296 5504 1609 5566 Donatistis,
1660 5504 1859 5555 atrocia
1915 5503 2153 5556 facinora

579 5574 856 5637 υοηΐεεςὶς,
887 5577 1023 5642 apud
1049 5575 1413 5628 Marcellinum
1433 5574 1690 5641 judieem,
1717 5583 1769 5625 et
1796 5574 1935 5641 apud
1965 5575 2159 5641 Apl‘lll-

580 5643 722 5711 gium
757 5646 1149 5709 proconsulem,
1189 5646 1417 5698 nt‘citra
1461 5645 1648 5697 mortis
1686 5644 2007 5711 supplicium
2065 5659 2158 5708 pu-

582 5715 817 5779 niantur,
852 5715 1133 5769 intercedit
1163 5716 1389 5784 epistola
1420 5714 1520 5767 159
1550 5724 1604 5767 et
1631 5714 1754 5775 160,
1784 5715 1873 5781 qui
1900 5713 2044 5784 etde
2076 5714 2155 5766 in-

586 5784 965 5855 tercessionum
991 5782 1211 5839 istarum
1232 5787 1480 5854 aequitate
1500 5800 1561 5836 ac
1582 5782 2159 5855 religioneambigettti

586 5851 892 5913 Macedonio
920 5851 1320 5914 accuratissime
1360 5855 1608 5913 rescribit
1634 5851 1789 5919 epist.
1821 5852 1910 5910 5t.

2262 1958 2476 2029 quidem
2541 1954 2881 2011 festinatione
2924 1968 3173 2009 reversus
3218 1968 3356 2007 sum.
3418 1950 3522 2007 Sed
3566 1950 3686 2020 quia
3733 1950 3843 2018 jam

2261 2055 2397 2107 duce
2427 2049 2643 2105 Christo
2672 2047 3099 2119 processeratis,
3147 2044 3520 2109 lzetificandus,
3551 2054 3608 2098 ut
3636 2043 3703 2098 de
3734 2032 3843 2098 Deo

2261 2144 2551 2209 credimus,
2584 2142 2755 2197 reditu
2779 2150 2984 2206 vestro,
3023 2137 3308 2194 immodice
3352 2149 3527 2193 tamen
3578 2136 3837 2190 attonitus

2262 2237 2458 2293 reddor
2496 2237 2782 2291 abscessu:
2814 2234 2959 2304 quod
3006 2232 3212 2287 scilicet
3257 2232 3310 2286 in
3339 2231 3454 2299 ipso
3508 2242 3838 2283 successum

2262 2331 2632 2403 prosperitatis
2664 2344 2933 2399 regressu,
2970 2325 3181 2381 advolvi
3210 2324 3434 2395 genibus
3467 2322 3669 2378 domini
3709 2321 3837 2386 mei,

2266 2422 2605 2493 permulcere
2633 2420 2833 2475 osculis
2864 2434 3079 2485 manus,
3104 2428 3157 2473 et
3185 2418 3235 2471 in
3260 2426 3445 2471 saneto
3486 2416 3576 2470 illo
3627 2424 3846 2485 pectore

2264 2517 2451 2573 sedem
2488 2516 2611 2569 ﬁdei
2648 2524 2844 2569 nostrtc
2884 2513 3108 2568 adorare
3157 2526 3262 2565 non
3291 2509 3481 2565 merui.
3513 2508 3623 2563 Nec
3673 2518 3845 2564 tamen

2264 2611 2444 2667 dicere
2473 2609 2724 2673 audeam,
2776 2606 2913 2661 istud
2958 2604 3086 2659 mihi
3140 2612 3362 2674 peccato
3409 2601 3689 2655 fraudante
3731 2616 3849 2655 ces-

2266 2704 2429 2758 sisse:
2460 2717 2528 2757 ne
2549 2701 2739 2754 divinae
2760 2698 2945 2769 gratia:
2966 2712 3085 2768 quae
3108 2697 3237 2751 mihi
3266 2696 3441 2749 taliter
3463 2703 3693 2749 vestram
3708 2708 3847 2763 prte-

2265 2796 2444 2862 scntit,
2480 2793 2672 2849 reddar
2708 2792 2969 2862 ingratus.
3012 2789 3143 2844 Nam
3176 2804 3296 2843 cum
3326 2788 3576 2842 omnibus
3599 2787 3849 2858 generale

2262 2891 2571 2962 iustumque
2591 2890 2678 2956 sit,
2712 2888 2762 2941 in
2789 2886 2971 2955 gloriae
2998 2894 3194 2939 vestra:
3214 2883 3411 2937 cultum
3434 2882 3573 2953 quod
3591 2880 3847 2936 debemus

2267 2984 2503 3050 ambire,
2556 2980 2686 3036 illud
2714 2977 3057 3049 singulariter
3096 2974 3372 3043 accepisse
3403 2989 3489 3029 me
3524 2972 3751 3043 gaudeo,
3795 2981 3849 3025 ut

2268 3095 2389 3136 cum
2423 3092 2519 3145 pro
2549 3076 2741 3132 effectu
2770 3074 3102 3129 voluntatum
3128 3079 3309 3124 tenere
3341 3082 3523 3123 secum
3550 3082 3581 3120 a
3613 3082 3699 3121 me
3729 3080 3847 3120 ser-

2271 3174 2384 3229 vitii
2411 3172 2651 3228 debitum
2672 3165 3077 3238 impossibilitas
3120 3179 3225 3219 non
3255 3163 3392 3218 ferat
3434 3161 3654 3232 porrigi,
3711 3158 3849 3230 apud

2269 3281 2366 3324 vos
2396 3267 2564 3336 pietas
2606 3270 2824 3318 censeat
2867 3256 3123 3328 impendi.
3174 3256 3282 3312 Sed
3337 3270 3435 3324 ego
3480 3255 3627 3308 solus
3656 3252 3850 3307 damno

2270 3358 2553 3431 percellor,
2598 3354 2807 3424 quoties
2858 3346 3210 3407 consolationi
3261 3361 3393 3401 meae
3442 3346 3702 3400 interesse
3744 3360 3847 3398 non

2270 3466 2516 3509 mereor:
2550 3449 2764 3519 quoties
2793 3459 3051 3502 accensus
3093 3440 3495 3496 tribulationum
3526 3447 3687 3493 restas
3714 3439 3849 3492 intra

2270 3562 2357 3601 me
2380 3547 2575 3606 solum,
2606 3558 2633 3596 a
2681 3539 2947 3596 sermonis
2982 3537 3145 3592 vestri
3171 3534 3448 3603 refrigerio
3471 3533 3741 3600 exclusus,
3769 3533 3848 3586 in-

2270 3640 2537 3694 cluditur:
2570 3635 2780 3705 quoties
2804 3632 2933 3687 mihi
2966 3631 3178 3687 dolores
3201 3629 3437 3683 internos
3479 3625 3672 3681 medici
3705 3626 3842 3679 illius

2270 3744 2457 3785 manus
2479 3735 2698 3797 experta
2715 3740 2817 3779 non
2836 3722 3106 3781 confovet.
3124 3720 3222 3787 Qui
3242 3716 3553 3787 pro:tuendo
3574 3718 3711 3771 inter
3727 3716 3851 3769 talia

2270 3822 2466 3879 famulo
2492 3835 2590 3875 suo
2618 3820 2810 3888 pietate
2865 3814 3108 3879 studens,
3158 3812 3353 3866 virtute
3383 3808 3700 3880 persistens,
3729 3823 3852 3861 cum

2270 3918 2398 3971 satis
2428 3922 2573 3969 esset
2602 3913 2643 3966 si
2669 3910 2901 3964 favorem
2947 3906 3108 3961 vellet
3152 3902 3369 3965 offerre,
3401 3901 3637 3955 laborem
3670 3900 3857 3969 digna-

2272 4022 2356 4065 tur
2381 4021 2669 4078 apponere.
2714 4003 2819 4058 Sed
2872 4013 3139 4071 praesumo
3174 3996 3451 4066 majestate
3481 3993 3682 4057 divina,
3727 3991 3854 4046 hinc

2272 4109 2522 4173 respectu
2546 4097 2652 4152 mei
2678 4094 2925 4151 sensibus
2963 4092 3163 4159 vestris
3205 4087 3446 4143 tenacius
3487 4084 3852 4149 adhaesurum,

2268 4210 2374 4264 quo
2419 4207 2538 4247 eum
2585 4189 2738 4244 nobis
2779 4202 2929 4240 amor
2982 4182 3258 4238 catholicas
3308 4179 3439 4250 legis
3488 4176 3697 4232 infudit.
3742 4176 3857 4231 Sub

2269 4287 2422 4354 cujus
2448 4280 2742 4340 occasionis
2774 4287 2959 4333 sancto
2988 4284 3285 4345 praeventu,
3306 4283 3415 4326 tum
3440 4284 3601 4341 penes
3630 4283 3724 4323 vos
3757 4284 3855 4321 tm-

2344 4452 2364 4477 ε
2391 4438 2583 4494 Libera
2607 4446 2661 4491 et
2691 4436 2919 4503 ingenua
2953 4430 3235 4506 professio.
3254 4425 3599 4506 Principibus
3622 4434 3858 4506 accepta

2269 4512 2509 4568 feruntur
2532 4510 2667 4563 bona
2689 4496 3096 4571 ecﬁlesiquuze
3123 4502 3205 4555 vel
3236 4496 3503 4571 donarunt
3524 4496 3658 4571 ipsi,
3686 4496 3860 4571 velut

2266 4565 2467 4637 donare
2528 4580 2730 4645 liceret,
2796 4565 3213 4634 concesserunt,
3248 4586 3309 4625 ex
3354 4569 3469 4645 lege
3509 4565 3855 4645 Constantini

2266 4653 2463 4723 Magni.
2496 4637 2729 4723 abeat,
2755 4644 3326 4723 inqui‘t,__unusquisg_ue
3348 4637 3855 4723 ficeritiantlsanrtis-

2223 4708 2241 4723 ’
2264 4708 2394 4777 sim?)
2420 4721 2683 4777 catholica:
2709 4708 3074 4781 bene'rabitique
3097 4708 3313 4766 concilio
3336 4710 3581 4781 decedens
3603 4708 3857 4781 bonorum

2264 4795 2401 4858 quod
2428 4791 2615 4863 aptavit
2635 4790 2939 4863 relinquere.
2964 4778 3098 4839 Cod.
3123 4778 3857 4863 'l‘heodzdeepiscopis,.etc.

2266 4848 2641 4920 Defens'ionem
2677 4848 2890 4926 quicque
2915 4859 3178 4911 bonorum
3208 4852 3441 4926 subditis
3462 4849 3573 4903 suis
3599 4848 3858 4926 omnibus

2264 4917 2541 5004 principes
2570 4917 2978 5004 cum'debeant,
3004 4926 3327 5004 praecipuam
3356 4921 3559 5004 debent
3588 4917 3857 5004 ecclesia-

2268 4992 2524 5060 sticis.'|n
2556 5015 2662 5069 quo
2696 5013 2878 5067 regum
2911 4992 3395 5069 olimFrancorum
3425 4992 3596 5069 pietas
3639 4992 3859 5051 enituit,

2268 5078 2355 5144 qui
2390 5088 2476 5129 res
2500 5082 2553 5127 et
2575 5062 2836 5144 mancipia
2867 5068 3109 5144 ecclesiae
3130 5063 3324 5144 eodem
3348 5077 3407 5143 se
3435 5062 3639 5144 loco_ac
3666 5074 3771 5140 ‘res
3804 5070 3864 5144 et

2269 5131 2533 5208 mancipia
2564 5140 2672 5194 fisci
2704 5131 2900 5193 habere
2932 5139 2981 5193 in
3016 5134 3274 5208 Capitulis
3293 5133 3414 5208 suis
3452 5131 3680 5199 professi
3706 5140 3859 5208 sunt.

2341 5214 2367 5251 ἀ
2404 5199 2560 5268 Missa
2603 5226 2723 5266 cum
2768 5199 3144 5279 Sigismundus
3179 5207 3243 5259 ad
3293 5203 3537 5263 bellicam
3568 5199 3864 5279 quamdnttt

2266 5286 2671 5357 expeditionem
2694 5296 2752 5336 se
2775 5276 3098 5357 accingeret,
3130 5276 3394 5357 incertum
3425 5287 3530 5341 quo
3561 5280 3613 5357 et
3639 5284 3777 5357 qluos
3806 5276 3864 5325 in

2267 5341 2468 5413 hostes.
2525 5354 2673 5420 Quod
2705 5368 2830 5405 vero
2862 5341 3010 5405 illum
3058 5349 3287 5401 insinuat
3320 5344 3476 5420 fidem
3510 5341 3861 5420 catholicam,

2266 5411 2827 5483 cunniliaecwseriberet
2860 5422 3162 5487 amplexum
3188 5419 3296 5492 jam
3329 5411 3677 5492 fuisserfaeit
3702 5420 3759 5490 ut
3794 5426 3867 5463 ea

2266 5516 2385 5568 qua:
2408 5503 2506 5551 sub
2540 5497 2698 5568 finem
2722 5485 2962 5560 epistolae
2985 5490 3295 5568 dc_r_nateria
3322 5485 3870 5568 pretiosioristriupt-

2268 5550 2872 5635 filii—sermocinaturum
2903 5578 2959 5617 se
2986 5550 3383 5635 pollicetur,ail
3407 5552 3683 5635 heminam
3719 5550 3870 5635 alit}:-

2266 5620 2732 5700 derevideantur,
2763 5649 2918 5701 quam
2952 5620 3018 5686 ab
3049 5630 3207 5704 Avito
3236 5620 3298 5704 in
3334 5620 3665 5704 Sigismuudi
3699 5620 3867 5704 regis

2267 5710 2641 5770 conversione,
2675 5698 2932 5760 sensuum
2966 5703 3225 5756 suavitate
3254 5698 3639 5770 plenissimam.
3661 5700 3868 5770 etver-

2268 5756 3289 5847 borumcompositionedulcissimam,
3324 5766 3389 5821 ad
3414 5763 3669 5833 Depulutn
3698 5756 3869 5814 babi-

2269 5862 2377 5909 tam
2406 5860 2590 5907 auctor
2614 5845 2697 5905 est
2714 5845 3059 5913 ,Agobardus.
