4092 6350
245 321 347 376 357

1648 324 1972 383 EPISTULA
2015 324 2147 378 XLI.

3384 330 3484 392 958

246 430 493 501 possibile
514 432 616 485 erit
638 445 793 500 quem
816 431 1123 501 suscepistis
1141 446 1353 487 servum
1389 434 1633 502 rejicere,
1656 450 1813 505 quem
1839 438 1893 495 Α
1922 448 2039 503 qua:
2074 432 2201 486 tanti
2252 435 2488 488 muneris
2538 434 2679 489 dono
2725 438 2834 491 sola
2890 430 3158 496 mercatur
3210 441 3482 510 illustrari,

244 522 560 591 cognovistis
610 521 883 576 dominum
930 538 1034 578 non
1079 538 1281 579 amare.
1334 525 1489 591 Quod
1544 533 1812 595 superest,

243 614 438 682 egressi
470 612 673 679 felices,
700 614 770 669 ile
816 616 1068 685 sospites,
1119 617 1292 672 redite
1334 618 1587 673 victores.
1626 619 1813 674 Fidem

244 714 471 759 vestram
500 703 620 759 telis
652 705 895 772 inserite,
926 708 1290 774 provisionem
1316 708 1547 764 divinam
1586 711 1813 779 promit-

244 794 402 849 tendo
432 793 734 861 admonete,
766 797 959 850 auxilia
984 798 1101 852 ρωιί
1128 798 1375 867 precibus
1396 799 1614 870 exigite,
1640 801 1816 868 jacula

243 894 416 940 vestra
440 886 573 940 votis
603 894 829 942 armate.
864 887 1018 941 Dabit
1051 889 1190 943 Deus
1219 900 1276 943 ut
1304 891 1569 946 bellorum
1618 902 1815 963 tropzea

242 991 358 1047 quae
387 978 537 1032 vobis
594 978 706 1046 ipse
756 979 1086 1048 prmstiterit,
1139 982 1502 1053 cujuscunque
1552 985 1815 1041 sermonis

244 1069 510 1137 obsequio
542 1070 639 1124 sub
670 1070 890 1125 materia
911 1071 1027 1141 ejus
1070 1089 1229 1142 quem
1277 1074 1473 1129 dudum
1523 1090 1810 1147 exsequor,

245 1161 493 1230 triumphi
523 1162 855 1230 pretiosioris
887 1178 1225 1233 exaggerem.

766 1297 1096 1354 EPISTOLA
1139 1301 1271 1355 XLI.

313 1427 497 1466 AVITUS
518 1426 820 1467 VIENNENSIS
863 1429 1135 1470 EPISCOPUS
1167 1425 1191 1451 “
1222 1430 1561 1471 CHLODOVECO
1592 1434 1731 1475 REGI.

315 1532 331 1561 ¹
369 1529 576 1584 Vestrae
639 1508 952 1583 subtilitatis
978 1530 1325 1585 acrimoniam
1368 1508 1814 1604 quorumcunque

242 1622 589 1677 schismatum
609 1629 901 1676 sectatores
914 1624 1192 1677 sententiis
1212 1625 1521 1691 suis,variis
1540 1627 1811 1696 Opinione,

244 1713 475 1767 diversis
507 1711 871 1773 multitudine,
910 1713 1088 1767 vacuis
1105 1714 1349 1780 veritate,
1391 1715 1679 1770 Christiani
1722 1734 1817 1771 no-

1922 524 2060 594 quod
2084 539 2187 578 non
2207 525 2345 580 desit
2375 535 2429 580 et
2454 528 2658 597 reliquo
2688 530 2801 584 orbi
2830 532 3042 586 claritas
3070 548 3184 588 sua.
3214 534 3488 603 Siquidem

1919 626 1974 671 et
2001 617 2238 671 occiduis
2288 619 2525 686 partibus
2575 622 2625 675 in
2655 638 2779 693 rege
2828 639 2934 679 non
2970 640 3106 680 novo
3139 628 3257 680 novi
3281 628 3491 697 jubaris

1920 709 2099 763 lumen
2130 709 2430 780 effulgurat.
2464 712 2625 781 Cujus
2655 717 2998 785 splendorem
3028 734 3258 789 congrue
3286 722 3491 776 redem-

1919 801 2088 869 ptoris
2116 801 2282 855 nostri
2314 802 2560 858 nativitas
2584 805 2851 860 inchoavit
2883 825 2897 862 :
2928 817 2986 862 ut
3011 821 3401 880 consequenter
3428 826 3492 867 eo

1919 892 2005 946 die
2050 892 2114 946 ad
2162 895 2389 948 salutem
2424 897 2729 965 regenerari
2760 912 2826 951 ex
2859 900 2997 954 unda
3031 916 3126 956 vos
3156 914 3360 972 pareat,
3388 919 3493 974 quo

1919 991 2100 1037 natum
2134 983 2487 1054 redemptioni
2514 1001 2625 1041 suae
2665 988 2786 1043 coeli
2831 988 3110 1046 Dominum
3154 995 3381 1049 mundus
3406 1010 3493 1050 ac-

1919 1078 2081 1144 cepit.
2112 1075 2271 1146 lgitur
2298 1078 2386 1147 qui
2426 1078 2640 1134 celeber
2684 1089 2766 1135 est
2812 1082 3005 1137 natalis
3058 1084 3289 1152 Domini,
3334 1090 3402 1142 sit
3441 1098 3494 1145 et

1918 1166 2112 1221 vestri:
2137 1182 2243 1236 quo
2281 1183 2373 1223 vos
2401 1170 2607 1224 scilicet
2636 1170 2873 1237 Christo,
2907 1187 3012 1243 quo
3057 1172 3304 1231 Christus
3348 1188 3495 1235 ortus

1918 1267 1973 1313 et
2004 1260 2237 1313 mundo:
2268 1259 2321 1313 in
2352 1276 2456 1330 quo
2487 1277 2582 1316 vos
2606 1263 2837 1316 animam
2864 1265 2993 1333 Deo,
3028 1266 3189 1321 vitam
3213 1271 3494 1337 praesenti-

1919 1349 2038 1413 bus,
2067 1350 2259 1405 famam
2293 1353 2518 1421 posteris
2548 1355 2921 1410 consecrastis.
2967 1356 3104 1423 Quid
3144 1358 3249 1427 jam
3279 1360 3345 1415 de
3381 1360 3492 1431 ipsa

1917 1441 2304 1511 gloriosissima
2335 1444 2763 1512 regenerationis
2792 1454 2986 1501 vestrae
3028 1448 3366 1503 solemnitate
3412 1452 3494 1505 di--

1918 1533 2109 1586 catur?
2137 1534 2288 1603 cujus
2309 1534 2617 1590 ministeriis
2647 1536 2749 1590 etsi
2776 1538 3126 1607 corporaliter
3147 1557 3251 1595 non
3268 1542 3491 1605 accessi,

1919 1624 2230 1693 gaudiorum
2280 1633 2461 1681 tamen
2509 1628 2883 1682 communione
2924 1645 3028 1684 non
3062 1631 3224 1686 defui.
3256 1632 3496 1699 Quando-

1920 1714 2135 1783 quidem
2170 1714 2271 1769 hoc
2299 1731 2510 1785 quoque
2531 1718 2836 1787 regionibus
2884 1721 3082 1775 nostris
3112 1722 3289 1777 divina
3319 1725 3488 1793 pietas

246 1806 408 1859 minis
436 1805 531 1859 visi
562 1813 686 1859 sunt
712 1804 1126 1861 obumbratione
1149 1806 1347 1861 velare.
1379 1807 1446 1860 At
1473 1808 1599 1862 dum
1642 1819 1816 1866 status
1848 1798 1893 1859 Β
1922 1804 2292 1873 gratulationis
2323 1806 2604 1875 adjecerit,
2654 1817 2712 1861 ut
2740 1817 2863 1863 ante
2908 1809 3228 1879 baptismum
3260 1823 3496 1870 vestrum

246 1907 461 1953 nostros
484 1899 767 1953 aeternitati
789 1898 1189 1964 committimus,
1212 1899 1337 1953 dum
1362 1900 1487 1969 quid
1516 1902 1643 1955 recti
1660 1918 1823 1956 unus-

246 1990 473 2058 quisque
504 1990 697 2043 sentiat
728 1989 905 2043 futuro
930 1990 1166 2045 examini
1192 2005 1549 2061 reservamus,
1583 1996 1741 2047 etiam
1769 1995 1819 2049 in

246 2080 604 2149 prmsentibus
653 2081 1016 2137 interlucentis
1058 2084 1237 2137 radius
1291 2085 1528 2138 veritatis
1568 2085 1806 2140 emicuit.

245 2173 452 2228 Invenit
474 2172 666 2242 quippe
696 2172 919 2242 tempori
950 2182 1131 2227 nostro
1148 2173 1403 2227 arbitrum
1428 2174 1709 2243 quemdam
1738 2176 1818 2229 di~

244 2266 368 2320 vina
403 2264 650 2334 provisio.
684 2263 819 2318 Dum
845 2264 995 2318 vobis
1022 2262 1236 2333 eligitis,
1268 2266 1514 2319 omnibus
1542 2265 1813 2334 judicatis,

242 2367 423 2413 vestra
450 2357 581 2413 fides
606 2365 785 2411 nostra
817 2356 1041 2411 victoria
1089 2366 1188 2411 est.
1242 2358 1427 2412 Solent
1474 2357 1713 2428 plerique
1764 2360 1818 2415 in

242 2449 345 2505 hac
364 2450 548 2504 eadem
574 2464 755 2513 causa,
784 2450 827 2503 si
854 2463 949 2517 pro
970 2449 1266 2516 expetenda
1290 2450 1519 2505 sanitate
1540 2451 1815 2517 credendi,

240 2551 336 2597 aut
359 2542 693 2597 sacerdotum
738 2541 951 2596 hortatu
977 2550 1063 2596 aut
1085 2557 1527 2614 quorumcunque
1556 2544 1817 2600 sodalium

241 2636 582 2705 suggestione
631 2644 971 2701 moneantur,
1021 2634 1464 2690 consuetudinem
1502 2636 1722 2706 generis
1764 2644 1819 2691 et

241 2727 405 2781 ritum
460 2736 692 2796 paternae
746 2727 1136 2783 observationis
1186 2742 1478 2797 opponere.
1534 2728 1605 2783 lta
1661 2728 1819 2783 saluti

241 2831 527 2875 nocentem
558 2821 933 2876 verecundiam
966 2820 1330 2890 praeferentes,
1360 2821 1485 2874 dum
1509 2822 1819 2890 parentibus

239 2912 291 2966 in
320 2912 704 2967 incredulitatis
754 2912 992 2967 custodia
1024 2912 1260 2965 inutilem
1306 2914 1661 2968 reverentiam
1700 2928 1816 2968 ser-

239 3016 372 3058 Vnni.
402 3000 725 3059 confitentur
750 3019 809 3059 se
853 3005 1251 3075 quodammodo
1299 3005 1504 3060 nescire
1548 3006 1673 3075 quid
1722 3007 1818 3061 eli-

234 3106 393 3166 gant.
428 3097 670 3150 Diseedat
697 3097 854 3166 igitur
897 3098 964 3151 ab
996 3098 1095 3151 hac
1133 3101 1500 3163 excusatione,
1553 3106 1671 3165 post
1701 3098 1820 3154 talis

1925 1896 1991 1950 ad
2024 1911 2120 1951 nos
2159 1897 2553 1952 sublimissima:
2582 1897 2894 1953 humilitatis
2923 1902 3139 1956 nuntius
3168 1904 3494 1971 perveniret.

1928 1988 2079 2042 Unde
2124 2002 2222 2041 nos
2266 1996 2385 2055 post
2438 1988 2574 2043 hanc
2621 1990 3075 2059 exspectationem
3121 1992 3230 2062 jam
3281 2008 3499 2051 securos

1923 2080 2087 2134 vestri
2116 2094 2264 2135 sacra
2298 2093 2402 2134 nox
2432 2081 2652 2149 reperit.
2682 2080 3102 2137 Conferehamus
3141 2098 3369 2155 namque
3399 2100 3496 2141 no-

1924 2173 2235 2242 biscumque
2262 2173 2646 2236 tractabamus,
2674 2173 2831 2242 quale
2854 2182 2998 2229 esset
3024 2174 3173 2241 illud,
3205 2192 3327 2232 cum
3365 2178 3499 2233 adu-

1923 2274 2165 2320 natorum
2190 2279 2444 2321 numerus
2462 2264 2793 2335 pontificum,
2818 2280 2973 2322 manu
2992 2268 3180 2335 sancti,
3210 2268 3499 2327 ambitione

1920 2359 2122 2415 servitii
2179 2358 2418 2413 membra
2469 2357 2612 2427 regia
2660 2358 2814 2412 undis
2854 2358 3101 2416 vitalibus
3142 2361 3490 2419 confoveret:

1922 2466 2042 2507 cum
2076 2464 2136 2504 se
2164 2450 2256 2504 Dei
2284 2449 2455 2503 servis
2488 2448 2785 2504 inflecteret
2804 2449 3096 2505 timendum
3126 2452 3373 2521 gentibus
3402 2469 3493 2510 ca-

1924 2550 2016 2611 put
2042 2560 2054 2594 :
2087 2555 2208 2595 cum
2238 2542 2258 2571 ¹
2282 2540 2381 2594 sub
2406 2538 2614 2595 casside
2642 2540 2819 2594 crines
2842 2541 3071 2597 nutritos
3100 2542 3316 2598 salutari
3345 2545 3497 2615 galea

1923 2650 2088 2691 sacra:
2117 2632 2382 2688 unctionis
2429 2632 2699 2695 indueret;
2732 2647 2851 2685 cum
2903 2633 3210 2689 intermisso
3263 2636 3496 2705 tegmine

1922 2727 2205 2783 loricarum
2234 2724 2564 2779 immaculati
2585 2734 2732 2778 artus
2759 2722 2920 2777 simili
2941 2724 3176 2779 candore
3207 2720 3495 2795 fulgeretit.

1922 2818 2125 2884 Faciet,
2154 2817 2197 2870 si
2227 2816 2353 2886 quid
2383 2814 2626 2881 creditis,
2659 2828 2843 2885 regum
2874 2812 3281 2881 ﬂorentissime,
3316 2818 3497 2886 faciet,

1923 2911 2157 2979 inquam,
2189 2908 2622 2964 indumentorum
2650 2905 2747 2960 ista
2778 2906 3053 2973 mollities,
3078 2914 3136 2961 ut
3167 2906 3317 2963 vobis
3343 2910 3493 2965 dein-

1922 3018 2049 3073 ceps
2073 3004 2190 3071 plus
2212 3002 2387 3057 valeat
2410 3001 2555 3069 rigor
2584 3013 2886 3064 armorum;
2912 3007 2967 3053 et
2985 2998 3243 3070 quidquid
3267 3000 3496 3057 felicitas

1923 3112 2093 3167 usque
2124 3096 2226 3150 huc
2272 3092 2538 3164 prcestitit,
2570 3090 2729 3147 addet
2772 3091 2895 3147 hinc
2948 3092 3229 3148 sanctitas.
3286 3092 3487 3150 Vellem

238 3189 377 3242 facti
412 3188 747 3251 miraculum,
781 3189 970 3241 noxius
998 3188 1190 3257 pudor.
1240 3188 1314 3242 De
1342 3196 1453 3242 toto
1498 3189 1687 3258 prisca:
1714 3190 1821 3244 ori-
1848 3177 1893 3240 C
1926 3204 2051 3243 vero
2076 3187 2358 3257 praeconiis
2384 3184 2576 3240 vestris
2616 3182 2865 3253 quiddam
2908 3185 3299 3241 exhortationis
3328 3187 3493 3243 adne-

235 3281 385 3349 ginis
428 3289 714 3336 stemmate
772 3281 884 3336 sola
937 3280 1215 3335 nobilitate
1260 3282 1512 3347 contenti,
1568 3284 1820 3353 quidquid

236 3371 421 3425 omnis
454 3382 629 3439 potest
656 3371 920 3441 fastigium
950 3370 1326 3442 generositatis
1372 3386 1586 3439 ornare,
1644 3388 1821 3441 prosa-

239 3464 340 3530 pitr-
371 3471 563 3517 vestra:
593 3478 621 3516 a
649 3463 802 3517 vobis
831 3463 1076 3517 voluistis
1105 3477 1414 3532 exsurgere.
1474 3464 1692 3519 Habetis
1723 3465 1820 3520 bo-

239 3568 437 3607 norum
460 3563 726 3620 auctores,
752 3554 997 3609 voluistis
1028 3568 1150 3608 esse
1183 3554 1501 3609 meliorum:
1540 3557 1824 3625 responde-

239 3645 545 3716 tisquoavis
567 3646 950 3716 quodregnatis
976 3646 1028 3699 in
1053 3646 1273 3710 saeculo,
1300 3646 1561 3700 instruitis
1583 3655 1824 3716 posteros

238 3738 381 3805 quod
416 3738 649 3807 regnatis
682 3738 731 3791 in
764 3738 917 3793 caelo.
952 3737 1348 3807 Gaudeatergo
1376 3737 1593 3807 quidem
1620 3738 1646 3778 δ
1673 3740 1824 3795 Gm-

238 3827 313 3880 cia
349 3829 553 3883 habere
582 3843 639 3884 se
670 3829 959 3900 principem
988 3828 1120 3899 legis
1149 3840 1345 3886 nostrae
1388 3852 1401 3888 :
1428 3834 1522 3888 sed
1562 3847 1668 3887 non
1708 3830 1818 3899 jam

311 3970 350 4037 ἦ-
373 3960 702 4037 Francorum
756 3956 1045 4037 ad_quem_
1066 3962 1380 4020 Theoderici
1424 3981 1634 4037 quoque
1671 3969 1811 4037 regis

239 4032 406 4086 Italiae
440 4030 630 4103 duple'x
663 4032 800 4100 apud
828 4030 1204 4103 Ca’ssiodorttm
1230 4046 1311 4087 est
1344 4030 1589 4103 epistola,
1615 4030 1811 4092 libro"

243 4103 549 4163 Variarum,
574 4101 661 4167 6|,
686 4113 739 4157 et
769 4103 904 4173 libro
936 4118 1013 4168 ιιι,
1051 4102 1107 4165 4,
1131 4103 1221 4158 sed
1260 4101 1483 4173 utraque
1514 4107 1814 4162 Luduinum

238 4186 417 4225 vocat.
470 4172 618 4227 Prior
658 4182 834 4227 autem
867 4172 987 4245 huic
1036 4181 1232 4227 nostra:
1260 4172 1479 4245 suppar,
1528 4178 1573 4231 si
1609 4188 1818 4245 tempus

238 4244 779 4311 spectettu';scripta
822 4244 1067 4302 videlicet,
1094 4254 1212 4313 post
1245 4244 1522 4298 victoriam
1571 4244 1820 4300 Alaman-

239 4315 439 4381 nicaair,
486 4336 599 4386 quas
632 4313 900 4372 Clodoveo
948 4313 1068 4373 ﬁdei
1104 4314 1418 4389 Christianae
1447 4318 1659 4389 occasio
1692 4316 1815 4389 fuit,
1850 4380 1863 4389 ρ

241 4399 294 4441 et
314 4390 593 4459 baptismi,
629 4390 784 4459 cujus
812 4391 894 4443 hic
924 4406 1168 4459 pompam
1204 4387 1388 4444 Avitus
1418 4388 1811 4459 elegantissime

237 4458 519 4515 describit.
550 4458 714 4515 Docet
743 4475 920 4530 porro,
954 4458 1092 4529 quad
1121 4460 1376 4516 hactenus
1415 4458 1811 4529 igttombzutttts,

239 4532 291 4604 i_n
331 4531 523 4600 vigilia
553 4529 752 4604 natalis
773 4529 979 4585 Domini
1032 4530 1380 4604 celebratum,
1415 4549 1519 4586 non
1551 4536 1601 4586 in
1636 4530 1812 4604 vigilia

241 4601 497 4667 Pascha;
528 4602 666 4672 quod
698 4602 1012 4655 Hincmarus
1044 4601 1323 4657 Bernensis
1354 4604 1486 4657 falso
1515 4604 1615 4657 sibi
1642 4601 1813 4669 etfre-

238 4688 356 4727 rum
387 4684 697 4728 nostrarum
722 4673 1072 4741 scriptoribus
1099 4681 1452 4742 persuaserat.

309 4795 323 4823 ¹
351 4796 545 4847 Avitus
574 4794 624 4864 in
651 4790 748 4847 hac
776 4792 998 4864 epistola
1042 4791 1299 4847 Clodovei
1342 4793 1663 4862 baptismum
1694 4808 1818 4864 gra-

236 4863 752 4933 phicc‘describens,
782 4863 920 4916 haud
940 4864 1182 4917 meminit
1207 4865 1454 4933 ampulla:
1485 4863 1817 4920 ccelitus'de-

239 4935 422 4988 missa:
482 4941 633 4987 sacro
670 4934 962 4987 chrismate
1008 4934 1253 5001 oppletae,
1313 4950 1418 5003 quo
1461 4934 1817 4990 Clodoveusa

237 5013 427 5059 sancto
466 5004 705 5075 Remigio
736 5013 1023 5075 perunctus
1047 5005 1210 5075 fuisse
1235 5004 1421 5058 fertur.
1470 5005 1654 5075 Neque
1687 5020 1817 5060 vero

236 5076 401 5128 ullam
455 5074 673 5143 hujusce
734 5072 810 5127 rei
863 5072 1189 5143 admirabilis
1244 5072 1578 5131 mentioneui
1621 5075 1813 5131 factam

235 5147 401 5200 fuisse
434 5144 692 5216 Gregorio
720 5144 1037 5216 Turonensi,
1064 5142 1380 5216 Fredegario
1405 5147 1630 5216 aliisque
1661 5154 1812 5200 vetu-

234 5216 498 5269 stioribus
556 5214 877 5269 Francorum
941 5213 1206 5267 historicis
1254 5213 1631 5283 comperimus.
1695 5216 1810 5281 Quo

236 5287 458 5353 quidem
488 5292 801 5353 argumento
829 5285 1073 5354 negativo
1101 5293 1318 5337 utuntur
1358 5286 1597 5340 nonnulli
1642 5286 1810 5341 critici

237 5358 576 5411 recentiores
624 5355 689 5409 ad
737 5354 1035 5422 huiusmodi
1086 5354 1308 5421 prodigii
1336 5356 1613 5410 veritatem
1666 5358 1809 5409 infir-

238 5427 515 5480 mandam.
567 5425 756 5479 Verum
813 5426 896 5478 his
943 5425 1175 5478 occurrit
1232 5423 1293 5477 V.
1330 5424 1387 5477 C.
1428 5426 1523 5477 Dn.
1560 5426 1723 5479 abbas
1748 5426 1810 5480 de

246 5495 428 5550 Vertat
482 5498 534 5550 in
592 5496 964 5549 dissertatione
991 5495 1068 5547 sic
1094 5494 1385 5561 inscripta:
1422 5495 1497 5547 De
1542 5497 1593 5548 Ia
1643 5496 1809 5551 δοίητε

235 5568 499 5635 Ampoule
554 5569 812 5619 conservée
856 5565 886 5617 ὰ
940 5564 1109 5617 Reims
1162 5580 1290 5635 pater
1338 5564 1395 5635 le
1431 5581 1576 5619 sacre
1618 5566 1681 5618 de
1717 5583 1805 5621 nos

234 5632 385 5691 Bois.
412 5636 600 5690 Exstat
618 5646 792 5690 autem
808 5636 921 5689 hinc
944 5632 1246 5689 dissertatio
1275 5634 1323 5686 in
1340 5632 1497 5687 Mem.
1522 5637 1583 5687 de
1604 5636 1799 5692 I’Acad.

233 5709 324 5761 des
361 5707 605 5773 lnscript.
636 5716 763 5759 tom.
797 5707 854 5775 ll,
904 5722 1018 5775 pag.
1043 5706 1165 5769 619,
1208 5704 1345 5758 ἱυ-ι.
1390 5702 1803 5775 Disquisitt'onem

231 5791 460 5855 quoque
495 5777 555 5829 de
577 5778 811 5846 Ampulla
836 5774 1068 5828 Remensi
1100 5784 1251 5829 antea
1294 5775 1533 5829 ediderat
1573 5774 1654 5829 Jo.
1687 5777 1800 5832 Jac.

1923 3289 2091 3345 clere,
2124 3279 2167 3333 si
2195 3276 2392 3346 aliquid
2413 3276 2499 3330 vel
2525 3274 2801 3329 scientiam
2826 3283 3062 3329 vestram
3089 3276 3171 3332 vel
3210 3278 3495 3335 observan-

1925 3371 2048 3425 tiam
2080 3370 2395 3439 prteteriret.
2439 3369 2683 3441 Nunquid
2713 3372 2871 3427 fidem
2919 3374 3153 3442 perfecto
3179 3374 3489 3444 przedicabi-

1925 3476 2065 3525 mus,
2093 3474 2249 3529 quam
2280 3468 2403 3513 ante
2427 3459 2810 3528 perfectionem
2835 3462 2954 3518 sine
2987 3463 3338 3531 praedicatore
3365 3465 3496 3520 vidi-

1926 3554 2066 3609 stis?
2092 3568 2157 3605 an
2190 3552 2327 3607 forte
2356 3551 2730 3619 humilitatem,
2766 3567 2923 3622 quam
2958 3554 3066 3622 jam
3098 3553 3293 3608 dudum
3342 3554 3496 3610 nobis

1924 3646 2204 3701 devotione
2231 3643 2556 3713 impenditis,
2586 3645 2674 3714 qui
2708 3660 2848 3700 nunc
2886 3646 3115 3715 primum
3164 3645 3498 3715 professione

1923 3738 2163 3795 debetis?
2209 3736 2765 3803 au‘misericordiam,
2812 3752 2970 3808 quam
3021 3736 3212 3793 solutis
3261 3754 3289 3792 a
3344 3740 3494 3794 vobis

1924 3830 2287 3886 adhucnuner
2316 3828 2543 3892 populus
2593 3827 2833 3895 captivus
2880 3828 3089 3898 gaudiis
3136 3830 3336 3885 mundo
3365 3828 3495 3885 insi-

1988 3967 2015 4005 ι)
2049 3966 2383 4021 Anastasium
2409 3966 2540 4039 imp.
2569 3964 2933 4039 Christianum
2960 3968 3108 4022 illum
3134 3983 3370 4039 quidem,
3398 3981 3493 4028 sed

1919 4054 2024 4093 non
2056 4041 2183 4090 satis
2232 4036 2611 4090 orthodoxum.
2662 4036 2843 4091 Romae
2878 4054 3004 4091 vero
3031 4049 3082 4092 et
3131 4036 3181 4092 in
3215 4042 3357 4093 Italia
3387 4056 3481 4097 rex

1918 4107 2303 4171 Theodericus,
2338 4115 2391 4159 et
2419 4107 2470 4158 in
2501 4105 2669 4158 Gallia
2695 4106 3112 4173 Wisigotltorum
3142 4109 3406 4171 Alaricus,
3434 4119 3491 4165 et

1922 4174 2280 4248 Gundobadus
2320 4174 2788 4248 Burgundionum,
2836 4177 3015 4248 A_t_'iaui
3048 4191 3266 4242 prorsus
3313 4189 3493 4248 erant,

1923 4247 2158 4313 itemque
2173 4244 2354 4317 Suevi,
2384 4254 2437 4317 e_t
2466 4244 2509 4317 si
2541 4260 2629 4317 qut
2659 4245 2748 4300 alii
2776 4246 2831 4301 in
2864 4245 3149 4317 litSpania;
3180 4252 3230 4303 in
3276 4244 3498 4304 GermaL

1926 4318 2010 4370 nia
2035 4323 2213 4389 autem
2239 4323 2292 4372 et
2315 4315 2366 4371 in
2394 4314 2684 4389 Britannia,
2709 4316 2883 4373 adhuc
2930 4314 3139 4387 pagani.
3170 4320 3236 4375 Ut
3278 4335 3382 4373 non
3415 4320 3497 4375 in-

1921 4386 2047 4460 jurii
2071 4392 2196 4452 sint,
2229 4391 2318 4458 qui
2364 4386 2851 4460 postClodoveugm,
2877 4391 2965 4459 qui
3004 4386 3209 4459 primus
3254 4390 3493 4445 omnium

1925 4458 1975 4515 in
2005 4461 2241 4515 Ecclesia
2280 4460 2575 4513 catholicus
2627 4474 2719 4513 rex
2762 4458 3129 4530 iuit,regibus
3173 4461 3495 4517 Francorum

1921 4533 2151 4602 primum
2182 4532 2322 4584 inter
2349 4530 2685 4585 Christianos
2717 4529 2996 4599 principes
3037 4532 3211 4586 locum
3264 4532 3347 4587 vel
3389 4532 3492 4588 hoc

1918 4604 2133 4658 nomine
2162 4602 2345 4656 deberi
2375 4610 2704 4656 asseverant.

1921 4793 2238 4847 Chimettus.
2281 4790 2388 4844 Hac
2430 4790 2557 4845 item
2598 4790 2667 4844 de
2705 4804 2764 4845 re
2808 4788 2970 4843 verba
3020 4787 3145 4843 facit
3194 4788 3497 4848 Hadrianus

1924 4864 2167 4919 Valesius
2198 4872 2327 4915 tom.
2360 4861 2379 4914 Ι
2409 4859 2529 4913 Ret.
2562 4858 2750 4923 Franc.
2806 4860 2898 4913 lib.
2924 4876 2997 4931 vr,
3028 4875 3150 4931 pag.
3180 4858 3284 4915 260
3305 4872 3356 4915 et
3377 4876 3493 4931 seq.

1992 4938 2010 4964 ²
2045 4934 2370 4986 Francorum
2419 4945 2570 4997 reges
2600 4930 2839 4998 intonsos
2886 4929 3173 4998 perhibent
3232 4929 3492 4987 historici.

1920 5004 2211 5069 Gregorius
2236 5001 2563 5055 Turonensis
2592 4998 2730 5053 Hist.
2766 4997 2960 5053 Fraus.
3003 5000 3096 5054 lib.
3135 5016 3207 5064 νι,
3251 5016 3370 5069 cap.
3406 5002 3497 5067 ‘24,

1918 5075 1987 5128 de
2014 5068 2362 5127 Gundovaldo
2390 5088 2403 5123 :
2436 5068 2557 5133 Hic,
2593 5070 2784 5139 inquit,
2817 5086 2929 5122 cum
2969 5080 3119 5124 natus
3152 5086 3278 5124 esset
3300 5068 3351 5124 iit
3376 5071 3498 5126 Gal-

1920 5145 2027 5207 liis,
2053 5152 2096 5194 et
2118 5141 2351 5211 diligenti
2380 5155 2503 5192 cura
2547 5150 2786 5207 nutritus,
2840 5150 2893 5193 ut
2940 5157 3114 5209 regum
3149 5142 3358 5194 istorum
3392 5156 3497 5211 mea

1918 5224 2009 5277 est,
2045 5208 2259 5267 crinium
2288 5211 2513 5279 ﬂagellis
2548 5222 2814 5279 per.terga
2843 5208 3095 5276 demissis,
3128 5225 3233 5265 etc.
3280 5211 3345 5262 Et
3387 5208 3486 5279 lib.

1917 5299 2027 5356 vin,
2071 5298 2187 5351 cap.
2244 5282 2329 5345 10,
2361 5277 2831 5356 ῥεῖ-(Ζιξοάυχθέὴς)
2890 5282 3178 5356 interfecto
3208 5277 3488 5356 quemdam

1916 5355 2018 5407 ista
2052 5349 2357 5407 narrantem
2382 5349 2613 5404 inducit:
2647 5349 2775 5404 Cum
2798 5354 3082 5419 ignorarem
3107 5351 3230 5419 ait,
3260 5349 3496 5419 quisnam

1915 5434 2064 5489 esset,
2086 5441 2117 5477 a
2133 5423 2338 5476 cwsarie
2360 5423 2561 5488 prolixa
2578 5422 2785 5490 cognovi
2811 5416 3216 5490 Chlodovechum
3240 5431 3371 5490 _ess_e.
3402 5416 3495 5471 His

1917 5483 2151 5548 consona
2192 5483 3024 5560 refert'Agathias'Scholasticus
3054 5487 3145 5560 lib.
3171 5483 3493 5560 t_de‘_lmper.

1917 5576 1961 5617 et
1996 5564 2120 5619 Rob.
2144 5573 2271 5633 gest.
2302 5554 2497 5633 λιιιιῦᾳί
2524 5562 2644 5633 imp.
2683 5576 2809 5633 pag.
2838 5556 3059 5633 it_edit._
3088 5554 3255 5633 Paris.
3282 5554 3491 5633 Qu_a_d_c

1916 5650 1974 5688 re
2003 5625 2196 5689 videsis
2228 5634 2383 5688 Mem.
2437 5632 2497 5682 de
2542 5625 2862 5682 ι’Ᾱοαὶίζάυδ
2894 5625 3139 5684 Inscripl.
3183 5633 3313 5683 tom.
3358 5626 3491 5695 Vill,

1914 5720 2029 5775 pag.
2067 5707 2192 5771 487,
2228 5704 2352 5767 488,
2379 5701 2507 5759 edit.
2544 5700 2679 5752 in-l.
