4092 6350
569 285 671 374 2‘59

1848 311 1903 368 S.
1945 306 2127 364 AVITI
2170 303 2572 361 VlENNENSlS

571 438 716 494 nuat,
745 423 992 495 lacryniis
1026 419 1165 475 Deo?
1197 416 1363 472 Unum
1395 430 1540 484 ergo,
1569 417 1709 482 quod
1759 418 2014 474 vellemus
2045 432 2139 471 au-
2170 418 2225 477 Α
2251 411 2414 479 dens,
2447 411 2573 485 quid
2607 413 2818 467 assnlue
2869 426 3155 483 cuperem,
3208 427 3295 470 vei
3343 429 3465 472 cum
3511 416 3841 488 possibilitas

571 521 714 591 geri:
750 527 803 571 ut
833 515 951 585 quia
979 513 1118 566 Deus
1155 517 1367 578 gentem
1400 517 1631 562 vestram
1665 525 1758 578 per
1799 525 1895 565 vos
1933 525 1997 565 ex
2032 517 2143 564 toto

571 626 718 666 suam
750 605 924 672 faciet,
955 602 1297 659 ulterioribus
1342 615 1554 670 quoque
1601 602 1853 671 gentibus
1909 616 2043 670 quas
2089 601 2142 654 in

571 699 793 757 naturali
821 695 994 750 adhuc
1023 693 1318 764 ignorantia
1342 693 1657 748 constitutas
1682 693 1826 747 nulla
1857 707 2142 763 pravorum

571 793 873 861 doguiatum
900 786 1140 858 germina
1165 793 1552 853 corruperunt,
1608 785 1675 840 de
1700 785 1844 841 bono
1894 783 2146 840 thesauro

572 882 730 937 vestri
757 878 934 935 cordis
967 877 1088 932 fidei
1118 875 1320 932 semina
1355 874 1668 946 porrigetis;
1704 891 1803 931 nec
1841 875 2048 946 pudeat
2071 873 2145 944 pi-

500 980 509 994 '
571 983 818 1045 geatque,
849 969 1010 1026 etiam
1031 967 1248 1023 directis
1271 969 1326 1022 in
1355 983 1466 1022 rem
1496 968 1880 1038 legationibus,
1907 975 2148 1022 astruere

570 1072 753 1136 partes
781 1062 898 1128 Dei,
931 1060 1020 1130 qui
1051 1068 1256 1114 tantum
1285 1067 1490 1114 vestras
1517 1059 1708 1114 erexit.
1740 1059 2024 1126 Quatenus
2056 1074 2148 1113 ex-

572 1156 709 1212 terni
739 1169 949 1224 quoque
978 1149 1156 1222 populi
1187 1166 1537 1222 paganorum,
1561 1167 1658 1222 pro
1685 1152 1962 1223 religionis
1993 1151 2149 1205 vobis

573 1247 819 1317 primitus
849 1244 1068 1314 imperio
1091 1242 1358 1307 servituri,
1381 1243 1505 1297 dum
1528 1243 1699 1298 adhuc
1721 1245 1774 1296 in
1798 1243 1933 1296 alios
1959 1242 2150 1297 viden-

575 1350 662 1395 tur
690 1339 888 1392 liabere
915 1335 1290 1406 proprietatem
1310 1375 1324 1400 ,
1357 1337 1667 1391 discernant
1715 1337 1889 1405 potius
1935 1344 2148 1405 gentem

576 1447 734 1500 quam
770 1429 1086 1497 principem.
1112 1427 1268 1482 Nulla
1307 1427 1466 1496 igitur
1513 1429 1682 1495 patria
1734 1428 1887 1497 quasi
1934 1427 2149 1497 speciali

575 1522 704 1578 sede
733 1521 834 1575 sibi
860 1521 1090 1576 vindicet
1129 1519 1252 1574 totis
1272 1534 1406 1588 quos
1436 1518 1697 1573 honorum
1714 1519 1965 1588 gradibus
1993 1521 2151 1574 attol-

577 1615 682 1669 litis
708 1631 719 1665 :
751 1621 961 1668 constat
991 1627 1084 1666 vos
1106 1627 1248 1677 esse,
1280 1626 1384 1681 quo
1405 1611 1706 1666 communis
1745 1626 1850 1666 uno
1899 1612 2026 1666 solis
2066 1612 2149 1680 ju-

576 1709 705 1763 bare
725 1708 903 1762 omnia
927 1689 1292 1774 perfruuntur.
1323 1705 1503 1759 Vicina
1536 1704 1750 1774 quidem
1774 1706 1890 1774 plus
1917 1706 2150 1775 gaudent

2197 529 2207 540 -
2252 509 2512 577 permittit
2561 506 2754 576 allego.
2791 507 2896 562 Vos
2927 522 3067 562 nunc
3105 506 3526 566 clementissimo
3569 516 3844 570 communi

2251 600 2478 669 principi
2512 598 2636 668 quid
2685 599 2942 652 vellemus
2982 599 3226 655 asserite.
3264 599 3536 658 Insinuate
3585 604 3845 660 attentius

2249 691 2565 747 obedientiw
2597 692 2928 757 famulatum,
2961 708 3116 761 quem
3145 694 3358 748 nuncin
3385 697 3667 766 obsequio,
3697 712 3844 752 sem-

2249 799 2346 854 per
2376 784 2634 838 habemus
2675 784 2728 837 in
2759 793 2902 838 voto.
2941 783 3219 854 Suggerite
3243 801 3307 840 ac
3339 787 3538 855 pariter
3567 803 3845 844 commen-

2249 874 2403 938 date,
2437 875 2504 928 ab
2534 885 2774 929 amatore
2806 889 2987 929 vestro
3009 874 3206 930 domno
3236 887 3288 930 et
3312 885 3464 946 patre
3495 894 3616 932 ineo
3647 879 3844 949 imple-

2252 976 2382 1034 tam,
2413 984 2499 1022 me
2531 967 2927 1032 intercedente,
2967 969 3277 1038 principalis
3308 971 3842 1041 reverentizejussio-

2252 1077 2395 1117 nem.
2447 1061 2673 1116 Clientis
2726 1061 2886 1116 vestri
2945 1063 3041 1115 viri
3099 1061 3322 1117 illustris
3370 1062 3642 1120 Laurentii
3699 1065 3842 1121 filius

2251 1155 2428 1209 studio
2459 1168 2579 1208 meo
2611 1153 2846 1208 redditus
2891 1153 3104 1207 additur
3145 1155 3370 1224 regioni.
3403 1155 3717 1213 Miscramns
3743 1158 3844 1212 du-

2253 1244 2379 1297 dum
2429 1244 2479 1297 in
2532 1254 2750 1311 parente
2797 1243 3052 1298 famulum
3085 1260 3098 1298 :
3130 1259 3262 1300 ecce
3305 1245 3590 1317 adjicimns
3631 1249 3681 1302 in
3730 1250 3842 1303 filio

2254 1332 2596 1388 famulatum.
2621 1334 2736 1401 Quo
2761 1351 2865 1388 uno
2889 1336 3036 1388 vobis
3061 1335 3287 1399 directo,
3315 1338 3546 1406 qualiter
3576 1354 3694 1393 cum
3721 1341 3840 1395 aliis

2253 1434 2441 1493 agatur
2473 1423 2758 1477 advertite.
2801 1424 3056 1493 Superest
3086 1433 3146 1478 ut
3177 1425 3428 1495 praefatus
3459 1427 3614 1483 miles
3641 1441 3838 1495 vester,

2255 1516 2405 1584 cujus
2435 1514 2612 1584 proles
2643 1526 2697 1570 et
2724 1515 2829 1570 illic
2848 1517 3035 1586 gratiae
3069 1526 3257 1572 vestra:
3299 1519 3604 1589 porrigitur,
3637 1529 3689 1575 et
3716 1522 3839 1578 hinc

2255 1608 2442 1677 patriae
2485 1618 2788 1663 reservatur
2809 1651 2824 1675 ,
2867 1609 3272 1665 commendatus
3304 1611 3451 1666 vobis
3479 1613 3654 1669 studio
3683 1630 3800 1670 meo
3821 1660 3836 1683 ,

2255 1701 2372 1770 ipse
2404 1703 2742 1756 commendet
2771 1701 2912 1772 quod
2946 1702 3028 1757 vel
3060 1701 3127 1758 de
3155 1703 3298 1758 illius
3328 1704 3530 1760 sobolis
3551 1707 3838 1777 adeptione

576 1801 794 1863 lumine,
826 1799 919 1852 sed
947 1813 1052 1852 non
1079 1807 1262 1854 carent
1300 1796 1589 1850 remotiora
1638 1795 1862 1866 fulgore.
1899 1797 2144 1866 Quapro-
2175 1802 2223 1862 Β
2244 1791 2353 1863 jam
2382 1809 2618 1862 compos,
2655 1794 2734 1849 vel
2753 1795 2820 1850 de
2844 1795 2994 1849 istius
3020 1811 3137 1864 qua:
3163 1797 3436 1851 nobiscum
3459 1798 3598 1853 redit
3621 1816 3838 1870 prospe-

573 1901 690 1961 pter
715 1891 918 1946 radiate
959 1897 1273 1959 perpetuum
1305 1889 1657 1958 praesentibus
1686 1889 2012 1957 diademate,
2055 1891 2147 1943 ab-

573 1985 815 2040 sentibus
837 1982 1133 2052 majestate.
1167 1981 1463 2037 Successus
1485 1980 1718 2036 felicium
1752 1983 2147 2051 triumphorum

573 2091 707 2148 quos
737 2093 830 2146 per
861 2090 956 2130 vos
983 2076 1130 2144 regio
1173 2074 1261 2128 illa
1312 2074 1472 2143 gerit,
1502 2084 1694 2128 cuncta
1743 2074 2144 2130 concelebrant.

573 2172 762 2240 Tangit
786 2171 946 2224 etiam
983 2183 1083 2223 nos
1111 2167 1341 2223 felicitas
1379 2184 1391 2217 :
1421 2167 1841 2242 quotiescunque
1881 2166 1989 2220 illic
2054 2183 2148 2236 pu-

569 2264 763 2332 gnatis,
791 2261 1074 2316 vincimus.
1102 2259 1241 2312 inter
1272 2258 1388 2313 haec
1413 2267 1589 2313 tamen
1615 2257 1892 2312 catholica:
1926 2258 2144 2326 religio-

573 2356 654 2410 nis
677 2355 922 2410 adactum
965 2361 1150 2407 servat
1179 2352 1231 2406 in
1272 2351 1428 2406 vobis
1473 2366 1602 2405 cura
1653 2351 1941 2404 miserandi
1971 2367 1984 2404 :
2014 2352 2145 2406 etin

569 2448 721 2516 apice
757 2461 936 2501 rerum
984 2445 1222 2500 omnium
1251 2442 1624 2516 [gubernacula
1679 2445 2010 2510 continente,
2042 2460 2146 2498 non

571 2539 745 2592 minus
766 2537 966 2594 eminet
984 2537 1237 2594 sanctitas
1258 2549 1418 2604 quam
1440 2544 1698 2604 potestas.
1729 2536 1809 2591 Ex
1839 2552 1939 2606 qua
1966 2539 2147 2606 utique

561 2624 763 2683 factum
795 2638 898 2691 est,
931 2637 988 2682 ut
1015 2627 1172 2694 dirigi
1214 2625 1283 2680 ad
1331 2640 1427 2680 vos
1455 2629 1593 2681 servi
1626 2629 1786 2681 vestri
1818 2638 1842 2662 ἰ
1896 2628 1993 2682 viri
2026 2629 2145 2682 illit-

568 2723 695 2777 stris
731 2721 1001 2776 Laurentii
1055 2720 1221 2774 filium
1271 2719 1555 2788 principali
1599 2722 1818 2775 oraculo
1864 2721 2143 2790 juberetis.

569 2813 720 2878 Quod
751 2812 892 2881 apud
920 2811 1175 2866 domuum
1207 2825 1410 2874 meum,
1445 2823 1555 2864 sua:
1593 2810 1806 2879 quidem
1861 2813 2035 2881 gentis
2063 2828 2149 2866 re-

573 2918 717 2973 gem,
749 2901 846 2958 sed
875 2901 1101 2977 militem
1154 2913 1414 2964 vestrum,
1445 2902 1743 2957 obtinuisse
1772 2917 1857 2957 me
1899 2919 2145 2973 suggero.

569 2995 707 3050 Nihil
730 2996 924 3066 quippe
947 3006 1028 3050 est
1052 2995 1104 3048 in
1128 3008 1235 3064 quo
1263 2994 1470 3049 servire
1501 3008 1606 3049 non
1636 3003 1834 3064 potest.
1866 2995 2149 3051 Commen-

573 3089 664 3140 dat
690 3087 985 3141 directum:
1015 3084 1277 3155 congaudi
1307 3085 1497 3153 misso,
1524 3085 1685 3141 invidi
1708 3101 1802 3142 vos
1823 3086 2025 3142 visuro.
2053 3088 2147 3142 Cui

2254 1885 2411 1940 ritate
2441 1901 2664 1941 securus
2693 1895 2796 1941 est.

2758 1977 3090 2038 EPISTULA
3133 1975 3314 2058 xLlll.

2309 2087 2492 2124 AVITUS
2535 2087 2841 2126 vrmsrzssrs
2882 2088 3155 2127 EPISCOPUS
3194 2070 3219 2110 ἀ
3260 2092 3466 2132 cunno
3505 2094 3784 2136 SENATORI.

2323 2160 2545 2215 Constat
2569 2179 2672 2216 non
2703 2162 2880 2218 minus
2905 2164 3158 2220 desiderii
3192 2168 3293 2222 mei
3317 2183 3440 2224 esse
3464 2186 3622 2240 quam
3653 2172 3838 2240 debiti,

2251 2263 2308 2307 ut
2330 2252 2504 2307 officia
2535 2269 2655 2324 quae
2687 2257 2878 2309 merito
2904 2256 3116 2326 inclytae
3149 2261 3660 2328 magnitudiniorbis
3679 2267 3842 2320 devo-

2252 2353 2339 2398 tus
2371 2343 2649 2412 impendit,
2679 2361 2706 2398 a
2731 2361 2817 2400 me
2847 2348 2934 2417 qui
2966 2349 3148 2415 gratia:
3171 2350 3410 2420 ejusjam
3436 2353 3634 2410 dudum
3658 2357 3842 2414 videor

2250 2435 2536 2506 obligatus,
2564 2437 2848 2506 Specialius
2872 2440 3185 2494 excolantur
3212 2460 3224 2494 :
3253 2445 3482 2499 maxime
3503 2461 3624 2501 cum
3647 2463 3842 2518 oppor-

2253 2539 2434 2584 tunam
2470 2546 2610 2584 nunc
2642 2520 2994 2587 occasionem
3029 2533 3178 2589 favor
3221 2535 3430 2592 divinus
3469 2537 3752 2603 obtulerit.
3785 2544 3840 2598 in

2253 2637 2356 2691 qua
2385 2622 2609 2691 imperio
2641 2625 2972 2681 celsitudinis
3014 2642 3124 2682 suae
3156 2629 3311 2697 plena
3354 2635 3640 2688 meruerim
3679 2637 3840 2692 devo-

2256 2713 2402 2768 tione
2432 2716 2656 2771 servire.
2689 2717 3023 2788 Quapropter
3053 2719 3276 2775 cultoris
3305 2723 3467 2779 vestri
3492 2726 3585 2781 viri
3617 2728 3838 2784 illustris

2253 2807 2524 2865 Laurentii
2552 2812 2738 2878 filium,
2768 2829 2923 2884 quem
2948 2816 3014 2870 ad
3035 2820 3290 2872 mundum
3318 2834 3471 2875 suum
3495 2820 3649 2894 dirigi
3669 2823 3840 2893 jussio

2254 2904 2548 2958 reverenda
2594 2906 2880 2975 praecepit,
2933 2909 3350 2978 magnificentiae,
3380 2925 3576 2968 vestrae
3618 2921 3839 2985 prae’ato

2253 2993 2572 3063 largissimae
2633 2999 2906 3066 sOSpitatis
2966 2998 3170 3056 honore
3229 3006 3569 3063 commendo.
3635 3015 3838 3079 Angete

2253 3090 2432 3145 studio
2461 3087 2790 3147 defensionis
2831 3093 2974 3163 quod
3009 3095 3256 3150 voluistis
3305 3099 3484 3152 animo
3518 3100 3748 3170 pietatis.
3781 3103 3836 3156 ln

568 3177 746 3233 minus
765 3177 1184 3246 computandum
1211 3186 1293 3232 est
1329 3176 1396 3231 ad
1432 3177 1735 3244 utilitatem,
1793 3179 1994 3243 parenti
2025 3195 2143 3249 pro-
2174 3159 2219 3223 C
2251 3183 2471 3249 regione
2496 3183 2697 3251 expetit
2728 3159 2964 3267 patrem,
2999 3186 3048 3240 in
3082 3186 3231 3241 vobis
3272 3159 3837 3259 reperiat'paterniia-
3917 3257 3926 3264 κ

570 3269 685 3338 prio
707 3269 940 3332 restitui,
975 3283 1135 3337 quam
1166 3268 1302 3338 patri
1327 3268 1565 3322 orunium
1598 3271 1928 3338 praesentari.

1089 3380 1418 3436 EPISTOLA
1459 3380 1618 3436 XLII.

569 3493 631 3532 ΑΒ
673 3487 834 3530 AVITO
874 3487 1121 3530 EPISCOPO
1159 3489 1387 3528 DICTA'I'A
1417 3472 1443 3512 δ
1473 3484 1567 3528 SUB
1595 3489 1790 3531 NOIINE
1822 3487 1978 3531 DOIINI
2009 3494 2058 3534 C.
2092 3494 2139 3533 S.

923 3557 945 3584 θ
990 3563 1056 3600 Διο
1095 3560 1418 3600 νιτΑιιΑΝωι
1457 3561 1784 3600 5ΕΝΛΤΟΒΕΜ.

637 3639 907 3704 Quantum
939 3638 1173 3705 pertinet
1203 3635 1268 3688 ad
1302 3635 1516 3704 dignam
1557 3637 1741 3705 judicii
1789 3639 1951 3691 vestri
2008 3639 2144 3693 inte-

565 3730 848 3796 gritatem,
893 3709 1544 3796 quoscunque’honornm
1580 3728 1872 3796 privilegiis
1901 3729 2104 3798 erigitis
2125 3771 2138 3796 ,

568 3820 841 3872 Romanos
890 3828 1078 3888 putare
1107 3820 1334 3875 debetis.
1365 3820 1440 3874 Ex
1485 3821 1584 3873 hac
1624 3835 1751 3889 ergo
1781 3819 1969 3874 fiducia
1989 3863 2002 3885 ,
2036 3837 2143 3877 non

566 3911 819 3963 convenit
861 3920 917 3964 ut
963 3923 1025 3963 ex
1079 3921 1189 3966 toto
1237 3909 1525 3966 credantur
1566 3911 1850 3978 absentes,
1882 3927 2014 3982 quos
2039 3916 2140 3968 etsi

566 4003 732 4071 patria
755 4012 990 4072 separat,
1013 4003 1202 4058 militia
1233 4012 1599 4073 repraesentat.
1635 4003 1781 4059 Unde
1801 4008 1939 4075 quod
1967 4007 2138 4062 solum

565 4094 714 4149 valeo
734 4136 748 4160 ,
781 4093 873 4149 sed
911 4096 1139 4149 utilitate
1167 4094 1332 4149 officii
1354 4096 1590 4148 animum
1617 4095 1917 4152 devotionis
1955 4108 2138 4154 osten-

633 4247 656 4272 ιι
703 4238 773 4290 lle
810 4251 915 4304 quo
966 4238 1153 4289 iterum
1205 4237 1253 4287 in
1305 4233 1509 4288 duabus
1561 4235 1817 4302 proximis
1868 4238 2129 4304 epistolis.

567 4308 713 4358 Ilnnc
758 4307 821 4356 ad
874 4314 1078 4372 patrem
1129 4306 1300 4357 redire
1349 4321 1468 4356 cuin
1521 4316 1742 4372 cuperet
1790 4306 2134 4373 Anastasius,

563 4376 890 4428 Clodoveum
924 4379 1329 4426 intercessorem
1361 4373 1630 4432 adhibuit,
1679 4385 1733 4426 ut
1776 4391 1898 4428 eum
1930 4392 1959 4428 a
1991 4378 2136 4430 Gun-

563 4445 771 4498 dobado
796 4444 1235 4508 repeteret,’,apud
1255 4457 1412 4508 quem
1440 4445 1681 4508 captivus
1716 4444 1892 4510 obses,
1915 4458 1970 4498 ut
1995 4465 2137 4511 reor,

569 4531 660 4582 pro
691 4524 838 4581 patre
871 4514 1166 4582 tenebatur.

567 4580 577 4610 ί
638 4583 660 4620 δ
695 4580 793 4638 ⁷5ἱο
837 4592 896 4658 _et
939 4581 990 4635 in
1040 4580 1402 4658 cpistolaﬁzi,
1435 4584 1525 4633 sub
1551 4586 1754 4658 nomine
1793 4585 1965 4640 damni
2005 4590 2134 4658 regis

565 4654 622 4706 (Σ.
659 4655 751 4718 8.,
800 4652 848 4704 id
881 4663 961 4703 est
1006 4650 1213 4704 comitis
1259 4651 1602 4719 Sigismundi.
1641 4655 1959 4723 Sigismundi
1991 4650 2131 4715 enim

566 4729 704 4790 regis
733 4725 947 4796 nomine
976 4723 1226 4775 dictatam
1249 4725 1532 4796 ,_at_qnein
1565 4741 1623 4777 ea
1654 4725 1794 4793 loqui
1835 4729 2131 4796 Sigismun-

563 4795 707 4857 dlllll,
745 4793 864 4847 hinc
885 4803 1121 4861 apparet,
1154 4793 1294 4860 quod
1328 4792 1947 4862 Gundobadumpatrem
1972 4816 2128 4856 suum

562 4875 745 4927 vocat,
780 4882 807 4915 a
835 4877 939 4934 quo
970 4863 1232 4934 Anastasui
1255 4905 1267 4927 ,
1302 4873 1357 4916 ut
1387 4866 1585 4918 dictum
1616 4876 1728 4930 est,
1758 4867 1827 4920 de
1859 4869 2126 4927 Laurentii

564 4937 668 4989 filio
721 4936 935 5002 impleta
981 4933 1149 4988 fuerat
1188 4937 1378 4999 jussio.
1426 4935 1630 5000 Quare,
1665 4939 1708 4990 si
1737 4942 1984 4994 comitem
2031 4945 2128 4998 hoc

562 5007 675 5060 ludo
706 5007 867 5064 dixit,
899 5005 1036 5077 utin
1066 5004 1287 5073 epistola
1312 5005 1349 5077 r'ﬁI
1384 5009 1658 5072 patricium
1704 5009 2124 5077 Sigismundum,

559 5080 694 5130 inter
723 5086 945 5130 cmtcros
977 5073 1204 5129 honores
1233 5076 1424 5145 quibus
1445 5088 1660 5131 exteros
1692 5073 1845 5146 reges
1863 5073 2125 5137 ornabant

558 5148 778 5203 Romani
804 5188 815 5206 ,
867 5148 1167 5199 comitivam
1207 5161 1416 5216 quoque
1443 5148 1638 5202 deferri
1669 5150 1900 5204 solitam.
1932 5154 2126 5207 intelli-

553 5221 781 5288 gendum
815 5225 921 5288 est.
1981 5274 1989 5280 θ

626 5303 646 5327 σ
683 5287 947 5342 l’atricioli
998 5289 1160 5361 filium
1180 5290 1444 5361 ,AAsparis
1473 5301 1749 5358 nepotem,
1774 5293 1861 5361 qui
1889 5292 2007 5346 fidei
2037 5308 2124 5346 or-

552 5361 796 5413 thodoxae
815 5399 831 5423 ,
865 5359 1160 5428 synodique
1189 5357 1638 5414 Chalcedonensis
1675 5357 1882 5416 tuendae
1911 5364 2118 5430 studio,

555 5441 607 5481 ut
633 5443 816 5483 auctor
846 5442 924 5482 ρει
947 5430 1126 5481 Victor
1165 5430 1499 5483 'l‘ononends
1519 5471 1531 5492 ,
1565 5434 1772 5484 hostem
1804 5448 1862 5486 se
1891 5438 2120 5487 Anasta-

557 5505 632 5551 sio
671 5504 838 5568 palam
873 5501 1145 5562 exhibuit;
1179 5509 1371 5552 etcum
1409 5498 1450 5551 is
1477 5503 1543 5552 de
1571 5501 1812 5568 Trisagio
1840 5506 2117 5568 insaniret,

557 5587 646 5633 pro
696 5584 758 5620 eo
811 5572 1096 5640 imperator
1143 5570 1466 5622 acula-matus
1515 5581 1614 5622 est.
1663 5569 2014 5640 Theophanes
2065 5575 2117 5629 in

556 5643 845 5698 llltroltItzo',
890 5649 978 5694 τοῦ
1027 5639 1188 5710 ὄχλου
1243 5640 1598 5711 καταϐοώντων
1655 5639 1980 5711 Αναστίασὶῳ,
2035 5651 2118 5699 καὶ

556 5708 693 5763 ἄλλον
712 5711 921 5779 βασιλέα
941 5708 1233 5774 αἱτοῦῖντων,
1264 5711 1544 5764 Βιταλιανόν
1571 5710 1622 5764 δὲ
1650 5714 1814 5764 αὐτῶν
1843 5716 2114 5785 εὐφημούν-

557 5805 646 5836 των
674 5781 1050 5851 αὐτοκράτορα,
1083 5796 1382 5850 quanquam
1430 5786 1527 5835 hoc
1569 5785 1829 5850 posterius
1860 5781 2115 5840 Marcelli-

2255 3280 2386 3325 tem.
2419 3271 2648 3326 Tuiniini
2677 3273 2836 3329 etiam
2869 3291 2988 3330 cum
3025 3279 3171 3344 prole
3203 3290 3528 3349 susceptum.
3557 3284 3654 3350 Qui
3688 3286 3838 3341 vobis

2257 3359 2384 3417 licet
2406 3363 2536 3416 satis
2568 3365 2636 3418 sit
2664 3364 2877 3420 debitor
2906 3382 3000 3436 per
3026 3367 3318 3436 honorem,
3354 3373 3469 3440 plus
3501 3382 3672 3428 tamen
3707 3377 3839 3430 inci-

2263 3458 2370 3526 piet
2393 3458 2586 3512 debere
2610 3475 2704 3528 per
2733 3461 2970 3515 sobolem
3001 3482 3012 3515 :
3041 3463 3179 3532 quod
3214 3480 3307 3534 per
3337 3481 3429 3520 vos
3462 3471 3692 3536 potietur
3714 3486 3838 3539 pro-

2250 3551 2354 3618 prii
2395 3550 2616 3605 afl‘ectus
2658 3553 2883 3620 solatio,
2933 3569 3378 3624 compensaturus
3418 3575 3541 3630 erga
3572 3578 3664 3614 vos
3703 3563 3836 3618 affe-

2248 3640 2442 3696 ctionis
2474 3643 2866 3711 experimento.
2905 3644 2979 3700 De
3009 3658 3206 3702 caetero
3236 3660 3410 3704 autem
3435 3696 3448 3719 ,
3482 3665 3736 3722 quantum
3766 3656 3837 3711 ad

2247 3731 2433 3786 ﬁdeles
2459 3744 2668 3787 vestros
2694 3736 2944 3801 pertinet,
2971 3750 3332 3808 exspectatam
3355 3741 3566 3812 semper
3592 3747 3836 3814 cupimus

2242 3823 2563 3889 iussionem,
2597 3834 2846 3895 optamus
2873 3829 3191 3884 obedientiae
3225 3831 3551 3888 facultatem.
3576 3835 3679 3890 Vos
3711 3853 3838 3905 pro-

2247 3920 2378 3988 pitia
2404 3920 2685 3975 divinitate
2717 3933 2964 3990 pmstte
2986 3966 3000 3987 ,
3033 3925 3404 3980 utRomanam
3435 3930 3535 3983 sub
3562 3931 3836 3998 gloriosis-

2250 4013 2389 4065 simo
2420 4011 2659 4080 principe
2692 4021 2878 4067 IlO'sll‘O
2912 4017 3318 4086 prosperitatem
3339 4060 3354 4080 ,
3402 4019 3454 4072 in
3501 4021 3652 4090 cujus
3680 4007 3839 4092 apice

2248 4104 2404 4172 digna
2439 4102 2656 4158 honoris
2685 4120 2813 4161 arce
2839 4103 3082 4177 fulgetis,
3118 4118 3221 4164 tam
3253 4111 3540 4166 serenitate
3567 4115 3835 4168 seruiuitis

2255 4259 2353 4297 nns
2398 4244 3210 4322 comes_Areobinda:_tribuit,
3261 4264 3362 4322 non
3394 4249 3678 4322 Vitaliano.
3732 4254 3831 4322 Qui

2256 4324 2464 4366 mortuo
2491 4314 2702 4367 tandem
2730 4316 3009 4369 Anastasio
3037 4315 3490 4386 Consmntinopoli
3525 4324 3590 4375 ab
3619 4314 3834 4380 iustitio

2252 4395 2566 4465 revocatus,
2621 4402 2680 4438 ac
2728 4389 2978 4465 magister
3011 4389 3235 4442 militum
3289 4401 3342 4465 et
3388 4395 3573 4446 cnnsul
3623 4396 3832 4465 Collega

2168 4489 2221 4548 Β
2253 4452 2469 4548 Rustico
2501 4466 2740 4548 creatus,
2774 4458 2998 4548 septimo
3037 4475 3227 4548 mense.
3255 4463 3331 4548 sui
3367 4465 3677 4545 consulatus
3707 4452 3830 4548 vui-

2247 4525 2774 4597 neriliusconfossus
2816 4530 2866 4580 in
2919 4530 3114 4596 palatio
3158 4531 3466 4586 interfectus
3497 4544 3607 4597 cst,
3640 4536 3828 4591 indici.

2241 4610 2354 4702 sui],
2392 4606 2447 4648 ut
2478 4595 2814 4651 Marcellinus
2842 4595 2979 4652 idem
3011 4609 3188 4666 notat,
3220 4603 3316 4655 hoc
3348 4609 3425 4657 est
3459 4595 3601 4658 anno
3628 4607 3830 4667 Christi

2239 4665 2360 4718 520.

2305 4733 2333 4814 d_
2365 4735 2563 4814 Eadem
2589 4736 2874 4814 inflexione
2901 4755 3004 4814 qua
3027 4740 3470 4814 Celei-irejusdem
3505 4745 3666 4799 filium
3702 4753 3820 4814 epi-

2234 4808 2368 4884 stola
2403 4808 2490 4884 55_
2501 4808 2637 4884 dixit
2664 4823 2758 4874 pro
2778 4808 3004 4884 Celeris,
3025 4811 3166 4884 quod
3189 4808 3358 4868 Graeci
3383 4829 3595 4884 quoque
3617 4808 3827 4884 nereia;

2234 4879 2444 4956 dicunt:
2478 4877 2595 4956 Fuit
2627 4878 2710 4930 lnc
2741 4880 2992 4956 magister
3021 4877 3360 4956 officiorum,
3402 4877 3565 4941 notus
3595 4877 3829 4956 expelli;

2233 4947 2379 5001 tione
2409 4947 2645 5024 Persica,
2680 4949 2762 5002 cui
2786 4964 2884 5024 ,_u_i
2913 4951 3205 5020 Procopius
3236 4955 3326 5007 lih.
3349 4947 3395 5008 ἠ
3427 4959 3646 5024 scribit,
3673 4947 3828 5017 inter

2231 5027 2463 5108 caeteros
2487 5017 2651 5104 duces
2690 5020 2897 5102 praefuit
2917 5031 3038 5094 {rebar
3063 5017 3113 5077 ἐῶ
3157 5025 3386 5108 παλατςῳ
3419 5017 3698 5099 ταγμάτῶν
3729 5038 3830 5108 ἀρ-

2233 5090 2398 5157 χηγὸς
2431 5089 2605 5172 Κέλερ.
2627 5089 3174 5172 γμὰγιστρρνλξξωμταῑυι
3203 5101 3290 5154 τὴν
3312 5089 3698 5172 Δὀιδὸχιροιίὶισιλεῑν
3745 5089 3829 5159 πίε-

2228 5179 2506 5234 venamur».
2540 5162 2705 5214 t‘iutus
2735 5174 2788 5216 et
2815 5162 3144 5220 (discrimine
3185 5167 3326 5233 quod
3354 5162 3434 5222 ad
3459 5169 3535 5234 it,
3579 5188 3704 5226 eum
3754 5176 3827 5230 ad

2231 5229 2545 5306 placandum
2582 5234 2828 5306 populum
2854 5235 3078 5303 'l'risagii
3103 5229 3264 5290 causa
3295 5229 3596 5306 efferatum,
3620 5229 3826 5300 missus

2229 5312 2373 5352 ess-~t
2402 5300 2471 5353 ab
2503 5304 2822 5367 Anastasio,
2866 5314 2921 5357 ut
2969 5300 3306 5361 Marcellinus
3345 5323 3525 5364 cernes
3557 5300 3610 5365 in
3640 5312 3825 5371 Chro-

2229 5371 2347 5442 nico
2380 5381 2590 5434 narrat,
2625 5373 2785 5427 Paulo
2813 5384 2867 5428 et
2895 5374 3205 5432 Musehiano
3234 5393 3373 5432 coss.
3399 5381 3507 5435 Sed
3538 5393 3593 5436 et
3620 5399 3826 5442 censu-

2227 5439 2540 5522 latnnncnm
2579 5442 2836 5522 Yeliantio
2885 5446 3085 5522 Liberii
3139 5449 3247 5502 filio
3289 5449 3530 5522 Celerem
3580 5439 3826 5522 gessisse

2228 5508 2368 5563 Fasti
2403 5513 2558 5587 fidem
2585 5515 2809 5587 faciunt,
2840 5529 2893 5570 et
2921 5518 3181 5572 bonarum
3210 5521 3434 5587 part-ium
3462 5508 3624 5578 fuisse
3649 5508 3826 5582 testa:

2225 5588 2310 5632 tur
2329 5621 2343 5644 ,
2369 5590 2484 5659 tuin
2518 5584 2813 5659 llnrnrisdae
2841 5588 2904 5659 ad
2937 5587 3178 5644 Celerem
3199 5584 3425 5659 epistola
3454 5593 3524 5646 54
3543 5636 3557 5656 ,
3592 5608 3706 5651 tum
3737 5601 3824 5652 :il-

2223 5665 2342 5732 tera
2359 5653 2560 5707 Celeris
2595 5657 2757 5732 ipsius
2797 5656 2862 5710 ad
2893 5653 3325 5716 ll-vrmisdain'de
3355 5678 3486 5732 pice
3517 5653 3657 5721 inter
3706 5669 3822 5724 Ec-

2222 5722 2407 5776 t-lesias
2437 5730 2751 5792 composita.
