  <div class='ocr_page' id='page_1' title='image "/cluster/home/n/w/nwhite01/storage/ocr_20150623/59/hvd.32044015471626/136.png"; bbox 0 0 4092 6350; ppageno 0'>
   <div class='ocr_carea' id='block_1_1' title="bbox 1717 363 2250 422">
    <p class='ocr_par' dir='ltr' id='par_1_1' title="bbox 1717 363 2250 422">
     <span class='ocr_line' id='line_1_1' title="bbox 1717 363 2250 422; baseline 0.002 -2"><span class='ocrx_word' id='word_1_1' title='bbox 1717 363 2049 422; x_wconf 73' lang='grc' dir='ltr'>ειηετοιιι</span> <span class='ocrx_word' id='word_1_2' title='bbox 2095 365 2250 422; x_wconf 83' lang='lat' dir='ltr'><strong>XLV.</strong></span> 
     </span>
    </p>
   </div>
   <div class='ocr_carea' id='block_1_2' title="bbox 3507 378 3614 439">
    <p class='ocr_par' dir='ltr' id='par_1_2' title="bbox 3507 378 3614 439">
     <span class='ocr_line' id='line_1_2' title="bbox 3507 378 3614 439; baseline 0.019 -2"><span class='ocrx_word' id='word_1_3' title='bbox 3507 378 3614 439; x_wconf 68' lang='lat'><strong>262</strong></span> 
     </span>
    </p>
   </div>
   <div class='ocr_carea' id='block_1_3' title="bbox 318 471 3606 557">
    <p class='ocr_par' dir='ltr' id='par_1_3' title="bbox 318 471 3606 557">
     <span class='ocr_line' id='line_1_3' title="bbox 318 471 3606 557; baseline 0.005 -26"><span class='ocrx_word' id='word_1_4' title='bbox 318 474 535 546; x_wconf 79' lang='lat' dir='ltr'><strong>augusti</strong></span> <span class='ocrx_word' id='word_1_5' title='bbox 560 518 574 543; x_wconf 94' lang='lat'><strong>,</strong></span> <span class='ocrx_word' id='word_1_6' title='bbox 605 489 764 546; x_wconf 87' lang='lat' dir='ltr'><strong>quam</strong></span> <span class='ocrx_word' id='word_1_7' title='bbox 799 471 1072 546; x_wconf 73' lang='lat' dir='ltr'><strong>dignitatis</strong></span> <span class='ocrx_word' id='word_1_8' title='bbox 1104 481 1293 529; x_wconf 64' lang='lat' dir='ltr'><strong>vestrm</strong></span> <span class='ocrx_word' id='word_1_9' title='bbox 1318 475 1581 545; x_wconf 88' lang='lat' dir='ltr'><strong>rescripto</strong></span> <span class='ocrx_word' id='word_1_10' title='bbox 1614 491 1919 532; x_wconf 83' lang='lat' dir='ltr'><strong>mereantur</strong></span> <span class='ocrx_word' id='word_1_11' title='bbox 1946 485 1992 542; x_wconf 81' lang='grc' dir='ltr'>Α</span> <span class='ocrx_word' id='word_1_12' title='bbox 2025 495 2162 544; x_wconf 89' lang='lat' dir='ltr'><strong>sum,</strong></span> <span class='ocrx_word' id='word_1_13' title='bbox 2199 495 2413 535; x_wconf 89' lang='lat' dir='ltr'><strong>manum</strong></span> <span class='ocrx_word' id='word_1_14' title='bbox 2443 493 2696 551; x_wconf 88' lang='lat' dir='ltr'><strong>vestram,</strong></span> <span class='ocrx_word' id='word_1_15' title='bbox 2730 500 2831 556; x_wconf 87' lang='lat' dir='ltr'><strong>qua</strong></span> <span class='ocrx_word' id='word_1_16' title='bbox 2868 499 3009 554; x_wconf 85' lang='lat' dir='ltr'><strong>pius,</strong></span> <span class='ocrx_word' id='word_1_17' title='bbox 3042 496 3314 557; x_wconf 80' lang='lat' dir='ltr'><strong>paternam</strong></span> <span class='ocrx_word' id='word_1_18' title='bbox 3343 491 3606 549; x_wconf 89' lang='lat' dir='ltr'><strong>declama-</strong></span> 
     </span>
    </p>
   </div>
   <div class='ocr_carea' id='block_1_4' title="bbox 317 581 637 637">
    <p class='ocr_par' dir='ltr' id='par_1_4' title="bbox 317 581 637 637">
     <span class='ocr_line' id='line_1_4' title="bbox 317 581 637 637; baseline 0.006 -17"><span class='ocrx_word' id='word_1_19' title='bbox 317 581 637 637; x_wconf 81' lang='lat' dir='ltr'><strong>agnoscere.</strong></span> 
     </span>
    </p>
   </div>
   <div class='ocr_carea' id='block_1_5' title="bbox 839 659 1388 716">
    <p class='ocr_par' dir='ltr' id='par_1_5' title="bbox 839 659 1388 716">
     <span class='ocr_line' id='line_1_5' title="bbox 839 659 1388 716; baseline -0.004 -1"><span class='ocrx_word' id='word_1_20' title='bbox 839 659 1166 716; x_wconf 76' lang='lat' dir='ltr'><strong>EPISTULA</strong></span> <span class='ocrx_word' id='word_1_21' title='bbox 1211 659 1388 714; x_wconf 79' lang='lat' dir='ltr'><strong>XLIV.</strong></span> 
     </span>
    </p>
   </div>
   <div class='ocr_carea' id='block_1_6' title="bbox 395 763 1863 811">
    <p class='ocr_par' dir='ltr' id='par_1_6' title="bbox 395 763 1863 811">
     <span class='ocr_line' id='line_1_6' title="bbox 395 763 1863 811; baseline 0.003 -5"><span class='ocrx_word' id='word_1_22' title='bbox 395 768 544 808; x_wconf 76' lang='lat' dir='ltr'><strong>VITUS</strong></span> <span class='ocrx_word' id='word_1_23' title='bbox 585 769 888 808; x_wconf 66' lang='lat' dir='ltr'><strong>VIENNENSIS</strong></span> <span class='ocrx_word' id='word_1_24' title='bbox 930 770 1210 808; x_wconf 66' lang='lat' dir='ltr'><strong>l-LPISCOI&#39;lIS</strong></span> <span class='ocrx_word' id='word_1_25' title='bbox 1255 763 1276 788; x_wconf 69' lang='grc'><strong>³</strong></span> <span class='ocrx_word' id='word_1_26' title='bbox 1320 771 1496 808; x_wconf 68' lang='grc' dir='ltr'><strong>11οΜΝο</strong></span> <span class='ocrx_word' id='word_1_27' title='bbox 1538 771 1863 811; x_wconf 67' lang='grc' dir='ltr'><strong>ΞΙΕΙΕΜΙΣΝΒΟ.</strong></span> 
     </span>
    </p>
   </div>
   <div class='ocr_carea' id='block_1_7' title="bbox 387 846 1914 921">
    <p class='ocr_par' dir='ltr' id='par_1_7' title="bbox 387 846 1914 921">
     <span class='ocr_line' id='line_1_7' title="bbox 387 846 1914 921; baseline 0.005 -22"><span class='ocrx_word' id='word_1_28' title='bbox 387 846 444 900; x_wconf 88' lang='lat' dir='ltr'><strong>Si</strong></span> <span class='ocrx_word' id='word_1_29' title='bbox 478 847 849 916; x_wconf 88' lang='lat' dir='ltr'><strong>utdignatnini</strong></span> <span class='ocrx_word' id='word_1_30' title='bbox 877 847 1102 902; x_wconf 83' lang='lat' dir='ltr'><strong>credere</strong></span> <span class='ocrx_word' id='word_1_31' title='bbox 1139 849 1280 917; x_wconf 82' lang='lat' dir='ltr'><strong>loqui</strong></span> <span class='ocrx_word' id='word_1_32' title='bbox 1325 865 1570 917; x_wconf 67' lang='lat' dir='ltr'><strong>possein,</strong></span> <span class='ocrx_word' id='word_1_33' title='bbox 1615 851 1914 921; x_wconf 77' lang='lat' dir='ltr'><strong>importune</strong></span> 
     </span>
    </p>
   </div>
   <div class='ocr_carea' id='block_1_8' title="bbox 315 942 1915 1018">
    <p class='ocr_par' dir='ltr' id='par_1_8' title="bbox 315 942 1915 1018">
     <span class='ocr_line' id='line_1_8' title="bbox 315 942 1915 1018; baseline 0.007 -25"><span class='ocrx_word' id='word_1_34' title='bbox 315 952 424 993; x_wconf 79' lang='lat' dir='ltr'><strong>tnui</strong></span> <span class='ocrx_word' id='word_1_35' title='bbox 455 942 791 1018; x_wconf 69' lang='lat' dir='ltr'><strong>obstreperet</strong></span> <span class='ocrx_word' id='word_1_36' title='bbox 837 943 1038 999; x_wconf 72' lang='lat' dir='ltr'><strong>Grazcis</strong></span> <span class='ocrx_word' id='word_1_37' title='bbox 1088 946 1308 1000; x_wconf 84' lang='lat' dir='ltr'><strong>auribus</strong></span> <span class='ocrx_word' id='word_1_38' title='bbox 1349 964 1524 1001; x_wconf 84' lang='lat' dir='ltr'><strong>seruio</strong></span> <span class='ocrx_word' id='word_1_39' title='bbox 1578 948 1815 1004; x_wconf 89' lang='lat' dir='ltr'><strong>Latinus.</strong></span> <span class='ocrx_word' id='word_1_40' title='bbox 1847 951 1915 1004; x_wconf 89' lang='lat' dir='ltr'><strong>At</strong></span> 
     </span>
    </p>
   </div>
   <div class='ocr_carea' id='block_1_9' title="bbox 311 1035 1910 1108">
    <p class='ocr_par' dir='ltr' id='par_1_9' title="bbox 311 1035 1910 1108">
     <span class='ocr_line' id='line_1_9' title="bbox 311 1035 1910 1108; baseline 0.008 -23"><span class='ocrx_word' id='word_1_41' title='bbox 311 1049 435 1086; x_wconf 85' lang='lat' dir='ltr'><strong>cum</strong></span> <span class='ocrx_word' id='word_1_42' title='bbox 463 1036 514 1086; x_wconf 91' lang='lat' dir='ltr'><strong>in</strong></span> <span class='ocrx_word' id='word_1_43' title='bbox 546 1035 720 1105; x_wconf 83' lang='lat' dir='ltr'><strong>lingua</strong></span> <span class='ocrx_word' id='word_1_44' title='bbox 748 1048 926 1090; x_wconf 74' lang='lat' dir='ltr'><strong>nostra</strong></span> <span class='ocrx_word' id='word_1_45' title='bbox 959 1039 1055 1089; x_wconf 78' lang='lat' dir='ltr'><strong>hoc</strong></span> <span class='ocrx_word' id='word_1_46' title='bbox 1100 1041 1268 1108; x_wconf 88' lang='lat' dir='ltr'><strong>magis</strong></span> <span class='ocrx_word' id='word_1_47' title='bbox 1305 1041 1575 1094; x_wconf 84' lang='lat' dir='ltr'><strong>abiturum</strong></span> <span class='ocrx_word' id='word_1_48' title='bbox 1610 1045 1678 1096; x_wconf 87' lang='lat' dir='ltr'><strong>sit</strong></span> <span class='ocrx_word' id='word_1_49' title='bbox 1712 1044 1910 1097; x_wconf 85' lang='lat' dir='ltr'><strong>intelli-</strong></span> 
     </span>
    </p>
   </div>
   <div class='ocr_carea' id='block_1_10' title="bbox 310 1124 1908 1204">
    <p class='ocr_par' dir='ltr' id='par_1_10' title="bbox 310 1124 1908 1204">
     <span class='ocr_line' id='line_1_10' title="bbox 310 1124 1908 1204; baseline 0.009 -28"><span class='ocrx_word' id='word_1_50' title='bbox 310 1124 497 1192; x_wconf 84' lang='lat' dir='ltr'><strong>gibile,</strong></span> <span class='ocrx_word' id='word_1_51' title='bbox 534 1129 674 1194; x_wconf 92' lang='lat' dir='ltr'><strong>quod</strong></span> <span class='ocrx_word' id='word_1_52' title='bbox 705 1127 880 1180; x_wconf 89' lang='lat' dir='ltr'><strong>minus</strong></span> <span class='ocrx_word' id='word_1_53' title='bbox 922 1126 1086 1182; x_wconf 89' lang='lat' dir='ltr'><strong>fuerit</strong></span> <span class='ocrx_word' id='word_1_54' title='bbox 1116 1132 1446 1197; x_wconf 84' lang='lat' dir='ltr'><strong>expolitum;</strong></span> <span class='ocrx_word' id='word_1_55' title='bbox 1483 1133 1532 1186; x_wconf 92' lang='lat' dir='ltr'><strong>in</strong></span> <span class='ocrx_word' id='word_1_56' title='bbox 1560 1134 1747 1188; x_wconf 86' lang='lat' dir='ltr'><strong>litteris</strong></span> <span class='ocrx_word' id='word_1_57' title='bbox 1775 1151 1908 1204; x_wconf 91' lang='lat' dir='ltr'><strong>quas</strong></span> 
     </span>
    </p>
   </div>
   <div class='ocr_carea' id='block_1_11' title="bbox 321 1222 1912 1296">
    <p class='ocr_par' dir='ltr' id='par_1_11' title="bbox 321 1222 1912 1296">
     <span class='ocr_line' id='line_1_11' title="bbox 321 1222 1912 1296; baseline 0.004 -26"><span class='ocrx_word' id='word_1_58' title='bbox 321 1233 418 1285; x_wconf 87' lang='lat' dir='ltr'><strong>per</strong></span> <span class='ocrx_word' id='word_1_59' title='bbox 439 1233 756 1273; x_wconf 71' lang='lat' dir='ltr'><strong>consertum</strong></span> <span class='ocrx_word' id='word_1_60' title='bbox 782 1236 956 1274; x_wconf 86' lang='lat' dir='ltr'><strong>meum</strong></span> <span class='ocrx_word' id='word_1_61' title='bbox 989 1222 1166 1276; x_wconf 69' lang='lat' dir='ltr'><strong>offerri</strong></span> <span class='ocrx_word' id='word_1_62' title='bbox 1198 1226 1531 1293; x_wconf 70' lang='lat' dir='ltr'><strong>praecepistis</strong></span> <span class='ocrx_word' id='word_1_63' title='bbox 1553 1269 1565 1291; x_wconf 91' lang='lat'><strong>,</strong></span> <span class='ocrx_word' id='word_1_64' title='bbox 1607 1237 1830 1296; x_wconf 88' lang='lat' dir='ltr'><strong>possunt</strong></span> <span class='ocrx_word' id='word_1_65' title='bbox 1859 1232 1912 1282; x_wconf 90' lang='lat' dir='ltr'><strong>et</strong></span> 
     </span>
    </p>
   </div>
   <div class='ocr_carea' id='block_1_12' title="bbox 323 1310 1909 1385">
    <p class='ocr_par' dir='ltr' id='par_1_12' title="bbox 323 1310 1909 1385">
     <span class='ocr_line' id='line_1_12' title="bbox 323 1310 1909 1385; baseline 0.009 -27"><span class='ocrx_word' id='word_1_66' title='bbox 323 1310 446 1362; x_wconf 91' lang='lat' dir='ltr'><strong>vitia</strong></span> <span class='ocrx_word' id='word_1_67' title='bbox 479 1325 599 1362; x_wconf 88' lang='lat' dir='ltr'><strong>cum</strong></span> <span class='ocrx_word' id='word_1_68' title='bbox 637 1312 921 1366; x_wconf 80' lang='lat' dir='ltr'><strong>securitate</strong></span> <span class='ocrx_word' id='word_1_69' title='bbox 951 1314 1159 1366; x_wconf 89' lang='lat' dir='ltr'><strong>dictari.</strong></span> <span class='ocrx_word' id='word_1_70' title='bbox 1197 1317 1295 1382; x_wconf 89' lang='lat' dir='ltr'><strong>Ipsi</strong></span> <span class='ocrx_word' id='word_1_71' title='bbox 1329 1324 1476 1370; x_wconf 90' lang='lat' dir='ltr'><strong>certe</strong></span> <span class='ocrx_word' id='word_1_72' title='bbox 1506 1317 1632 1385; x_wconf 90' lang='lat' dir='ltr'><strong>quid</strong></span> <span class='ocrx_word' id='word_1_73' title='bbox 1681 1318 1909 1373; x_wconf 87' lang='lat' dir='ltr'><strong>velimus</strong></span> 
     </span>
    </p>
   </div>
   <div class='ocr_carea' id='block_1_13' title="bbox 322 1402 1908 1480">
    <p class='ocr_par' dir='ltr' id='par_1_13' title="bbox 322 1402 1908 1480">
     <span class='ocr_line' id='line_1_13' title="bbox 322 1402 1908 1480; baseline 0.008 -26"><span class='ocrx_word' id='word_1_74' title='bbox 322 1402 505 1457; x_wconf 87' lang='lat' dir='ltr'><strong>dicere</strong></span> <span class='ocrx_word' id='word_1_75' title='bbox 529 1420 845 1473; x_wconf 85' lang='lat' dir='ltr'><strong>quocunque</strong></span> <span class='ocrx_word' id='word_1_76' title='bbox 872 1415 1178 1461; x_wconf 88' lang='lat' dir='ltr'><strong>scrutentur</strong></span> <span class='ocrx_word' id='word_1_77' title='bbox 1206 1410 1522 1478; x_wconf 56' lang='lat' dir='ltr'><strong>interprete,</strong></span> <span class='ocrx_word' id='word_1_78' title='bbox 1547 1426 1644 1480; x_wconf 85' lang='lat' dir='ltr'><strong>ego</strong></span> <span class='ocrx_word' id='word_1_79' title='bbox 1668 1412 1718 1466; x_wconf 93' lang='lat' dir='ltr'><strong>in</strong></span> <span class='ocrx_word' id='word_1_80' title='bbox 1748 1412 1908 1467; x_wconf 79' lang='lat' dir='ltr'><strong>affatu</strong></span> 
     </span>
    </p>
   </div>
   <div class='ocr_carea' id='block_1_14' title="bbox 312 1499 1905 1573">
    <p class='ocr_par' dir='ltr' id='par_1_14' title="bbox 312 1499 1905 1573">
     <span class='ocr_line' id='line_1_14' title="bbox 312 1499 1905 1573; baseline 0.007 -25"><span class='ocrx_word' id='word_1_81' title='bbox 312 1508 574 1550; x_wconf 87' lang='lat' dir='ltr'><strong>consueto</strong></span> <span class='ocrx_word' id='word_1_82' title='bbox 597 1499 902 1569; x_wconf 76' lang='lat' dir='ltr'><strong>dignatione</strong></span> <span class='ocrx_word' id='word_1_83' title='bbox 944 1502 1058 1568; x_wconf 83' lang='lat' dir='ltr'><strong>plus</strong></span> <span class='ocrx_word' id='word_1_84' title='bbox 1082 1540 1096 1562; x_wconf 90' lang='lat'><strong>,</strong></span> <span class='ocrx_word' id='word_1_85' title='bbox 1129 1506 1171 1553; x_wconf 81' lang='lat' dir='ltr'><strong>si</strong></span> <span class='ocrx_word' id='word_1_86' title='bbox 1205 1503 1305 1555; x_wconf 86' lang='lat' dir='ltr'><strong>dici</strong></span> <span class='ocrx_word' id='word_1_87' title='bbox 1343 1513 1551 1571; x_wconf 79' lang='lat' dir='ltr'><strong>potest,</strong></span> <span class='ocrx_word' id='word_1_88' title='bbox 1585 1521 1743 1573; x_wconf 89' lang='lat' dir='ltr'><strong>quam</strong></span> <span class='ocrx_word' id='word_1_89' title='bbox 1784 1505 1905 1573; x_wconf 50' lang='lat' dir='ltr'><strong>piis.</strong></span> 
     </span>
    </p>
   </div>
   <div class='ocr_carea' id='block_1_15' title="bbox 312 1592 1909 1667">
    <p class='ocr_par' dir='ltr' id='par_1_15' title="bbox 312 1592 1909 1667">
     <span class='ocr_line' id='line_1_15' title="bbox 312 1592 1909 1667; baseline 0.007 -25"><span class='ocrx_word' id='word_1_90' title='bbox 312 1592 435 1644; x_wconf 93' lang='lat' dir='ltr'><strong>simi</strong></span> <span class='ocrx_word' id='word_1_91' title='bbox 482 1592 663 1645; x_wconf 88' lang='lat' dir='ltr'><strong>domui</strong></span> <span class='ocrx_word' id='word_1_92' title='bbox 713 1595 1079 1661; x_wconf 72' lang='lat' dir='ltr'><strong>experimento</strong></span> <span class='ocrx_word' id='word_1_93' title='bbox 1113 1597 1500 1665; x_wconf 78' lang='lat' dir='ltr'><strong>interpretante</strong></span> <span class='ocrx_word' id='word_1_94' title='bbox 1550 1599 1798 1667; x_wconf 80' lang='lat' dir='ltr'><strong>cognovi.</strong></span> <span class='ocrx_word' id='word_1_95' title='bbox 1837 1600 1909 1652; x_wconf 87' lang='lat' dir='ltr'><strong>De</strong></span> 
     </span>
    </p>
   </div>
   <div class='ocr_carea' id='block_1_16' title="bbox 309 1683 1910 1760">
    <p class='ocr_par' dir='ltr' id='par_1_16' title="bbox 309 1683 1910 1760">
     <span class='ocr_line' id='line_1_16' title="bbox 309 1683 1910 1760; baseline 0.006 -26"><span class='ocrx_word' id='word_1_96' title='bbox 309 1683 561 1751; x_wconf 84' lang='lat' dir='ltr'><strong>reliquo,</strong></span> <span class='ocrx_word' id='word_1_97' title='bbox 621 1683 865 1738; x_wconf 74' lang='lat' dir='ltr'><strong>Christus</strong></span> <span class='ocrx_word' id='word_1_98' title='bbox 911 1686 1059 1738; x_wconf 90' lang='lat' dir='ltr'><strong>vobis</strong></span> <span class='ocrx_word' id='word_1_99' title='bbox 1115 1703 1211 1755; x_wconf 90' lang='lat' dir='ltr'><strong>pro</strong></span> <span class='ocrx_word' id='word_1_100' title='bbox 1269 1690 1663 1756; x_wconf 76' lang='lat' dir='ltr'><strong>persoverantia</strong></span> <span class='ocrx_word' id='word_1_101' title='bbox 1721 1692 1910 1760; x_wconf 68' lang='lat' dir='ltr'><strong>gratia:</strong></span> 
     </span>
    </p>
   </div>
   <div class='ocr_carea' id='block_1_17' title="bbox 305 1775 1904 1849">
    <p class='ocr_par' dir='ltr' id='par_1_17' title="bbox 305 1775 1904 1849">
     <span class='ocr_line' id='line_1_17' title="bbox 305 1775 1904 1849; baseline 0.009 -25"><span class='ocrx_word' id='word_1_102' title='bbox 305 1789 470 1842; x_wconf 87' lang='lat' dir='ltr'><strong>quam</strong></span> <span class='ocrx_word' id='word_1_103' title='bbox 512 1775 877 1841; x_wconf 74' lang='lat' dir='ltr'><strong>peculiaribus</strong></span> <span class='ocrx_word' id='word_1_104' title='bbox 918 1781 1088 1831; x_wconf 85' lang='lat' dir='ltr'><strong>servis</strong></span> <span class='ocrx_word' id='word_1_105' title='bbox 1118 1781 1375 1842; x_wconf 76' lang='lat' dir='ltr'><strong>servatis,</strong></span> <span class='ocrx_word' id='word_1_106' title='bbox 1415 1782 1581 1834; x_wconf 88' lang='lat' dir='ltr'><strong>vicem</strong></span> <span class='ocrx_word' id='word_1_107' title='bbox 1628 1782 1904 1849; x_wconf 81' lang='lat' dir='ltr'><strong>rependat.</strong></span> 
     </span>
    </p>
   </div>
   <div class='ocr_carea' id='block_1_18' title="bbox 2023 571 3605 652">
    <p class='ocr_par' dir='ltr' id='par_1_18' title="bbox 2023 571 3605 652">
     <span class='ocr_line' id='line_1_18' title="bbox 2023 571 3605 652; baseline 0.011 -28"><span class='ocrx_word' id='word_1_108' title='bbox 2023 571 2251 637; x_wconf 85' lang='lat' dir='ltr'><strong>tionem,</strong></span> <span class='ocrx_word' id='word_1_109' title='bbox 2292 590 2404 652; x_wconf 82' lang='lat' dir='ltr'><strong>qua</strong></span> <span class='ocrx_word' id='word_1_110' title='bbox 2454 577 2720 641; x_wconf 75' lang='lat' dir='ltr'><strong>maxime,</strong></span> <span class='ocrx_word' id='word_1_111' title='bbox 2775 579 3163 636; x_wconf 66' lang='lat' dir='ltr'><strong>litereditariam</strong></span> <span class='ocrx_word' id='word_1_112' title='bbox 3203 581 3605 652; x_wconf 82' lang='lat' dir='ltr'><strong>benignitatem.</strong></span> 
     </span>
    </p>
   </div>
   <div class='ocr_carea' id='block_1_19' title="bbox 2019 647 3602 743">
    <p class='ocr_par' dir='ltr' id='par_1_19' title="bbox 2019 647 3602 743">
     <span class='ocr_line' id='line_1_19' title="bbox 2019 647 3602 743; baseline 0.011 -29"><span class='ocrx_word' id='word_1_113' title='bbox 2019 647 2323 732; x_wconf 82' lang='lat' dir='ltr'><strong>Scripsistis</strong></span> <span class='ocrx_word' id='word_1_114' title='bbox 2365 665 2543 735; x_wconf 80' lang='lat' dir='ltr'><strong>igitur,</strong></span> <span class='ocrx_word' id='word_1_115' title='bbox 2579 667 2792 723; x_wconf 82' lang='lat' dir='ltr'><strong>Christo</strong></span> <span class='ocrx_word' id='word_1_116' title='bbox 2839 681 3157 740; x_wconf 65' lang='lat' dir='ltr'><strong>praestante,</strong></span> <span class='ocrx_word' id='word_1_117' title='bbox 3190 674 3295 743; x_wconf 91' lang='lat' dir='ltr'><strong>jam</strong></span> <span class='ocrx_word' id='word_1_118' title='bbox 3329 647 3602 741; x_wconf 33' lang='lat' dir='ltr'><strong>ireduccs,</strong></span> 
     </span>
    </p>
   </div>
   <div class='ocr_carea' id='block_1_20' title="bbox 2019 756 3606 836">
    <p class='ocr_par' dir='ltr' id='par_1_20' title="bbox 2019 756 3606 836">
     <span class='ocr_line' id='line_1_20' title="bbox 2019 756 3606 836; baseline 0.012 -29"><span class='ocrx_word' id='word_1_119' title='bbox 2019 756 2196 809; x_wconf 87' lang='lat' dir='ltr'><strong>omnia</strong></span> <span class='ocrx_word' id='word_1_120' title='bbox 2234 767 2341 810; x_wconf 89' lang='lat' dir='ltr'><strong>tuta</strong></span> <span class='ocrx_word' id='word_1_121' title='bbox 2373 773 2522 827; x_wconf 90' lang='lat' dir='ltr'><strong>esse,</strong></span> <span class='ocrx_word' id='word_1_122' title='bbox 2573 762 2824 831; x_wconf 88' lang='lat' dir='ltr'><strong>circaque</strong></span> <span class='ocrx_word' id='word_1_123' title='bbox 2878 779 2973 820; x_wconf 87' lang='lat' dir='ltr'><strong>vos</strong></span> <span class='ocrx_word' id='word_1_124' title='bbox 3018 766 3375 836; x_wconf 81' lang='lat' dir='ltr'><strong>dignationem</strong></span> <span class='ocrx_word' id='word_1_125' title='bbox 3424 770 3606 827; x_wconf 89' lang='lat' dir='ltr'><strong>domui</strong></span> 
     </span>
    </p>
   </div>
   <div class='ocr_carea' id='block_1_21' title="bbox 2020 848 3607 932">
    <p class='ocr_par' dir='ltr' id='par_1_21' title="bbox 2020 848 3607 932">
     <span class='ocr_line' id='line_1_21' title="bbox 2020 848 3607 932; baseline 0.012 -32"><span class='ocrx_word' id='word_1_126' title='bbox 2020 848 2161 917; x_wconf 87' lang='lat' dir='ltr'><strong>regis</strong></span> <span class='ocrx_word' id='word_1_127' title='bbox 2189 849 2388 904; x_wconf 92' lang='lat' dir='ltr'><strong>Alarici</strong></span> <span class='ocrx_word' id='word_1_128' title='bbox 2423 851 2642 906; x_wconf 60' lang='lat' dir='ltr'><strong>illaesam</strong></span> <span class='ocrx_word' id='word_1_129' title='bbox 2674 864 2728 908; x_wconf 91' lang='lat' dir='ltr'><strong>et</strong></span> <span class='ocrx_word' id='word_1_130' title='bbox 2753 856 3032 923; x_wconf 84' lang='lat' dir='ltr'><strong>pristinam</strong></span> <span class='ocrx_word' id='word_1_131' title='bbox 3065 876 3400 928; x_wconf 88' lang='lat' dir='ltr'><strong>permanere.</strong></span> <span class='ocrx_word' id='word_1_132' title='bbox 3429 864 3607 932; x_wconf 85' lang='lat' dir='ltr'><strong>Quan-</strong></span> 
     </span>
    </p>
   </div>
   <div class='ocr_carea' id='block_1_22' title="bbox 2017 947 3607 1024">
    <p class='ocr_par' dir='ltr' id='par_1_22' title="bbox 2017 947 3607 1024">
     <span class='ocr_line' id='line_1_22' title="bbox 2017 947 3607 1024; baseline 0.012 -32"><span class='ocrx_word' id='word_1_133' title='bbox 2017 956 2172 1009; x_wconf 91' lang='lat' dir='ltr'><strong>quam</strong></span> <span class='ocrx_word' id='word_1_134' title='bbox 2207 957 2308 1010; x_wconf 88' lang='lat' dir='ltr'><strong>ego</strong></span> <span class='ocrx_word' id='word_1_135' title='bbox 2335 957 2617 1009; x_wconf 90' lang='lat' dir='ltr'><strong>censeam,</strong></span> <span class='ocrx_word' id='word_1_136' title='bbox 2651 947 2791 1015; x_wconf 89' lang='lat' dir='ltr'><strong>quod</strong></span> <span class='ocrx_word' id='word_1_137' title='bbox 2823 955 2944 1016; x_wconf 87' lang='lat' dir='ltr'><strong>post</strong></span> <span class='ocrx_word' id='word_1_138' title='bbox 2972 967 3342 1024; x_wconf 91' lang='lat' dir='ltr'><strong>quamcunque</strong></span> <span class='ocrx_word' id='word_1_139' title='bbox 3376 960 3607 1012; x_wconf 81' lang='lat' dir='ltr'><strong>nutatio-</strong></span> 
     </span>
    </p>
   </div>
   <div class='ocr_carea' id='block_1_23' title="bbox 2017 1035 3606 1118">
    <p class='ocr_par' dir='ltr' id='par_1_23' title="bbox 2017 1035 3606 1118">
     <span class='ocr_line' id='line_1_23' title="bbox 2017 1035 3606 1118; baseline 0.013 -33"><span class='ocrx_word' id='word_1_140' title='bbox 2017 1049 2173 1098; x_wconf 89' lang='lat' dir='ltr'><strong>nein,</strong></span> <span class='ocrx_word' id='word_1_141' title='bbox 2225 1035 2393 1102; x_wconf 88' lang='lat' dir='ltr'><strong>gratia</strong></span> <span class='ocrx_word' id='word_1_142' title='bbox 2443 1036 2628 1090; x_wconf 83' lang='lat' dir='ltr'><strong>talium</strong></span> <span class='ocrx_word' id='word_1_143' title='bbox 2680 1053 3029 1109; x_wconf 86' lang='lat' dir='ltr'><strong>personarum</strong></span> <span class='ocrx_word' id='word_1_144' title='bbox 3077 1043 3146 1096; x_wconf 92' lang='lat' dir='ltr'><strong>ita</strong></span> <span class='ocrx_word' id='word_1_145' title='bbox 3178 1047 3293 1100; x_wconf 87' lang='lat' dir='ltr'><strong>sine</strong></span> <span class='ocrx_word' id='word_1_146' title='bbox 3321 1062 3606 1118; x_wconf 78' lang='lat' dir='ltr'><strong>augmento</strong></span> 
     </span>
    </p>
   </div>
   <div class='ocr_carea' id='block_1_24' title="bbox 2017 1129 3605 1202">
    <p class='ocr_par' dir='ltr' id='par_1_24' title="bbox 2017 1129 3605 1202">
     <span class='ocr_line' id='line_1_24' title="bbox 2017 1129 3605 1202; baseline 0.009 -24"><span class='ocrx_word' id='word_1_147' title='bbox 2017 1141 2120 1180; x_wconf 91' lang='lat' dir='ltr'><strong>n0n</strong></span> <span class='ocrx_word' id='word_1_148' title='bbox 2156 1129 2416 1194; x_wconf 78' lang='lat' dir='ltr'><strong>redditur,</strong></span> <span class='ocrx_word' id='word_1_149' title='bbox 2444 1131 2582 1185; x_wconf 89' lang='lat' dir='ltr'><strong>sicut</strong></span> <span class='ocrx_word' id='word_1_150' title='bbox 2612 1133 2728 1186; x_wconf 84' lang='lat' dir='ltr'><strong>sine</strong></span> <span class='ocrx_word' id='word_1_151' title='bbox 2761 1134 2999 1202; x_wconf 88' lang='lat' dir='ltr'><strong>periculo</strong></span> <span class='ocrx_word' id='word_1_152' title='bbox 3035 1151 3138 1191; x_wconf 91' lang='lat' dir='ltr'><strong>non</strong></span> <span class='ocrx_word' id='word_1_153' title='bbox 3172 1138 3374 1194; x_wconf 88' lang='lat' dir='ltr'><strong>finitur.</strong></span> <span class='ocrx_word' id='word_1_154' title='bbox 3410 1142 3605 1196; x_wconf 80' lang='lat' dir='ltr'><strong>Volunt</strong></span> 
     </span>
    </p>
   </div>
   <div class='ocr_carea' id='block_1_25' title="bbox 2016 1211 3606 1301">
    <p class='ocr_par' dir='ltr' id='par_1_25' title="bbox 2016 1211 3606 1301">
     <span class='ocr_line' id='line_1_25' title="bbox 2016 1211 3606 1301; baseline 0.009 -26"><span class='ocrx_word' id='word_1_155' title='bbox 2016 1223 2157 1275; x_wconf 90' lang='lat' dir='ltr'><strong>enim</strong></span> <span class='ocrx_word' id='word_1_156' title='bbox 2185 1223 2334 1292; x_wconf 87' lang='lat' dir='ltr'><strong>quasi</strong></span> <span class='ocrx_word' id='word_1_157' title='bbox 2369 1211 2683 1280; x_wconf 72' lang='lat' dir='ltr'><strong>satisfacere</strong></span> <span class='ocrx_word' id='word_1_158' title='bbox 2715 1226 3034 1282; x_wconf 72' lang='lat' dir='ltr'><strong>innocentia:</strong></span> <span class='ocrx_word' id='word_1_159' title='bbox 3065 1228 3348 1296; x_wconf 69' lang='lat' dir='ltr'><strong>lacessitw,</strong></span> <span class='ocrx_word' id='word_1_160' title='bbox 3387 1242 3606 1301; x_wconf 84' lang='lat' dir='ltr'><strong>tuiuque</strong></span> 
     </span>
    </p>
   </div>
   <div class='ocr_carea' id='block_1_26' title="bbox 2015 1313 3602 1384">
    <p class='ocr_par' dir='ltr' id='par_1_26' title="bbox 2015 1313 3602 1384">
     <span class='ocr_line' id='line_1_26' title="bbox 2015 1313 3602 1384; baseline 0.009 -18"><span class='ocrx_word' id='word_1_161' title='bbox 2015 1313 2218 1384; x_wconf 87' lang='lat' dir='ltr'><strong>eligunt</strong></span> <span class='ocrx_word' id='word_1_162' title='bbox 2247 1315 2544 1372; x_wconf 89' lang='lat' dir='ltr'><strong>credidisse</strong></span> <span class='ocrx_word' id='word_1_163' title='bbox 2574 1333 2695 1373; x_wconf 92' lang='lat' dir='ltr'><strong>cum</strong></span> <span class='ocrx_word' id='word_1_164' title='bbox 2721 1330 2949 1374; x_wconf 90' lang='lat' dir='ltr'><strong>cernunt</strong></span> <span class='ocrx_word' id='word_1_165' title='bbox 2981 1339 2990 1372; x_wconf 88' lang='lat'><strong>:</strong></span> <span class='ocrx_word' id='word_1_166' title='bbox 3024 1330 3078 1376; x_wconf 88' lang='lat' dir='ltr'><strong>et</strong></span> <span class='ocrx_word' id='word_1_167' title='bbox 3110 1324 3187 1377; x_wconf 87' lang='lat' dir='ltr'><strong>sic</strong></span> <span class='ocrx_word' id='word_1_168' title='bbox 3217 1324 3294 1377; x_wconf 85' lang='lat' dir='ltr'><strong>eis</strong></span> <span class='ocrx_word' id='word_1_169' title='bbox 3325 1328 3602 1380; x_wconf 80' lang='lat' dir='ltr'><strong>conscien-</strong></span> 
     </span>
    </p>
   </div>
   <div class='ocr_carea' id='block_1_27' title="bbox 2017 1405 3604 1488">
    <p class='ocr_par' dir='ltr' id='par_1_27' title="bbox 2017 1405 3604 1488">
     <span class='ocr_line' id='line_1_27' title="bbox 2017 1405 3604 1488; baseline 0.01 -32"><span class='ocrx_word' id='word_1_170' title='bbox 2017 1405 2085 1456; x_wconf 90' lang='lat' dir='ltr'><strong>tia</strong></span> <span class='ocrx_word' id='word_1_171' title='bbox 2115 1415 2300 1460; x_wconf 90' lang='lat' dir='ltr'><strong>nostra</strong></span> <span class='ocrx_word' id='word_1_172' title='bbox 2332 1407 2548 1474; x_wconf 85' lang='lat' dir='ltr'><strong>sufficit,</strong></span> <span class='ocrx_word' id='word_1_173' title='bbox 2584 1409 2627 1464; x_wconf 90' lang='lat' dir='ltr'><strong>si</strong></span> <span class='ocrx_word' id='word_1_174' title='bbox 2658 1410 2880 1465; x_wconf 89' lang='lat' dir='ltr'><strong>scientia</strong></span> <span class='ocrx_word' id='word_1_175' title='bbox 2912 1428 3006 1467; x_wconf 90' lang='lat' dir='ltr'><strong>sua</strong></span> <span class='ocrx_word' id='word_1_176' title='bbox 3040 1417 3190 1469; x_wconf 90' lang='lat' dir='ltr'><strong>testis</strong></span> <span class='ocrx_word' id='word_1_177' title='bbox 3227 1417 3453 1472; x_wconf 87' lang='lat' dir='ltr'><strong>accedit.</strong></span> <span class='ocrx_word' id='word_1_178' title='bbox 3496 1419 3604 1488; x_wconf 68' lang='lat' dir='ltr'><strong>ligo</strong></span> 
     </span>
    </p>
   </div>
   <div class='ocr_carea' id='block_1_28' title="bbox 2016 1500 3600 1577">
    <p class='ocr_par' dir='ltr' id='par_1_28' title="bbox 2016 1500 3600 1577">
     <span class='ocr_line' id='line_1_28' title="bbox 2016 1500 3600 1577; baseline 0.009 -29"><span class='ocrx_word' id='word_1_179' title='bbox 2016 1508 2190 1551; x_wconf 90' lang='lat' dir='ltr'><strong>tamen</strong></span> <span class='ocrx_word' id='word_1_180' title='bbox 2222 1500 2408 1552; x_wconf 90' lang='lat' dir='ltr'><strong>nuntio</strong></span> <span class='ocrx_word' id='word_1_181' title='bbox 2437 1510 2653 1566; x_wconf 73' lang='lat' dir='ltr'><strong>vestrre,</strong></span> <span class='ocrx_word' id='word_1_182' title='bbox 2677 1501 2784 1555; x_wconf 91' lang='lat' dir='ltr'><strong>imo</strong></span> <span class='ocrx_word' id='word_1_183' title='bbox 2814 1515 3010 1557; x_wconf 70' lang='lat' dir='ltr'><strong>nostra:</strong></span> <span class='ocrx_word' id='word_1_184' title='bbox 3037 1507 3335 1560; x_wconf 56' lang='lat' dir='ltr'><strong>securitati»</strong></span> <span class='ocrx_word' id='word_1_185' title='bbox 3359 1519 3600 1577; x_wconf 78' lang='lat' dir='ltr'><strong>accepto,</strong></span> 
     </span>
    </p>
   </div>
   <div class='ocr_carea' id='block_1_29' title="bbox 2013 1589 3605 1668">
    <p class='ocr_par' dir='ltr' id='par_1_29' title="bbox 2013 1589 3605 1668">
     <span class='ocr_line' id='line_1_29' title="bbox 2013 1589 3605 1668; baseline 0.009 -27"><span class='ocrx_word' id='word_1_186' title='bbox 2013 1603 2138 1643; x_wconf 89' lang='lat' dir='ltr'><strong>ecce</strong></span> <span class='ocrx_word' id='word_1_187' title='bbox 2182 1589 2292 1644; x_wconf 89' lang='lat' dir='ltr'><strong>Deo</strong></span> <span class='ocrx_word' id='word_1_188' title='bbox 2341 1600 2476 1646; x_wconf 84' lang='lat' dir='ltr'><strong>teste</strong></span> <span class='ocrx_word' id='word_1_189' title='bbox 2527 1594 2737 1664; x_wconf 91' lang='lat' dir='ltr'><strong>loquor,</strong></span> <span class='ocrx_word' id='word_1_190' title='bbox 2788 1594 2838 1649; x_wconf 94' lang='lat' dir='ltr'><strong>in</strong></span> <span class='ocrx_word' id='word_1_191' title='bbox 2882 1597 3145 1668; x_wconf 84' lang='lat' dir='ltr'><strong>lacrynias</strong></span> <span class='ocrx_word' id='word_1_192' title='bbox 3185 1601 3376 1654; x_wconf 72' lang='lat' dir='ltr'><strong>mixtas</strong></span> <span class='ocrx_word' id='word_1_193' title='bbox 3408 1601 3605 1656; x_wconf 72' lang='lat' dir='ltr'><strong>laetitia:</strong></span> 
     </span>
    </p>
   </div>
   <div class='ocr_carea' id='block_1_30' title="bbox 2014 1682 3604 1757">
    <p class='ocr_par' dir='ltr' id='par_1_30' title="bbox 2014 1682 3604 1757">
     <span class='ocr_line' id='line_1_30' title="bbox 2014 1682 3604 1757; baseline 0.011 -28"><span class='ocrx_word' id='word_1_194' title='bbox 2014 1682 2410 1747; x_wconf 59' lang='lat' dir='ltr'><strong>praeteritorum</strong></span> <span class='ocrx_word' id='word_1_195' title='bbox 2467 1685 2841 1741; x_wconf 88' lang='lat' dir='ltr'><strong>recordatione</strong></span> <span class='ocrx_word' id='word_1_196' title='bbox 2887 1689 3124 1757; x_wconf 90' lang='lat' dir='ltr'><strong>prornpi.</strong></span> <span class='ocrx_word' id='word_1_197' title='bbox 3173 1691 3422 1746; x_wconf 84' lang='lat' dir='ltr'><strong>Animum</strong></span> <span class='ocrx_word' id='word_1_198' title='bbox 3453 1710 3604 1747; x_wconf 87' lang='lat' dir='ltr'><strong>nam-</strong></span> 
     </span>
    </p>
   </div>
   <div class='ocr_carea' id='block_1_31' title="bbox 2014 1775 3605 1855">
    <p class='ocr_par' dir='ltr' id='par_1_31' title="bbox 2014 1775 3605 1855">
     <span class='ocr_line' id='line_1_31' title="bbox 2014 1775 3605 1855; baseline 0.011 -31"><span class='ocrx_word' id='word_1_199' title='bbox 2014 1787 2138 1838; x_wconf 88' lang='lat' dir='ltr'><strong>que,</strong></span> <span class='ocrx_word' id='word_1_200' title='bbox 2166 1781 2221 1825; x_wconf 91' lang='lat' dir='ltr'><strong>ut</strong></span> <span class='ocrx_word' id='word_1_201' title='bbox 2248 1775 2321 1826; x_wconf 91' lang='lat' dir='ltr'><strong>ait</strong></span> <span class='ocrx_word' id='word_1_202' title='bbox 2349 1784 2524 1828; x_wconf 87' lang='lat' dir='ltr'><strong>vester</strong></span> <span class='ocrx_word' id='word_1_203' title='bbox 2561 1785 2712 1842; x_wconf 89' lang='lat' dir='ltr'><strong>poeta</strong></span> <span class='ocrx_word' id='word_1_204' title='bbox 2739 1777 2978 1847; x_wconf 68' lang='lat' dir='ltr'><strong>(/Etteid.</strong></span> <span class='ocrx_word' id='word_1_205' title='bbox 3013 1782 3100 1851; x_wconf 88' lang='grc' dir='ltr'>ιι),</span> <span class='ocrx_word' id='word_1_206' title='bbox 3135 1783 3293 1837; x_wconf 88' lang='lat' dir='ltr'><strong>subiit</strong></span> <span class='ocrx_word' id='word_1_207' title='bbox 3318 1787 3424 1839; x_wconf 81' lang='lat' dir='ltr'><strong>cari</strong></span> <span class='ocrx_word' id='word_1_208' title='bbox 3457 1787 3605 1855; x_wconf 83' lang='lat' dir='ltr'><strong>geni-</strong></span> 
     </span>
    </p>
   </div>
   <div class='ocr_carea' id='block_1_32' title="bbox 309 1865 1894 1944">
    <p class='ocr_par' dir='ltr' id='par_1_32' title="bbox 309 1865 1894 1942">
     <span class='ocr_line' id='line_1_32' title="bbox 309 1865 1894 1942; baseline 0.009 -28"><span class='ocrx_word' id='word_1_209' title='bbox 309 1865 466 1932; x_wconf 86' lang='lat' dir='ltr'><strong>Quod</strong></span> <span class='ocrx_word' id='word_1_210' title='bbox 518 1868 678 1918; x_wconf 88' lang='lat' dir='ltr'><strong>etiam</strong></span> <span class='ocrx_word' id='word_1_211' title='bbox 729 1868 781 1921; x_wconf 93' lang='lat' dir='ltr'><strong>in</strong></span> <span class='ocrx_word' id='word_1_212' title='bbox 816 1870 914 1921; x_wconf 92' lang='lat' dir='ltr'><strong>hoc</strong></span> <span class='ocrx_word' id='word_1_213' title='bbox 947 1869 1064 1936; x_wconf 85' lang='lat' dir='ltr'><strong>ipso</strong></span> <span class='ocrx_word' id='word_1_214' title='bbox 1111 1870 1450 1924; x_wconf 82' lang='lat' dir='ltr'><strong>adolescente</strong></span> <span class='ocrx_word' id='word_1_215' title='bbox 1483 1887 1636 1940; x_wconf 91' lang='lat' dir='ltr'><strong>quem</strong></span> <span class='ocrx_word' id='word_1_216' title='bbox 1682 1874 1894 1942; x_wconf 73' lang='lat' dir='ltr'><strong>dirigiti:</strong></span> 
     </span>
    </p>
   </div>
   <div class='ocr_carea' id='block_1_33' title="bbox 2003 1865 3604 1944">
    <p class='ocr_par' dir='ltr' id='par_1_33' title="bbox 2016 1865 3604 1944">
     <span class='ocr_line' id='line_1_33' title="bbox 2016 1865 3604 1944; baseline 0.011 -27"><span class='ocrx_word' id='word_1_217' title='bbox 2016 1865 2146 1919; x_wconf 86' lang='lat' dir='ltr'><strong>toris</strong></span> <span class='ocrx_word' id='word_1_218' title='bbox 2176 1866 2372 1936; x_wconf 81' lang='lat' dir='ltr'><strong>imago,</strong></span> <span class='ocrx_word' id='word_1_219' title='bbox 2405 1878 2460 1920; x_wconf 89' lang='lat' dir='ltr'><strong>ut</strong></span> <span class='ocrx_word' id='word_1_220' title='bbox 2493 1869 2750 1923; x_wconf 88' lang='lat' dir='ltr'><strong>memoria</strong></span> <span class='ocrx_word' id='word_1_221' title='bbox 2776 1874 3084 1941; x_wconf 86' lang='lat' dir='ltr'><strong>retractavi,</strong></span> <span class='ocrx_word' id='word_1_222' title='bbox 3116 1891 3282 1944; x_wconf 88' lang='lat' dir='ltr'><strong>usque</strong></span> <span class='ocrx_word' id='word_1_223' title='bbox 3305 1878 3368 1930; x_wconf 88' lang='lat' dir='ltr'><strong>ad</strong></span> <span class='ocrx_word' id='word_1_224' title='bbox 3395 1890 3604 1935; x_wconf 84' lang='lat' dir='ltr'><strong>nostras</strong></span> 
     </span>
    </p>
   </div>
   <div class='ocr_carea' id='block_1_34' title="bbox 312 1957 1906 2035">
    <p class='ocr_par' dir='ltr' id='par_1_34' title="bbox 312 1957 1906 2035">
     <span class='ocr_line' id='line_1_34' title="bbox 312 1957 1906 2035; baseline 0.008 -25"><span class='ocrx_word' id='word_1_225' title='bbox 312 1957 420 2010; x_wconf 85' lang='lat' dir='ltr'><strong>tale</strong></span> <span class='ocrx_word' id='word_1_226' title='bbox 449 1968 796 2022; x_wconf 82' lang='lat' dir='ltr'><strong>monstratur,</strong></span> <span class='ocrx_word' id='word_1_227' title='bbox 840 1960 964 2014; x_wconf 89' lang='lat' dir='ltr'><strong>dum</strong></span> <span class='ocrx_word' id='word_1_228' title='bbox 1009 1961 1309 2030; x_wconf 76' lang='lat' dir='ltr'><strong>cogitantes</strong></span> <span class='ocrx_word' id='word_1_229' title='bbox 1358 1964 1409 2016; x_wconf 87' lang='lat' dir='ltr'><strong>iii</strong></span> <span class='ocrx_word' id='word_1_230' title='bbox 1453 1975 1644 2018; x_wconf 90' lang='lat' dir='ltr'><strong>neutro</strong></span> <span class='ocrx_word' id='word_1_231' title='bbox 1691 1967 1906 2035; x_wconf 88' lang='lat' dir='ltr'><strong>quidem</strong></span> 
     </span>
    </p>
   </div>
   <div class='ocr_carea' id='block_1_35' title="bbox 310 2049 1905 2124">
    <p class='ocr_par' dir='ltr' id='par_1_35' title="bbox 310 2049 1905 2124">
     <span class='ocr_line' id='line_1_35' title="bbox 310 2049 1905 2124; baseline 0.008 -23"><span class='ocrx_word' id='word_1_232' title='bbox 310 2061 510 2101; x_wconf 82' lang='lat' dir='ltr'><strong>COtltIllt</strong></span> <span class='ocrx_word' id='word_1_233' title='bbox 534 2049 682 2116; x_wconf 90' lang='lat' dir='ltr'><strong>dum,</strong></span> <span class='ocrx_word' id='word_1_234' title='bbox 712 2053 805 2103; x_wconf 90' lang='lat' dir='ltr'><strong>sed</strong></span> <span class='ocrx_word' id='word_1_235' title='bbox 839 2051 889 2104; x_wconf 92' lang='lat' dir='ltr'><strong>in</strong></span> <span class='ocrx_word' id='word_1_236' title='bbox 935 2062 1164 2122; x_wconf 87' lang='lat' dir='ltr'><strong>utroque</strong></span> <span class='ocrx_word' id='word_1_237' title='bbox 1207 2054 1508 2109; x_wconf 58' lang='lat' dir='ltr'><strong>mercedem</strong></span> <span class='ocrx_word' id='word_1_238' title='bbox 1530 2099 1542 2122; x_wconf 93' lang='lat'><strong>,</strong></span> <span class='ocrx_word' id='word_1_239' title='bbox 1576 2060 1724 2124; x_wconf 89' lang='lat' dir='ltr'><strong>quasi</strong></span> <span class='ocrx_word' id='word_1_240' title='bbox 1757 2060 1905 2114; x_wconf 85' lang='lat' dir='ltr'><strong>vobis</strong></span> 
     </span>
    </p>
   </div>
   <div class='ocr_carea' id='block_1_36' title="bbox 304 2140 1766 2213">
    <p class='ocr_par' dir='ltr' id='par_1_36' title="bbox 304 2140 1766 2213">
     <span class='ocr_line' id='line_1_36' title="bbox 304 2140 1766 2213; baseline 0.008 -22"><span class='ocrx_word' id='word_1_241' title='bbox 304 2140 550 2194; x_wconf 83' lang='lat' dir='ltr'><strong>nutristis</strong></span> <span class='ocrx_word' id='word_1_242' title='bbox 575 2142 777 2204; x_wconf 87' lang='lat' dir='ltr'><strong>lilium,</strong></span> <span class='ocrx_word' id='word_1_243' title='bbox 809 2154 861 2196; x_wconf 88' lang='lat' dir='ltr'><strong>et</strong></span> <span class='ocrx_word' id='word_1_244' title='bbox 891 2146 1041 2212; x_wconf 89' lang='lat' dir='ltr'><strong>quasi</strong></span> <span class='ocrx_word' id='word_1_245' title='bbox 1073 2150 1206 2213; x_wconf 88' lang='lat' dir='ltr'><strong>patri</strong></span> <span class='ocrx_word' id='word_1_246' title='bbox 1232 2146 1456 2200; x_wconf 89' lang='lat' dir='ltr'><strong>redditis</strong></span> <span class='ocrx_word' id='word_1_247' title='bbox 1485 2148 1766 2202; x_wconf 91' lang='lat' dir='ltr'><strong>nutritum.</strong></span> 
     </span>
    </p>
   </div>
   <div class='ocr_carea' id='block_1_37' title="bbox 838 2255 1368 2321">
    <p class='ocr_par' dir='ltr' id='par_1_37' title="bbox 838 2255 1368 2321">
     <span class='ocr_line' id='line_1_37' title="bbox 838 2255 1368 2321; baseline 0.002 -12"><span class='ocrx_word' id='word_1_248' title='bbox 838 2255 1168 2321; x_wconf 78' lang='lat' dir='ltr'><strong>EPISTULA</strong></span> <span class='ocrx_word' id='word_1_249' title='bbox 1211 2257 1300 2311; x_wconf 82' lang='lat' dir='ltr'><strong>XL</strong></span> <span class='ocrx_word' id='word_1_250' title='bbox 1312 2259 1368 2310; x_wconf 74' lang='grc' dir='ltr'><strong>ν.</strong></span> 
     </span>
    </p>
   </div>
   <div class='ocr_carea' id='block_1_38' title="bbox 377 2348 1825 2408">
    <p class='ocr_par' dir='ltr' id='par_1_38' title="bbox 377 2348 1825 2408">
     <span class='ocr_line' id='line_1_38' title="bbox 377 2348 1825 2408; baseline 0.01 -14"><span class='ocrx_word' id='word_1_251' title='bbox 377 2359 563 2398; x_wconf 74' lang='grc' dir='ltr'><strong>Αγιτυε</strong></span> <span class='ocrx_word' id='word_1_252' title='bbox 628 2360 931 2400; x_wconf 62' lang='grc' dir='ltr'><strong>νιεκκεκδις</strong></span> <span class='ocrx_word' id='word_1_253' title='bbox 982 2363 1260 2402; x_wconf 69' lang='grc' dir='ltr'><strong>ενιεεοιιυδ</strong></span> <span class='ocrx_word' id='word_1_254' title='bbox 1315 2348 1339 2385; x_wconf 68' lang='grc' dir='ltr'><strong>ι)</strong></span> <span class='ocrx_word' id='word_1_255' title='bbox 1403 2368 1523 2407; x_wconf 75' lang='grc' dir='ltr'>νιιιο</span> <span class='ocrx_word' id='word_1_256' title='bbox 1580 2367 1825 2408; x_wconf 76' lang='grc' dir='ltr'><strong>11.Ι.υ8τ111</strong></span> 
     </span>
    </p>
   </div>
   <div class='ocr_carea' id='block_1_39' title="bbox 935 2435 1272 2473">
    <p class='ocr_par' dir='ltr' id='par_1_39' title="bbox 935 2435 1272 2473">
     <span class='ocr_line' id='line_1_39' title="bbox 935 2435 1272 2473; baseline 0.006 -2"><span class='ocrx_word' id='word_1_257' title='bbox 935 2435 1272 2473; x_wconf 63' lang='lat' dir='ltr'><strong>APOLLINARI.</strong></span> 
     </span>
    </p>
   </div>
   <div class='ocr_carea' id='block_1_40' title="bbox 383 2511 1900 2583">
    <p class='ocr_par' dir='ltr' id='par_1_40' title="bbox 383 2511 1900 2583">
     <span class='ocr_line' id='line_1_40' title="bbox 383 2511 1900 2583; baseline 0.008 -20"><span class='ocrx_word' id='word_1_258' title='bbox 383 2511 478 2564; x_wconf 85' lang='lat' dir='ltr'><strong>Diu</strong></span> <span class='ocrx_word' id='word_1_259' title='bbox 509 2522 622 2576; x_wconf 81' lang='lat' dir='ltr'><strong>est,</strong></span> <span class='ocrx_word' id='word_1_260' title='bbox 656 2512 698 2565; x_wconf 85' lang='lat' dir='ltr'><strong>si</strong></span> <span class='ocrx_word' id='word_1_261' title='bbox 729 2524 818 2566; x_wconf 86' lang='lat' dir='ltr'><strong>aut</strong></span> <span class='ocrx_word' id='word_1_262' title='bbox 843 2515 1006 2567; x_wconf 88' lang='lat' dir='ltr'><strong>verbo</strong></span> <span class='ocrx_word' id='word_1_263' title='bbox 1038 2531 1158 2569; x_wconf 89' lang='lat' dir='ltr'><strong>meo</strong></span> <span class='ocrx_word' id='word_1_264' title='bbox 1187 2516 1438 2583; x_wconf 85' lang='lat' dir='ltr'><strong>creditis,</strong></span> <span class='ocrx_word' id='word_1_265' title='bbox 1484 2531 1572 2571; x_wconf 88' lang='lat' dir='ltr'><strong>aut</strong></span> <span class='ocrx_word' id='word_1_266' title='bbox 1611 2522 1676 2573; x_wconf 89' lang='lat' dir='ltr'><strong>de</strong></span> <span class='ocrx_word' id='word_1_267' title='bbox 1708 2521 1900 2575; x_wconf 82' lang='lat' dir='ltr'><strong>alfeclu</strong></span> 
     </span>
    </p>
   </div>
   <div class='ocr_carea' id='block_1_41' title="bbox 308 2605 1897 2681">
    <p class='ocr_par' dir='ltr' id='par_1_41' title="bbox 308 2605 1897 2681">
     <span class='ocr_line' id='line_1_41' title="bbox 308 2605 1897 2681; baseline 0.007 -25"><span class='ocrx_word' id='word_1_268' title='bbox 308 2615 494 2658; x_wconf 90' lang='lat' dir='ltr'><strong>mutuo</strong></span> <span class='ocrx_word' id='word_1_269' title='bbox 536 2605 693 2675; x_wconf 88' lang='lat' dir='ltr'><strong>digna</strong></span> <span class='ocrx_word' id='word_1_270' title='bbox 739 2609 989 2674; x_wconf 85' lang='lat' dir='ltr'><strong>sentitis,</strong></span> <span class='ocrx_word' id='word_1_271' title='bbox 1039 2609 1180 2678; x_wconf 88' lang='lat' dir='ltr'><strong>quod</strong></span> <span class='ocrx_word' id='word_1_272' title='bbox 1230 2609 1438 2664; x_wconf 87' lang='lat' dir='ltr'><strong>litteras</strong></span> <span class='ocrx_word' id='word_1_273' title='bbox 1485 2613 1689 2681; x_wconf 78' lang='lat' dir='ltr'><strong>aliquas</strong></span> <span class='ocrx_word' id='word_1_274' title='bbox 1737 2616 1897 2667; x_wconf 83' lang='lat' dir='ltr'><strong>vestri</strong></span> 
     </span>
    </p>
   </div>
   <div class='ocr_carea' id='block_1_42' title="bbox 305 2698 1898 2768">
    <p class='ocr_par' dir='ltr' id='par_1_42' title="bbox 305 2698 1898 2768">
     <span class='ocr_line' id='line_1_42' title="bbox 305 2698 1898 2768; baseline 0.007 -20"><span class='ocrx_word' id='word_1_275' title='bbox 305 2711 522 2750; x_wconf 80' lang='lat' dir='ltr'><strong>sumere</strong></span> <span class='ocrx_word' id='word_1_276' title='bbox 549 2698 883 2761; x_wconf 80' lang='lat' dir='ltr'><strong>desiderans,</strong></span> <span class='ocrx_word' id='word_1_277' title='bbox 911 2701 1028 2768; x_wconf 86' lang='lat' dir='ltr'><strong>plus</strong></span> <span class='ocrx_word' id='word_1_278' title='bbox 1051 2710 1227 2755; x_wconf 89' lang='lat' dir='ltr'><strong>tamen</strong></span> <span class='ocrx_word' id='word_1_279' title='bbox 1260 2702 1544 2764; x_wconf 70' lang='lat' dir='ltr'><strong>oiliciiniei</strong></span> <span class='ocrx_word' id='word_1_280' title='bbox 1578 2705 1773 2759; x_wconf 79' lang='lat' dir='ltr'><strong>offerre</strong></span> <span class='ocrx_word' id='word_1_281' title='bbox 1807 2722 1898 2758; x_wconf 83' lang='lat' dir='ltr'><strong>ru-</strong></span> 
     </span>
    </p>
   </div>
   <div class='ocr_carea' id='block_1_43' title="bbox 305 2789 1893 2868">
    <p class='ocr_par' dir='ltr' id='par_1_43' title="bbox 305 2789 1893 2868">
     <span class='ocr_line' id='line_1_43' title="bbox 305 2789 1893 2868; baseline 0.009 -26"><span class='ocrx_word' id='word_1_282' title='bbox 305 2789 538 2857; x_wconf 88' lang='lat' dir='ltr'><strong>piebam,</strong></span> <span class='ocrx_word' id='word_1_283' title='bbox 579 2793 721 2861; x_wconf 89' lang='lat' dir='ltr'><strong>quod</strong></span> <span class='ocrx_word' id='word_1_284' title='bbox 755 2795 805 2847; x_wconf 92' lang='lat' dir='ltr'><strong>in</strong></span> <span class='ocrx_word' id='word_1_285' title='bbox 835 2809 1058 2863; x_wconf 77' lang='lat' dir='ltr'><strong>persona</strong></span> <span class='ocrx_word' id='word_1_286' title='bbox 1093 2811 1300 2860; x_wconf 83' lang='lat' dir='ltr'><strong>vestra,</strong></span> <span class='ocrx_word' id='word_1_287' title='bbox 1333 2800 1602 2854; x_wconf 54' lang='lat' dir='ltr'><strong>dilectioni</strong></span> <span class='ocrx_word' id='word_1_288' title='bbox 1633 2803 1893 2868; x_wconf 88' lang='lat' dir='ltr'><strong>primum,</strong></span> 
     </span>
    </p>
   </div>
   <div class='ocr_carea' id='block_1_44' title="bbox 299 2878 1896 2958">
    <p class='ocr_par' dir='ltr' id='par_1_44' title="bbox 299 2878 1896 2958">
     <span class='ocr_line' id='line_1_44' title="bbox 299 2878 1896 2958; baseline 0.009 -25"><span class='ocrx_word' id='word_1_289' title='bbox 299 2878 494 2935; x_wconf 88' lang='lat' dir='ltr'><strong>deinde</strong></span> <span class='ocrx_word' id='word_1_290' title='bbox 523 2885 934 2948; x_wconf 84' lang='lat' dir='ltr'><strong>necessitudini,</strong></span> <span class='ocrx_word' id='word_1_291' title='bbox 968 2887 1034 2939; x_wconf 90' lang='lat' dir='ltr'><strong>ad</strong></span> <span class='ocrx_word' id='word_1_292' title='bbox 1066 2887 1310 2941; x_wconf 88' lang='lat' dir='ltr'><strong>ultimum</strong></span> <span class='ocrx_word' id='word_1_293' title='bbox 1350 2891 1591 2958; x_wconf 78' lang='lat' dir='ltr'><strong>dignitati</strong></span> <span class='ocrx_word' id='word_1_294' title='bbox 1632 2907 1660 2944; x_wconf 91' lang='lat' dir='ltr'><strong>a</strong></span> <span class='ocrx_word' id='word_1_295' title='bbox 1691 2908 1778 2946; x_wconf 91' lang='lat' dir='ltr'><strong>me</strong></span> <span class='ocrx_word' id='word_1_296' title='bbox 1802 2895 1896 2949; x_wconf 81' lang='lat' dir='ltr'><strong>de-</strong></span> 
     </span>
    </p>
   </div>
   <div class='ocr_carea' id='block_1_45' title="bbox 300 2972 1896 3048">
    <p class='ocr_par' dir='ltr' id='par_1_45' title="bbox 300 2972 1896 3048">
     <span class='ocr_line' id='line_1_45' title="bbox 300 2972 1896 3048; baseline 0.009 -23"><span class='ocrx_word' id='word_1_297' title='bbox 300 2972 518 3028; x_wconf 88' lang='lat' dir='ltr'><strong>bentur.</strong></span> <span class='ocrx_word' id='word_1_298' title='bbox 576 2975 689 3029; x_wconf 78' lang='lat' dir='ltr'><strong>Non</strong></span> <span class='ocrx_word' id='word_1_299' title='bbox 746 2992 960 3048; x_wconf 85' lang='lat' dir='ltr'><strong>semper</strong></span> <span class='ocrx_word' id='word_1_300' title='bbox 1006 2980 1265 3034; x_wconf 84' lang='lat' dir='ltr'><strong>debemus</strong></span> <span class='ocrx_word' id='word_1_301' title='bbox 1323 2985 1696 3038; x_wconf 72' lang='lat' dir='ltr'><strong>ocrasionbus</strong></span> <span class='ocrx_word' id='word_1_302' title='bbox 1748 3001 1896 3040; x_wconf 88' lang='lat' dir='ltr'><strong>com-</strong></span> 
     </span>
    </p>
   </div>
   <div class='ocr_carea' id='block_1_46' title="bbox 301 3069 1894 3148">
    <p class='ocr_par' dir='ltr' id='par_1_46' title="bbox 301 3069 1894 3148">
     <span class='ocr_line' id='line_1_46' title="bbox 301 3069 1894 3148; baseline 0.011 -31"><span class='ocrx_word' id='word_1_303' title='bbox 301 3075 580 3120; x_wconf 79' lang='lat' dir='ltr'><strong>meantem</strong></span> <span class='ocrx_word' id='word_1_304' title='bbox 634 3069 890 3124; x_wconf 86' lang='lat' dir='ltr'><strong>solvenda</strong></span> <span class='ocrx_word' id='word_1_305' title='bbox 938 3076 1274 3128; x_wconf 86' lang='lat' dir='ltr'><strong>committere</strong></span> <span class='ocrx_word' id='word_1_306' title='bbox 1316 3091 1328 3126; x_wconf 93' lang='lat'>:</span> <span class='ocrx_word' id='word_1_307' title='bbox 1375 3080 1495 3142; x_wconf 89' lang='lat' dir='ltr'><strong>quia</strong></span> <span class='ocrx_word' id='word_1_308' title='bbox 1527 3077 1647 3130; x_wconf 89' lang='lat' dir='ltr'><strong>licet</strong></span> <span class='ocrx_word' id='word_1_309' title='bbox 1677 3088 1731 3131; x_wconf 92' lang='lat' dir='ltr'><strong>et</strong></span> <span class='ocrx_word' id='word_1_310' title='bbox 1779 3080 1894 3148; x_wconf 85' lang='lat' dir='ltr'><strong>ipsa</strong></span> 
     </span>
    </p>
   </div>
   <div class='ocr_carea' id='block_1_47' title="bbox 303 3157 1893 3235">
    <p class='ocr_par' dir='ltr' id='par_1_47' title="bbox 303 3157 1893 3235">
     <span class='ocr_line' id='line_1_47' title="bbox 303 3157 1893 3235; baseline 0.01 -27"><span class='ocrx_word' id='word_1_311' title='bbox 303 3157 466 3210; x_wconf 87' lang='lat' dir='ltr'><strong>nobis</strong></span> <span class='ocrx_word' id='word_1_312' title='bbox 511 3160 878 3226; x_wconf 85' lang='lat' dir='ltr'><strong>opportunitas</strong></span> <span class='ocrx_word' id='word_1_313' title='bbox 925 3165 1239 3230; x_wconf 85' lang='lat' dir='ltr'><strong>portitorum</strong></span> <span class='ocrx_word' id='word_1_314' title='bbox 1286 3175 1501 3235; x_wconf 89' lang='lat' dir='ltr'><strong>propter</strong></span> <span class='ocrx_word' id='word_1_315' title='bbox 1542 3168 1893 3235; x_wconf 80' lang='lat' dir='ltr'><strong>frequentiam</strong></span> 
     </span>
    </p>
   </div>
   <div class='ocr_carea' id='block_1_48' title="bbox 2014 1957 3603 2037">
    <p class='ocr_par' dir='ltr' id='par_1_48' title="bbox 2014 1957 3603 2037">
     <span class='ocr_line' id='line_1_48' title="bbox 2014 1957 3603 2037; baseline 0.013 -33"><span class='ocrx_word' id='word_1_316' title='bbox 2014 1957 2311 2024; x_wconf 83' lang='lat' dir='ltr'><strong>quamlibet</strong></span> <span class='ocrx_word' id='word_1_317' title='bbox 2341 1957 2541 2028; x_wconf 87' lang='lat' dir='ltr'><strong>dispari</strong></span> <span class='ocrx_word' id='word_1_318' title='bbox 2591 1960 2926 2029; x_wconf 76' lang='lat' dir='ltr'><strong>professione</strong></span> <span class='ocrx_word' id='word_1_319' title='bbox 2972 1980 3264 2034; x_wconf 87' lang='lat' dir='ltr'><strong>personas,</strong></span> <span class='ocrx_word' id='word_1_320' title='bbox 3317 1969 3603 2037; x_wconf 87' lang='lat' dir='ltr'><strong>quamdam</strong></span> 
     </span>
    </p>
   </div>
   <div class='ocr_carea' id='block_1_49' title="bbox 2015 2055 3601 2126">
    <p class='ocr_par' dir='ltr' id='par_1_49' title="bbox 2015 2055 3601 2126">
     <span class='ocr_line' id='line_1_49' title="bbox 2015 2055 3601 2126; baseline 0.011 -27"><span class='ocrx_word' id='word_1_321' title='bbox 2015 2057 2037 2085; x_wconf 78' lang='grc' dir='ltr'><strong><em>ο</em></strong></span> <span class='ocrx_word' id='word_1_322' title='bbox 2074 2058 2353 2116; x_wconf 90' lang='lat' dir='ltr'><strong>parentum</strong></span> <span class='ocrx_word' id='word_1_323' title='bbox 2385 2057 2750 2106; x_wconf 90' lang='lat' dir='ltr'><strong>communium</strong></span> <span class='ocrx_word' id='word_1_324' title='bbox 2803 2064 3003 2110; x_wconf 76' lang='lat' dir='ltr'><strong>sortem</strong></span> <span class='ocrx_word' id='word_1_325' title='bbox 3045 2055 3313 2126; x_wconf 86' lang='lat' dir='ltr'><strong>parilitate</strong></span> <span class='ocrx_word' id='word_1_326' title='bbox 3364 2059 3601 2117; x_wconf 90' lang='lat' dir='ltr'><strong>laborum</strong></span> 
     </span>
    </p>
   </div>
   <div class='ocr_carea' id='block_1_50' title="bbox 2010 2139 3602 2213">
    <p class='ocr_par' dir='ltr' id='par_1_50' title="bbox 2010 2139 3602 2213">
     <span class='ocr_line' id='line_1_50' title="bbox 2010 2139 3602 2213; baseline 0.011 -21"><span class='ocrx_word' id='word_1_327' title='bbox 2010 2139 2210 2194; x_wconf 87' lang='lat' dir='ltr'><strong>invidia</strong></span> <span class='ocrx_word' id='word_1_328' title='bbox 2243 2155 2573 2212; x_wconf 77' lang='lat' dir='ltr'><strong>exsequente</strong></span> <span class='ocrx_word' id='word_1_329' title='bbox 2607 2145 2848 2213; x_wconf 90' lang='lat' dir='ltr'><strong>perduci.</strong></span> <span class='ocrx_word' id='word_1_330' title='bbox 2878 2145 2966 2200; x_wconf 89' lang='lat' dir='ltr'><strong>Illa</strong></span> <span class='ocrx_word' id='word_1_331' title='bbox 2997 2159 3170 2204; x_wconf 85' lang='lat' dir='ltr'><strong>tamen</strong></span> <span class='ocrx_word' id='word_1_332' title='bbox 3199 2152 3247 2206; x_wconf 93' lang='lat' dir='ltr'><strong>in</strong></span> <span class='ocrx_word' id='word_1_333' title='bbox 3271 2151 3362 2206; x_wconf 88' lang='lat' dir='ltr'><strong>Dei</strong></span> <span class='ocrx_word' id='word_1_334' title='bbox 3389 2154 3602 2210; x_wconf 84' lang='lat' dir='ltr'><strong>nomine</strong></span> 
     </span>
    </p>
   </div>
   <div class='ocr_carea' id='block_1_51' title="bbox 2006 2232 3598 2314">
    <p class='ocr_par' dir='ltr' id='par_1_51' title="bbox 2006 2232 3598 2314">
     <span class='ocr_line' id='line_1_51' title="bbox 2006 2232 3598 2314; baseline 0.011 -27"><span class='ocrx_word' id='word_1_335' title='bbox 2006 2232 2166 2287; x_wconf 89' lang='lat' dir='ltr'><strong>etiam</strong></span> <span class='ocrx_word' id='word_1_336' title='bbox 2193 2234 2348 2290; x_wconf 91' lang='lat' dir='ltr'><strong>nobis</strong></span> <span class='ocrx_word' id='word_1_337' title='bbox 2377 2237 2644 2305; x_wconf 89' lang='lat' dir='ltr'><strong>suppetit,</strong></span> <span class='ocrx_word' id='word_1_338' title='bbox 2679 2254 2797 2308; x_wconf 76' lang='lat' dir='ltr'><strong>quae</strong></span> <span class='ocrx_word' id='word_1_339' title='bbox 2829 2239 2933 2293; x_wconf 84' lang='lat' dir='ltr'><strong>illis</strong></span> <span class='ocrx_word' id='word_1_340' title='bbox 2958 2243 3257 2300; x_wconf 89' lang='lat' dir='ltr'><strong>consolatio</strong></span> <span class='ocrx_word' id='word_1_341' title='bbox 3287 2244 3383 2299; x_wconf 88' lang='lat' dir='ltr'><strong>fuit</strong></span> <span class='ocrx_word' id='word_1_342' title='bbox 3415 2265 3425 2298; x_wconf 91' lang='lat'><strong>:</strong></span> <span class='ocrx_word' id='word_1_343' title='bbox 3455 2249 3598 2314; x_wconf 91' lang='lat' dir='ltr'><strong>quod</strong></span> 
     </span>
    </p>
   </div>
   <div class='ocr_carea' id='block_1_52' title="bbox 2007 2326 3600 2408">
    <p class='ocr_par' dir='ltr' id='par_1_52' title="bbox 2007 2326 3600 2408">
     <span class='ocr_line' id='line_1_52' title="bbox 2007 2326 3600 2408; baseline 0.012 -31"><span class='ocrx_word' id='word_1_344' title='bbox 2007 2335 2120 2379; x_wconf 93' lang='lat' dir='ltr'><strong>toto</strong></span> <span class='ocrx_word' id='word_1_345' title='bbox 2148 2326 2466 2381; x_wconf 67' lang='lat' dir='ltr'><strong>tumulorum</strong></span> <span class='ocrx_word' id='word_1_346' title='bbox 2499 2328 2650 2394; x_wconf 87' lang='lat' dir='ltr'><strong>nisu,</strong></span> <span class='ocrx_word' id='word_1_347' title='bbox 2709 2338 2820 2383; x_wconf 88' lang='lat' dir='ltr'><strong>toto</strong></span> <span class='ocrx_word' id='word_1_348' title='bbox 2866 2331 3318 2390; x_wconf 87' lang='lat' dir='ltr'><strong>circnnilatrautis</strong></span> <span class='ocrx_word' id='word_1_349' title='bbox 3368 2338 3600 2408; x_wconf 89' lang='lat' dir='ltr'><strong>undique</strong></span> 
     </span>
    </p>
   </div>
   <div class='ocr_carea' id='block_1_53' title="bbox 2005 2416 3592 2496">
    <p class='ocr_par' dir='ltr' id='par_1_53' title="bbox 2005 2416 3592 2496">
     <span class='ocr_line' id='line_1_53' title="bbox 2005 2416 3592 2496; baseline 0.01 -26"><span class='ocrx_word' id='word_1_350' title='bbox 2005 2416 2186 2471; x_wconf 86' lang='lat' dir='ltr'><strong>livoris</strong></span> <span class='ocrx_word' id='word_1_351' title='bbox 2217 2419 2375 2473; x_wconf 89' lang='lat' dir='ltr'><strong>dente</strong></span> <span class='ocrx_word' id='word_1_352' title='bbox 2408 2429 2605 2475; x_wconf 89' lang='lat' dir='ltr'><strong>tentata</strong></span> <span class='ocrx_word' id='word_1_353' title='bbox 2627 2461 2642 2485; x_wconf 92' lang='lat'><strong>,</strong></span> <span class='ocrx_word' id='word_1_354' title='bbox 2682 2424 3102 2495; x_wconf 80' lang='lat' dir='ltr'><strong>quotiescunque</strong></span> <span class='ocrx_word' id='word_1_355' title='bbox 3127 2430 3304 2496; x_wconf 88' lang='lat' dir='ltr'><strong>appeti</strong></span> <span class='ocrx_word' id='word_1_356' title='bbox 3341 2431 3449 2484; x_wconf 88' lang='lat' dir='ltr'><strong>visa</strong></span> <span class='ocrx_word' id='word_1_357' title='bbox 3474 2444 3552 2486; x_wconf 92' lang='lat' dir='ltr'><strong>est</strong></span> <span class='ocrx_word' id='word_1_358' title='bbox 3578 2474 3592 2496; x_wconf 91' lang='lat'><strong>,</strong></span> 
     </span>
    </p>
   </div>
   <div class='ocr_carea' id='block_1_54' title="bbox 2005 2511 3595 2586">
    <p class='ocr_par' dir='ltr' id='par_1_54' title="bbox 2005 2511 3595 2586">
     <span class='ocr_line' id='line_1_54' title="bbox 2005 2511 3595 2586; baseline 0.01 -21"><span class='ocrx_word' id='word_1_359' title='bbox 2005 2511 2363 2566; x_wconf 79' lang='lat' dir='ltr'><strong>criminationi</strong></span> <span class='ocrx_word' id='word_1_360' title='bbox 2412 2513 2679 2582; x_wconf 88' lang='lat' dir='ltr'><strong>subjacuit</strong></span> <span class='ocrx_word' id='word_1_361' title='bbox 2730 2515 2929 2569; x_wconf 78' lang='lat' dir='ltr'><strong>familia</strong></span> <span class='ocrx_word' id='word_1_362' title='bbox 2978 2530 3190 2586; x_wconf 77' lang='lat' dir='ltr'><strong>nosua,</strong></span> <span class='ocrx_word' id='word_1_363' title='bbox 3225 2537 3326 2573; x_wconf 90' lang='lat' dir='ltr'><strong>non</strong></span> <span class='ocrx_word' id='word_1_364' title='bbox 3363 2524 3595 2581; x_wconf 89' lang='lat' dir='ltr'><strong>crimini.</strong></span> 
     </span>
    </p>
   </div>
   <div class='ocr_carea' id='block_1_55' title="bbox 2007 2601 3594 2683">
    <p class='ocr_par' dir='ltr' id='par_1_55' title="bbox 2007 2601 3594 2683">
     <span class='ocr_line' id='line_1_55' title="bbox 2007 2601 3594 2683; baseline 0.011 -30"><span class='ocrx_word' id='word_1_365' title='bbox 2007 2601 2269 2666; x_wconf 85' lang='lat' dir='ltr'><strong>Quoniam</strong></span> <span class='ocrx_word' id='word_1_366' title='bbox 2312 2603 2354 2655; x_wconf 87' lang='lat' dir='ltr'><strong>si</strong></span> <span class='ocrx_word' id='word_1_367' title='bbox 2397 2619 2492 2672; x_wconf 79' lang='lat' dir='ltr'><strong>vos</strong></span> <span class='ocrx_word' id='word_1_368' title='bbox 2519 2619 2549 2657; x_wconf 91' lang='lat' dir='ltr'><strong>a</strong></span> <span class='ocrx_word' id='word_1_369' title='bbox 2593 2614 2746 2673; x_wconf 90' lang='lat' dir='ltr'><strong>patre</strong></span> <span class='ocrx_word' id='word_1_370' title='bbox 2790 2618 2966 2661; x_wconf 87' lang='lat' dir='ltr'><strong>vestro</strong></span> <span class='ocrx_word' id='word_1_371' title='bbox 2999 2607 3265 2664; x_wconf 84' lang='lat' dir='ltr'><strong>Archadio</strong></span> <span class='ocrx_word' id='word_1_372' title='bbox 3295 2610 3554 2670; x_wconf 75' lang='lat' dir='ltr'><strong>didicistis</strong></span> <span class='ocrx_word' id='word_1_373' title='bbox 3578 2658 3594 2683; x_wconf 90' lang='lat'><strong>,</strong></span> 
     </span>
    </p>
   </div>
   <div class='ocr_carea' id='block_1_56' title="bbox 2006 2695 3596 2772">
    <p class='ocr_par' dir='ltr' id='par_1_56' title="bbox 2006 2695 3596 2772">
     <span class='ocr_line' id='line_1_56' title="bbox 2006 2695 3596 2772; baseline 0.008 -27"><span class='ocrx_word' id='word_1_374' title='bbox 2006 2695 2176 2748; x_wconf 87' lang='lat' dir='ltr'><strong>virum</strong></span> <span class='ocrx_word' id='word_1_375' title='bbox 2209 2696 2407 2748; x_wconf 63' lang='lat' dir='ltr'><strong>saeculo</strong></span> <span class='ocrx_word' id='word_1_376' title='bbox 2431 2695 2748 2750; x_wconf 87' lang='lat' dir='ltr'><strong>militantem</strong></span> <span class='ocrx_word' id='word_1_377' title='bbox 2783 2698 2956 2752; x_wconf 88' lang='lat' dir='ltr'><strong>minus</strong></span> <span class='ocrx_word' id='word_1_378' title='bbox 2988 2702 3126 2753; x_wconf 90' lang='lat' dir='ltr'><strong>inter</strong></span> <span class='ocrx_word' id='word_1_379' title='bbox 3150 2716 3296 2754; x_wconf 89' lang='lat' dir='ltr'><strong>arma</strong></span> <span class='ocrx_word' id='word_1_380' title='bbox 3328 2717 3484 2772; x_wconf 91' lang='lat' dir='ltr'><strong>quam</strong></span> <span class='ocrx_word' id='word_1_381' title='bbox 3514 2707 3596 2758; x_wconf 87' lang='lat' dir='ltr'><strong>in-</strong></span> 
     </span>
    </p>
   </div>
   <div class='ocr_carea' id='block_1_57' title="bbox 2005 2786 3595 2864">
    <p class='ocr_par' dir='ltr' id='par_1_57' title="bbox 2005 2786 3595 2864">
     <span class='ocr_line' id='line_1_57' title="bbox 2005 2786 3595 2864; baseline 0.009 -26"><span class='ocrx_word' id='word_1_382' title='bbox 2005 2796 2086 2840; x_wconf 88' lang='lat' dir='ltr'><strong>ter</strong></span> <span class='ocrx_word' id='word_1_383' title='bbox 2125 2786 2373 2855; x_wconf 89' lang='lat' dir='ltr'><strong>obloquia</strong></span> <span class='ocrx_word' id='word_1_384' title='bbox 2420 2788 2744 2854; x_wconf 75' lang='lat' dir='ltr'><strong>periclitari,</strong></span> <span class='ocrx_word' id='word_1_385' title='bbox 2783 2805 2880 2845; x_wconf 88' lang='lat' dir='ltr'><strong>nec</strong></span> <span class='ocrx_word' id='word_1_386' title='bbox 2910 2805 3010 2859; x_wconf 92' lang='lat' dir='ltr'><strong>ego</strong></span> <span class='ocrx_word' id='word_1_387' title='bbox 3052 2807 3237 2860; x_wconf 87' lang='lat' dir='ltr'><strong>parum</strong></span> <span class='ocrx_word' id='word_1_388' title='bbox 3287 2795 3517 2864; x_wconf 76' lang='lat' dir='ltr'><strong>exempli</strong></span> <span class='ocrx_word' id='word_1_389' title='bbox 3566 2812 3595 2853; x_wconf 83' lang='lat' dir='ltr'><strong>a</strong></span> 
     </span>
    </p>
   </div>
   <div class='ocr_carea' id='block_1_58' title="bbox 2002 2877 3593 2955">
    <p class='ocr_par' dir='ltr' id='par_1_58' title="bbox 2002 2877 3593 2955">
     <span class='ocr_line' id='line_1_58' title="bbox 2002 2877 3593 2955; baseline 0.004 -24"><span class='ocrx_word' id='word_1_390' title='bbox 2002 2877 2225 2932; x_wconf 86' lang='lat' dir='ltr'><strong>Sidonio</strong></span> <span class='ocrx_word' id='word_1_391' title='bbox 2255 2893 2375 2932; x_wconf 91' lang='lat' dir='ltr'><strong>meo</strong></span> <span class='ocrx_word' id='word_1_392' title='bbox 2405 2893 2560 2946; x_wconf 86' lang='lat' dir='ltr'><strong>quem</strong></span> <span class='ocrx_word' id='word_1_393' title='bbox 2594 2889 2799 2947; x_wconf 90' lang='lat' dir='ltr'><strong>patrem</strong></span> <span class='ocrx_word' id='word_1_394' title='bbox 2829 2895 3021 2935; x_wconf 86' lang='lat' dir='ltr'><strong>vocare</strong></span> <span class='ocrx_word' id='word_1_395' title='bbox 3051 2897 3155 2935; x_wconf 91' lang='lat' dir='ltr'><strong>non</strong></span> <span class='ocrx_word' id='word_1_396' title='bbox 3187 2881 3359 2937; x_wconf 88' lang='lat' dir='ltr'><strong>audeo</strong></span> <span class='ocrx_word' id='word_1_397' title='bbox 3379 2926 3391 2948; x_wconf 90' lang='lat'><strong>,</strong></span> <span class='ocrx_word' id='word_1_398' title='bbox 3422 2903 3593 2955; x_wconf 86' lang='lat' dir='ltr'><strong>quan-</strong></span> 
     </span>
    </p>
   </div>
   <div class='ocr_carea' id='block_1_59' title="bbox 2003 2971 3594 3044">
    <p class='ocr_par' dir='ltr' id='par_1_59' title="bbox 2003 2971 3594 3044">
     <span class='ocr_line' id='line_1_59' title="bbox 2003 2971 3594 3044; baseline 0.004 -21"><span class='ocrx_word' id='word_1_399' title='bbox 2003 2980 2112 3024; x_wconf 91' lang='lat' dir='ltr'><strong>tum</strong></span> <span class='ocrx_word' id='word_1_400' title='bbox 2144 2971 2372 3024; x_wconf 89' lang='lat' dir='ltr'><strong>clericus</strong></span> <span class='ocrx_word' id='word_1_401' title='bbox 2416 2973 2619 3042; x_wconf 86' lang='lat' dir='ltr'><strong>perpeti</strong></span> <span class='ocrx_word' id='word_1_402' title='bbox 2664 2974 2835 3042; x_wconf 88' lang='lat' dir='ltr'><strong>possit</strong></span> <span class='ocrx_word' id='word_1_403' title='bbox 2883 2989 3120 3029; x_wconf 64' lang='lat' dir='ltr'><strong>assumo.</strong></span> <span class='ocrx_word' id='word_1_404' title='bbox 3156 2975 3414 3044; x_wconf 88' lang='lat' dir='ltr'><strong>Quocirca</strong></span> <span class='ocrx_word' id='word_1_405' title='bbox 3468 2977 3594 3037; x_wconf 88' lang='lat' dir='ltr'><strong>illud</strong></span> 
     </span>
    </p>
   </div>
   <div class='ocr_carea' id='block_1_60' title="bbox 2005 3063 3592 3135">
    <p class='ocr_par' dir='ltr' id='par_1_60' title="bbox 2005 3063 3592 3135">
     <span class='ocr_line' id='line_1_60' title="bbox 2005 3063 3592 3135; baseline 0.008 -19"><span class='ocrx_word' id='word_1_406' title='bbox 2005 3063 2263 3118; x_wconf 88' lang='lat' dir='ltr'><strong>Divinitas</strong></span> <span class='ocrx_word' id='word_1_407' title='bbox 2295 3066 2514 3129; x_wconf 88' lang='lat' dir='ltr'><strong>tribuat,</strong></span> <span class='ocrx_word' id='word_1_408' title='bbox 2549 3077 2602 3120; x_wconf 90' lang='lat' dir='ltr'><strong>ut</strong></span> <span class='ocrx_word' id='word_1_409' title='bbox 2628 3066 2782 3120; x_wconf 89' lang='lat' dir='ltr'><strong>nobis</strong></span> <span class='ocrx_word' id='word_1_410' title='bbox 2805 3063 2961 3135; x_wconf 87' lang='lat' dir='ltr'><strong>quam</strong></span> <span class='ocrx_word' id='word_1_411' title='bbox 2989 3083 3183 3122; x_wconf 91' lang='lat' dir='ltr'><strong>novum</strong></span> <span class='ocrx_word' id='word_1_412' title='bbox 3216 3085 3321 3123; x_wconf 93' lang='lat' dir='ltr'><strong>non</strong></span> <span class='ocrx_word' id='word_1_413' title='bbox 3346 3081 3426 3124; x_wconf 88' lang='lat' dir='ltr'><strong>est</strong></span> <span class='ocrx_word' id='word_1_414' title='bbox 3472 3073 3592 3128; x_wconf 84' lang='lat' dir='ltr'><strong>talia</strong></span> 
     </span>
    </p>
   </div>
   <div class='ocr_carea' id='block_1_61' title="bbox 2001 3155 3588 3223">
    <p class='ocr_par' dir='ltr' id='par_1_61' title="bbox 2001 3155 3588 3223">
     <span class='ocr_line' id='line_1_61' title="bbox 2001 3155 3588 3223; baseline 0.006 -14"><span class='ocrx_word' id='word_1_415' title='bbox 2001 3155 2160 3223; x_wconf 86' lang='lat' dir='ltr'><strong>objici</strong></span> <span class='ocrx_word' id='word_1_416' title='bbox 2188 3196 2200 3219; x_wconf 94' lang='lat'><strong>,</strong></span> <span class='ocrx_word' id='word_1_417' title='bbox 2235 3165 2339 3210; x_wconf 89' lang='lat' dir='ltr'><strong>tam</strong></span> <span class='ocrx_word' id='word_1_418' title='bbox 2378 3173 2476 3212; x_wconf 91' lang='lat' dir='ltr'><strong>nos</strong></span> <span class='ocrx_word' id='word_1_419' title='bbox 2509 3159 2652 3212; x_wconf 91' lang='lat' dir='ltr'><strong>nulla</strong></span> <span class='ocrx_word' id='word_1_420' title='bbox 2686 3160 2899 3214; x_wconf 81' lang='lat' dir='ltr'><strong>novitas</strong></span> <span class='ocrx_word' id='word_1_421' title='bbox 2927 3161 3118 3215; x_wconf 89' lang='lat' dir='ltr'><strong>merito</strong></span> <span class='ocrx_word' id='word_1_422' title='bbox 3150 3160 3305 3216; x_wconf 89' lang='lat' dir='ltr'><strong>faciat</strong></span> <span class='ocrx_word' id='word_1_423' title='bbox 3331 3167 3588 3218; x_wconf 84' lang='lat' dir='ltr'><strong>accusari.</strong></span> 
     </span>
    </p>
   </div>
   <div class='ocr_carea' id='block_1_62' title="bbox 296 3246 1894 3322">
    <p class='ocr_par' dir='ltr' id='par_1_62' title="bbox 296 3251 1889 3320">
     <span class='ocr_line' id='line_1_62' title="bbox 296 3251 1889 3320; baseline 0.011 -18"><span class='ocrx_word' id='word_1_424' title='bbox 296 3251 502 3305; x_wconf 84' lang='lat' dir='ltr'><strong>debeat</strong></span> <span class='ocrx_word' id='word_1_425' title='bbox 525 3266 646 3307; x_wconf 86' lang='lat' dir='ltr'><strong>esse</strong></span> <span class='ocrx_word' id='word_1_426' title='bbox 674 3256 849 3307; x_wconf 82' lang='lat' dir='ltr'><strong>votiva</strong></span> <span class='ocrx_word' id='word_1_427' title='bbox 874 3296 887 3320; x_wconf 93' lang='lat'><strong>,</strong></span> <span class='ocrx_word' id='word_1_428' title='bbox 919 3272 1137 3311; x_wconf 83' lang='lat' dir='ltr'><strong>necesse</strong></span> <span class='ocrx_word' id='word_1_429' title='bbox 1169 3268 1342 3314; x_wconf 86' lang='lat' dir='ltr'><strong>tamen</strong></span> <span class='ocrx_word' id='word_1_430' title='bbox 1380 3273 1459 3315; x_wconf 87' lang='lat' dir='ltr'><strong>est</strong></span> <span class='ocrx_word' id='word_1_431' title='bbox 1492 3272 1548 3315; x_wconf 90' lang='lat' dir='ltr'><strong>ut</strong></span> <span class='ocrx_word' id='word_1_432' title='bbox 1575 3265 1657 3316; x_wconf 89' lang='lat' dir='ltr'><strong>illa</strong></span> <span class='ocrx_word' id='word_1_433' title='bbox 1689 3265 1889 3320; x_wconf 86' lang='lat' dir='ltr'><strong>sollici-</strong></span> 
     </span>
    </p>
   </div>
   <div class='ocr_carea' id='block_1_63' title="bbox 2003 3246 3590 3322">
    <p class='ocr_par' dir='ltr' id='par_1_63' title="bbox 2003 3246 3590 3322">
     <span class='ocr_line' id='line_1_63' title="bbox 2003 3246 3590 3322; baseline 0.007 -20"><span class='ocrx_word' id='word_1_434' title='bbox 2003 3246 2103 3302; x_wconf 85' lang='lat' dir='ltr'><strong>Scd</strong></span> <span class='ocrx_word' id='word_1_435' title='bbox 2128 3248 2353 3303; x_wconf 85' lang='lat' dir='ltr'><strong>desistat</strong></span> <span class='ocrx_word' id='word_1_436' title='bbox 2385 3265 2525 3304; x_wconf 89' lang='lat' dir='ltr'><strong>nunc</strong></span> <span class='ocrx_word' id='word_1_437' title='bbox 2555 3250 2752 3305; x_wconf 67' lang='lat' dir='ltr'><strong>lietitize</strong></span> <span class='ocrx_word' id='word_1_438' title='bbox 2797 3261 3039 3322; x_wconf 91' lang='lat' dir='ltr'><strong>tempore</strong></span> <span class='ocrx_word' id='word_1_439' title='bbox 3061 3296 3073 3316; x_wconf 90' lang='lat'><strong>,</strong></span> <span class='ocrx_word' id='word_1_440' title='bbox 3107 3255 3480 3310; x_wconf 90' lang='lat' dir='ltr'><strong>amaritudinis</strong></span> <span class='ocrx_word' id='word_1_441' title='bbox 3525 3272 3590 3313; x_wconf 82' lang='lat' dir='ltr'><strong>ex</strong></span> 
     </span>
    </p>
   </div>
   <div class='ocr_carea' id='block_1_64' title="bbox 298 3341 1888 3419">
    <p class='ocr_par' dir='ltr' id='par_1_64' title="bbox 298 3341 1888 3419">
     <span class='ocr_line' id='line_1_64' title="bbox 298 3341 1888 3419; baseline 0.009 -25"><span class='ocrx_word' id='word_1_442' title='bbox 298 3341 434 3395; x_wconf 91' lang='lat' dir='ltr'><strong>tudo</strong></span> <span class='ocrx_word' id='word_1_443' title='bbox 465 3344 760 3410; x_wconf 73' lang='lat' dir='ltr'><strong>p-razcellat,</strong></span> <span class='ocrx_word' id='word_1_444' title='bbox 792 3361 912 3410; x_wconf 73' lang='lat' dir='ltr'><strong>quae</strong></span> <span class='ocrx_word' id='word_1_445' title='bbox 934 3363 992 3400; x_wconf 92' lang='lat' dir='ltr'><strong>se</strong></span> <span class='ocrx_word' id='word_1_446' title='bbox 1036 3350 1274 3416; x_wconf 86' lang='lat' dir='ltr'><strong>appetitu</strong></span> <span class='ocrx_word' id='word_1_447' title='bbox 1305 3353 1548 3419; x_wconf 82' lang='lat' dir='ltr'><strong>proprio,</strong></span> <span class='ocrx_word' id='word_1_448' title='bbox 1577 3354 1693 3408; x_wconf 84' lang='lat' dir='ltr'><strong>sine</strong></span> <span class='ocrx_word' id='word_1_449' title='bbox 1721 3356 1888 3409; x_wconf 70' lang='lat' dir='ltr'><strong>inter-</strong></span> 
     </span>
    </p>
   </div>
   <div class='ocr_carea' id='block_1_65' title="bbox 296 3435 1890 3514">
    <p class='ocr_par' dir='ltr' id='par_1_65' title="bbox 296 3435 1890 3514">
     <span class='ocr_line' id='line_1_65' title="bbox 296 3435 1890 3514; baseline 0.012 -30"><span class='ocrx_word' id='word_1_450' title='bbox 296 3442 463 3488; x_wconf 81' lang='lat' dir='ltr'><strong>ventu</strong></span> <span class='ocrx_word' id='word_1_451' title='bbox 487 3435 676 3488; x_wconf 73' lang='lat' dir='ltr'><strong>alienae</strong></span> <span class='ocrx_word' id='word_1_452' title='bbox 700 3437 1035 3492; x_wconf 85' lang='lat' dir='ltr'><strong>necessitatis</strong></span> <span class='ocrx_word' id='word_1_453' title='bbox 1060 3440 1311 3494; x_wconf 83' lang='lat' dir='ltr'><strong>insinuat.</strong></span> <span class='ocrx_word' id='word_1_454' title='bbox 1341 3443 1506 3508; x_wconf 88' lang='lat' dir='ltr'><strong>llujus</strong></span> <span class='ocrx_word' id='word_1_455' title='bbox 1531 3444 1771 3514; x_wconf 69' lang='lat' dir='ltr'><strong>OIbBQUIi</strong></span> <span class='ocrx_word' id='word_1_456' title='bbox 1805 3462 1890 3502; x_wconf 90' lang='lat' dir='ltr'><strong>me</strong></span> 
     </span>
    </p>
   </div>
   <div class='ocr_carea' id='block_1_66' title="bbox 296 3526 1892 3603">
    <p class='ocr_par' dir='ltr' id='par_1_66' title="bbox 296 3526 1892 3603">
     <span class='ocr_line' id='line_1_66' title="bbox 296 3526 1892 3603; baseline 0.008 -24"><span class='ocrx_word' id='word_1_457' title='bbox 296 3526 589 3579; x_wconf 77' lang='lat' dir='ltr'><strong>obnoxium</strong></span> <span class='ocrx_word' id='word_1_458' title='bbox 635 3527 850 3593; x_wconf 87' lang='lat' dir='ltr'><strong>sciens,</strong></span> <span class='ocrx_word' id='word_1_459' title='bbox 893 3530 1175 3584; x_wconf 77' lang='lat' dir='ltr'><strong>intercludi</strong></span> <span class='ocrx_word' id='word_1_460' title='bbox 1235 3533 1647 3588; x_wconf 88' lang='lat' dir='ltr'><strong>redhibitionem</strong></span> <span class='ocrx_word' id='word_1_461' title='bbox 1693 3536 1892 3603; x_wconf 84' lang='lat' dir='ltr'><strong>justam</strong></span> 
     </span>
    </p>
   </div>
   <div class='ocr_carea' id='block_1_67' title="bbox 296 3619 1890 3694">
    <p class='ocr_par' dir='ltr' id='par_1_67' title="bbox 296 3619 1890 3694">
     <span class='ocr_line' id='line_1_67' title="bbox 296 3619 1890 3694; baseline 0.008 -23"><span class='ocrx_word' id='word_1_462' title='bbox 296 3619 496 3686; x_wconf 84' lang='lat' dir='ltr'><strong>injusto</strong></span> <span class='ocrx_word' id='word_1_463' title='bbox 522 3621 784 3674; x_wconf 89' lang='lat' dir='ltr'><strong>obstaculi</strong></span> <span class='ocrx_word' id='word_1_464' title='bbox 817 3623 1195 3690; x_wconf 65' lang='lat' dir='ltr'><strong>[impedientis</strong></span> <span class='ocrx_word' id='word_1_465' title='bbox 1215 3626 1369 3679; x_wconf 85' lang='lat' dir='ltr'><strong>obice</strong></span> <span class='ocrx_word' id='word_1_466' title='bbox 1408 3626 1727 3694; x_wconf 79' lang='lat' dir='ltr'><strong>jamdudum</strong></span> <span class='ocrx_word' id='word_1_467' title='bbox 1756 3631 1890 3684; x_wconf 86' lang='lat' dir='ltr'><strong>taci-</strong></span> 
     </span>
    </p>
   </div>
   <div class='ocr_carea' id='block_1_68' title="bbox 259 3712 1888 3786">
    <p class='ocr_par' dir='ltr' id='par_1_68' title="bbox 259 3712 1888 3786">
     <span class='ocr_line' id='line_1_68' title="bbox 259 3712 1888 3786; baseline 0.009 -24"><span class='ocrx_word' id='word_1_468' title='bbox 259 3749 264 3753; x_wconf 84' lang='lat'><strong>.</strong></span> <span class='ocrx_word' id='word_1_469' title='bbox 303 3721 387 3764; x_wconf 89' lang='lat' dir='ltr'><strong>tus</strong></span> <span class='ocrx_word' id='word_1_470' title='bbox 417 3712 850 3778; x_wconf 69' lang='lat' dir='ltr'><strong>iugi-miscebant.</strong></span> <span class='ocrx_word' id='word_1_471' title='bbox 883 3714 1206 3770; x_wconf 77' lang='lat' dir='ltr'><strong>Pervenerat</strong></span> <span class='ocrx_word' id='word_1_472' title='bbox 1246 3719 1443 3786; x_wconf 87' lang='lat' dir='ltr'><strong>quippe</strong></span> <span class='ocrx_word' id='word_1_473' title='bbox 1464 3758 1476 3780; x_wconf 95' lang='lat'><strong>,</strong></span> <span class='ocrx_word' id='word_1_474' title='bbox 1517 3735 1622 3773; x_wconf 89' lang='lat' dir='ltr'><strong>non</strong></span> <span class='ocrx_word' id='word_1_475' title='bbox 1648 3720 1714 3774; x_wconf 89' lang='lat' dir='ltr'><strong>ad</strong></span> <span class='ocrx_word' id='word_1_476' title='bbox 1746 3723 1888 3776; x_wconf 90' lang='lat' dir='ltr'><strong>noti-</strong></span> 
     </span>
    </p>
   </div>
   <div class='ocr_carea' id='block_1_69' title="bbox 297 3810 1889 3878">
    <p class='ocr_par' dir='ltr' id='par_1_69' title="bbox 297 3810 1889 3878">
     <span class='ocr_line' id='line_1_69' title="bbox 297 3810 1889 3878; baseline 0.006 -18"><span class='ocrx_word' id='word_1_477' title='bbox 297 3815 423 3860; x_wconf 89' lang='lat' dir='ltr'><strong>tam</strong></span> <span class='ocrx_word' id='word_1_478' title='bbox 460 3810 863 3872; x_wconf 79' lang='lat' dir='ltr'><strong>t:tntnmmodo,</strong></span> <span class='ocrx_word' id='word_1_479' title='bbox 895 3811 987 3864; x_wconf 84' lang='lat' dir='ltr'><strong>sed</strong></span> <span class='ocrx_word' id='word_1_480' title='bbox 1024 3810 1087 3864; x_wconf 90' lang='lat' dir='ltr'><strong>ad</strong></span> <span class='ocrx_word' id='word_1_481' title='bbox 1117 3811 1428 3864; x_wconf 64' lang='lat' dir='ltr'><strong>maestitiam</strong></span> <span class='ocrx_word' id='word_1_482' title='bbox 1483 3824 1749 3878; x_wconf 85' lang='lat' dir='ltr'><strong>nostram,</strong></span> <span class='ocrx_word' id='word_1_483' title='bbox 1779 3815 1889 3870; x_wconf 88' lang='lat' dir='ltr'><strong>dis-</strong></span> 
     </span>
    </p>
   </div>
   <div class='ocr_carea' id='block_1_70' title="bbox 296 3898 1885 3972">
    <p class='ocr_par' dir='ltr' id='par_1_70' title="bbox 296 3898 1885 3972">
     <span class='ocr_line' id='line_1_70' title="bbox 296 3898 1885 3972; baseline 0.007 -23"><span class='ocrx_word' id='word_1_484' title='bbox 296 3899 457 3965; x_wconf 83' lang='lat' dir='ltr'><strong>positi</strong></span> <span class='ocrx_word' id='word_1_485' title='bbox 493 3898 669 3951; x_wconf 87' lang='lat' dir='ltr'><strong>fumus</strong></span> <span class='ocrx_word' id='word_1_486' title='bbox 699 3899 968 3964; x_wconf 86' lang='lat' dir='ltr'><strong>incendii,</strong></span> <span class='ocrx_word' id='word_1_487' title='bbox 1000 3900 1139 3968; x_wconf 89' lang='lat' dir='ltr'><strong>quod</strong></span> <span class='ocrx_word' id='word_1_488' title='bbox 1192 3913 1430 3956; x_wconf 85' lang='lat' dir='ltr'><strong>sanetam</strong></span> <span class='ocrx_word' id='word_1_489' title='bbox 1479 3918 1538 3956; x_wconf 90' lang='lat' dir='ltr'><strong>ac</strong></span> <span class='ocrx_word' id='word_1_490' title='bbox 1588 3903 1885 3972; x_wconf 84' lang='lat' dir='ltr'><strong>simplicem</strong></span> 
     </span>
    </p>
   </div>
   <div class='ocr_carea' id='block_1_71' title="bbox 299 3988 1888 4060">
    <p class='ocr_par' dir='ltr' id='par_1_71' title="bbox 299 3988 1888 4060">
     <span class='ocr_line' id='line_1_71' title="bbox 299 3988 1888 4060; baseline 0.005 -19"><span class='ocrx_word' id='word_1_491' title='bbox 299 3988 664 4043; x_wconf 84' lang='lat' dir='ltr'><strong>innocentiam</strong></span> <span class='ocrx_word' id='word_1_492' title='bbox 689 4002 943 4055; x_wconf 82' lang='lat' dir='ltr'><strong>vestram,</strong></span> <span class='ocrx_word' id='word_1_493' title='bbox 971 3990 1118 4044; x_wconf 73' lang='lat' dir='ltr'><strong>Velut</strong></span> <span class='ocrx_word' id='word_1_494' title='bbox 1143 3991 1210 4044; x_wconf 90' lang='lat' dir='ltr'><strong>de</strong></span> <span class='ocrx_word' id='word_1_495' title='bbox 1239 3992 1412 4045; x_wconf 79' lang='lat' dir='ltr'><strong>eﬂetis</strong></span> <span class='ocrx_word' id='word_1_496' title='bbox 1433 3994 1726 4060; x_wconf 88' lang='lat' dir='ltr'><strong>cineribus,</strong></span> <span class='ocrx_word' id='word_1_497' title='bbox 1757 4009 1888 4049; x_wconf 89' lang='lat' dir='ltr'><strong>con-</strong></span> 
     </span>
    </p>
   </div>
   <div class='ocr_carea' id='block_1_72' title="bbox 294 4079 1887 4150">
    <p class='ocr_par' dir='ltr' id='par_1_72' title="bbox 294 4079 1887 4150">
     <span class='ocr_line' id='line_1_72' title="bbox 294 4079 1887 4150; baseline 0.007 -20"><span class='ocrx_word' id='word_1_498' title='bbox 294 4079 496 4148; x_wconf 87' lang='lat' dir='ltr'><strong>juratio</strong></span> <span class='ocrx_word' id='word_1_499' title='bbox 550 4081 849 4148; x_wconf 87' lang='lat' dir='ltr'><strong>procellosa</strong></span> <span class='ocrx_word' id='word_1_500' title='bbox 909 4082 1078 4134; x_wconf 85' lang='lat' dir='ltr'><strong>ventis</strong></span> <span class='ocrx_word' id='word_1_501' title='bbox 1130 4082 1477 4136; x_wconf 84' lang='lat' dir='ltr'><strong>mendacibus</strong></span> <span class='ocrx_word' id='word_1_502' title='bbox 1529 4084 1783 4150; x_wconf 85' lang='lat' dir='ltr'><strong>sulflans,</strong></span> <span class='ocrx_word' id='word_1_503' title='bbox 1836 4088 1887 4142; x_wconf 90' lang='lat' dir='ltr'><strong>in</strong></span> 
     </span>
    </p>
   </div>
   <div class='ocr_carea' id='block_1_73' title="bbox 295 4173 1888 4241">
    <p class='ocr_par' dir='ltr' id='par_1_73' title="bbox 295 4173 1888 4241">
     <span class='ocr_line' id='line_1_73' title="bbox 295 4173 1888 4241; baseline 0.007 -20"><span class='ocrx_word' id='word_1_504' title='bbox 295 4186 512 4224; x_wconf 83' lang='lat' dir='ltr'><strong>cassum</strong></span> <span class='ocrx_word' id='word_1_505' title='bbox 548 4187 768 4227; x_wconf 86' lang='lat' dir='ltr'><strong>movere</strong></span> <span class='ocrx_word' id='word_1_506' title='bbox 811 4181 1128 4227; x_wconf 84' lang='lat' dir='ltr'><strong>tentaverat.</strong></span> <span class='ocrx_word' id='word_1_507' title='bbox 1175 4173 1255 4227; x_wconf 84' lang='lat' dir='ltr'><strong>Ub</strong></span> <span class='ocrx_word' id='word_1_508' title='bbox 1287 4189 1442 4241; x_wconf 87' lang='lat' dir='ltr'><strong>quam</strong></span> <span class='ocrx_word' id='word_1_509' title='bbox 1484 4191 1698 4228; x_wconf 86' lang='lat' dir='ltr'><strong>causam</strong></span> <span class='ocrx_word' id='word_1_510' title='bbox 1733 4192 1888 4232; x_wconf 89' lang='lat' dir='ltr'><strong>vere-</strong></span> 
     </span>
    </p>
   </div>
   <div class='ocr_carea' id='block_1_74' title="bbox 298 4263 1890 4326">
    <p class='ocr_par' dir='ltr' id='par_1_74' title="bbox 298 4263 1890 4326">
     <span class='ocr_line' id='line_1_74' title="bbox 298 4263 1890 4326; baseline 0.007 -11"><span class='ocrx_word' id='word_1_511' title='bbox 298 4263 490 4317; x_wconf 89' lang='lat' dir='ltr'><strong>batnur</strong></span> <span class='ocrx_word' id='word_1_512' title='bbox 547 4266 830 4319; x_wconf 72' lang='lat' dir='ltr'><strong>anxietatis</strong></span> <span class='ocrx_word' id='word_1_513' title='bbox 878 4277 1074 4320; x_wconf 71' lang='lat' dir='ltr'><strong>vestra:</strong></span> <span class='ocrx_word' id='word_1_514' title='bbox 1126 4267 1392 4322; x_wconf 83' lang='lat' dir='ltr'><strong>sarcinam</strong></span> <span class='ocrx_word' id='word_1_515' title='bbox 1452 4278 1574 4322; x_wconf 88' lang='lat' dir='ltr'><strong>voto</strong></span> <span class='ocrx_word' id='word_1_516' title='bbox 1621 4269 1890 4326; x_wconf 83' lang='lat' dir='ltr'><strong>libatninis</strong></span> 
     </span>
    </p>
   </div>
   <div class='ocr_carea' id='block_1_75' title="bbox 294 4357 1890 4429">
    <p class='ocr_par' dir='ltr' id='par_1_75' title="bbox 294 4357 1890 4429">
     <span class='ocr_line' id='line_1_75' title="bbox 294 4357 1890 4429; baseline 0.008 -22"><span class='ocrx_word' id='word_1_517' title='bbox 294 4370 625 4425; x_wconf 83' lang='lat' dir='ltr'><strong>aggravare,</strong></span> <span class='ocrx_word' id='word_1_518' title='bbox 659 4369 708 4410; x_wconf 90' lang='lat' dir='ltr'><strong>et</strong></span> <span class='ocrx_word' id='word_1_519' title='bbox 748 4357 994 4412; x_wconf 73' lang='lat' dir='ltr'><strong>mmroris</strong></span> <span class='ocrx_word' id='word_1_520' title='bbox 1021 4371 1366 4428; x_wconf 79' lang='lat' dir='ltr'><strong>augmentum</strong></span> <span class='ocrx_word' id='word_1_521' title='bbox 1399 4375 1496 4429; x_wconf 91' lang='lat' dir='ltr'><strong>pro</strong></span> <span class='ocrx_word' id='word_1_522' title='bbox 1522 4362 1890 4420; x_wconf 80' lang='lat' dir='ltr'><strong>consolatione</strong></span> 
     </span>
    </p>
   </div>
   <div class='ocr_carea' id='block_1_76' title="bbox 295 4448 1889 4520">
    <p class='ocr_par' dir='ltr' id='par_1_76' title="bbox 295 4448 1889 4520">
     <span class='ocr_line' id='line_1_76' title="bbox 295 4448 1889 4520; baseline 0.005 -20"><span class='ocrx_word' id='word_1_523' title='bbox 295 4449 685 4504; x_wconf 89' lang='lat' dir='ltr'><strong>transmittere.</strong></span> <span class='ocrx_word' id='word_1_524' title='bbox 738 4448 849 4504; x_wconf 87' lang='lat' dir='ltr'><strong>Sub</strong></span> <span class='ocrx_word' id='word_1_525' title='bbox 907 4449 1062 4519; x_wconf 82' lang='lat' dir='ltr'><strong>hujus</strong></span> <span class='ocrx_word' id='word_1_526' title='bbox 1115 4465 1246 4519; x_wconf 80' lang='lat' dir='ltr'><strong>ergo</strong></span> <span class='ocrx_word' id='word_1_527' title='bbox 1302 4451 1661 4520; x_wconf 76' lang='lat' dir='ltr'><strong>ambiguitatis</strong></span> <span class='ocrx_word' id='word_1_528' title='bbox 1707 4454 1889 4508; x_wconf 92' lang='lat' dir='ltr'><strong>nubilo</strong></span> 
     </span>
    </p>
   </div>
   <div class='ocr_carea' id='block_1_77' title="bbox 292 4542 1884 4611">
    <p class='ocr_par' dir='ltr' id='par_1_77' title="bbox 292 4542 1884 4611">
     <span class='ocr_line' id='line_1_77' title="bbox 292 4542 1884 4611; baseline 0.004 -18"><span class='ocrx_word' id='word_1_529' title='bbox 292 4544 511 4594; x_wconf 79' lang='lat' dir='ltr'><strong>contusa</strong></span> <span class='ocrx_word' id='word_1_530' title='bbox 549 4543 949 4610; x_wconf 64' lang='lat' dir='ltr'><strong>exspectatione</strong></span> <span class='ocrx_word' id='word_1_531' title='bbox 983 4542 1340 4610; x_wconf 80' lang='lat' dir='ltr'><strong>pendentibus</strong></span> <span class='ocrx_word' id='word_1_532' title='bbox 1364 4587 1376 4608; x_wconf 84' lang='lat'><strong>,</strong></span> <span class='ocrx_word' id='word_1_533' title='bbox 1411 4545 1615 4598; x_wconf 87' lang='lat' dir='ltr'><strong>litteras</strong></span> <span class='ocrx_word' id='word_1_534' title='bbox 1642 4557 1846 4600; x_wconf 83' lang='lat' dir='ltr'><strong>vestras</strong></span> <span class='ocrx_word' id='word_1_535' title='bbox 1869 4588 1884 4611; x_wconf 95' lang='lat'><strong>,</strong></span> 
     </span>
    </p>
   </div>
   <div class='ocr_carea' id='block_1_78' title="bbox 2000 3340 3590 3417">
    <p class='ocr_par' dir='ltr' id='par_1_78' title="bbox 2000 3340 3590 3417">
     <span class='ocr_line' id='line_1_78' title="bbox 2000 3340 3590 3417; baseline 0.008 -25"><span class='ocrx_word' id='word_1_536' title='bbox 2000 3340 2402 3409; x_wconf 87' lang='lat' dir='ltr'><strong>Opportunitate</strong></span> <span class='ocrx_word' id='word_1_537' title='bbox 2428 3357 2608 3397; x_wconf 89' lang='lat' dir='ltr'><strong>sermo</strong></span> <span class='ocrx_word' id='word_1_538' title='bbox 2642 3346 2992 3410; x_wconf 87' lang='lat' dir='ltr'><strong>perstrictus;</strong></span> <span class='ocrx_word' id='word_1_539' title='bbox 3031 3345 3156 3414; x_wconf 88' lang='lat' dir='ltr'><strong>quin</strong></span> <span class='ocrx_word' id='word_1_540' title='bbox 3191 3347 3365 3413; x_wconf 82' lang='lat' dir='ltr'><strong>potius</strong></span> <span class='ocrx_word' id='word_1_541' title='bbox 3395 3349 3590 3417; x_wconf 80' lang='lat' dir='ltr'><strong>ineptia</strong></span> 
     </span>
    </p>
   </div>
   <div class='ocr_carea' id='block_1_79' title="bbox 2001 3432 3590 3492">
    <p class='ocr_par' dir='ltr' id='par_1_79' title="bbox 2001 3432 3590 3492">
     <span class='ocr_line' id='line_1_79' title="bbox 2001 3432 3590 3492; baseline 0.006 -9"><span class='ocrx_word' id='word_1_542' title='bbox 2001 3433 2240 3485; x_wconf 89' lang='lat' dir='ltr'><strong>vacantis</strong></span> <span class='ocrx_word' id='word_1_543' title='bbox 2283 3432 2519 3487; x_wconf 83' lang='lat' dir='ltr'><strong>audacia:</strong></span> <span class='ocrx_word' id='word_1_544' title='bbox 2556 3435 2695 3488; x_wconf 92' lang='lat' dir='ltr'><strong>unde</strong></span> <span class='ocrx_word' id='word_1_545' title='bbox 2723 3435 2942 3489; x_wconf 89' lang='lat' dir='ltr'><strong>rideatis</strong></span> <span class='ocrx_word' id='word_1_546' title='bbox 2987 3436 3259 3490; x_wconf 70' lang='lat' dir='ltr'><strong>exhibeat.</strong></span> <span class='ocrx_word' id='word_1_547' title='bbox 3312 3438 3449 3491; x_wconf 82' lang='lat' dir='ltr'><strong>Ante</strong></span> <span class='ocrx_word' id='word_1_548' title='bbox 3493 3439 3590 3492; x_wconf 86' lang='lat' dir='ltr'><strong>ali-</strong></span> 
     </span>
    </p>
   </div>
   <div class='ocr_carea' id='block_1_80' title="bbox 2001 3524 3590 3596">
    <p class='ocr_par' dir='ltr' id='par_1_80' title="bbox 2001 3524 3590 3596">
     <span class='ocr_line' id='line_1_80' title="bbox 2001 3524 3590 3596; baseline 0.006 -20"><span class='ocrx_word' id='word_1_549' title='bbox 2001 3533 2131 3592; x_wconf 86' lang='lat' dir='ltr'><strong>quot</strong></span> <span class='ocrx_word' id='word_1_550' title='bbox 2155 3538 2368 3579; x_wconf 86' lang='lat' dir='ltr'><strong>menses</strong></span> <span class='ocrx_word' id='word_1_551' title='bbox 2395 3524 2546 3579; x_wconf 88' lang='lat' dir='ltr'><strong>datas</strong></span> <span class='ocrx_word' id='word_1_552' title='bbox 2573 3525 2637 3579; x_wconf 90' lang='lat' dir='ltr'><strong>ad</strong></span> <span class='ocrx_word' id='word_1_553' title='bbox 2669 3527 2900 3580; x_wconf 90' lang='lat' dir='ltr'><strong>amicum</strong></span> <span class='ocrx_word' id='word_1_554' title='bbox 2933 3528 3217 3596; x_wconf 88' lang='lat' dir='ltr'><strong>quemdam</strong></span> <span class='ocrx_word' id='word_1_555' title='bbox 3251 3545 3590 3587; x_wconf 89' lang='lat' dir='ltr'><strong>communem</strong></span> 
     </span>
    </p>
   </div>
   <div class='ocr_carea' id='block_1_81' title="bbox 1999 3617 3591 3689">
    <p class='ocr_par' dir='ltr' id='par_1_81' title="bbox 1999 3617 3591 3689">
     <span class='ocr_line' id='line_1_81' title="bbox 1999 3617 3591 3689; baseline 0.004 -18"><span class='ocrx_word' id='word_1_556' title='bbox 1999 3617 2415 3687; x_wconf 77' lang='lat' dir='ltr'><strong>magnificentia:</strong></span> <span class='ocrx_word' id='word_1_557' title='bbox 2448 3626 2636 3673; x_wconf 76' lang='lat' dir='ltr'><strong>vestra:</strong></span> <span class='ocrx_word' id='word_1_558' title='bbox 2664 3618 2872 3672; x_wconf 89' lang='lat' dir='ltr'><strong>litteras</strong></span> <span class='ocrx_word' id='word_1_559' title='bbox 2907 3618 3036 3684; x_wconf 91' lang='lat' dir='ltr'><strong>vidi,</strong></span> <span class='ocrx_word' id='word_1_560' title='bbox 3061 3620 3252 3689; x_wconf 91' lang='lat' dir='ltr'><strong>quibus</strong></span> <span class='ocrx_word' id='word_1_561' title='bbox 3269 3620 3591 3678; x_wconf 77' lang='lat' dir='ltr'><strong>salutatione</strong></span> 
     </span>
    </p>
   </div>
   <div class='ocr_carea' id='block_1_82' title="bbox 1997 3710 3586 3781">
    <p class='ocr_par' dir='ltr' id='par_1_82' title="bbox 1997 3710 3586 3781">
     <span class='ocr_line' id='line_1_82' title="bbox 1997 3710 3586 3781; baseline -0.001 -15"><span class='ocrx_word' id='word_1_562' title='bbox 1997 3710 2247 3780; x_wconf 66' lang='lat' dir='ltr'><strong>praefata,</strong></span> <span class='ocrx_word' id='word_1_563' title='bbox 2301 3711 2354 3764; x_wconf 92' lang='lat' dir='ltr'><strong>in</strong></span> <span class='ocrx_word' id='word_1_564' title='bbox 2406 3711 2646 3780; x_wconf 71' lang='lat' dir='ltr'><strong>epistolae</strong></span> <span class='ocrx_word' id='word_1_565' title='bbox 2701 3711 3064 3766; x_wconf 88' lang='lat' dir='ltr'><strong>declamantes</strong></span> <span class='ocrx_word' id='word_1_566' title='bbox 3109 3721 3260 3781; x_wconf 82' lang='lat' dir='ltr'><strong>parte</strong></span> <span class='ocrx_word' id='word_1_567' title='bbox 3303 3711 3586 3779; x_wconf 87' lang='lat' dir='ltr'><strong>succidua,</strong></span> 
     </span>
    </p>
   </div>
   <div class='ocr_carea' id='block_1_83' title="bbox 1994 3803 3588 3878">
    <p class='ocr_par' dir='ltr' id='par_1_83' title="bbox 1994 3803 3588 3878">
     <span class='ocr_line' id='line_1_83' title="bbox 1994 3803 3588 3878; baseline 0.003 -20"><span class='ocrx_word' id='word_1_568' title='bbox 1994 3804 2318 3859; x_wconf 88' lang='lat' dir='ltr'><strong>scribebatis</strong></span> <span class='ocrx_word' id='word_1_569' title='bbox 2349 3803 2374 3839; x_wconf 72' lang='grc' dir='ltr'><strong>ά</strong></span> <span class='ocrx_word' id='word_1_570' title='bbox 2410 3806 2674 3873; x_wconf 88' lang='lat' dir='ltr'><strong>placuisse</strong></span> <span class='ocrx_word' id='word_1_571' title='bbox 2704 3806 2852 3860; x_wconf 84' lang='lat' dir='ltr'><strong>vobis</strong></span> <span class='ocrx_word' id='word_1_572' title='bbox 2885 3807 3128 3873; x_wconf 89' lang='lat' dir='ltr'><strong>libellos,</strong></span> <span class='ocrx_word' id='word_1_573' title='bbox 3167 3821 3300 3878; x_wconf 89' lang='lat' dir='ltr'><strong>quos</strong></span> <span class='ocrx_word' id='word_1_574' title='bbox 3329 3805 3468 3860; x_wconf 87' lang='lat' dir='ltr'><strong>inter</strong></span> <span class='ocrx_word' id='word_1_575' title='bbox 3497 3823 3588 3862; x_wconf 86' lang='lat' dir='ltr'><strong>oc-</strong></span> 
     </span>
    </p>
   </div>
   <div class='ocr_carea' id='block_1_84' title="bbox 1991 3898 3578 3970">
    <p class='ocr_par' dir='ltr' id='par_1_84' title="bbox 1991 3898 3578 3970">
     <span class='ocr_line' id='line_1_84' title="bbox 1991 3898 3578 3970; baseline 0.001 -17"><span class='ocrx_word' id='word_1_576' title='bbox 1991 3899 2304 3968; x_wconf 87' lang='lat' dir='ltr'><strong>cupationes</strong></span> <span class='ocrx_word' id='word_1_577' title='bbox 2345 3899 2485 3954; x_wconf 89' lang='lat' dir='ltr'><strong>seria</strong></span> <span class='ocrx_word' id='word_1_578' title='bbox 2530 3908 2583 3952; x_wconf 91' lang='lat' dir='ltr'><strong>et</strong></span> <span class='ocrx_word' id='word_1_579' title='bbox 2633 3899 2802 3970; x_wconf 88' lang='lat' dir='ltr'><strong>magis</strong></span> <span class='ocrx_word' id='word_1_580' title='bbox 2832 3898 3136 3955; x_wconf 87' lang='lat' dir='ltr'><strong>necessaria</strong></span> <span class='ocrx_word' id='word_1_581' title='bbox 3167 3899 3578 3969; x_wconf 90' lang='lat' dir='ltr'><strong>conscribendi,</strong></span> 
     </span>
    </p>
   </div>
   <div class='ocr_carea' id='block_1_85' title="bbox 1993 3991 3584 4064">
    <p class='ocr_par' dir='ltr' id='par_1_85' title="bbox 1993 3991 3584 4064">
     <span class='ocr_line' id='line_1_85' title="bbox 1993 3991 3584 4064; baseline 0.003 -19"><span class='ocrx_word' id='word_1_582' title='bbox 1993 3991 2339 4046; x_wconf 83' lang='lat' dir='ltr'><strong>nihilominus</strong></span> <span class='ocrx_word' id='word_1_583' title='bbox 2367 4002 2543 4046; x_wconf 87' lang='lat' dir='ltr'><strong>tamen</strong></span> <span class='ocrx_word' id='word_1_584' title='bbox 2573 3993 2638 4046; x_wconf 90' lang='lat' dir='ltr'><strong>de</strong></span> <span class='ocrx_word' id='word_1_585' title='bbox 2665 3993 2921 4062; x_wconf 87' lang='lat' dir='ltr'><strong>spiritalis</strong></span> <span class='ocrx_word' id='word_1_586' title='bbox 2965 3993 3202 4047; x_wconf 68' lang='lat' dir='ltr'><strong>IlISltll‘I‘tL‘</strong></span> <span class='ocrx_word' id='word_1_587' title='bbox 3229 3994 3395 4064; x_wconf 81' lang='lat' dir='ltr'><strong>gestis</strong></span> <span class='ocrx_word' id='word_1_588' title='bbox 3425 3994 3584 4049; x_wconf 89' lang='lat' dir='ltr'><strong>etiam</strong></span> 
     </span>
    </p>
   </div>
   <div class='ocr_carea' id='block_1_86' title="bbox 1994 4083 3585 4151">
    <p class='ocr_par' dir='ltr' id='par_1_86' title="bbox 1994 4083 3585 4151">
     <span class='ocr_line' id='line_1_86' title="bbox 1994 4083 3585 4151; baseline 0.003 -15"><span class='ocrx_word' id='word_1_589' title='bbox 1994 4083 2111 4151; x_wconf 88' lang='lat' dir='ltr'><strong>lege</strong></span> <span class='ocrx_word' id='word_1_590' title='bbox 2135 4084 2394 4151; x_wconf 89' lang='lat' dir='ltr'><strong>poematis</strong></span> <span class='ocrx_word' id='word_1_591' title='bbox 2418 4084 2540 4139; x_wconf 91' lang='lat' dir='ltr'><strong>lusi.</strong></span> <span class='ocrx_word' id='word_1_592' title='bbox 2579 4083 2674 4137; x_wconf 90' lang='lat' dir='ltr'><strong>llic</strong></span> <span class='ocrx_word' id='word_1_593' title='bbox 2706 4100 2846 4138; x_wconf 86' lang='lat' dir='ltr'><strong>nunc</strong></span> <span class='ocrx_word' id='word_1_594' title='bbox 2870 4085 2999 4137; x_wconf 88' lang='lat' dir='ltr'><strong>nihil</strong></span> <span class='ocrx_word' id='word_1_595' title='bbox 3034 4085 3169 4137; x_wconf 88' lang='lat' dir='ltr'><strong>falso</strong></span> <span class='ocrx_word' id='word_1_596' title='bbox 3192 4126 3204 4146; x_wconf 94' lang='lat'><strong>,</strong></span> <span class='ocrx_word' id='word_1_597' title='bbox 3239 4084 3370 4138; x_wconf 90' lang='lat' dir='ltr'><strong>nibil</strong></span> <span class='ocrx_word' id='word_1_598' title='bbox 3403 4101 3585 4140; x_wconf 88' lang='lat' dir='ltr'><strong>assen-</strong></span> 
     </span>
    </p>
   </div>
   <div class='ocr_carea' id='block_1_87' title="bbox 1994 4176 3586 4244">
    <p class='ocr_par' dir='ltr' id='par_1_87' title="bbox 1994 4176 3586 4244">
     <span class='ocr_line' id='line_1_87' title="bbox 1994 4176 3586 4244; baseline 0.001 -15"><span class='ocrx_word' id='word_1_599' title='bbox 1994 4177 2188 4231; x_wconf 86' lang='lat' dir='ltr'><strong>tatorie</strong></span> <span class='ocrx_word' id='word_1_600' title='bbox 2228 4192 2316 4230; x_wconf 84' lang='lat' dir='ltr'><strong>me</strong></span> <span class='ocrx_word' id='word_1_601' title='bbox 2346 4177 2524 4244; x_wconf 87' lang='lat' dir='ltr'><strong>loqui,</strong></span> <span class='ocrx_word' id='word_1_602' title='bbox 2556 4192 2739 4232; x_wconf 87' lang='lat' dir='ltr'><strong>coram</strong></span> <span class='ocrx_word' id='word_1_603' title='bbox 2775 4177 3086 4230; x_wconf 87' lang='lat' dir='ltr'><strong>sinceritate</strong></span> <span class='ocrx_word' id='word_1_604' title='bbox 3115 4186 3290 4234; x_wconf 86' lang='lat' dir='ltr'><strong>vestra</strong></span> <span class='ocrx_word' id='word_1_605' title='bbox 3321 4176 3586 4244; x_wconf 88' lang='lat' dir='ltr'><strong>imprecor</strong></span> 
     </span>
    </p>
   </div>
   <div class='ocr_carea' id='block_1_88' title="bbox 1996 4266 3579 4336">
    <p class='ocr_par' dir='ltr' id='par_1_88' title="bbox 1996 4266 3579 4336">
     <span class='ocr_line' id='line_1_88' title="bbox 1996 4266 3579 4336; baseline -0.001 -13"><span class='ocrx_word' id='word_1_606' title='bbox 1996 4278 2183 4324; x_wconf 81' lang='lat' dir='ltr'><strong>testem</strong></span> <span class='ocrx_word' id='word_1_607' title='bbox 2220 4269 2422 4332; x_wconf 88' lang='lat' dir='ltr'><strong>Deum,</strong></span> <span class='ocrx_word' id='word_1_608' title='bbox 2465 4275 2668 4321; x_wconf 88' lang='lat' dir='ltr'><strong>tantum</strong></span> <span class='ocrx_word' id='word_1_609' title='bbox 2721 4284 2806 4322; x_wconf 91' lang='lat' dir='ltr'><strong>me</strong></span> <span class='ocrx_word' id='word_1_610' title='bbox 2853 4276 2944 4321; x_wconf 90' lang='lat' dir='ltr'><strong>tuo</strong></span> <span class='ocrx_word' id='word_1_611' title='bbox 2987 4266 3192 4336; x_wconf 84' lang='lat' dir='ltr'><strong>judicio</strong></span> <span class='ocrx_word' id='word_1_612' title='bbox 3224 4266 3579 4336; x_wconf 89' lang='lat' dir='ltr'><strong>delectatum,</strong></span> 
     </span>
    </p>
   </div>
   <div class='ocr_carea' id='block_1_89' title="bbox 1993 4359 3584 4428">
    <p class='ocr_par' dir='ltr' id='par_1_89' title="bbox 1993 4359 3584 4428">
     <span class='ocr_line' id='line_1_89' title="bbox 1993 4359 3584 4428; baseline 0 -13"><span class='ocrx_word' id='word_1_613' title='bbox 1993 4361 2160 4415; x_wconf 87' lang='lat' dir='ltr'><strong>veluti</strong></span> <span class='ocrx_word' id='word_1_614' title='bbox 2190 4361 2234 4416; x_wconf 84' lang='lat' dir='ltr'><strong>si</strong></span> <span class='ocrx_word' id='word_1_615' title='bbox 2267 4359 2487 4414; x_wconf 87' lang='lat' dir='ltr'><strong>auribus</strong></span> <span class='ocrx_word' id='word_1_616' title='bbox 2514 4359 2696 4414; x_wconf 88' lang='lat' dir='ltr'><strong>domui</strong></span> <span class='ocrx_word' id='word_1_617' title='bbox 2731 4359 2838 4414; x_wconf 88' lang='lat' dir='ltr'><strong>mei</strong></span> <span class='ocrx_word' id='word_1_618' title='bbox 2869 4361 3033 4428; x_wconf 89' lang='lat' dir='ltr'><strong>patris</strong></span> <span class='ocrx_word' id='word_1_619' title='bbox 3066 4360 3138 4412; x_wconf 93' lang='lat' dir='ltr'><strong>tui</strong></span> <span class='ocrx_word' id='word_1_620' title='bbox 3175 4359 3427 4414; x_wconf 88' lang='lat' dir='ltr'><strong>meditata</strong></span> <span class='ocrx_word' id='word_1_621' title='bbox 3459 4374 3584 4415; x_wconf 89' lang='lat' dir='ltr'><strong>con-</strong></span> 
     </span>
    </p>
   </div>
   <div class='ocr_carea' id='block_1_90' title="bbox 1991 4452 3584 4521">
    <p class='ocr_par' dir='ltr' id='par_1_90' title="bbox 1991 4452 3584 4521">
     <span class='ocr_line' id='line_1_90' title="bbox 1991 4452 3584 4521; baseline 0 -13"><span class='ocrx_word' id='word_1_622' title='bbox 1991 4454 2195 4518; x_wconf 87' lang='lat' dir='ltr'><strong>fessus,</strong></span> <span class='ocrx_word' id='word_1_623' title='bbox 2250 4452 2617 4521; x_wconf 83' lang='lat' dir='ltr'><strong>cujuscunque</strong></span> <span class='ocrx_word' id='word_1_624' title='bbox 2662 4452 2835 4506; x_wconf 84' lang='lat' dir='ltr'><strong>laudis</strong></span> <span class='ocrx_word' id='word_1_625' title='bbox 2886 4461 3159 4506; x_wconf 91' lang='lat' dir='ltr'><strong>momento</strong></span> <span class='ocrx_word' id='word_1_626' title='bbox 3212 4452 3311 4506; x_wconf 88' lang='lat' dir='ltr'><strong>sub</strong></span> <span class='ocrx_word' id='word_1_627' title='bbox 3361 4467 3584 4508; x_wconf 88' lang='lat' dir='ltr'><strong>censore</strong></span> 
     </span>
    </p>
   </div>
   <div class='ocr_carea' id='block_1_91' title="bbox 1993 4543 3583 4614">
    <p class='ocr_par' dir='ltr' id='par_1_91' title="bbox 1993 4543 3583 4614">
     <span class='ocr_line' id='line_1_91' title="bbox 1993 4543 3583 4614; baseline -0.001 -14"><span class='ocrx_word' id='word_1_628' title='bbox 1993 4547 2241 4601; x_wconf 88' lang='lat' dir='ltr'><strong>donarer.</strong></span> <span class='ocrx_word' id='word_1_629' title='bbox 2291 4544 2524 4598; x_wconf 81' lang='lat' dir='ltr'><strong>Primum</strong></span> <span class='ocrx_word' id='word_1_630' title='bbox 2557 4559 2787 4614; x_wconf 89' lang='lat' dir='ltr'><strong>namque</strong></span> <span class='ocrx_word' id='word_1_631' title='bbox 2814 4543 3149 4614; x_wconf 86' lang='lat' dir='ltr'><strong>gaudebam,</strong></span> <span class='ocrx_word' id='word_1_632' title='bbox 3183 4544 3322 4613; x_wconf 88' lang='lat' dir='ltr'><strong>quod</strong></span> <span class='ocrx_word' id='word_1_633' title='bbox 3367 4560 3583 4599; x_wconf 91' lang='lat' dir='ltr'><strong>sensum</strong></span> 
     </span>
    </p>
   </div>
   <div class='ocr_carea' id='block_1_92' title="bbox 293 4635 3582 4707">
    <p class='ocr_par' dir='ltr' id='par_1_92' title="bbox 293 4635 3582 4707">
     <span class='ocr_line' id='line_1_92' title="bbox 293 4635 3582 4707; baseline 0.002 -22"><span class='ocrx_word' id='word_1_634' title='bbox 293 4636 605 4688; x_wconf 83' lang='lat' dir='ltr'><strong>serenitatis</strong></span> <span class='ocrx_word' id='word_1_635' title='bbox 631 4637 886 4703; x_wconf 69' lang='lat' dir='ltr'><strong>pristinas,</strong></span> <span class='ocrx_word' id='word_1_636' title='bbox 919 4637 1128 4704; x_wconf 84' lang='lat' dir='ltr'><strong>pietatis</strong></span> <span class='ocrx_word' id='word_1_637' title='bbox 1151 4646 1406 4704; x_wconf 63' lang='lat' dir='ltr'><strong>expertae,</strong></span> <span class='ocrx_word' id='word_1_638' title='bbox 1435 4637 1731 4706; x_wconf 83' lang='lat' dir='ltr'><strong>inopinanti</strong></span> <span class='ocrx_word' id='word_1_639' title='bbox 1756 4640 1886 4694; x_wconf 91' lang='lat' dir='ltr'><strong>mihi</strong></span> <span class='ocrx_word' id='word_1_640' title='bbox 1916 4635 1971 4696; x_wconf 88' lang='lat' dir='ltr'><strong>D</strong></span> <span class='ocrx_word' id='word_1_641' title='bbox 1996 4651 2229 4695; x_wconf 85' lang='lat' dir='ltr'><strong>vestrum</strong></span> <span class='ocrx_word' id='word_1_642' title='bbox 2257 4637 2380 4692; x_wconf 90' lang='lat' dir='ltr'><strong>huic</strong></span> <span class='ocrx_word' id='word_1_643' title='bbox 2413 4637 2631 4693; x_wconf 87' lang='lat' dir='ltr'><strong>liberius</strong></span> <span class='ocrx_word' id='word_1_644' title='bbox 2657 4654 2814 4707; x_wconf 90' lang='lat' dir='ltr'><strong>quam</strong></span> <span class='ocrx_word' id='word_1_645' title='bbox 2837 4637 2990 4692; x_wconf 86' lang='lat' dir='ltr'><strong>alteri</strong></span> <span class='ocrx_word' id='word_1_646' title='bbox 3018 4637 3349 4705; x_wconf 73' lang='lat' dir='ltr'><strong>pendebatis.</strong></span> <span class='ocrx_word' id='word_1_647' title='bbox 3385 4638 3582 4694; x_wconf 84' lang='lat' dir='ltr'><strong>Deinde</strong></span> 
     </span>
    </p>
   </div>
   <div class='ocr_carea' id='block_1_93' title="bbox 300 4723 1888 4797">
    <p class='ocr_par' dir='ltr' id='par_1_93' title="bbox 300 4723 1888 4797">
     <span class='ocr_line' id='line_1_93' title="bbox 300 4723 1888 4797; baseline 0.006 -21"><span class='ocrx_word' id='word_1_648' title='bbox 300 4723 439 4778; x_wconf 81' lang='lat' dir='ltr'><strong>Deus</strong></span> <span class='ocrx_word' id='word_1_649' title='bbox 486 4725 697 4779; x_wconf 88' lang='lat' dir='ltr'><strong>obtulit.</strong></span> <span class='ocrx_word' id='word_1_650' title='bbox 765 4726 1069 4797; x_wconf 79' lang='lat' dir='ltr'><strong>Becognovi</strong></span> <span class='ocrx_word' id='word_1_651' title='bbox 1124 4728 1229 4780; x_wconf 89' lang='lat' dir='ltr'><strong>illic</strong></span> <span class='ocrx_word' id='word_1_652' title='bbox 1251 4768 1263 4791; x_wconf 92' lang='lat'><strong>,</strong></span> <span class='ocrx_word' id='word_1_653' title='bbox 1297 4744 1398 4796; x_wconf 85' lang='lat' dir='ltr'><strong>qua</strong></span> <span class='ocrx_word' id='word_1_654' title='bbox 1432 4729 1563 4783; x_wconf 86' lang='lat' dir='ltr'><strong>satis</strong></span> <span class='ocrx_word' id='word_1_655' title='bbox 1588 4731 1888 4786; x_wconf 86' lang='lat' dir='ltr'><strong>delectatus</strong></span> 
     </span>
    </p>
   </div>
   <div class='ocr_carea' id='block_1_94' title="bbox 368 4924 1879 4995">
    <p class='ocr_par' dir='ltr' id='par_1_94' title="bbox 368 4924 1879 4995">
     <span class='ocr_line' id='line_1_94' title="bbox 368 4924 1879 4995; baseline 0.001 -18"><span class='ocrx_word' id='word_1_656' title='bbox 368 4935 392 4960; x_wconf 70' lang='grc' dir='ltr'>η</span> <span class='ocrx_word' id='word_1_657' title='bbox 430 4924 679 4986; x_wconf 81' lang='lat' dir='ltr'><strong>Dictarat,</strong></span> <span class='ocrx_word' id='word_1_658' title='bbox 709 4926 919 4995; x_wconf 82' lang='lat' dir='ltr'><strong>opinor,</strong></span> <span class='ocrx_word' id='word_1_659' title='bbox 943 4925 1131 4978; x_wconf 80' lang='lat' dir='ltr'><strong>Avitus</strong></span> <span class='ocrx_word' id='word_1_660' title='bbox 1151 4924 1366 4978; x_wconf 86' lang='lat' dir='ltr'><strong>nomine</strong></span> <span class='ocrx_word' id='word_1_661' title='bbox 1396 4924 1746 4993; x_wconf 83' lang='lat' dir='ltr'><strong>Sigismundi,</strong></span> <span class='ocrx_word' id='word_1_662' title='bbox 1775 4942 1879 4979; x_wconf 88' lang='lat' dir='ltr'><strong>non</strong></span> 
     </span>
    </p>
   </div>
   <div class='ocr_carea' id='block_1_95' title="bbox 293 4996 1884 5064">
    <p class='ocr_par' dir='ltr' id='par_1_95' title="bbox 293 4996 1884 5064">
     <span class='ocr_line' id='line_1_95' title="bbox 293 4996 1884 5064; baseline 0.001 -15"><span class='ocrx_word' id='word_1_663' title='bbox 293 5000 467 5049; x_wconf 83' lang='lat' dir='ltr'><strong>solum</strong></span> <span class='ocrx_word' id='word_1_664' title='bbox 500 5000 802 5064; x_wconf 81' lang='lat' dir='ltr'><strong>superiores</strong></span> <span class='ocrx_word' id='word_1_665' title='bbox 835 4997 1038 5050; x_wconf 82' lang='lat' dir='ltr'><strong>litteras</strong></span> <span class='ocrx_word' id='word_1_666' title='bbox 1078 4996 1142 5048; x_wconf 89' lang='lat' dir='ltr'><strong>ad</strong></span> <span class='ocrx_word' id='word_1_667' title='bbox 1182 4996 1531 5058; x_wconf 76' lang='lat' dir='ltr'><strong>Vitalianum,</strong></span> <span class='ocrx_word' id='word_1_668' title='bbox 1575 4996 1668 5049; x_wconf 77' lang='lat' dir='ltr'><strong>sed</strong></span> <span class='ocrx_word' id='word_1_669' title='bbox 1701 4998 1884 5062; x_wconf 82' lang='lat' dir='ltr'><strong>proxi-</strong></span> 
     </span>
    </p>
   </div>
   <div class='ocr_carea' id='block_1_96' title="bbox 296 5067 1884 5133">
    <p class='ocr_par' dir='ltr' id='par_1_96' title="bbox 296 5067 1884 5133">
     <span class='ocr_line' id='line_1_96' title="bbox 296 5067 1884 5133; baseline 0.001 -14"><span class='ocrx_word' id='word_1_670' title='bbox 296 5084 414 5119; x_wconf 84' lang='lat' dir='ltr'><strong>mas</strong></span> <span class='ocrx_word' id='word_1_671' title='bbox 443 5068 602 5120; x_wconf 87' lang='lat' dir='ltr'><strong>etiam</strong></span> <span class='ocrx_word' id='word_1_672' title='bbox 635 5069 698 5120; x_wconf 90' lang='lat' dir='ltr'><strong>ad</strong></span> <span class='ocrx_word' id='word_1_673' title='bbox 724 5068 991 5122; x_wconf 77' lang='lat' dir='ltr'><strong>Celerem.</strong></span> <span class='ocrx_word' id='word_1_674' title='bbox 1021 5067 1099 5119; x_wconf 84' lang='lat' dir='ltr'><strong>Ad</strong></span> <span class='ocrx_word' id='word_1_675' title='bbox 1139 5069 1230 5117; x_wconf 74' lang='lat' dir='ltr'><strong>has</strong></span> <span class='ocrx_word' id='word_1_676' title='bbox 1259 5081 1384 5133; x_wconf 84' lang='lat' dir='ltr'><strong>ergo</strong></span> <span class='ocrx_word' id='word_1_677' title='bbox 1419 5069 1467 5119; x_wconf 90' lang='lat' dir='ltr'><strong>in</strong></span> <span class='ocrx_word' id='word_1_678' title='bbox 1497 5067 1757 5119; x_wconf 58' lang='lat' dir='ltr'><strong>Graeciam</strong></span> <span class='ocrx_word' id='word_1_679' title='bbox 1783 5107 1795 5126; x_wconf 87' lang='lat'><strong>,</strong></span> <span class='ocrx_word' id='word_1_680' title='bbox 1829 5077 1884 5121; x_wconf 93' lang='lat' dir='ltr'><strong>ut</strong></span> 
     </span>
    </p>
   </div>
   <div class='ocr_carea' id='block_1_97' title="bbox 294 5133 1884 5210">
    <p class='ocr_par' dir='ltr' id='par_1_97' title="bbox 294 5133 1884 5210">
     <span class='ocr_line' id='line_1_97' title="bbox 294 5133 1884 5210; baseline 0.001 -22"><span class='ocrx_word' id='word_1_681' title='bbox 294 5137 504 5210; x_wconf 66' lang='lat' dir='ltr'><strong>Cnet-is</strong></span> <span class='ocrx_word' id='word_1_682' title='bbox 529 5140 745 5192; x_wconf 90' lang='lat' dir='ltr'><strong>auribus</strong></span> <span class='ocrx_word' id='word_1_683' title='bbox 775 5140 1118 5206; x_wconf 81' lang='lat' dir='ltr'><strong>obstrepant,</strong></span> <span class='ocrx_word' id='word_1_684' title='bbox 1151 5137 1385 5210; x_wconf 74' lang='lat' dir='ltr'><strong>abituras</strong></span> <span class='ocrx_word' id='word_1_685' title='bbox 1416 5135 1632 5202; x_wconf 81' lang='lat' dir='ltr'><strong>alludit,</strong></span> <span class='ocrx_word' id='word_1_686' title='bbox 1667 5144 1718 5190; x_wconf 88' lang='lat' dir='ltr'><strong>et</strong></span> <span class='ocrx_word' id='word_1_687' title='bbox 1750 5133 1884 5210; x_wconf 86' lang='lat' dir='ltr'><strong>Lau-</strong></span> 
     </span>
    </p>
   </div>
   <div class='ocr_carea' id='block_1_98' title="bbox 297 5207 1452 5276">
    <p class='ocr_par' dir='ltr' id='par_1_98' title="bbox 297 5207 1452 5276">
     <span class='ocr_line' id='line_1_98' title="bbox 297 5207 1452 5276; baseline -0.003 -15"><span class='ocrx_word' id='word_1_688' title='bbox 297 5208 458 5261; x_wconf 75' lang='lat' dir='ltr'><strong>rentii</strong></span> <span class='ocrx_word' id='word_1_689' title='bbox 487 5209 648 5261; x_wconf 85' lang='lat' dir='ltr'><strong>lilium</strong></span> <span class='ocrx_word' id='word_1_690' title='bbox 685 5214 814 5276; x_wconf 89' lang='lat' dir='ltr'><strong>patri</strong></span> <span class='ocrx_word' id='word_1_691' title='bbox 846 5209 1111 5263; x_wconf 89' lang='lat' dir='ltr'><strong>redditum</strong></span> <span class='ocrx_word' id='word_1_692' title='bbox 1141 5207 1452 5276; x_wconf 81' lang='lat' dir='ltr'><strong>gratulatur.</strong></span> 
     </span>
    </p>
   </div>
   <div class='ocr_carea' id='block_1_99' title="bbox 370 5275 1878 5345">
    <p class='ocr_par' dir='ltr' id='par_1_99' title="bbox 370 5275 1878 5345">
     <span class='ocr_line' id='line_1_99' title="bbox 370 5275 1878 5345; baseline 0 -12"><span class='ocrx_word' id='word_1_693' title='bbox 370 5278 396 5316; x_wconf 70' lang='grc' dir='ltr'>δ</span> <span class='ocrx_word' id='word_1_694' title='bbox 432 5279 636 5333; x_wconf 84' lang='lat' dir='ltr'><strong>Sidonii</strong></span> <span class='ocrx_word' id='word_1_695' title='bbox 671 5275 810 5343; x_wconf 89' lang='lat' dir='ltr'><strong>filio,</strong></span> <span class='ocrx_word' id='word_1_696' title='bbox 863 5279 906 5333; x_wconf 86' lang='lat' dir='ltr'><strong>si</strong></span> <span class='ocrx_word' id='word_1_697' title='bbox 955 5287 1100 5334; x_wconf 85' lang='lat' dir='ltr'><strong>recte</strong></span> <span class='ocrx_word' id='word_1_698' title='bbox 1132 5275 1195 5330; x_wconf 89' lang='lat' dir='ltr'><strong>ad</strong></span> <span class='ocrx_word' id='word_1_699' title='bbox 1227 5277 1505 5344; x_wconf 86' lang='lat' dir='ltr'><strong>epistolam</strong></span> <span class='ocrx_word' id='word_1_700' title='bbox 1545 5275 1614 5328; x_wconf 70' lang='lat'><strong>22</strong></span> <span class='ocrx_word' id='word_1_701' title='bbox 1645 5278 1878 5345; x_wconf 86' lang='lat' dir='ltr'><strong>conjeci-</strong></span> 
     </span>
    </p>
   </div>
   <div class='ocr_carea' id='block_1_100' title="bbox 229 5346 1886 5418">
    <p class='ocr_par' dir='ltr' id='par_1_100' title="bbox 229 5346 1886 5418">
     <span class='ocr_line' id='line_1_100' title="bbox 229 5346 1886 5418; baseline -0.001 -12"><span class='ocrx_word' id='word_1_702' title='bbox 229 5404 232 5406; x_wconf 82' lang='lat'><strong>.</strong></span> <span class='ocrx_word' id='word_1_703' title='bbox 297 5367 438 5412; x_wconf 84' lang='lat' dir='ltr'><strong>mus,</strong></span> <span class='ocrx_word' id='word_1_704' title='bbox 464 5367 584 5403; x_wconf 92' lang='lat' dir='ltr'><strong>cum</strong></span> <span class='ocrx_word' id='word_1_705' title='bbox 614 5352 655 5404; x_wconf 91' lang='lat' dir='ltr'><strong>is</strong></span> <span class='ocrx_word' id='word_1_706' title='bbox 682 5351 748 5403; x_wconf 91' lang='lat' dir='ltr'><strong>ab</strong></span> <span class='ocrx_word' id='word_1_707' title='bbox 782 5351 991 5404; x_wconf 79' lang='lat' dir='ltr'><strong>Alarico</strong></span> <span class='ocrx_word' id='word_1_708' title='bbox 1021 5363 1144 5418; x_wconf 86' lang='lat' dir='ltr'><strong>rege</strong></span> <span class='ocrx_word' id='word_1_709' title='bbox 1171 5346 1311 5417; x_wconf 89' lang='lat' dir='ltr'><strong>apud</strong></span> <span class='ocrx_word' id='word_1_710' title='bbox 1343 5361 1500 5417; x_wconf 87' lang='lat' dir='ltr'><strong>quem</strong></span> <span class='ocrx_word' id='word_1_711' title='bbox 1531 5347 1739 5403; x_wconf 88' lang='lat' dir='ltr'><strong>delatus</strong></span> <span class='ocrx_word' id='word_1_712' title='bbox 1771 5349 1886 5409; x_wconf 88' lang='lat' dir='ltr'><strong>fue-</strong></span> 
     </span>
    </p>
   </div>
   <div class='ocr_carea' id='block_1_101' title="bbox 297 5418 1086 5489">
    <p class='ocr_par' dir='ltr' id='par_1_101' title="bbox 297 5418 1086 5489">
     <span class='ocr_line' id='line_1_101' title="bbox 297 5418 1086 5489; baseline -0.001 -15"><span class='ocrx_word' id='word_1_713' title='bbox 297 5434 399 5482; x_wconf 85' lang='lat' dir='ltr'><strong>rat,</strong></span> <span class='ocrx_word' id='word_1_714' title='bbox 431 5422 595 5474; x_wconf 66' lang='lat' dir='ltr'><strong>illana</strong></span> <span class='ocrx_word' id='word_1_715' title='bbox 628 5423 792 5489; x_wconf 74' lang='lat' dir='ltr'><strong>gratia</strong></span> <span class='ocrx_word' id='word_1_716' title='bbox 820 5418 1086 5475; x_wconf 77' lang='lat' dir='ltr'><strong>rediis’set.</strong></span> 
     </span>
    </p>
   </div>
   <div class='ocr_carea' id='block_1_102' title="bbox 376 5487 1884 5561">
    <p class='ocr_par' dir='ltr' id='par_1_102' title="bbox 376 5487 1884 5561">
     <span class='ocr_line' id='line_1_102' title="bbox 376 5487 1884 5561; baseline 0 -16"><span class='ocrx_word' id='word_1_717' title='bbox 376 5503 396 5529; x_wconf 75' lang='grc' dir='ltr'><strong><em>τ</em></strong></span> <span class='ocrx_word' id='word_1_718' title='bbox 437 5493 585 5559; x_wconf 83' lang='lat' dir='ltr'><strong>Mox,</strong></span> <span class='ocrx_word' id='word_1_719' title='bbox 631 5487 799 5561; x_wconf 64' lang='lat' dir='ltr'><strong>appet;</strong></span> <span class='ocrx_word' id='word_1_720' title='bbox 833 5495 934 5544; x_wconf 75' lang='lat' dir='ltr'><strong>t&#39;isa</strong></span> <span class='ocrx_word' id='word_1_721' title='bbox 965 5503 1037 5544; x_wconf 80' lang='lat' dir='ltr'><strong>est</strong></span> <span class='ocrx_word' id='word_1_722' title='bbox 1074 5491 1270 5559; x_wconf 79' lang='lat' dir='ltr'><strong>familia</strong></span> <span class='ocrx_word' id='word_1_723' title='bbox 1310 5498 1502 5542; x_wconf 78' lang='lat' dir='ltr'><strong>nostra.</strong></span> <span class='ocrx_word' id='word_1_724' title='bbox 1551 5487 1717 5543; x_wconf 83' lang='lat' dir='ltr'><strong>Tanta</strong></span> <span class='ocrx_word' id='word_1_725' title='bbox 1769 5500 1884 5546; x_wconf 88' lang='lat' dir='ltr'><strong>erat</strong></span> 
     </span>
    </p>
   </div>
   <div class='ocr_carea' id='block_1_103' title="bbox 299 5561 1880 5627">
    <p class='ocr_par' dir='ltr' id='par_1_103' title="bbox 299 5561 1880 5627">
     <span class='ocr_line' id='line_1_103' title="bbox 299 5561 1880 5627; baseline 0 -11"><span class='ocrx_word' id='word_1_726' title='bbox 299 5564 440 5618; x_wconf 84' lang='lat' dir='ltr'><strong>Aviti</strong></span> <span class='ocrx_word' id='word_1_727' title='bbox 467 5563 680 5616; x_wconf 73' lang='lat' dir='ltr'><strong>familiae</strong></span> <span class='ocrx_word' id='word_1_728' title='bbox 712 5581 830 5616; x_wconf 80' lang='lat' dir='ltr'><strong>eum</strong></span> <span class='ocrx_word' id='word_1_729' title='bbox 869 5563 1154 5618; x_wconf 85' lang='lat' dir='ltr'><strong>Sidoniana</strong></span> <span class='ocrx_word' id='word_1_730' title='bbox 1184 5561 1522 5627; x_wconf 87' lang='lat' dir='ltr'><strong>eonjttnctio,</strong></span> <span class='ocrx_word' id='word_1_731' title='bbox 1557 5570 1613 5614; x_wconf 92' lang='lat' dir='ltr'><strong>ut</strong></span> <span class='ocrx_word' id='word_1_732' title='bbox 1638 5563 1880 5616; x_wconf 66' lang='lat' dir='ltr'><strong>eamdi-ni</strong></span> 
     </span>
    </p>
   </div>
   <div class='ocr_carea' id='block_1_104' title="bbox 298 5630 1876 5711">
    <p class='ocr_par' dir='ltr' id='par_1_104' title="bbox 298 5630 1876 5711">
     <span class='ocr_line' id='line_1_104' title="bbox 298 5630 1876 5711; baseline -0.001 -24"><span class='ocrx_word' id='word_1_733' title='bbox 298 5636 490 5696; x_wconf 86' lang='lat' dir='ltr'><strong>faciat,</strong></span> <span class='ocrx_word' id='word_1_734' title='bbox 526 5634 864 5711; x_wconf 80' lang='lat' dir='ltr'><strong>vicissimque</strong></span> <span class='ocrx_word' id='word_1_735' title='bbox 906 5633 1118 5687; x_wconf 90' lang='lat' dir='ltr'><strong>nomina</strong></span> <span class='ocrx_word' id='word_1_736' title='bbox 1166 5630 1451 5711; x_wconf 69' lang='lat' dir='ltr'><strong>transferat</strong></span> <span class='ocrx_word' id='word_1_737' title='bbox 1479 5642 1532 5711; x_wconf 83' lang='lat' dir='ltr'><strong>et</strong></span> <span class='ocrx_word' id='word_1_738' title='bbox 1561 5644 1876 5711; x_wconf 78' lang='lat' dir='ltr'><strong>commutet.</strong></span> 
     </span>
    </p>
   </div>
   <div class='ocr_carea' id='block_1_105' title="bbox 297 5702 1884 5773">
    <p class='ocr_par' dir='ltr' id='par_1_105' title="bbox 297 5702 1884 5773">
     <span class='ocr_line' id='line_1_105' title="bbox 297 5702 1884 5773; baseline -0.001 -13"><span class='ocrx_word' id='word_1_739' title='bbox 297 5708 408 5760; x_wconf 78' lang='lat' dir='ltr'><strong>Cur</strong></span> <span class='ocrx_word' id='word_1_740' title='bbox 436 5721 564 5773; x_wconf 87' lang='lat' dir='ltr'><strong>ergo</strong></span> <span class='ocrx_word' id='word_1_741' title='bbox 594 5702 867 5757; x_wconf 77' lang='lat' dir='ltr'><strong>Sidonium</strong></span> <span class='ocrx_word' id='word_1_742' title='bbox 903 5717 1103 5773; x_wconf 91' lang='lat' dir='ltr'><strong>patrem</strong></span> <span class='ocrx_word' id='word_1_743' title='bbox 1136 5719 1291 5758; x_wconf 91' lang='lat' dir='ltr'><strong>suum</strong></span> <span class='ocrx_word' id='word_1_744' title='bbox 1321 5702 1464 5773; x_wconf 85' lang='lat' dir='ltr'><strong>dicat</strong></span> <span class='ocrx_word' id='word_1_745' title='bbox 1487 5705 1696 5768; x_wconf 80' lang='lat' dir='ltr'><strong>Avitus,</strong></span> <span class='ocrx_word' id='word_1_746' title='bbox 1729 5719 1884 5770; x_wconf 86' lang='lat' dir='ltr'><strong>aper-</strong></span> 
     </span>
    </p>
   </div>
   <div class='ocr_carea' id='block_1_106' title="bbox 298 5771 1882 5843">
    <p class='ocr_par' dir='ltr' id='par_1_106' title="bbox 298 5771 1882 5843">
     <span class='ocr_line' id='line_1_106' title="bbox 298 5771 1882 5843; baseline -0.001 -13"><span class='ocrx_word' id='word_1_747' title='bbox 298 5787 413 5830; x_wconf 87' lang='lat' dir='ltr'><strong>tutn</strong></span> <span class='ocrx_word' id='word_1_748' title='bbox 463 5771 578 5840; x_wconf 64' lang='lat' dir='ltr'><strong>eSt,</strong></span> <span class='ocrx_word' id='word_1_749' title='bbox 627 5775 746 5843; x_wconf 75' lang='lat' dir='ltr'><strong>quia</strong></span> <span class='ocrx_word' id='word_1_750' title='bbox 793 5776 837 5828; x_wconf 90' lang='lat' dir='ltr'><strong>is</strong></span> <span class='ocrx_word' id='word_1_751' title='bbox 884 5771 1030 5841; x_wconf 84' lang='lat' dir='ltr'><strong>pater</strong></span> <span class='ocrx_word' id='word_1_752' title='bbox 1070 5777 1166 5842; x_wconf 80' lang='lat' dir='ltr'><strong>fuit</strong></span> <span class='ocrx_word' id='word_1_753' title='bbox 1212 5771 1552 5843; x_wconf 82' lang='lat' dir='ltr'><strong>Apollinaris.</strong></span> <span class='ocrx_word' id='word_1_754' title='bbox 1586 5775 1882 5829; x_wconf 85' lang='lat' dir='ltr'><strong>Archadius</strong></span> 
     </span>
    </p>
   </div>
   <div class='ocr_carea' id='block_1_107' title="bbox 297 5845 1927 5925">
    <p class='ocr_par' dir='ltr' id='par_1_107' title="bbox 297 5845 1927 5925">
     <span class='ocr_line' id='line_1_107' title="bbox 297 5845 1927 5925; baseline 0 -25"><span class='ocrx_word' id='word_1_755' title='bbox 297 5861 432 5901; x_wconf 88' lang='lat' dir='ltr'><strong>vero</strong></span> <span class='ocrx_word' id='word_1_756' title='bbox 479 5862 636 5917; x_wconf 86' lang='lat' dir='ltr'><strong>quem</strong></span> <span class='ocrx_word' id='word_1_757' title='bbox 684 5846 974 5914; x_wconf 87' lang='lat' dir='ltr'><strong>Apollinari</strong></span> <span class='ocrx_word' id='word_1_758' title='bbox 1005 5858 1203 5916; x_wconf 87' lang='lat' dir='ltr'><strong>patrem</strong></span> <span class='ocrx_word' id='word_1_759' title='bbox 1255 5845 1488 5913; x_wconf 86' lang='lat' dir='ltr'><strong>affingit,</strong></span> <span class='ocrx_word' id='word_1_760' title='bbox 1530 5846 1647 5914; x_wconf 87' lang='lat' dir='ltr'><strong>quis</strong></span> <span class='ocrx_word' id='word_1_761' title='bbox 1691 5845 1879 5912; x_wconf 77' lang='lat' dir='ltr'><strong>fuerit,</strong></span> <span class='ocrx_word' id='word_1_762' title='bbox 1924 5923 1927 5925; x_wconf 84' lang='lat'><em>_</em></span> 
     </span>
    </p>
   </div>
   <div class='ocr_carea' id='block_1_108' title="bbox 1999 4728 3582 4799">
    <p class='ocr_par' dir='ltr' id='par_1_108' title="bbox 1999 4728 3582 4799">
     <span class='ocr_line' id='line_1_108' title="bbox 1999 4728 3582 4799; baseline 0 -13"><span class='ocrx_word' id='word_1_763' title='bbox 1999 4729 2141 4798; x_wconf 90' lang='lat' dir='ltr'><strong>quod</strong></span> <span class='ocrx_word' id='word_1_764' title='bbox 2171 4730 2395 4799; x_wconf 88' lang='lat' dir='ltr'><strong>agnovi,</strong></span> <span class='ocrx_word' id='word_1_765' title='bbox 2435 4745 2528 4783; x_wconf 89' lang='lat' dir='ltr'><strong>vos</strong></span> <span class='ocrx_word' id='word_1_766' title='bbox 2569 4729 2785 4799; x_wconf 90' lang='lat' dir='ltr'><strong>aliquod</strong></span> <span class='ocrx_word' id='word_1_767' title='bbox 2819 4730 3014 4784; x_wconf 90' lang='lat' dir='ltr'><strong>bonum</strong></span> <span class='ocrx_word' id='word_1_768' title='bbox 3043 4728 3112 4783; x_wconf 92' lang='lat' dir='ltr'><strong>de</strong></span> <span class='ocrx_word' id='word_1_769' title='bbox 3136 4739 3328 4784; x_wconf 89' lang='lat' dir='ltr'><strong>conatu</strong></span> <span class='ocrx_word' id='word_1_770' title='bbox 3364 4730 3582 4786; x_wconf 83' lang='lat' dir='ltr'><strong>fraterni</strong></span> 
     </span>
    </p>
   </div>
   <div class='ocr_carea' id='block_1_109' title="bbox 1991 4923 3579 4994">
    <p class='ocr_par' dir='ltr' id='par_1_109' title="bbox 1991 4923 3579 4994">
     <span class='ocr_line' id='line_1_109' title="bbox 1991 4923 3579 4994; baseline 0.003 -16"><span class='ocrx_word' id='word_1_771' title='bbox 1991 4935 2082 4978; x_wconf 90' lang='lat' dir='ltr'><strong>aut</strong></span> <span class='ocrx_word' id='word_1_772' title='bbox 2113 4941 2232 4993; x_wconf 68' lang='lat' dir='ltr'><strong>qua:</strong></span> <span class='ocrx_word' id='word_1_773' title='bbox 2257 4923 2524 4994; x_wconf 10' lang='lat' dir='ltr'><strong>robloquia</strong></span> <span class='ocrx_word' id='word_1_774' title='bbox 2571 4937 2762 4991; x_wconf 83' lang='lat' dir='ltr'><strong>passus</strong></span> <span class='ocrx_word' id='word_1_775' title='bbox 2809 4926 2907 4985; x_wconf 81' lang='lat' dir='ltr'><strong>sit,</strong></span> <span class='ocrx_word' id='word_1_776' title='bbox 2939 4926 3286 4994; x_wconf 66' lang='lat' dir='ltr'><strong>quarrendum</strong></span> <span class='ocrx_word' id='word_1_777' title='bbox 3320 4940 3420 4981; x_wconf 69' lang='grc' dir='ltr'><strong>εει.</strong></span> <span class='ocrx_word' id='word_1_778' title='bbox 3451 4928 3579 4982; x_wconf 72' lang='lat' dir='ltr'><strong>Nam</strong></span> 
     </span>
    </p>
   </div>
   <div class='ocr_carea' id='block_1_110' title="bbox 1992 4993 3216 5065">
    <p class='ocr_par' dir='ltr' id='par_1_110' title="bbox 1992 4993 3216 5065">
     <span class='ocr_line' id='line_1_110' title="bbox 1992 4993 3216 5065; baseline 0.003 -17"><span class='ocrx_word' id='word_1_779' title='bbox 1992 4997 2058 5049; x_wconf 92' lang='lat' dir='ltr'><strong>de</strong></span> <span class='ocrx_word' id='word_1_780' title='bbox 2076 4993 2302 5065; x_wconf 66' lang='lat' dir='ltr'><strong>Sidonio</strong></span> <span class='ocrx_word' id='word_1_781' title='bbox 2334 5010 2400 5047; x_wconf 82' lang='lat' dir='ltr'><strong>ex</strong></span> <span class='ocrx_word' id='word_1_782' title='bbox 2428 4994 2545 5062; x_wconf 85' lang='lat' dir='ltr'><strong>ejus</strong></span> <span class='ocrx_word' id='word_1_783' title='bbox 2571 4995 2672 5065; x_wconf 77' lang='lat' dir='ltr'><strong>vita</strong></span> <span class='ocrx_word' id='word_1_784' title='bbox 2704 5005 2752 5046; x_wconf 92' lang='lat' dir='ltr'><strong>et</strong></span> <span class='ocrx_word' id='word_1_785' title='bbox 2787 4993 3025 5061; x_wconf 81' lang='lat' dir='ltr'><strong>epistolis</strong></span> <span class='ocrx_word' id='word_1_786' title='bbox 3054 5006 3216 5065; x_wconf 89' lang='lat' dir='ltr'><strong>patet.</strong></span> 
     </span>
    </p>
   </div>
   <div class='ocr_carea' id='block_1_111' title="bbox 2065 5061 3580 5132">
    <p class='ocr_par' dir='ltr' id='par_1_111' title="bbox 2065 5061 3580 5132">
     <span class='ocr_line' id='line_1_111' title="bbox 2065 5061 3580 5132; baseline 0.003 -14"><span class='ocrx_word' id='word_1_787' title='bbox 2065 5061 2088 5100; x_wconf 75' lang='grc' dir='ltr'><em>δ</em></span> <span class='ocrx_word' id='word_1_788' title='bbox 2124 5063 2390 5118; x_wconf 82' lang='lat' dir='ltr'><strong>Placnisse</strong></span> <span class='ocrx_word' id='word_1_789' title='bbox 2436 5061 2732 5130; x_wconf 84' lang='lat' dir='ltr'><strong>Apollinari</strong></span> <span class='ocrx_word' id='word_1_790' title='bbox 2790 5061 3091 5132; x_wconf 82' lang='lat' dir='ltr'><strong>poematum</strong></span> <span class='ocrx_word' id='word_1_791' title='bbox 3141 5084 3359 5122; x_wconf 89' lang='lat' dir='ltr'><strong>suorum</strong></span> <span class='ocrx_word' id='word_1_792' title='bbox 3416 5070 3580 5122; x_wconf 90' lang='lat' dir='ltr'><strong>libros</strong></span> 
     </span>
    </p>
   </div>
   <div class='ocr_carea' id='block_1_112' title="bbox 1991 5135 3579 5216">
    <p class='ocr_par' dir='ltr' id='par_1_112' title="bbox 1991 5135 3579 5216">
     <span class='ocr_line' id='line_1_112' title="bbox 1991 5135 3579 5216; baseline 0.001 -28"><span class='ocrx_word' id='word_1_793' title='bbox 1991 5137 2225 5216; x_wconf 82' lang='lat' dir='ltr'><strong>gaudet,</strong></span> <span class='ocrx_word' id='word_1_794' title='bbox 2261 5137 2324 5188; x_wconf 91' lang='lat' dir='ltr'><strong>de</strong></span> <span class='ocrx_word' id='word_1_795' title='bbox 2354 5136 2544 5216; x_wconf 76' lang='lat' dir='ltr'><strong>quibus</strong></span> <span class='ocrx_word' id='word_1_796' title='bbox 2571 5135 2782 5216; x_wconf 67' lang='lat' dir='ltr'><strong>trepide</strong></span> <span class='ocrx_word' id='word_1_797' title='bbox 2823 5136 2873 5188; x_wconf 87' lang='lat' dir='ltr'><strong>in</strong></span> <span class='ocrx_word' id='word_1_798' title='bbox 2918 5139 3151 5216; x_wconf 76' lang='lat' dir='ltr'><strong>epistola</strong></span> <span class='ocrx_word' id='word_1_799' title='bbox 3276 5139 3415 5216; x_wconf 79' lang='lat' dir='ltr'><strong>illius</strong></span> <span class='ocrx_word' id='word_1_800' title='bbox 3437 5137 3579 5205; x_wconf 86' lang='lat' dir='ltr'><strong>judi-</strong></span> 
     </span>
    </p>
   </div>
   <div class='ocr_carea' id='block_1_113' title="bbox 1992 5206 3576 5272">
    <p class='ocr_par' dir='ltr' id='par_1_113' title="bbox 1992 5206 3576 5272">
     <span class='ocr_line' id='line_1_113' title="bbox 1992 5206 3576 5272; baseline 0 -12"><span class='ocrx_word' id='word_1_801' title='bbox 1992 5210 2132 5260; x_wconf 90' lang='lat' dir='ltr'><strong>cium</strong></span> <span class='ocrx_word' id='word_1_802' title='bbox 2165 5206 2534 5271; x_wconf 86' lang='lat' dir='ltr'><strong>exspectabat.</strong></span> <span class='ocrx_word' id='word_1_803' title='bbox 2570 5206 2676 5261; x_wconf 85' lang='lat' dir='ltr'><strong>Nec</strong></span> <span class='ocrx_word' id='word_1_804' title='bbox 2717 5208 2985 5260; x_wconf 87' lang='lat' dir='ltr'><strong>ininiertto</strong></span> <span class='ocrx_word' id='word_1_805' title='bbox 3022 5228 3031 5260; x_wconf 90' lang='lat'><strong><em>:</em></strong></span> <span class='ocrx_word' id='word_1_806' title='bbox 3065 5211 3283 5263; x_wconf 75' lang='lat' dir='ltr'><strong>Sidonio</strong></span> <span class='ocrx_word' id='word_1_807' title='bbox 3311 5207 3451 5260; x_wconf 91' lang='lat' dir='ltr'><strong>enim</strong></span> <span class='ocrx_word' id='word_1_808' title='bbox 3489 5223 3576 5272; x_wconf 88' lang='lat' dir='ltr'><strong>pa-</strong></span> 
     </span>
    </p>
   </div>
   <div class='ocr_carea' id='block_1_114' title="bbox 1996 5275 3578 5354">
    <p class='ocr_par' dir='ltr' id='par_1_114' title="bbox 1996 5275 3578 5354">
     <span class='ocr_line' id='line_1_114' title="bbox 1996 5275 3578 5354; baseline 0.001 -26"><span class='ocrx_word' id='word_1_809' title='bbox 1996 5288 2074 5331; x_wconf 91' lang='lat' dir='ltr'><strong>tre</strong></span> <span class='ocrx_word' id='word_1_810' title='bbox 2105 5293 2209 5329; x_wconf 90' lang='lat' dir='ltr'><strong>non</strong></span> <span class='ocrx_word' id='word_1_811' title='bbox 2263 5275 2513 5346; x_wconf 85' lang='lat' dir='ltr'><strong>indignus</strong></span> <span class='ocrx_word' id='word_1_812' title='bbox 2542 5278 2712 5354; x_wconf 78' lang='lat' dir='ltr'><strong>Illius,</strong></span> <span class='ocrx_word' id='word_1_813' title='bbox 2758 5279 2822 5331; x_wconf 92' lang='lat' dir='ltr'><strong>ad</strong></span> <span class='ocrx_word' id='word_1_814' title='bbox 2874 5294 3034 5354; x_wconf 84' lang='lat' dir='ltr'><strong>quem</strong></span> <span class='ocrx_word' id='word_1_815' title='bbox 3059 5277 3578 5354; x_wconf 59' lang='lat' dir='ltr'><strong>scrilieiis__ltut‘icius</strong></span> 
     </span>
    </p>
   </div>
   <div class='ocr_carea' id='block_1_115' title="bbox 1993 5346 3575 5418">
    <p class='ocr_par' dir='ltr' id='par_1_115' title="bbox 1993 5346 3575 5418">
     <span class='ocr_line' id='line_1_115' title="bbox 1993 5346 3575 5418; baseline -0.001 -17"><span class='ocrx_word' id='word_1_816' title='bbox 1993 5349 2086 5402; x_wconf 84' lang='lat' dir='ltr'><strong>lib.</strong></span> <span class='ocrx_word' id='word_1_817' title='bbox 2119 5363 2184 5415; x_wconf 88' lang='lat' dir='ltr'><strong>tt,</strong></span> <span class='ocrx_word' id='word_1_818' title='bbox 2219 5350 2374 5416; x_wconf 86' lang='lat' dir='ltr'><strong>epist.</strong></span> <span class='ocrx_word' id='word_1_819' title='bbox 2411 5350 2508 5411; x_wconf 69' lang='grc'><strong>25,</strong></span> <span class='ocrx_word' id='word_1_820' title='bbox 2543 5349 2701 5417; x_wconf 77' lang='lat' dir='ltr'><strong>Cujus</strong></span> <span class='ocrx_word' id='word_1_821' title='bbox 2740 5367 2856 5413; x_wconf 84' lang='lat' dir='ltr'><strong>vos,</strong></span> <span class='ocrx_word' id='word_1_822' title='bbox 2893 5346 3092 5418; x_wconf 85' lang='lat' dir='ltr'><strong>inquit,</strong></span> <span class='ocrx_word' id='word_1_823' title='bbox 3138 5364 3241 5400; x_wconf 74' lang='lat' dir='ltr'><strong>esse</strong></span> <span class='ocrx_word' id='word_1_824' title='bbox 3287 5346 3424 5418; x_wconf 73' lang='lat' dir='ltr'><strong>ﬁlios</strong></span> <span class='ocrx_word' id='word_1_825' title='bbox 3474 5362 3575 5400; x_wconf 82' lang='lat' dir='ltr'><strong>non</strong></span> 
     </span>
    </p>
   </div>
   <div class='ocr_carea' id='block_1_116' title="bbox 1990 5415 3576 5495">
    <p class='ocr_par' dir='ltr' id='par_1_116' title="bbox 1990 5415 3576 5495">
     <span class='ocr_line' id='line_1_116' title="bbox 1990 5415 3576 5495; baseline -0.008 -24"><span class='ocrx_word' id='word_1_826' title='bbox 1990 5421 2157 5495; x_wconf 65' lang='lat' dir='ltr'><strong>solum</strong></span> <span class='ocrx_word' id='word_1_827' title='bbox 2185 5415 2524 5489; x_wconf 68' lang='lat' dir='ltr'><strong>generositate</strong></span> <span class='ocrx_word' id='word_1_828' title='bbox 2552 5415 2836 5495; x_wconf 69' lang='lat' dir='ltr'><strong>prostipia&#39;,</strong></span> <span class='ocrx_word' id='word_1_829' title='bbox 2877 5415 3047 5472; x_wconf 68' lang='lat' dir='ltr'><strong>veritati</strong></span> <span class='ocrx_word' id='word_1_830' title='bbox 3074 5419 3224 5469; x_wconf 78' lang='lat' dir='ltr'><strong>etiam</strong></span> <span class='ocrx_word' id='word_1_831' title='bbox 3258 5425 3303 5465; x_wconf 71' lang='lat' dir='ltr'><strong>et</strong></span> <span class='ocrx_word' id='word_1_832' title='bbox 3337 5415 3576 5495; x_wconf 44' lang='lat' dir='ltr'><strong>eloqucﬁ-</strong></span> 
     </span>
    </p>
   </div>
   <div class='ocr_carea' id='block_1_117' title="bbox 1990 5487 3577 5565">
    <p class='ocr_par' dir='ltr' id='par_1_117' title="bbox 1990 5487 3577 5565">
     <span class='ocr_line' id='line_1_117' title="bbox 1990 5487 3577 5565; baseline -0.003 -25"><span class='ocrx_word' id='word_1_833' title='bbox 1990 5495 2074 5543; x_wconf 79' lang='lat' dir='ltr'><strong>tia:</strong></span> <span class='ocrx_word' id='word_1_834' title='bbox 2119 5487 2277 5558; x_wconf 39' lang='lat' dir='ltr'><strong>fio—re,</strong></span> <span class='ocrx_word' id='word_1_835' title='bbox 2329 5500 2378 5565; x_wconf 70' lang='lat' dir='ltr'><strong>et</strong></span> <span class='ocrx_word' id='word_1_836' title='bbox 2419 5492 2557 5543; x_wconf 77' lang='lat' dir='ltr'><strong>omni</strong></span> <span class='ocrx_word' id='word_1_837' title='bbox 2592 5487 2842 5565; x_wconf 73' lang='lat' dir='ltr'><strong>rirtutum</strong></span> <span class='ocrx_word' id='word_1_838' title='bbox 2887 5504 3090 5565; x_wconf 58' lang='lat' dir='ltr'><strong>genere</strong></span> <span class='ocrx_word' id='word_1_839' title='bbox 3118 5487 3577 5565; x_wconf 47' lang='lat' dir='ltr'><strong>contprobatisﬁt</strong></span> 
     </span>
    </p>
   </div>
   <div class='ocr_carea' id='block_1_118' title="bbox 1993 5559 3578 5630">
    <p class='ocr_par' dir='ltr' id='par_1_118' title="bbox 1993 5559 3578 5630">
     <span class='ocr_line' id='line_1_118' title="bbox 1993 5559 3578 5630; baseline 0.002 -19"><span class='ocrx_word' id='word_1_840' title='bbox 1993 5571 2108 5630; x_wconf 87' lang='lat' dir='ltr'><strong>post</strong></span> <span class='ocrx_word' id='word_1_841' title='bbox 2159 5562 2256 5615; x_wconf 88' lang='lat' dir='ltr'><strong>alia</strong></span> <span class='ocrx_word' id='word_1_842' title='bbox 2295 5580 2305 5612; x_wconf 90' lang='lat'><strong>:</strong></span> <span class='ocrx_word' id='word_1_843' title='bbox 2344 5561 2503 5628; x_wconf 82' lang='lat' dir='ltr'><strong>Quem</strong></span> <span class='ocrx_word' id='word_1_844' title='bbox 2555 5563 2599 5614; x_wconf 79' lang='lat' dir='ltr'><strong>si</strong></span> <span class='ocrx_word' id='word_1_845' title='bbox 2647 5563 2821 5615; x_wconf 81' lang='lat' dir='ltr'><strong>divina</strong></span> <span class='ocrx_word' id='word_1_846' title='bbox 2863 5559 3123 5611; x_wconf 81' lang='lat' dir='ltr'><strong>clementia</strong></span> <span class='ocrx_word' id='word_1_847' title='bbox 3175 5559 3441 5630; x_wconf 70' lang='lat' dir='ltr'><strong>usquead</strong></span> <span class='ocrx_word' id='word_1_848' title='bbox 3485 5559 3578 5614; x_wconf 85' lang='lat' dir='ltr'><strong>ltoc</strong></span> 
     </span>
    </p>
   </div>
   <div class='ocr_carea' id='block_1_119' title="bbox 1991 5626 3578 5707">
    <p class='ocr_par' dir='ltr' id='par_1_119' title="bbox 1991 5626 3578 5707">
     <span class='ocr_line' id='line_1_119' title="bbox 1991 5626 3578 5707; baseline 0 -24"><span class='ocrx_word' id='word_1_849' title='bbox 1991 5626 2187 5700; x_wconf 78' lang='lat' dir='ltr'><strong>tempus</strong></span> <span class='ocrx_word' id='word_1_850' title='bbox 2218 5626 2481 5700; x_wconf 72' lang='lat' dir='ltr'><strong>superesse</strong></span> <span class='ocrx_word' id='word_1_851' title='bbox 2527 5633 2790 5707; x_wconf 66' lang='lat' dir='ltr'><strong>voluisset,</strong></span> <span class='ocrx_word' id='word_1_852' title='bbox 2836 5631 2966 5707; x_wconf 64' lang='lat' dir='ltr'><strong>sicut</strong></span> <span class='ocrx_word' id='word_1_853' title='bbox 3003 5631 3117 5707; x_wconf 71' lang='lat' dir='ltr'><strong>jam</strong></span> <span class='ocrx_word' id='word_1_854' title='bbox 3162 5636 3267 5707; x_wconf 70' lang='lat' dir='ltr'><strong>tum</strong></span> <span class='ocrx_word' id='word_1_855' title='bbox 3309 5626 3371 5681; x_wconf 80' lang='lat' dir='ltr'><strong>tle</strong></span> <span class='ocrx_word' id='word_1_856' title='bbox 3415 5641 3578 5707; x_wconf 67' lang='lat' dir='ltr'><strong>uestra</strong></span> 
     </span>
    </p>
   </div>
   <div class='ocr_carea' id='block_1_120' title="bbox 1990 5700 3575 5769">
    <p class='ocr_par' dir='ltr' id='par_1_120' title="bbox 1990 5700 3575 5769">
     <span class='ocr_line' id='line_1_120' title="bbox 1990 5700 3575 5769; baseline 0.001 -15"><span class='ocrx_word' id='word_1_857' title='bbox 1990 5703 2275 5757; x_wconf 80' lang='lat' dir='ltr'><strong>imitatione</strong></span> <span class='ocrx_word' id='word_1_858' title='bbox 2298 5706 2586 5764; x_wconf 74' lang='lat' dir='ltr'><strong>ltrtubntnr,</strong></span> <span class='ocrx_word' id='word_1_859' title='bbox 2617 5702 2688 5751; x_wconf 81' lang='lat' dir='ltr'><strong>ita</strong></span> <span class='ocrx_word' id='word_1_860' title='bbox 2717 5714 2848 5752; x_wconf 80' lang='lat' dir='ltr'><strong>nunc</strong></span> <span class='ocrx_word' id='word_1_861' title='bbox 2873 5700 2935 5749; x_wconf 84' lang='lat' dir='ltr'><strong>de</strong></span> <span class='ocrx_word' id='word_1_862' title='bbox 2965 5700 3273 5766; x_wconf 69' lang='lat' dir='ltr'><strong>perfectione</strong></span> <span class='ocrx_word' id='word_1_863' title='bbox 3295 5700 3575 5769; x_wconf 75' lang='lat' dir='ltr'><strong>gauderet;</strong></span> 
     </span>
    </p>
   </div>
   <div class='ocr_carea' id='block_1_121' title="bbox 1992 5769 3575 5840">
    <p class='ocr_par' dir='ltr' id='par_1_121' title="bbox 1992 5769 3575 5840">
     <span class='ocr_line' id='line_1_121' title="bbox 1992 5769 3575 5840; baseline 0.001 -15"><span class='ocrx_word' id='word_1_864' title='bbox 1992 5789 2103 5828; x_wconf 86' lang='lat' dir='ltr'><strong>cum</strong></span> <span class='ocrx_word' id='word_1_865' title='bbox 2130 5791 2270 5840; x_wconf 74' lang='lat' dir='ltr'><strong>spem</strong></span> <span class='ocrx_word' id='word_1_866' title='bbox 2298 5777 2365 5825; x_wconf 82' lang='lat' dir='ltr'><strong>ad</strong></span> <span class='ocrx_word' id='word_1_867' title='bbox 2394 5791 2498 5828; x_wconf 82' lang='lat' dir='ltr'><strong>rem</strong></span> <span class='ocrx_word' id='word_1_868' title='bbox 2529 5781 2746 5823; x_wconf 65' lang='lat' dir='ltr'><strong>cerneret</strong></span> <span class='ocrx_word' id='word_1_869' title='bbox 2773 5769 3073 5840; x_wconf 71' lang='lat' dir='ltr'><strong>pervenisse,</strong></span> <span class='ocrx_word' id='word_1_870' title='bbox 3107 5787 3193 5823; x_wconf 78' lang='lat' dir='ltr'><strong>nec</strong></span> <span class='ocrx_word' id='word_1_871' title='bbox 3219 5773 3310 5824; x_wconf 77' lang='lat' dir='ltr'><strong>sibi</strong></span> <span class='ocrx_word' id='word_1_872' title='bbox 3336 5772 3575 5826; x_wconf 60' lang='lat' dir='ltr'><strong>invidere“</strong></span> 
     </span>
    </p>
   </div>
   <div class='ocr_carea' id='block_1_122' title="bbox 1991 5838 3158 5913">
    <p class='ocr_par' dir='ltr' id='par_1_122' title="bbox 1991 5838 3158 5913">
     <span class='ocr_line' id='line_1_122' title="bbox 1991 5838 3158 5913; baseline -0.003 -16"><span class='ocrx_word' id='word_1_873' title='bbox 1991 5838 2255 5913; x_wconf 64' lang='lat' dir='ltr'><strong>ecqualeni,</strong></span> <span class='ocrx_word' id='word_1_874' title='bbox 2289 5861 2436 5912; x_wconf 80' lang='lat' dir='ltr'><strong>quem</strong></span> <span class='ocrx_word' id='word_1_875' title='bbox 2465 5846 2720 5906; x_wconf 83' lang='lat' dir='ltr'><strong>optarerat</strong></span> <span class='ocrx_word' id='word_1_876' title='bbox 2745 5856 2851 5892; x_wconf 75' lang='lat' dir='ltr'><strong>esse</strong></span> <span class='ocrx_word' id='word_1_877' title='bbox 2883 5838 3158 5894; x_wconf 80' lang='lat' dir='ltr'><strong>meliorem.</strong></span> 
     </span>
    </p>
   </div>
  </div>
