4092 6350
1772 205 1809 216 mw
1814 206 1845 217 ιδ

576 349 685 406 265

1853 325 1909 379 S.
1955 324 2140 384 AVITI
2181 320 2586 380 VIENNENSIS

3736 316 3847 373 264

578 462 760 533 operis
789 471 892 513 non
922 454 1098 511 minus
1124 449 1261 506 vello
1293 460 1452 519 quam
1476 443 1697 499 credere
1730 457 1742 493 :
1776 448 1921 495 certe
1940 438 2155 501 meritis
2177 441 2232 502 Α
2259 447 2313 493 et
2349 438 2648 508 linguarum
2692 432 3017 487 mordacium
3045 432 3187 486 deus
3222 430 3563 485 sibilantinus
3586 471 3600 496 ,
3629 429 3845 485 blandi-

582 529 833 608 dictionis
878 563 981 602 non
1023 552 1278 613 quantum
1309 536 1571 593 volebatis
1620 534 1878 595 inventis,
1909 529 2157 599 supplere

581 659 677 699 vos
706 650 829 695 voto
857 638 997 708 quod
1027 649 1132 690 non
1165 632 1423 702 poteratis
1467 628 1691 696 implere
1726 622 1949 694 judicio.
1984 620 2157 676 Libel-

582 737 691 790 lum
724 742 897 786 tatnen
943 728 1178 790 amicus,
1229 722 1319 792 qui
1360 730 1417 775 ut
1459 730 1587 791 puto
1629 717 1695 771 ad
1728 731 1825 771 vos
1873 712 2157 785 pervenire

503 877 527 896 ,
582 828 738 891 fecit,
772 836 874 877 non
906 820 971 875 de
1013 817 1252 885 librarii,
1294 814 1388 870 sed
1418 813 1595 867 adhuc
1621 826 1683 866 ex
1714 809 1903 864 notarii
1957 822 2153 871 manu,

578 918 712 972 adeo
755 913 883 968 mihi
936 909 1333 967 inemendatum
1375 903 1705 973 crudumque
1751 900 2060 970 praeripuit,
2103 906 2160 952 ut

579 1021 686 1063 non
717 1004 873 1060 facile
901 1003 1156 1063 denotes,
1182 997 1417 1053 auctoris
1445 994 1611 1063 magis
1652 989 1994 1060 scriptorisve
2016 988 2158 1043 vitiis

515 1162 523 1181 ι
583 1097 854 1153 irascaris.
884 1094 1222 1163 Quapropter
1251 1086 1562 1158 opusculum
1605 1084 1777 1153 ipsum
1810 1081 1865 1135 in
1891 1080 2160 1135 membra-

586 1192 669 1247 nis
700 1189 996 1253 redactum,
1030 1198 1128 1240 nec
1155 1181 1327 1236 adhuc
1347 1176 1839 1249 quantawolueram
1870 1172 2160 1228 correctio-

584 1298 653 1339 ne
688 1281 1011 1351 politum,ne
1040 1289 1243 1330 moram
1284 1270 1552 1327 desiderio
1581 1283 1701 1322 meo
1729 1266 1987 1329 facerem,
2016 1264 2158 1321 cele-

586 1375 722 1429 riter
752 1369 1039 1426 destinavi.
1070 1366 1128 1422 Si
1157 1377 1350 1419 revera
1377 1377 1483 1416 non
1512 1358 1687 1414 solum
1716 1358 2034 1421 amantibus,
2066 1355 2159 1411 sed

586 1475 642 1522 et
667 1461 1027 1535 iudicantibus
1052 1456 1205 1511 vobis
1226 1455 1421 1525 placet,
1449 1452 1698 1522 quoniam
1722 1447 1862 1517 apud
1880 1456 2162 1503 extraneos

590 1557 728 1610 forte
748 1569 851 1608 non
883 1549 1053 1606 deerit
1071 1560 1227 1618 quem
1252 1544 1469 1599 audacis
1492 1548 1715 1595 conatus
1738 1545 1918 1606 tangat
1938 1535 2159 1601 invidia,

591 1646 804 1703 abunde
853 1643 986 1699 mihi
1035 1639 1259 1703 sufﬁcit,
1303 1647 1362 1693 ut
1405 1650 1504 1691 vos
1532 1634 1670 1705 quod
1702 1634 1859 1701 cupio
1885 1630 2158 1693 sentiatis,

590 1740 710 1807 quia
742 1736 882 1790 sicut
921 1748 1025 1788 non
1072 1731 1247 1786 minus
1293 1727 1360 1782 ad
1400 1740 1577 1781 meam
1603 1738 1759 1793 quam
1791 1730 2022 1777 vestram
2051 1722 2163 1791 glo-

2261 538 2442 585 menta
2474 540 2781 595 venenaque
2810 524 3258 587 maehinantibus,
3292 522 3501 576 doctius
3534 532 3655 590 post
3681 537 3846 592 expe-

2262 622 2490 678 rimenta
2523 635 2628 676 non
2659 619 2885 675 credite.
2934 617 3043 672 Nec
3073 617 3248 671 minus
3286 630 3381 669 vos
3420 615 3635 670 solertia
3686 615 3846 672 faciat

2262 721 2482 780 cautos,
2515 726 2674 783 quam
2722 709 3024 766 innocentia
3055 717 3272 778 praestat
3295 721 3535 762 securos.
3567 708 3843 777 Siquidem

2261 807 2555 863 intercluso
2603 802 2789 873 probis
2829 801 3140 871 explorandi
3186 799 3521 869 nocendique
3549 800 3723 865 aditu,
3756 803 3842 856 vel

2263 899 2332 955 ob
2371 899 2470 953 hoc
2495 896 2699 967 gratius
2727 894 2935 950 debetis
2971 891 3300 949 debellandis
3339 904 3526 946 eorum
3562 892 3843 947 conatibus

2264 990 2512 1045 laborare
2533 1032 2548 1057 ,
2576 986 2719 1058 quod
2747 986 3006 1040 ultionem
3037 984 3217 1039 divino
3237 981 3440 1052 iudicio
3465 991 3803 1036 reservantes
3823 1024 3838 1045 ,

2262 1080 2543 1136 debellatis
2591 1092 2806 1147 semper
2854 1074 3114 1131 statuistis
3153 1074 3449 1144 ignoscere.
3487 1072 3836 1144 Quanquam,

2261 1182 2323 1227 ut
2376 1185 2535 1242 supra
2590 1169 2698 1239 iam
2756 1169 2927 1223 fassus
2964 1182 3114 1234 sum,
3155 1180 3261 1220 non
3297 1180 3361 1220 ex
3405 1172 3515 1219 toto
3550 1165 3839 1234 impunitus

2263 1265 2422 1321 abeat
2451 1277 2607 1333 quem
2639 1261 2807 1331 gloria
2839 1260 3145 1316 lacessistis.
3411 1243 3459 1277 θ’

2762 1350 3093 1407 EPISTULA
3131 1348 3335 1405 XLVII.

2365 1465 2549 1506 AVITUS
2598 1460 2899 1503 VIENNENSIS
2945 1459 3219 1500 EPISCOPUS
3257 1442 3284 1481 ι’
3325 1456 3449 1498 νιιο
3498 1457 3740 1497 ιιιυεγει·

2923 1530 3199 1571 IlERACLIO.

2338 1635 2472 1689 Dum
2498 1630 2832 1687 incessabilis
2862 1627 2929 1683 de
2958 1627 3253 1683 amicorum
3275 1624 3379 1680 ﬁde
3424 1639 3487 1680 ac
3516 1623 3685 1679 salute
3714 1638 3838 1680 cura

2267 1726 2397 1781 mihi
2448 1735 2559 1792 est,
2606 1738 2773 1794 nuper
2816 1718 3189 1792 prosperitatis
3230 1726 3426 1787 vestras
3474 1717 3617 1772 inter
3668 1717 3841 1785 prima

590 1830 723 1883 riam
758 1823 1016 1895 pervenit,
1058 1818 1354 1876 communis
1392 1815 1543 1872 Sollii
1582 1828 1715 1883 opus
1746 1812 2013 1866 illustrare
2046 1828 2057 1862 :
2093 1812 2163 1865 ita
2193 1823 2241 1885 Β
2267 1818 2529 1875 sollicitus
2557 1815 2772 1887 agnovi,
2828 1813 2969 1885 quod
3001 1828 3122 1868 cum
3169 1810 3415 1866 familiari
3443 1810 3704 1865 camolico
3731 1811 3841 1879 cpi-

510 1944 514 1948 η
588 1918 738 1972 vobis
758 1958 772 1985 ,
808 1917 1014 1970 favente
1042 1910 1275 1977 Christo,
1303 1905 1521 1963 militari
1546 1914 1667 1958 actu
1694 1901 1865 1970 magis
1892 1900 2168 1970 magisque

589 2007 935 2073 florentibus,
968 2003 1012 2058 si
1043 2003 1095 2057 in
1133 2000 1370 2056 minimis
1410 1997 1660 2053 subtilius
1704 1992 1901 2061 aliquid
1947 1992 2165 2063 dignum

589 2101 820 2157 lectione
858 2093 1186 2158 confecerit,
1218 2090 1378 2147 etiam
1421 2090 1542 2144 sine
1572 2100 1657 2141 me
1688 2083 2041 2155 quodcunque
2070 2085 2167 2137 Ar-

590 2192 835 2251 chadium
858 2204 964 2245 non
999 2187 1245 2258 puderet.

1098 2272 1434 2331 EPISTOLA
1474 2269 1655 2325 XLVI.

706 2388 892 2433 AVITUS
930 2383 1237 2428 VIBNNENSIS
1271 2378 1542 2421 EPISCOI‘US
1579 2372 1606 2399 ⁸
1652 2374 1775 2414 νιιιο
1822 2370 2059 2413 ιιιιυετιιι

1222 2450 1555 2493 APOLLINARI.

666 2557 947 2617 Communi
987 2552 1204 2626 quidem
1244 2550 1338 2606 sed
1385 2547 1560 2603 veraci
1606 2558 1853 2600 sermone
1899 2540 2170 2611 vulgatum

594 2664 704 2717 est,
739 2653 879 2721 quod
916 2660 1036 2703 sese
1058 2652 1255 2700 mutuae
1285 2639 1584 2696 dilectionis
1613 2638 1804 2691 intuitu
1838 2631 2169 2689 concordan-

598 2747 726 2801 tium
757 2748 986 2798 cernunt
1013 2746 1189 2792 motus
1226 2734 1545 2788 animorum.
1583 2732 1733 2783 Patet
1764 2740 1993 2796 namque
2016 2765 2031 2789 ,
2061 2735 2168 2777 tarn

596 2854 753 2895 unam
798 2834 950 2890 nobis
993 2826 1406 2886 sollicitudinem
1455 2822 1623 2877 nostri
1666 2835 1820 2887 esse,
1875 2829 1931 2871 ttt
1982 2816 2169 2871 litteris

595 2948 725 3002 quas
756 2932 942 2983 barum
970 2922 1196 2994 portitor
1223 2919 1366 2972 ﬁlius
1398 2928 1549 2969 meus
1572 2913 1778 2976 attulit,
1811 2918 1937 2964 ante
1964 2909 2008 2963 si
2034 2908 2171 2962 bene

596 3001 895 3082 ntetiamini
919 3014 1335 3087 responderem,
1366 3024 1524 3080 quam
1554 3006 1819 3062 venirent.
1852 3002 1980 3057 Nam
2005 3001 2057 3055 in
2079 3014 2171 3069 pa—

596 3119 715 3190 gina
746 3113 1027 3169 famulatus
1055 3121 1213 3177 quam
1242 3117 1337 3174 per
1361 3114 1512 3157 meos
1540 3114 1611 3155 ex
1639 3110 1797 3151 causa
1828 3094 2130 3148 direxeram
2151 3131 2167 3158 ,

2267 1924 2460 1979 scopus
2490 1917 2666 1962 tacere
2692 1919 2799 1960 non
2822 1903 3047 1958 debeam
3075 1917 3088 1954 :
3125 1900 3351 1956 fructum
3386 1909 3561 1955 tamen
3608 1900 3659 1953 in
3691 1900 3845 1955 vobis

2266 2000 2533 2058 mercedis
2571 1999 2751 2054 taliter
2796 1995 3105 2066 acquisita,
3158 2008 3264 2048 non
3316 2002 3421 2046 tam
3468 1992 3645 2048 verbis
3690 1993 3844 2048 valeo

2268 2106 2589 2161 exaggerare
2619 2104 2774 2160 quam
2804 2086 3029 2158 gaudiis.
3059 2085 3189 2140 Nam
3220 2084 3321 2139 nisi
3352 2098 3448 2139 vos
3495 2099 3525 2138 a
3571 2084 3844 2152 praeconio

2274 2191 2453 2239 vestro
2484 2181 2787 2236 maturitate
2836 2178 3106 2235 senatoria
3155 2175 3584 2245 temperatissimi
3627 2174 3843 2242 pudoris

2268 2275 2416 2330 frena
2448 2273 2779 2336 cohiberent,
2824 2270 3068 2325 effectum
3114 2265 3423 2323 certaminis
3469 2265 3684 2336 gloriosi

2271 2365 2491 2421 forsitan
2524 2365 2699 2434 lingua
2747 2362 2906 2432 digne
2953 2361 3197 2415 laudaret
3241 2357 3378 2427 apud
3425 2358 3688 2427 proprios,
3728 2373 3845 2426 qua:

2271 2458 2591 2515 mirabiliter
2637 2455 2904 2511 convincit
2951 2453 3226 2508 adversos.
3271 2450 3538 2505 Habuistis
3580 2450 3761 2520 igitur,
3788 2459 3844 2505 ut

2270 2549 2452 2615 audio,
2486 2562 2607 2604 cum
2636 2562 2763 2616 rege
2810 2553 3116 2609 tractatum,
3148 2541 3216 2596 de
3254 2555 3380 2611 quo,
3412 2547 3670 2610 quantum
3697 2554 3845 2594 corno

2270 2640 2408 2710 peri,
2432 2640 2553 2709 quia
2575 2653 2680 2692 non
2708 2652 2765 2692 se
2786 2636 3048 2691 ducebant
3072 2632 3303 2699 lenibus,
3329 2631 3594 2686 transistis
3622 2630 3689 2685 ad
3712 2645 3844 2699 pra-

2272 2734 2422 2789 lium.
2453 2732 2732 2786 Discussus
2776 2736 2857 2785 est
2890 2738 3021 2782 nutu
3050 2726 3259 2789 divino,
3309 2724 3399 2793 qui
3444 2723 3596 2779 caelis
3639 2722 3843 2777 dudum

2274 2834 2454 2887 notus,
2482 2823 2593 2892 iam
2626 2831 2681 2876 et
2714 2817 3016 2874 hominibus
3060 2822 3338 2885 appareret
3366 2812 3633 2883 religionis
3670 2825 3845 2867 asser-

2276 2931 2380 2975 tor.
2414 2921 2487 2973 Os
2533 2916 2806 2972 saecularis
2848 2912 3163 2983 eloquentia:
3215 2908 3421 2980 pompis
3470 2916 3763 2970 assuetum,
3794 2915 3845 2961 et

2274 3013 2488 3070 fluentis
2517 3008 2910 3067 exundantibus
2937 3004 3210 3062 Romuleae
3233 3001 3608 3075 profunditatis
3629 3002 3844 3068 irriguo,

2276 3107 2551 3163 alacritate
2579 3102 2757 3158 debita
2788 3100 3005 3155 missam
3048 3098 3149 3153 sibi
3181 3096 3250 3151 de
3278 3095 3523 3163 supernis
3568 3092 3843 3149 materiam

596 3184 651 3266 et
676 3206 925 3278 gaudium
966 3204 1036 3256 de
1072 3206 1254 3254 vestra
1294 3193 1649 3265 prosperitate
1689 3194 2007 3258 conceptum
2049 3184 2170 3254 plus

2277 3199 2451 3268 digna:
2478 3192 2853 3265 disputationis
2882 3189 3106 3257 arripuit
3136 3207 3147 3240 :
3181 3197 3235 3243 et
3263 3185 3563 3241 facundiam
3589 3199 3709 3253 quae
3728 3198 3843 3239 cum

598 3277 965 3356 affectionibus
991 3306 1154 3365 quam
1177 3287 1516 3347 sermonibus
1541 3283 1785 3339 exhalavi
1804 3322 1818 3347 ,
1856 3288 1913 3334 et
1940 3277 2172 3334 necessi-

599 3405 760 3448 tatem
792 3398 1030 3443 nostram
1050 3391 1369 3455 patrumque
1386 3374 1775 3436 communium,
1807 3370 1974 3426 mixta
2001 3370 2171 3438 lacry-

599 3487 702 3539 mis
730 3478 1087 3538 exsultatione
1127 3471 1438 3544 perstrinxi.
1482 3468 1558 3522 De
1596 3474 1792 3521 caetero
1829 3471 2008 3517 autem
2030 3501 2045 3527 ,
2078 3461 2175 3515 tri-

600 3579 725 3631 buat
764 3573 944 3631 divina
977 3565 1286 3629 miseratio,
1316 3576 1434 3633 quae
1468 3574 1617 3629 spem
1649 3554 1960 3626 reparandae
1992 3565 2174 3622 prosa-

600 3672 699 3741 pia:
739 3671 793 3723 in
834 3676 1080 3736 personae
1121 3668 1314 3713 vestra:
1353 3654 1558 3707 honore
1592 3646 1910 3710 constituit,
1941 3652 1998 3699 et
2019 3656 2173 3697 secu-

604 3737 735 3819 turae
766 3755 1096 3831 posteritatis
1133 3757 1331 3805 nostra:
1380 3755 1431 3800 te
1466 3758 1573 3797 uno
1611 3740 1852 3811 genitore
1878 3737 2039 3791 etiam
2078 3747 2176 3788 nos

603 3830 780 3924 patres
808 3864 930 3906 esse
969 3842 1268 3907 concessit,
1324 3846 1380 3892 ut
1425 3833 1643 3891 calcatis
1688 3830 1907 3899 iugiter,
1956 3839 2177 3898 prospe—

602 3954 754 4002 rante
784 3953 1071 4002 successu,
1124 3934 1460 3989 inimicorum
1513 3925 1881 3993 coniuratione
1918 3929 1972 3974 et
2018 3919 2178 3989 perli-

605 4039 792 4093 tlorum
834 4033 1033 4093 livore,
1078 4027 1285 4097 primus
1322 4018 1559 4075 victoriae
1608 4024 1800 4070 vestrae
1840 4011 2035 4085 gradus
2076 4011 2173 4080 sit,

608 4125 964 4196 integritatem
992 4121 1044 4175 in
1070 4116 1398 4174 conscientia
1433 4123 1725 4179 reponere,
1760 4104 2024 4162 secundus
2053 4115 2177 4157 cum

608 4194 892 4272 discutitur
918 4213 972 4266 in
1019 4207 1291 4264 audientia
1319 4201 1705 4272 comprobare,
1762 4197 1948 4253 tertius
1999 4194 2178 4250 crimi-

610 4307 861 4363 nantibus
917 4313 1035 4371 post
1090 4298 1405 4355 sententiam
1457 4292 1785 4363 pepercisse.
1843 4289 2177 4357 Torqueatur

610 4402 820 4453 animus
849 4395 1009 4450 etiam
1048 4407 1143 4460 pro
1169 4390 1497 4457 indulgentia
1528 4384 1629 4439 sibi
1658 4385 1852 4439 collata
1883 4383 2051 4438 hostis
2078 4395 2177 4450 op-

612 4489 781 4559 pressi
806 4526 821 4552 ,
864 4493 917 4537 et
954 4481 1153 4549 duplici
1184 4486 1367 4533 nostro
1396 4479 1537 4530 bono
1556 4516 1571 4540 ,
1607 4474 1868 4541 supplicio
1893 4488 2024 4536 suo,
2052 4486 2176 4528 cum

2276 3288 2537 3351 interfuit,
2562 3295 2652 3339 aut
2679 3281 3015 3338 describendi
3058 3278 3243 3333 mundi
3281 3275 3730 3346 iucunditatibus,
3761 3282 3844 3329 aut

2275 3381 2533 3452 regalium
2561 3376 2951 3445 triumphorum
2975 3370 3258 3442 praeconiis
3280 3366 3738 3439 patrocinabatur,
3759 3364 3843 3419 ubi

2276 3474 2505 3542 primum
2551 3467 2743 3524 melior
2787 3478 2908 3534 pars
2956 3460 3246 3531 poposcit,
3295 3455 3597 3512 astruendae
3644 3455 3846 3510 veritati

2277 3564 2481 3619 servire
2509 3575 2615 3615 non
2637 3557 2840 3628 puduit.
2865 3554 3045 3623 Itaque
3071 3550 3209 3605 sicut
3231 3549 3361 3603 alias
3386 3545 3648 3601 laudando
3670 3558 3845 3614 regem

2278 3652 2587 3710 reddidistis
2618 3647 2814 3704 Caesari
2835 3644 2976 3715 quod
3007 3641 3233 3696 Casaris
3259 3646 3393 3703 erat,
3421 3638 3492 3691 ita
3524 3636 3611 3693 hic
3650 3643 3706 3690 ut
3728 3633 3848 3690 red-

2277 3743 2481 3800 deretis
2512 3741 2622 3796 Deo
2650 3752 2767 3809 quae
2812 3736 2901 3791 Dei
2943 3742 3088 3799 sunt,
3136 3744 3234 3785 nec
3276 3728 3473 3784 Caesari
3514 3724 3847 3797 pepercistis.

2277 3836 2615 3904 Quapropter
2650 3829 2811 3884 habet
2857 3824 2943 3880 hic
2991 3825 3044 3879 in
3092 3822 3265 3886 vobis,
3313 3820 3413 3875 etsi
3442 3832 3549 3872 non
3593 3815 3850 3885 sequitur,

2280 3937 2519 4001 potestas
2566 3925 2709 3996 regia
2757 3921 2899 3992 quod
2946 3906 3187 3980 miretur,
3216 3929 3333 3985 quae
3372 3927 3431 3967 se
3461 3910 3743 3980 aliquoties
3763 3906 3851 3962 de-

2280 4019 2635 4080 clamantibus
2664 4015 2838 4079 vobis,
2870 4027 3013 4068 nunc
3052 4009 3354 4065 evidentius
3400 4004 3563 4059 sentit
3590 4009 3849 4057 ornatam.

2279 4111 2557 4185 Siquidem
2587 4107 2799 4164 nescire
2838 4120 2937 4160 vos
2965 4098 3343 4159 assentationis
3377 4095 3704 4157 illecebram,
3735 4104 3853 4145 cum

2277 4184 2368 4264 res
2407 4201 2727 4268 admonuit,
2767 4198 2927 4254 etiam
2971 4192 3272 4251 resistendo
3320 4188 3681 4246 monstrastis.
3732 4184 3855 4239 Illos

2279 4300 2439 4369 igitur
2461 4296 2684 4354 denotet
2711 4288 2974 4361 sapientia
3017 4293 3365 4357 potestatum,
3414 4280 3573 4335 facile
3610 4275 3855 4332 humanis

2281 4390 2439 4445 ﬁdem
2493 4399 2652 4457 posse
2699 4391 2930 4447 mutare,
2978 4391 3111 4448 quos
3159 4374 3353 4429 divinis
3420 4369 3603 4425 vident
3649 4377 3857 4421 terrena

2283 4491 2614 4549 praeponere.
2644 4473 2907 4528 Caeterum
2930 4466 3177 4535 cognosci
3207 4467 3261 4520 in
3285 4469 3529 4533 promptu
3548 4467 3652 4526 est,
3676 4465 3857 4512 custo-

612 4551 707 4634 vos
732 4551 993 4646 gemuerit
1029 4584 1135 4625 non
1171 4582 1331 4639 posse
1355 4566 1563 4635 decipi,
1594 4564 1774 4619 doleat
1812 4577 1971 4633 posse
2020 4563 2170 4619 mise-

2288 4573 2407 4628 dem
2434 4572 2722 4641 primarum
2746 4565 2977 4635 partium
3008 4561 3168 4617 etiam
3197 4572 3317 4629 qua:
3353 4564 3477 4610 sunt
3504 4551 3715 4608 residua
3740 4564 3857 4603 ser-

614 4673 742 4730 reri.
774 4670 861 4727 Sic
889 4663 1136 4738 potestati
1160 4670 1355 4719 vestrae
1380 4660 1447 4713 ad
1476 4657 1577 4713 hoc
1607 4664 1808 4710 tantum
1834 4654 2073 4712 redditus
2111 4671 2179 4710 ne

615 4766 840 4839 periret,
869 4761 994 4816 dum
1024 4757 1213 4813 oblata:
1253 4753 1394 4809 ultro
1438 4751 1608 4807 venia:
1655 4763 1867 4805 amarus
1914 4748 2176 4813 irascitur,

615 4863 735 4917 vitae
759 4851 1152 4929 quodammodo
1181 4863 1291 4905 sua:
1320 4845 1563 4902 invidere
1589 4852 1827 4913 cogatur.
1858 4844 1934 4897 De
1954 4842 2177 4912 reliquo,

618 4955 829 5008 domine
861 4959 1073 5016 semper
1099 4941 1339 5014 piissime
1379 4938 1561 5001 frater,
1609 4950 1736 4991 cura
1781 4935 2011 5005 pectoris
2046 4937 2180 4999 mei,

618 5061 807 5115 potnpa
829 5039 1045 5113 generis
1076 5037 1175 5105 ttti,
1205 5035 1286 5091 fer
1318 5031 1581 5103 paulisper
1608 5029 1963 5098 trepidantem
1995 5027 2185 5083 frater—

613 5159 698 5201 nae
736 5131 1116 5192 admonitionis
1144 5127 1417 5193 ineptiam.
1447 5120 1644 5177 Cavete
1686 5127 1889 5175 attente
1928 5134 1957 5172 a
1996 5118 2181 5185 malis,

685 5306 709 5333 ε
746 5290 929 5348 Eidem
954 5280 1156 5340 Sidonii
1187 5277 1316 5345 ﬁlio,
1340 5275 1405 5329 de
1431 5288 1489 5348 re
1508 5269 1939 5348 eadem‘tidest,
1970 5267 2036 5321 de
2066 5280 2189 5336 pro-

615 5340 944 5438 spero-exitu
973 5340 1469 5415 discriminis'quod
1507 5343 1643 5423 apud
1688 5340 1968 5438 Alaricuml
2005 5350 2181 5438 tl'egem

1059 5434 1069 5438 _
1158 5434 1174 5438 Α
1224 5432 1373 5438 ,_.__..
1453 5424 1505 5438 -.ι
1554 5425 1887 5438 .-.ιηηιηιηηηιη
1939 5422 2087 5438 an“:
2133 5413 2181 5438 nl

617 5408 1181 5491 immorietque
1222 5408 1410 5487 porro,
1453 5408 1888 5491 μξξιιιὶιιξίεοικυῐη
1938 5408 2091 5489 dolos
2132 5413 2188 5459 et

622 5478 972 5570 iﬁﬁdfa's'jzini
1000 5478 1281 5562 expertus,
1324 5478 1415 5541 eas
1444 5484 1746 5552 diligentius
1782 5488 1970 5534 caveat
1996 5478 2049 5530 in
2075 5490 2188 5545 ,μοι

622 5587 841 5628 sterum.

693 5614 1018 5700 guseuatori,
1052 5648 1155 5687 non
1189 5630 1239 5683 iu
1273 5623 1549 5700 Italia,_vcl
1582 5619 1889 5700 inCr-accia,
1938 5626 1996 5697 ut
2023 5614 2184 5700 pieri-

623 5727 726 5786 que
746 5688 1211 5786 {imperiorum-used
1244 5700 1302 5786 in.
1323 5694 1517 5775 Gallia,
1560 5702 1614 5744 et
1646 5694 1696 5744 in
1727 5690 2014 5786 aula'rcgis
2049 5688 2187 5766 ,Βυτ-

624 5756 971 5846 ἓῦἶιᾶἶῶιῖίίιίξ
994 5756 1162 5827 nobili
1194 5768 1412 5828 oratori,
1439 5764 1520 5817 cui
1544 5778 1640 5829 pro
1667 5767 1909 5828 suscepta
1941 5756 2061 5811 ﬁdei
2099 5770 2187 5809 ca-

2288 4672 2555 4718 vaturum.
2582 4661 2705 4714 llaec
2725 4656 2885 4727 igitur
2904 4654 3041 4710 dicta
3061 4660 3187 4708 sunt
3208 4663 3328 4705 cum
3356 4648 3421 4702 de
3446 4642 3687 4700 saeculari
3709 4646 3860 4711 parte

2288 4760 2600 4807 tractamus.
2638 4748 2695 4803 Si
2725 4760 2852 4801 vero
2897 4743 2966 4798 ad
3004 4740 3340 4796 sacerdotum
3380 4748 3595 4814 causam
3625 4730 3855 4796 venitur,

2288 4856 2514 4913 quorum
2543 4837 2715 4893 adhuc
2744 4851 2852 4891 non
2880 4832 3085 4904 augetis
3122 4829 3382 4894 scholam,
3406 4825 3680 4881 sustinetis
3714 4822 3857 4891 iniu-

2290 4936 2446 5000 riam,
2478 4940 2637 5000 atque
2676 4927 2969 4984 ornandam
2989 4923 3337 4981 contubernio
3366 4920 3515 4992 prius
3560 4916 3861 4973 informatis

2292 5022 2569 5091 exemplo;
2603 5018 2724 5089 quis
2752 5017 2942 5072 horum
2965 5032 3084 5081 vos,
3115 5015 3255 5086 quis,
3278 5008 3761 5082 inquam,nesciat,
3791 5006 3858 5059 ad

2291 5124 2560 5171 certamen
2592 5109 2751 5178 huius
2796 5107 3052 5178 spiritalis
3101 5105 3381 5175 palaestrae,
3422 5116 3528 5155 non
3575 5098 3734 5154 rudes
3771 5104 3863 5150 aut

2297 5260 2509 5318 tholicte
2536 5272 2717 5314 coram
2769 5253 3096 5311 Gundobado
3124 5251 3455 5315 defensione,
3502 5248 3861 5318 episcopalem

2296 5332 2604 5388 cathedram
2630 5328 2965 5383 vaticinatur.
2989 5323 3141 5391 Quod
3164 5325 3209 5378 si
3233 5338 3428 5377 vanum
3454 5324 3731 5391 augurium
3756 5333 3863 5373 non

2293 5405 2413 5468 fuit,
2439 5399 2742 5456 lleraclium
2776 5398 2916 5451 hunc
2937 5390 3127 5468 opinor
3155 5393 3463 5468 episcopum
3497 5392 3642 5444 illum
3672 5390 3863 5468 Trica-

2292 5460 2605 5534 stinensem,
2632 5469 2783 5537 cuius
2814 5460 3006 5537 nomen
3031 5465 3084 5519 in
3115 5460 3358 5518 conciliis
3387 5463 3585 5537 aliquot
3614 5460 3869 5537 subnota-

2295 5555 2403 5595 tum
2427 5529 2715 5602 cernimus,
2764 5549 2821 5591 ut
2866 5538 2919 5591 in
2964 5532 3431 5602 Carpentoratensi
3479 5529 3534 5586 et
3568 5531 3618 5584 in
3652 5529 3871 5602 Arausi;

2294 5626 2446 5676 cano,
2472 5619 2526 5664 et
2546 5599 2767 5664 Vasensi
2794 5623 2848 5671 tt,
2877 5620 2940 5662 ac
2960 5599 3189 5675 denique
3211 5604 3263 5659 in
3288 5619 3341 5658 tv
3364 5602 3761 5676 Aurelianensi.
3787 5599 3870 5655 Ad

2295 5671 2540 5764 eumdem
2584 5682 2778 5759 scripta
2831 5679 2956 5733 item
3004 5671 3228 5745 epistola
3268 5676 3353 5740 86,
3406 5674 3489 5728 cui
3529 5671 3740 5727 subdita
3790 5680 3874 5725 est

2296 5766 2461 5820 tpStus
2491 5764 2787 5817 responsro.
