4092 6350
285 251 394 305 265

1609 251 1937 308 EPISTULA
1978 249 2136 306 XLIX
2148 289 2160 304 .

3450 257 3552 312 266

283 359 502 427 ignaros
531 357 680 428 legis,
705 359 798 415 sed
827 361 924 417 sub
951 361 1109 430 longo
1125 359 1433 415 salutarium
1459 360 1861 416 meditationum
1891 364 1945 424 Α
1971 376 2212 426 vacuam,
2247 359 2413 414 veteri
2442 360 2768 429 oblitterata,
2811 379 2928 431 qua:
2960 366 3028 420 ita
3058 382 3117 422 se
3165 369 3551 427 circumductis

282 451 562 521 gymnasio
594 454 943 521 pervenisse?
971 455 1228 522 Quocirca
1266 470 1459 531 novum
1489 455 1557 508 sit
1597 455 1733 520 aliis,
1768 471 1863 510 vos

284 540 658 598 necessitatem
677 544 804 599 belli
828 545 984 615 hujus
1007 560 1039 604 a
1065 545 1394 615 perfectione
1423 546 1632 608 virtutis
1659 545 1822 602 ordiri
1846 563 1860 612 ;

280 647 382 703 ego
426 644 605 689 autem
653 635 708 690 in
737 635 892 705 cujus
938 636 1116 690 animo
1149 637 1389 692 caritatis
1435 652 1613 692 arcem
1645 637 1858 704 tenetis,

277 724 389 796 jam
419 725 618 780 dudum
671 726 1045 783 incunctanter
1073 743 1421 799 agnoveram,
1455 729 1522 784 ad
1567 728 1862 785 catholicos

280 834 476 876 sensus
506 819 793 877 intuendos
822 837 918 891 per
943 821 1200 887 studium,
1235 822 1566 892 tuendosque
1607 837 1700 892 per
1744 836 1863 876 ver-

279 913 428 982 bum,
481 915 702 984 prohato
747 916 800 969 in
834 916 986 972 vobis
1037 916 1337 972 devotionis
1381 916 1560 972 ardori
1606 932 1711 971 non
1756 925 1860 970 tam

281 1003 546 1060 desideria
572 1005 762 1061 deesse
783 1022 941 1076 quam
971 1018 1228 1076 tempora.
1249 1007 1585 1078 Quapropter
1607 1007 1862 1062 famulatu

281 1098 621 1153 salutationis
637 1099 838 1167 oblato,
866 1110 1018 1169 pastu
1041 1117 1146 1171 quo
1171 1109 1404 1156 mentem
1426 1111 1659 1156 vestram
1678 1100 1862 1170 jejuno

280 1207 511 1263 corpore
557 1193 823 1259 satiastis,
881 1195 1190 1264 significans
1243 1195 1400 1249 etiam
1446 1210 1532 1250 me
1582 1194 1858 1260 reiectum,

278 1286 420 1342 unde
454 1288 674 1357 paucula
707 1291 821 1344 haec
848 1290 1144 1344 saturitatis
1167 1305 1299 1344 mea:
1320 1289 1610 1357 gratulatio
1631 1299 1859 1352 eructat,

279 1376 454 1432 Deum
487 1379 631 1450 quod
661 1389 833 1435 restat
865 1396 1118 1451 exposco,
1152 1391 1208 1436 ut
1235 1381 1319 1436 cui
1349 1381 1710 1449 praedicatoris
1739 1379 1858 1435 ofﬁ-

277 1469 420 1522 cium
467 1469 575 1538 jam
622 1469 896 1540 imposuit,
954 1471 1213 1527 honorem
1257 1472 1583 1542 subjungat,
1627 1483 1681 1528 et
1719 1471 1859 1541 quod

277 1569 570 1616 exercetur
600 1573 742 1626 actu,
778 1565 1092 1618 ostendatur
1137 1573 1192 1619 et
1234 1563 1444 1628 habitu;
1493 1579 1590 1620 nec
1632 1564 1861 1619 docilem

278 1653 371 1706 sed
415 1653 656 1719 doctum,
704 1669 803 1709 nec
841 1655 1136 1710 discentem
1169 1655 1262 1710 sed
1293 1656 1568 1711 doctorem
1608 1655 1861 1710 cathedra

1972 452 2224 506 irridebat
2254 453 2548 519 erroribus,
2583 464 2640 508 ut
2681 455 2824 508 salva
2871 461 3242 526 respondentis
3273 463 3549 530 libertate,

1969 547 2343 615 propositionis
2367 548 2598 616 pravitas
2625 549 2832 617 exitum
2855 563 2960 604 non
2985 549 3221 616 haberet,
3246 566 3301 610 et
3329 572 3392 611 ex
3420 573 3542 625 pro-

1967 638 2097 705 priis
2126 638 2491 696 instrumentis
2538 641 2590 695 in
2628 639 2871 711 jugulum
2906 656 3059 697 suum
3100 643 3364 702 resistenti
3395 664 3546 702 arma

1966 742 2296 801 suggereret.
2340 732 2478 798 Quid
2527 735 2744 790 multis?
2775 735 2964 804 pagina
2999 751 3118 804 qua:
3148 735 3250 804 legi
3286 753 3544 807 ceperat,

1965 823 2030 876 ad
2062 823 2332 878 silentium
2362 824 2610 880 conferre
2646 841 2706 880 se
2735 827 2922 880 maluit
2952 844 2965 879 :
2994 835 3050 880 nt
3073 827 3320 884 omnibus
3350 832 3550 898 proba-

1967 913 2142 969 biliter
2189 917 2524 978 innotescat,
2575 932 2734 986 quam
2783 919 2853 972 sit
2899 917 3093 982 divisa,
3142 933 3303 986 quam
3352 919 3546 988 facilis,

1966 1021 2124 1074 quam
2151 1007 2450 1074 spernenda
2485 1009 2783 1075 persuasio.
2806 1023 2925 1077 qua:
2946 1008 3261 1077 excogitatis
3290 1011 3550 1078 multipli-

1967 1097 2117 1152 cibus
2137 1099 2464 1167 argumentis
2484 1098 2678 1154 divinae
2701 1099 3066 1155 instructionis
3093 1099 3304 1168 inopem
3329 1103 3550 1157 turbare

1967 1206 2073 1247 non
2097 1192 2280 1247 valuit.
2314 1193 2438 1248 llaec
2469 1195 2649 1263 itaque
2677 1193 2896 1262 replico,
2923 1203 2980 1247 ut
3009 1192 3269 1262 quidquid
3296 1203 3377 1250 est
3405 1197 3547 1264 quod

1968 1283 2019 1338 in
2051 1299 2212 1338 causa
2253 1285 2346 1340 Dei
2395 1285 2632 1353 placeat,
2683 1285 2834 1340 vobis
2882 1285 3068 1355 procul
3114 1284 3278 1341 dubio
3319 1287 3547 1343 sentiam

1967 1379 2361 1434 ascribendum.
2400 1378 2688 1434 Enimvero
2717 1381 2768 1434 in
2790 1380 3072 1449 propatulo
3111 1379 3361 1445 habetur,
3409 1382 3551 1450 quod

1967 1487 2052 1526 me
2082 1471 2161 1527 sic
2186 1473 2314 1526 olim
2346 1473 2721 1528 collocutionis
2747 1483 2939 1527 vestra:
2970 1473 3096 1526 lima
3127 1474 3550 1542 componit,om-

1967 1563 2153 1634 nisque
2180 1564 2231 1618 in
2261 1579 2549 1620 commune
2577 1565 3014 1635 praedicationum
3047 1575 3342 1620 vestrarum
3374 1567 3551 1620 cultus

1970 1655 2234 1723 inuherat,
2271 1666 2327 1709 ut
2357 1656 2515 1710 sedes
2543 1657 2628 1708 illa
2662 1657 2746 1710 cui
2781 1672 2876 1710 vos
2909 1657 3135 1712 contulit
3163 1656 3382 1710 caeleste
3409 1656 3550 1724 judi-

277 1744 560 1811 suseipiat.
593 1743 648 1797 lu
679 1759 806 1813 qua,
828 1744 974 1799 velut
1001 1745 1392 1813 triumphatore
1435 1746 1724 1814 conspicuo
1752 1760 1864 1799 ser-
1893 1736 1941 1797 Β
1969 1745 2143 1814 cium,
2193 1747 2417 1801 multum
2469 1746 2886 1801 administratori
2934 1749 3172 1809 muneris
3214 1747 3549 1816 przestitisse,

282 1835 565 1903 tisrgloriaa
587 1836 825 1891 victricis
848 1837 1082 1906 evincto,
1099 1837 1242 1892 inter
1262 1839 1649 1893 acclamantttm
1671 1838 1865 1908 gaudio

281 1940 546 1982 consonas
575 1944 754 1995 voces,
786 1941 1015 1999 quantus
1046 1931 1098 1985 in
1125 1931 1370 2002 clypeum
1403 1947 1669 2003 assurges,
1704 1932 1862 1987 etiam

278 2017 468 2073 nolens
497 2020 818 2089 astipuletur
848 2021 1018 2076 hostis
1053 2031 1327 2091 expertus,
1361 2037 1632 2092 nunquam
1679 2023 1858 2077 inven-

279 2120 431 2187 turus
461 2112 602 2182 quod
636 2113 703 2168 de
723 2114 979 2183 qualitate
1009 2115 1185 2169 meriti
1211 2114 1557 2182 contradicat,
1591 2113 1686 2169 sed
1712 2113 1861 2168 habi-

276 2213 428 2260 turus
457 2219 670 2275 semper
695 2206 763 2261 de
792 2206 962 2276 praelii
985 2205 1348 2275 inaequalitate
1379 2205 1520 2276 quod
1549 2206 1749 2262 timeat.

556 2366 563 2374 ,
762 2296 1096 2354 EPISTOLA
1137 2296 1368 2354 XLVIII.

528 2402 850 2444 RESCBIPTUII
891 2405 996 2444 VIBI
1036 2403 1306 2444 ILLllSTRIS
1346 2404 1609 2444 HERACLII.

351 2481 560 2538 Utinam
605 2483 733 2537 mihi
775 2483 1002 2537 subinde
1051 2483 1325 2553 contingat
1354 2493 1411 2536 ut
1447 2481 1668 2552 alloquii
1698 2483 1861 2537 vestri

279 2572 602 2630 fecunditate
630 2591 850 2646 augear,
884 2575 1187 2631 eruditione
1228 2575 1571 2630 corroborer.
1625 2575 1862 2644 Duplicis

277 2666 539 2733 siquidem
572 2667 756 2736 gloriae
784 2668 986 2722 fructus
1017 2667 1109 2722 tali
1139 2667 1380 2722 succedit
1407 2677 1624 2732 eventu,
1653 2667 1778 2722 dum
1809 2677 1864 2722 et

279 2757 412 2812 ﬁdes
460 2766 645 2827 tepore
690 2758 925 2813 marcida
973 2758 1228 2813 ferventis
1273 2760 1592 2814 hortaminis
1642 2759 1864 2813 calescit

281 2850 464 2918 affatu,
518 2859 572 2904 et
619 2851 888 2919 ingenium
959 2851 1186 2905 naturali
1251 2859 1561 2920 paupertate
1627 2850 1862 2919 jejunum

277 2940 549 3009 perspicui
597 2941 816 2994 culteris
863 2955 965 3009 ope
1007 2940 1240 2996 ditescit.
1287 2940 1436 2995 Unde
1461 2942 1505 2994 si
1547 2940 1860 3009 dignamini,

279 3035 573 3088 comitante
594 3031 928 3087 salutationis
948 3033 1145 3098 officio,
1163 3033 1422 3088 maximas
1442 3034 1639 3102 gratias
1662 3036 1865 3090 referre

1967 1840 2062 1895 sed
2095 1855 2199 1894 non
2238 1840 2413 1894 minus
2458 1840 2510 1894 in
2543 1839 2969 1894 administrantis
3009 1854 3240 1908 persona
3291 1840 3552 1894 meruisse

1966 1931 2226 1986 videatur.
2279 1930 2532 1986 lncumbe
2577 1946 2706 2000 ergo
2749 1931 3018 1994 orationi,
3067 1931 3278 1985 domine
3325 1929 3554 1998 pectoris

1966 2025 2092 2090 mei,
2128 2033 2178 2079 et
2210 2024 2467 2078 auxilium
2498 2024 2613 2087 Dei,
2638 2032 2892 2092 quantum
2926 2037 3022 2090 pro
3049 2032 3100 2077 te
3123 2031 3228 2075 tam
3255 2037 3352 2090 pro
3380 2024 3553 2076 omni-

1964 2117 2083 2178 bus,
2133 2115 2273 2169 sicut
2319 2114 2499 2170 facere
2545 2114 2836 2178 consuesti,
2886 2114 3002 2182 pius
3043 2122 3096 2167 et
3128 2114 3377 2184 pervicax
3410 2121 3554 2166 tutor

1963 2197 2209 2277 impl'ora,
2241 2217 2302 2262 ut
2348 2207 2468 2262 fidei
2500 2221 2687 2262 murus
2731 2206 2871 2260 nulla
2905 2204 3299 2274 oppugnatione
3331 2219 3553 2274 quasse-

1965 2309 2068 2354 tur.
2121 2299 2527 2354 Procurandum
2569 2309 2748 2353 autem
2800 2306 2884 2353 est
2931 2306 2988 2351 ut
3036 2297 3172 2352 filios
3203 2297 3554 2365 alumnosque

1967 2405 2086 2446 tuos
2113 2392 2325 2462 vulgata
2355 2389 2720 2445 indesinenter
2749 2389 3097 2457 castigatione
3127 2389 3350 2453 tuearis,
3377 2395 3431 2441 et
3463 2402 3553 2440 va-

1964 2481 2236 2537 lidissimis
2257 2483 2515 2553 doctrina:
2541 2483 2726 2546 armis,
2760 2481 2896 2534 sicut
2941 2480 3188 2548 legimus,
3221 2487 3398 2534 tecum
3429 2478 3548 2534 vin-

1965 2588 2090 2628 cere
2110 2587 2287 2643 cogas.

2485 2663 2814 2719 EPISTOLA
2857 2663 3044 2718 XLIX.

2094 2770 2282 2810 unus
2325 2769 2632 2810 vmnusasm
2673 2769 2947 2810 tiptscopus
2974 2763 3001 2792 ι
3035 2769 3159 2810 Vttto
3197 2770 3431 2813 ttwsrnt

2595 2841 2930 2884 ANSEIIUNDO.

2039 2940 2328 2994 Plurimum
2363 2940 2528 2994 miror
2557 2940 2698 3008 quod
2723 2955 2950 3010 persona
2975 2956 3072 3010 pro
3093 2957 3194 3011 qua
3219 2942 3554 2999 intercedere

1966 3032 2277 3102 dignamini,
2312 3032 2441 3085 mihi
2481 3031 2718 3101 Lugduni
2749 3034 2922 3101 posito
2949 3034 3061 3088 sola
3093 3046 3310 3104 negaret
3349 3038 3554 3091 crimen

279 3138 578 3192 praesumo,
605 3123 744 3192 quod
778 3123 1054 3192 responsio
1097 3139 1212 3177 mea
1243 3123 1379 3192 apud
1428 3123 1719 3192 principem
1773 3125 1865 3177 ha-
1893 3119 1939 3183 C
1969 3127 2111 3196 quod
2142 3126 2463 3181 universitas
2489 3127 2886 3193 conclamabat,
2909 3136 2964 3182 et
2991 3137 3111 3188 post
3137 3129 3200 3182 ad
3234 3129 3334 3184 hoc
3367 3131 3559 3198 resipi-

282 3215 416 3280 bita,
446 3224 499 3270 et
529 3215 594 3268 ad
625 3230 719 3270 vos
746 3223 804 3269 ut
842 3215 1114 3270 indicastis
1149 3229 1365 3270 rumore
1394 3216 1619 3284 perlata,
1653 3231 1870 3284 compe-

285 3319 404 3362 tens
430 3306 710 3376 judicium,
742 3323 848 3361 non
878 3322 940 3361 cx
973 3322 1093 3362 meo
1124 3322 1241 3376 ore,
1269 3307 1362 3362 sed
1387 3323 1451 3362 ex
1485 3318 1664 3362 vestro
1690 3323 1873 3364 amore

288 3400 606 3469 promeruit.
656 3398 972 3468 Quanquam
1030 3398 1555 3467 praecellentissimus
1601 3399 1871 3468 princeps,

289 3507 411 3548 cum
441 3493 510 3547 sit
537 3491 602 3545 ad
634 3489 1012 3546 inveniendum
1045 3491 1252 3560 igneus,
1288 3489 1526 3559 profluus
1573 3491 1638 3544 ad
1685 3490 1868 3545 dicen-

291 3584 442 3650 dum,
473 3585 544 3638 ita
574 3598 766 3639 sensus
792 3592 1061 3638 scrutatur
1102 3583 1386 3646 humanos,
1417 3592 1475 3636 ut
1496 3597 1712 3653 semper
1737 3596 1868 3636 con-

292 3675 543 3731 ventibus
572 3674 857 3728 mitissimo
888 3685 1069 3743 pareat
1099 3675 1278 3728 auditu
1309 3691 1324 3731 ;
1350 3684 1524 3728 tamen
1550 3675 1746 3729 laboris
1769 3673 1874 3730 mei

294 3769 490 3826 seriem
518 3776 791 3837 amputato
821 3783 1034 3837 aequore
1085 3753 1401 3836 prolixita‘tis
1435 3769 1663 3823 insinuo.
1698 3769 1873 3823 Labo-

294 3878 410 3919 rem
439 3863 654 3931 inquam
682 3860 824 3927 dico,
857 3862 977 3930 quia
1026 3861 1288 3930 procellas
1335 3862 1621 3930 inopinatis
1667 3861 1878 3916 ﬂatibus

299 3956 568 4010 irruentes
616 3955 894 4024 imperitus
939 3963 1096 4007 nauta
1137 3954 1219 4006 vix
1268 3951 1510 4008 sustinet.
1563 3955 1704 4022 Ergo
1733 3968 1875 4019 cum,

299 4047 393 4102 Dei
425 4045 684 4102 beneficio
735 4044 948 4099 tandem
991 4054 1238 4099 cessante
1287 4045 1468 4107 taedio,
1521 4044 1881 4110 tranquillitas

299 4138 510 4208 publica
538 4137 804 4198 rediisset,
831 4135 984 4204 quasi
1006 4136 1223 4189 mutatis
1244 4135 1332 4188 diu
1349 4136 1538 4189 castris
1558 4135 1882 4188 destinatum

298 4237 570 4284 certamen
603 4227 798 4282 inveni.
834 4227 1058 4295 Semper
1096 4225 1237 4279 enim
1269 4225 1488 4295 ignavas
1529 4224 1884 4293 imbellesque

303 4335 562 4390 personas
587 4320 910 4391 petulantior
946 4317 1224 4374 conflictus
1270 4319 1598 4389 aggreditur.
1648 4317 1883 4372 Primum

303 4418 519 4489 quidem
563 4432 593 4471 e
642 4416 846 4470 diversa
901 4424 1052 4485 parte
1100 4414 1299 4484 proprii
1347 4413 1648 4469 luctaminis
1706 4428 1885 4468 sermo

1977 3219 2176 3273 scendo
2201 3218 2466 3284 pervenit,
2488 3228 2544 3271 ut
2569 3218 2720 3272 vobis
2745 3234 2840 3287 pro
2861 3220 3015 3272 venia
3039 3221 3379 3289 supplicaret.
3405 3223 3559 3289 Quod

1979 3311 2022 3362 si
2054 3309 2370 3376 simpliciter
2397 3309 2552 3377 petit,
2596 3320 2810 3364 constat
2856 3310 3128 3366 hominem
3177 3313 3334 3366 etiam
3383 3324 3562 3370 reatus

1979 3399 2220 3454 ordinem
2255 3400 2520 3454 confiteri.
2554 3399 2818 3465 Quocirca
2852 3400 2979 3454 licet
3010 3402 3062 3454 in
3095 3403 3344 3457 omnibus
3368 3407 3561 3467 causis,

1982 3509 2074 3561 pro
2105 3493 2414 3562 dignatione
2455 3506 2613 3561 quam
2659 3490 2788 3545 mihi
2821 3491 3146 3560 impenditis,
3191 3493 3418 3547 liberum
3461 3509 3564 3548 non

1979 3583 2205 3639 habeam
2247 3581 2391 3638 aliud
2424 3581 2605 3638 facere
2633 3597 2791 3652 quam
2815 3583 3016 3651 jubetis
3043 3599 3057 3635 :
3087 3598 3192 3637 non
3233 3599 3452 3654 possum
3486 3596 3566 3639 ta-

1979 3692 2124 3743 men,
2153 3678 2273 3746 quia
2303 3675 2381 3731 sic
2413 3677 2564 3732 vobis
2597 3676 2769 3731 visum
2794 3687 2896 3743 est,
2929 3677 3250 3733 remissurus
3279 3680 3378 3733 nisi
3422 3680 3568 3748 prius

1979 3781 2302 3837 exaggerare
2333 3766 2474 3837 quod
2505 3765 2679 3821 doleo.
2714 3767 2828 3822 Scit
2854 3768 2997 3822 enim
3021 3768 3190 3836 pietas
3213 3779 3410 3835 vestra,
3439 3781 3493 3824 et
3518 3771 3570 3823 in

1981 3861 2208 3915 ecclesia
2228 3860 2329 3930 legi
2359 3860 2665 3930 frequenter
2688 3860 2912 3926 audivit,
2941 3861 2993 3914 in
3018 3862 3132 3930 ipso
3153 3862 3398 3917 adulterii
3429 3862 3571 3918 malo

1983 3959 2211 4019 quantos
2257 3949 2536 4020 Scriptura
2585 3950 2764 4004 divina
2814 3951 3013 4019 gradus
3060 3955 3347 4018 exprimat.
3391 3953 3572 4008 Primo

1987 4041 2283 4096 fornicandi
2315 4042 2467 4110 lapsu
2502 4042 2766 4110 peccavit,
2801 4044 2891 4110 qui
2921 4043 3174 4095 feminam
3205 4043 3457 4109 conjugio
3483 4058 3572 4095 ca-

1989 4147 2196 4191 rentem
2244 4134 2464 4188 libidine
2504 4133 2864 4187 inflammatus
2904 4133 3146 4200 appetiit.
3178 4132 3427 4186 Secundo
3469 4149 3574 4200 quo

1991 4225 2179 4295 pejori,
2223 4225 2312 4294 qui
2355 4225 2497 4278 furto
2537 4239 2697 4292 super
2743 4233 2931 4278 cuncta
2977 4223 3267 4278 damnabili
3314 4223 3574 4294 simplicis

1992 4321 2092 4375 tori
2125 4316 2435 4389 pudicitiam
2478 4317 2713 4371 violavit.
2765 4316 3009 4386 Cumque
3055 4317 3184 4370 nihil
3217 4318 3431 4385 gravius
3476 4317 3575 4372 hac

1992 4412 2182 4481 injuria
2207 4412 2469 4465 humanus
2498 4410 2708 4463 animus
2742 4418 2910 4478 putet,
2943 4423 3036 4464 vos
3066 4409 3316 4479 conjicite
3347 4412 3574 4479 qualiter

300 4511 560 4579 praelusit.
588 4507 786 4563 Deinde
810 4508 951 4562 velut
980 4508 1047 4563 ab
1073 4507 1278 4562 insidiis
1300 4509 1596 4577 repentinis
1626 4510 1774 4563 fusus
1797 4515 1884 4563 est
1906 4489 1960 4549 Ῑ)
1986 4505 2222 4559 cmlestis
2265 4503 2488 4572 iustitia:
2537 4503 2756 4556 castitas
2803 4511 3099 4566 moveatur,
3144 4500 3168 4538 δ
3222 4502 3265 4556 si
3319 4491 3574 4571 Sponsam

302 4605 532 4660 vomitus
577 4603 983 4658 transmarinus.
1045 4601 1284 4672 Denique
1335 4602 1494 4657 incidi
1547 4604 1599 4656 in
1644 4605 1884 4657 chartam

376 4755 400 4781 ε·
443 4744 646 4799 Nomen
678 4743 777 4796 hoc
799 4757 927 4797 vero
951 4742 1105 4811 plane
1133 4741 1410 4805 Celticum,
1434 4755 1495 4795 ac
1527 4741 1751 4795 fortasse
1777 4739 1879 4793 hoc

302 4819 421 4872 loco
454 4814 846 4884 Burgundicum
873 4830 884 4865 :
910 4814 1062 4881 cujus
1094 4812 1305 4881 generis
1346 4813 1484 4866 inter
1532 4811 1878 4884 comites‘qtti

299 4880 736 4956 Burgundionum
775 4880 991 4956 legibus
1036 4880 1420 4956 subscripsi-re,
1466 4880 1876 4956 Aunemundus,

298 4950 705 5024 Audi-mundus,
753 4950 1127 5024 Fredegundus
1170 4962 1225 5008 et
1265 4953 1667 5008 Godemundus'.
1708 4950 1882 5024 Anse-

300 5032 502 5084 munnlo
531 5022 701 5082 eidem
737 5022 1006 5094 inscripta:
1035 5035 1160 5077 sunt
1200 5025 1360 5078 etiam
1389 5025 1632 5094 epistola:
1660 5023 1751 5085 71,
1787 5022 1876 5075 72.

370 5099 400 5137 δ
442 5101 496 5153 lu
527 5113 619 5152 eos
651 5098 738 5166 qui
771 5095 870 5151 sibi
907 5093 1097 5149 'sacras
1126 5093 1359 5166 virgines
1392 5098 1440 5148 in
1484 5093 1877 5147 matrimonium

298 5170 566 5240 jungunt,
598 5165 989 5221 Gallicanorum
1039 5165 1355 5240 antistitum,
1403 5166 1646 5240 ne__alios
1679 5178 1883 5217 memo-

262 5299 265 5303 _
299 5235 441 5307 rem,
475 5248 674 5306 aperttc
719 5247 845 5291 sunt
895 5235 1300 5307 sententiaaaln
1332 5235 1806 5307 concilioi'l'uron.
1841 5249 1878 5295 t,

300 5304 482 5366 can.'6
515 5304 532 5362 ξ
571 5309 670 5373 Qui
701 5325 753 5362 se
789 5309 1002 5360 sacratis
1031 5306 1308 5376 virginibus
1338 5321 1426 5375 per
1471 5304 1882 5376 conjunctionem

301 5381 579 5452 nefandam
609 5379 916 5452 miscuerint,
949 5379 1025 5452 uel
1054 5374 1372 5447 propositum
1403 5375 1644 5452 professa:
1675 5374 1884 5452 religio-

301 5445 383 5507 nis
427 5450 824 5520 dereliquerint,
870 5445 1070 5519 utrique
1115 5445 1158 5501 a'
1189 5448 1551 5520 _communione
1598 5445 1883 5520 habeantur

301 5523 500 5577 alieni:
521 5516 641 5593 quia
673 5523 718 5593 si
754 5522 864 5584 quis
908 5516 1148 5590 templum
1177 5516 1269 5572 Dei
1310 5517 1590 5593 uiolauerit,
1624 5516 1884 5593 disperdat

301 5596 450 5649 illum
483 5586 638 5656 lJeus,
671 5592 828 5644 donec
857 5586 1200 5657 resipiscentes
1223 5594 1287 5641 ad
1312 5587 1559 5642 auxilium
1584 5586 1885 5657 pcemtentirt

305 5675 639 5720 revertantur.
675 5663 739 5716 Et
770 5665 820 5715 in
852 5656 1076 5716 concilio
1109 5661 1394 5715 Parisiensi
1432 5672 1506 5720 ttt,
1539 5672 1656 5710 can.
1691 5657 1759 5710 5:
1787 5656 1888 5709 Su-

306 5747 564 5792 cratarunt
593 5734 844 5802 virginum
874 5749 1030 5800 neque
1055 5748 1142 5800 per
1170 5740 1398 5802 raptum,
1437 5743 1593 5796 neque
1628 5744 1714 5796 per
1745 5743 1887 5780 cout-

549 5827 824 5888 PATBOL.
868 5822 1030 5884 LIX.

1989 4599 2202 4654 Christo
2231 4597 2503 4664 devotam,
2531 4607 2584 4651 et
2610 4597 2661 4650 in
2690 4596 2858 4650 sancti
2889 4595 3072 4649 altaris
3091 4593 3322 4650 thalamo
3351 4595 3573 4652 benedi-

1987 4737 2253 4804 petitiones
2282 4734 2500 4804 aliquos,
2531 4732 2797 4804 quisquam
2833 4726 3073 4804 conjugia
3115 4730 3377 4804 sortiatur.
3423 4732 3574 4794 Quod

1984 4799 2027 4861 si
2058 4817 2231 4860 contra
2275 4799 2548 4857 interdicta
2586 4803 2696 4866 quis
2735 4799 2948 4863 verterit,
2982 4808 3028 4851 et
3067 4800 3378 4852 sacerdotem
3422 4819 3574 4854 suum

1985 4879 2164 4931 audire
2197 4875 2492 4944 neglexerit,
2519 4881 2564 4924 et
2591 4872 2643 4922 in
2679 4870 2916 4937 praesenti
2945 4885 2976 4920 a
3008 4871 3366 4944 communione
3392 4873 3573 4923 cat/to.

1987 4949 2100 5001 lica:
2123 4941 2368 4999 Ecclesia?
2396 4943 2638 4995 habeatur
2664 4949 2952 5004 extraneus,
2977 4951 3023 4992 et
3053 4941 3103 4993 in
3129 4952 3424 5009 perpetuum
3449 4959 3574 4993 auo-

1987 5019 2204 5071 themate
2227 5016 2460 5084 feriatur.
2495 5011 2548 5065 lu
2568 5011 2869 5084 Turonensi
2901 5012 3133 5079 denique
3164 5026 3222 5084 t_t,
3251 5025 3457 5084 canone
3479 5011 3570 5074 20,

1987 5080 2235 5143 Similiter
2260 5092 2539 5141 statutum.
2569 5081 2634 5135 Ut
2663 5083 2832 5134 nullus
2877 5093 3127 5134 sacratam
3161 5080 3265 5133 Deo
3302 5083 3572 5148 virginem,

1986 5175 2102 5229 qua:
2141 5159 2192 5210 in
2224 5151 2467 5209 honorent
2513 5153 2712 5229 Christi
2741 5162 2922 5229 vestem
2949 5152 3202 5229 Διηιιιαινήἰι,
3245 5159 3332 5201 aut
3373 5165 3572 5214 rapa-rt,

1988 5223 2076 5283 aut
2132 5238 2438 5293 competere,
2492 5234 2578 5276 aut
2617 5223 2712 5276 sibi
2754 5224 2990 5294 conjugio
3034 5223 3572 5294 sociare_prwsu_ma_t.

1991 5300 2138 5367 Quod
2169 5299 2211 5350 si
2239 5289 2488 5364 pastorem
2515 5311 2663 5347 suum
2683 5289 2877 5367 audire,
2911 5289 2958 5344 ct
2985 5308 3040 5344 se
3068 5293 3129 5342 de
3157 5289 3307 5367 vetito
3333 5291 3575 5367 coiijngio

1988 5359 2596 5440 Epararc'despexerint,
2634 5364 2840 5440 perenni
2869 5359 3398 5440 excommunicationi:
3428 5361 3572 5440 dum:

1989 5427 2189 5495 uéntur.
2227 5427 2490 5491 Hactenus
2519 5427 2663 5503 leges
2687 5433 3085 5503 ecclesiasticae.
3121 5427 3251 5503 Nam
3275 5427 3399 5503 jure
3426 5433 3572 5487 civrli

1990 5514 2150 5568 etiam
2179 5508 2314 5578 apud
2341 5523 2458 5573 nos,
2491 5496 2873 5578 ιιυῖετξρικιιδιη
2899 5501 3154 5578 virgine"!
3184 5496 3283 5551 sibi
3308 5499 3357 5552 itt
3383 5508 3573 5578 matri-

1992 5584 2172 5637 monio
2192 5569 2683 5644 s'ociarat,'eapitali
2714 5570 2985 5644 sententia
3009 5569 3172 5622 l’erieb
3190 5581 3314 5644 itur,
3351 5588 3425 5644 cx_
3447 5575 3574 5628 Clo-

1995 5655 2113 5708 tarii
2141 5653 2177 5704 ll
2212 5651 2350 5718 regis
2381 5639 2789 5718 constitittitn'te,
2820 5639 3111 5718 quaainter
3139 5643 3365 5697 concilia
3389 5642 3576 5698 Gallia:

1993 5725 2232 5779 subnexa
2259 5709 2340 5776 Est
2365 5715 2592 5772 concilio
2616 5726 2645 5764 v
2674 5709 2979 5764 Parisiensi.

3106 5807 3144 5864 9
