4092 6350
540 353 647 413 267

1817 354 1869 410 S.
1914 352 2096 409 AVITI
2139 346 2542 410 VIENNENSIS

3697 350 3798 416 268

540 432 716 529 ctione
744 471 998 536 dotatam,
1029 479 1087 526 ut
1109 470 1238 525 nihil
1270 466 1496 537 amplius
1518 467 1713 534 dicam,
1750 468 1834 522 vel
1866 470 2116 537 petulan-
2146 470 2203 531 ,Κ
2226 469 2495 538 peperisse
2538 468 2645 537 jam
2691 467 2869 522 doleo.
2907 464 2973 522 Et
3009 468 3221 539 quidem
3266 469 3395 523 mihi
3427 470 3542 525 hzec
3576 472 3795 540 paucula

476 594 477 601 η
543 570 626 619 ter
651 561 935 631 aspexerit.
975 559 1147 614 Audio
1190 567 1367 612 tamen
1394 558 1575 613 dicere
1618 559 1872 627 juvenem
1910 558 2108 627 ipsum,

539 668 649 710 non
668 668 726 708 se
752 652 1007 720 virginem
1031 657 1337 714 temerasse,
1362 651 1515 719 cujus
1537 650 1781 721 turpibus
1801 652 1938 704 votis
1964 650 2112 720 prior

539 746 824 802 multorum
845 742 1127 797 carnalitas
1150 742 1219 796 sit
1245 742 1425 799 abusa.
1443 742 1797 813 Quapropter,
1814 757 1935 799 cum
1962 757 2110 797 reum

538 834 790 891 facinoris
818 831 1105 898 manifesti,
1136 833 1239 888 nisi
1266 833 1562 889 satisfactio
1595 846 1687 889 sua
1719 842 1773 890 et
1800 833 2113 888 intercessio

536 932 709 979 vestra
739 938 849 979 non
869 922 1078 991 liberet,
1105 924 1209 979 dici
1235 939 1339 979 non
1368 932 1545 994 potest
1568 932 1829 995 quantum
1859 925 2110 979 miserum

534 1014 622 1079 sit,
644 1027 743 1082 pro
766 1012 1200 1068 reconciliatione
1226 1028 1320 1067 sua
1347 1014 1574 1069 aliorum
1597 1015 1824 1070 crimina
1845 1013 2107 1070 confiteri.

534 1109 743 1161 Accusa
782 1107 837 1159 iu
867 1104 966 1159 hac
1010 1113 1163 1173 parte
1218 1106 1385 1160 nostri
1429 1106 1689 1175 temporis
1737 1106 2111 1177 negligentiam

535 1194 1088 1253 sacerdotalem.‘Non
1136 1210 1234 1251 nos
1264 1198 1363 1251 ista
1408 1198 1773 1268 perquirimus
1806 1214 1820 1253 :
1849 1184 2008 1252 offert
2051 1209 2111 1251 se

533 1292 690 1347 nobis
720 1288 1048 1360 inexplorata
1076 1288 1360 1344 criminum
1392 1290 1721 1359 magnitudo.
1754 1288 1885 1356 Quis
1916 1290 1968 1343 in
1998 1301 2113 1341 ma-

535 1381 603 1436 lis
630 1380 833 1435 socium
864 1379 1109 1446 quierat?
1138 1379 1256 1446 quis
1286 1380 1336 1433 in
1379 1378 1497 1435 aliis
1530 1379 1749 1433 maculis
1780 1392 1838 1434 se
1866 1378 2111 1433 inserat?

534 1473 709 1543 Atque
734 1474 934 1527 utinam
956 1479 1009 1526 et
1038 1472 1203 1539 ipsius
1231 1470 1313 1525 vel
1344 1471 1422 1525 sic
1444 1485 1505 1526 se
1533 1478 1890 1539 temperasset
1918 1469 2110 1524 obsce-

536 1564 676 1619 nitas
698 1569 756 1617 ut
783 1562 994 1618 lateret.
1019 1560 1221 1616 Deinde
1241 1575 1308 1616 ex
1334 1560 1543 1615 duobus
1566 1561 1726 1631 eligat
1748 1568 1926 1614 utrum
1958 1559 2105 1614 velit.

536 1655 592 1711 Si
624 1655 827 1723 primus
856 1654 909 1707 in
954 1652 1186 1722 puellam
1216 1666 1378 1706 carne
1417 1651 1681 1721 peccavit,
1713 1650 1888 1705 adhuc
1916 1664 2107 1718 exspe-

535 1752 645 1801 ctat
680 1743 823 1814 quod
853 1742 1092 1813 prmdicit
1134 1742 1418 1811 Apostolus
1446 1756 1462 1795 :
1492 1741 1692 1811 Siquis
1719 1742 1965 1810 templum
2008 1739 2105 1794 Dei

2218 575 2371 614 error
2417 561 2667 614 extorsit.
2720 558 2824 615 Sed
2880 573 2974 615 vos
3024 561 3215 628 quibus
3244 574 3467 616 summae
3520 564 3795 629 potestatis

2220 648 2496 718 privilegio
2525 649 2695 719 major
2738 648 2963 703 facultas
2991 651 3225 719 suppetit
3269 652 3582 721 castigandi,
3627 653 3795 709 homi-

2216 756 2341 797 nem
2363 741 2625 797 violenter
2644 739 3324 810 arguite.Conciliationem
3348 742 3425 797 illi
3450 757 3649 811 meam,
3675 746 3792 815 quia

2215 832 2285 885 ita
2317 832 2624 901 praecipitis,
2675 831 2906 887 indicate
2950 849 2963 885 :
2996 848 3206 903 meque.
3252 849 3319 889 ne
3348 835 3544 890 malum
3574 835 3677 894 hoc
3710 838 3791 894 vel

2216 920 2485 975 mandatis
2508 928 2601 975 aut
2625 922 2826 976 nuntiis
2854 932 3163 987 renovetur,
3185 932 3490 978 curaturum
3517 938 3637 980 esse
3660 942 3792 995 pra:-

2214 1012 2373 1067 dicite
2417 1021 2516 1065 :ut
2554 1012 2627 1076 ei,
2677 1013 2721 1067 si
2762 1027 2865 1067 non
2915 1014 3235 1099 corrigendo
3284 1030 3378 1085 per
3422 1017 3786 1083 voluntatem,

2214 1110 2359 1156 certe
2384 1102 2466 1156 vel
2498 1116 2592 1171 per
2622 1102 2916 1157 custodiam
2944 1104 3310 1172 reprimendo,
3341 1104 3532 1160 saltem
3565 1106 3790 1162 facultas

2212 1192 2380 1263 culpae
2411 1194 2577 1263 possit
2593 1194 2731 1263 erui,
2756 1194 2800 1249 si
2823 1194 3155 1263 pmnitentiae
3184 1194 3472 1251 salubritas
3490 1211 3595 1253 non
3624 1200 3789 1268 possit

2217 1284 2550 1355 persuaderi.

2775 1375 3107 1433 EPISTOLA
3147 1377 3188 1432 L

2212 1483 2395 1523 AVITUS
2423 1482 2727 1522 VIENNENSIS
2746 1483 3023 1524 EPISCOPUS
3053 1479 3075 1508 ο
3101 1484 3227 1526 VIRO
3249 1485 3485 1527 ILLUSTBI
3514 1487 3783 1530 IBSSIANO.

2287 1560 2550 1614 Maximus
2574 1558 2845 1614 desiderio
2878 1570 3062 1614 nostro
3094 1560 3340 1615 cumulus
3367 1569 3544 1632 optata
3570 1566 3791 1634 gaudio.

2209 1668 2325 1709 rum
2357 1653 2595 1708 ubertate
2617 1654 2907 1716 confertur,
2927 1654 2982 1706 si
3028 1654 3362 1723 magnificum
3387 1664 3581 1711 vestrae
3611 1658 3781 1726 pieta-

2210 1746 2274 1799 lis
2303 1753 2496 1799 statum
2528 1746 2737 1799 florenti
2762 1744 3124 1814 prosperitate
3147 1745 3434 1813 pollentem
3456 1746 3611 1803 avida
3632 1750 3785 1803 solli-

535 1837 813 1902 violaverit,
861 1836 1121 1901 disperdet
1163 1833 1308 1887 illum
1348 1832 1485 1887 Deus
1523 1832 1577 1903 (1
1606 1831 1727 1888 Cor.
1760 1847 1839 1895 Ill,
1888 1833 1998 1900 t7).
2045 1831 2103 1887 Si
2134 1827 2182 1887 B
2206 1838 2456 1891 citudinis
2486 1845 2679 1892 nostrae
2706 1846 2829 1891 vota
2854 1839 3229 1907 cognoverint,
3261 1839 3384 1910 quia
3406 1840 3507 1895 hoc
3529 1840 3787 1911 profecti-

534 1938 709 1983 autem
735 1927 1134 1996 corruptionem
1154 1939 1312 1995 quam
1337 1940 1439 1979 non
1471 1924 1836 1989 inchoaverat,
1860 1923 2103 1994 gravavit

533 2027 840 2091 augmento,
871 2017 998 2087 quid
1029 2016 1317 2085 excogitari
1365 2016 1592 2085 turpius,
1622 2014 1749 2084 quid
1794 2014 2104 2069 horribilius

532 2121 730 2183 pateat,
777 2124 934 2179 quam
981 2117 1040 2163 ut
1068 2108 1214 2162 illum
1246 2121 1345 2161 nec
1389 2106 1491 2162 hoc
1532 2104 1839 2175 prohiberet
1868 2120 1896 2158 a
1930 2120 2099 2161 mere-

536 2206 694 2268 trice,
741 2209 1009 2273 proptere
1042 2199 1182 2269 quod
1236 2200 1408 2253 solum
1455 2198 1593 2252 Deus
1643 2198 1877 2266 separari
1932 2196 2103 2252 virute

535 2295 788 2367 permittit
814 2310 844 2349 a
884 2292 1149 2362 conjuge?
1190 2290 1297 2344 Nec
1324 2290 1491 2352 solus,
1521 2289 1564 2344 si
1597 2288 1883 2357 respicitis,
1914 2302 1977 2342 ex
2008 2288 2106 2343 ltac

532 2398 683 2459 parte
710 2400 1070 2443 commoveor.
1115 2381 1344 2437 Gemunt
1373 2380 1607 2450 religiosi
1640 2388 1888 2449 parentes
1928 2379 2104 2434 scelus

532 2481 844 2542 admissum,
876 2485 930 2533 et
958 2476 1106 2546 quasi
1136 2474 1395 2544 perditam
1427 2472 1630 2543 prolem
1660 2473 1925 2543 lugentes,
1953 2471 2104 2528 orbi-

535 2580 696 2626 tatem
725 2572 777 2625 in
808 2569 1103 2641 planctibus
1134 2568 1470 2639 profitentur.
1492 2566 1628 2635 Quid
1655 2565 1722 2622 de
1748 2566 1935 2621 matris
1964 2580 2102 2621 mm-

532 2663 675 2718 stitia
707 2663 910 2730 loquar,
934 2675 1090 2729 quam
1121 2658 1357 2729 pmdicti
1380 2660 1489 2727 jam
1517 2656 1717 2713 dudum
1750 2657 1929 2713 mariti
1958 2657 2104 2712 omni

533 2760 709 2809 morte
751 2751 984 2806 deterius
1034 2749 1201 2817 turpis
1249 2748 1351 2801 vita
1400 2746 1674 2801 viduavit?
1706 2747 1771 2801 Et
1798 2761 2103 2815 quanquam

533 2846 682 2902 coitu
725 2843 931 2898 moveri
979 2841 1188 2903 solitus,
1219 2848 1403 2894 tamen
1444 2839 1706 2907 patienter
1738 2840 1853 2893 haec
1887 2839 2097 2901 tulerat,

535 2937 676 2991 filius
704 2935 819 2988 sine
862 2934 1072 3002 pietate,
1109 2930 1331 2984 maritus
1377 2930 1493 2986 sine
1536 2930 1742 2993 sobole,
1789 2938 1941 2999 pater
1986 2931 2101 2983 sine

537 3024 862 3080 baarede:et
898 3022 1150 3076 nutritum
1180 3021 1395 3089 insuper
1437 3021 1553 3089 ejus
1592 3020 1768 3074 studio
1814 3019 2105 3088 quamlibet

535 3126 708 3171 ortum
739 3129 805 3169 ex
831 3114 1105 3183 generosis
1148 3112 1402 3166 adulteris
1432 3112 1609 3168 nobile
1653 3113 1878 3176 malum;
1917 3113 1994 3167 sic
2027 3121 2101 3167 ta-

2204 1930 2303 1985 bus
2333 1930 2530 1985 nostris
2555 1930 2873 1999 compendio
2912 1930 3145 1985 indubia;
3187 1931 3457 1988 felicitatis
3499 1935 3783 2001 accrescit,

2205 2021 2457 2091 quidquid
2499 2022 2805 2076 eminentia:
2843 2029 3038 2079 vestra:
3063 2024 3361 2080 cmlestium
3391 2025 3779 2082 beneﬁciorum

2206 2117 2376 2185 pietas
2396 2112 2589 2170 diffusa
2618 2115 2925 2171 contulerit.
2946 2116 3074 2172 Nam
3099 2119 3149 2171 in
3167 2131 3234 2172 eo
3260 2120 3511 2175 metimur
3538 2118 3788 2176 felicibus

2208 2208 2548 2263 incrementis
2587 2218 2890 2263 nostrorum
2929 2211 3367 2280 pr0pagationem
3415 2224 3783 2281 successuum,

2207 2301 2260 2354 in
2282 2315 2387 2371 quo
2427 2301 2655 2355 actionis
2696 2308 2889 2355 vestra:
2916 2303 3112 2357 crescit
3160 2303 3275 2357 sine
3328 2304 3428 2357 line
3449 2302 3782 2373 suffragium.

2206 2391 2547 2461 Quapropter
2575 2389 2927 2445 honorificum
2957 2392 3106 2447 salve
3132 2394 3459 2462 persolvens,
3489 2409 3617 2464 rogo
3642 2393 3785 2464 quod

2207 2485 2274 2550 si,
2306 2492 2361 2537 ttt
2388 2483 2652 2553 cupimus,
2682 2483 2850 2538 felicia
2882 2498 3006 2554 erga
3032 2500 3126 2540 vos
3150 2495 3336 2541 cuncta
3361 2497 3638 2557 geruntur,
3672 2503 3785 2542 ma-

2205 2573 2427 2644 gnitudo
2448 2586 2623 2629 vestra
2652 2576 2986 2631 occurrentis
3018 2577 3222 2643 pagina!
3250 2578 3556 2636 elocutione
3594 2577 3784 2649 perdo-

2205 2674 2342 2720 CCIII.

2768 2756 3100 2813 EPISTOLA
3139 2758 3224 2813 LI.

2209 2862 2392 2902 Ανιτυα
2436 2862 2737 2903 νιεκιηεκθιε
2788 2864 3063 2904 EPISCOPUS
3096 2847 3122 2887 δ
3154 2866 3471 2906 νινεκτιοιο
3526 2867 3779 2909 ειη-[ους

2277 2942 2467 2996 Audivi
2509 2943 2654 3011 quod
2711 2942 2764 2997 in
2822 2942 3036 2997 homilia
3063 2957 3161 3013 qua
3210 2957 3378 3012 nuper
3423 2944 3489 2999 ad
3530 2948 3783 3014 populum

2211 3035 2618 3104 Lugdunensem
2650 3035 2701 3088 in
2732 3032 3065 3090 dedicatione
3095 3035 3328 3091 basilicas
3351 3036 3537 3092 videor
3567 3038 3783 3095 concio-

2207 3136 2384 3192 natus,
2418 3125 2804 3181 barbarismum
2830 3140 2914 3179 me
2940 3124 3229 3183 incurrisse
3253 3127 3464 3195 dicatis,
3490 3129 3657 3199 palam
3678 3131 3785 3185 sci-

538 3220 659 3262 men
700 3206 840 3273 quod
888 3205 939 3259 in
987 3204 1275 3259 desiderati
1307 3204 1580 3259 nativitate
1606 3203 1861 3274 portenti,
1887 3218 1993 3261 non
2022 3212 2104 3260 est

2209 3216 2333 3271 licet
2359 3218 2679 3287 castigantes
2708 3216 2849 3286 quod
2894 3218 3102 3287 publica
3137 3220 3379 3274 oratione
3425 3193 3782 3289 peccaverint.

535 3305 877 3368 augmentum
906 3298 1187 3367 prosapias,
1220 3297 1312 3351 sed
1344 3297 1574 3351 infamiae
1605 3296 2007 3351 documentum.
2040 3296 2105 3351 Et

535 3389 747 3457 quidem
772 3391 915 3444 salva
942 3404 1098 3458 quam
1131 3388 1261 3442 mibi
1293 3389 1432 3444 Deus
1461 3389 1515 3442 in
1543 3387 1691 3442 vobis
1722 3388 1970 3456 praestitit
2009 3387 2103 3442 de-

535 3483 797 3549 fensione,
848 3482 1231 3553 plusculpam
1282 3480 1484 3550 praefati
1529 3495 1687 3551 quam
1733 3481 2103 3549 paenitentiam

535 3576 875 3642 pertimesco.
905 3574 1012 3631 Sed
1056 3588 1185 3651 rogo
1216 3588 1281 3629 ne
1311 3575 1567 3630 irascatur
1595 3574 1695 3629 ista
1721 3573 1943 3629 dicenti.
1971 3573 2107 3642 Spe-

534 3672 741 3725 culator
783 3685 923 3734 sum,
967 3669 1146 3723 tubam
1189 3678 1364 3731 teneo,
1416 3677 1590 3721 tacere
1641 3666 1770 3720 milii
1802 3680 1909 3721 non
1958 3665 2102 3720 licet.

538 3763 711 3828 Atque
736 3760 938 3813 utinam
970 3770 1195 3825 peccans
1226 3756 1457 3810 humano
1478 3756 1655 3810 animo
1686 3754 1866 3821 fuerit,
1906 3754 1989 3808 cui
2020 3768 2106 3808 so-

538 3850 690 3905 litum
719 3858 800 3903 est
832 3848 935 3901 labi
964 3862 1059 3916 per
1100 3846 1427 3910 facilitatem,
1459 3855 1513 3901 et
1558 3861 1654 3914 per
1687 3844 2103 3899 satisfactionem

537 3941 733 3995 reverti
759 3955 773 3992 :
802 3946 1049 3991 caeterum
1078 3936 1350 3991 iracundia
1375 3938 1572 4000 calere,
1597 3946 1803 3991 tumere
1833 3936 2103 4005 superbia,

538 4032 753 4088 lascivia
789 4030 953 4085 fetere
982 4031 1245 4085 taurinum
1288 4038 1390 4085 est.
1423 4031 1683 4097 Quocirca
1713 4029 1838 4085 licet
1866 4029 2106 4086 diversas

537 4124 594 4179 in
618 4137 701 4178 me
730 4123 921 4177 iterum
953 4120 1193 4176 flammas
1233 4130 1465 4186 evomat,
1494 4128 1549 4175 et
1574 4117 1600 4157 δ
1622 4119 1690 4175 ad
1717 4119 1973 4176 Romana:
1997 4101 2108 4176 for:-

534 4214 672 4270 sitan
704 4212 957 4268 Ecclesia:
983 4210 1305 4267 audientiam
1336 4220 1514 4278 vocet,
1539 4220 1593 4269 et
1618 4214 1664 4267 si
1701 4211 1876 4269 adhuc
1907 4213 2103 4285 placet,

538 4308 697 4379 etiam
726 4304 863 4361 filios
902 4304 1099 4360 habere
1137 4319 1221 4360 me
1249 4304 1412 4365 dicat,
1448 4320 1545 4359 nec
1581 4305 1753 4361 minas
1782 4320 1906 4363 suas
1930 4320 2108 4365 assen-
2160 4320 2163 4321 '

538 4401 741 4456 talione
769 4399 1009 4467 placabo,
1056 4412 1153 4452 nec
1196 4400 1531 4467 fatigationes
1560 4399 2103 4473 itinerum'verebor,

535 4490 626 4560 qui
676 4487 860 4543 civicis
899 4486 1211 4541 criminibus
1255 4488 1307 4540 in
1357 4489 1523 4555 patria
1565 4489 1683 4556 plus
1730 4489 1948 4562 fatigor,
2004 4508 2107 4549 nec

2207 3308 2401 3374 Fateor
2423 3309 2561 3362 ismd
2588 3308 2818 3376 petuisse
2831 3308 3165 3379 contingere,
3196 3312 3493 3379 praesertim
3520 3312 3667 3375 mihi,
3695 3313 3784 3368 cui

2207 3399 2251 3453 si
2274 3414 2374 3468 qua
2405 3398 2456 3451 in
2481 3400 2635 3452 annis
2660 3398 2997 3453 viridioribus
3026 3399 3239 3454 fuerunt
3262 3403 3430 3455 studia
3458 3402 3781 3465 litterarum,
3820 3387 3827 3392 ’

2208 3492 2385 3545 omnia
2418 3490 2519 3544 fert
2547 3500 2676 3543 tetas
2704 3489 2879 3559 (Virg.
2911 3492 3004 3544 ecl.
3032 3489 3113 3559 6).
3147 3491 3453 3546 Ambieram
3483 3501 3659 3549 tamen
3685 3494 3788 3550 hoc

2208 3582 2381 3649 ipsum
2405 3595 2434 3633 a
2463 3579 2620 3633 vobis
2645 3593 2825 3634 coram
2856 3583 3059 3650 positus
3085 3581 3288 3652 audire,
3313 3582 3412 3638 etsi
3438 3583 3548 3652 jam
3579 3582 3783 3638 sciendi

2209 3674 2262 3728 in
2292 3688 2377 3727 me
2403 3672 2627 3729 facultas
2655 3674 2924 3729 minuitur.
2952 3676 3056 3731 Sed
3079 3676 3201 3745 quia
3217 3690 3313 3729 vos
3332 3676 3581 3731 absentes
3606 3677 3787 3731 dicere

2209 3764 2467 3833 comperi,
2497 3779 2794 3834 quanquam
2820 3765 3010 3821 absens
3038 3766 3361 3835 respondere
3390 3767 3592 3822 curavi.
3623 3767 3786 3834 Igitur

2208 3859 2452 3927 culpasse
2479 3872 2573 3912 vos
2603 3844 2797 3924 feruni,
2822 3858 2961 3927 quod
2984 3858 3191 3912 Patitur
3211 3860 3382 3914 media
3407 3859 3558 3928 longa
3580 3859 3783 3931 syllaba

2208 3952 2456 4018 dixerim,
2476 3950 2752 4021 Virgilium
2787 3951 2839 4005 in
2872 3951 2971 4006 hoc
2995 3950 3158 4007 verbo
3181 3950 3384 4007 scilicet
3411 3966 3516 4006 non
3542 3942 3781 4017 secutus,

2209 4048 2297 4115 qui
2338 4042 2537 4112 syllaba
2571 4043 2685 4111 ipsa
2713 4051 2958 4111 correpta
3001 4056 3127 4097 usus
3150 4052 3231 4097 est
3272 4043 3455 4098 dicens
3501 4043 3545 4095 ri
3589 4044 3785 4110 potitur

2209 4134 2367 4208 (/En.
2404 4134 2504 4203 ut).
2528 4133 2633 4189 Sed
2657 4134 2793 4190 istud
2825 4133 3142 4189 remissibile
3163 4144 3242 4187 est
3266 4134 3523 4203 poematis
3550 4132 3786 4187 necessi-

2210 4234 2338 4290 tate,
2368 4225 2509 4294 quod
2559 4226 2610 4279 in
2650 4240 2813 4293 opere
2854 4240 2950 4279 suo
2998 4239 3140 4293 saepe
3180 4226 3477 4280 invenimus
3507 4224 3785 4293 Virgilium

2211 4316 2635 4387 prmsumpsisse,
2686 4327 2743 4369 ut
2790 4316 2997 4371 scilicet
3037 4316 3192 4371 metri
3234 4316 3422 4386 legem,
3454 4315 3620 4369 sicubi
3649 4331 3784 4384 opus

2211 4417 2310 4470 est,
2354 4397 2686 4461 barbarismo
2714 4416 2996 4461 contentus
3037 4406 3307 4475 expediat,
3347 4417 3401 4461 et
3458 4406 3783 4476 syllabarum

2212 4510 2450 4556 naturam
2476 4501 2636 4556 certis
2656 4500 2955 4569 quibusque
2986 4500 3118 4556 locis
3137 4512 3305 4555 artem
3330 4499 3545 4555 minime
3568 4511 3789 4557 secutus

539 4579 735 4635 multos
781 4577 917 4631 filios
960 4576 1157 4631 habere
1201 4592 1287 4632 me
1331 4578 1555 4647 negabo,
1598 4581 1689 4649 qui
1738 4596 1900 4638 unum
1932 4598 1998 4640 ex
2027 4588 2105 4642 eis
2132 4564 2187 4631 ί)
2210 4593 2445 4649 invertat
2470 4610 2482 4646 :
2510 4564 2777 4661 quale'est
2803 4564 2955 4655 illud,
2991 4593 3109 4646 Non
3137 4592 3320 4645 erimus
3350 4606 3501 4659 regno
3523 4590 3785 4647 indecores

611 4732 806 4805 .7,“ch
832 4739 973 4799 patet
1002 4744 1311 4805 persuasum
1342 4731 1514 4805 adhuc
1546 4732 1647 4787 illis
1679 4730 2005 4805 temporibus
2050 4745 2099 4799 in

538 4803 706 4860 Gallia
746 4804 929 4867 futsse,
978 4810 1191 4873 propter
1233 4800 1634 4873 fornicationem
1665 4800 1899 4873 separari
1928 4813 2098 4870 virum

537 4876 606 4930 ab
632 4889 820 4934 uxore,
840 4882 893 4926 et
914 4874 1068 4926 aliam
1099 4870 1525 4935 ducere,Christi
1560 4870 1814 4938 permissu
1846 4880 2095 4939 licuisse:

537 4946 674 5015 quod
704 4960 767 4999 ex
798 4942 1021 5015 concilio
1049 4957 1256 5015 quoque
1291 4943 1540 4997 Venetico
1571 4958 1774 5001 canone
1801 4947 1836 4999 2
1879 4955 2099 5008 manife-

535 5012 677 5071 stum
719 5022 803 5068 e-t
840 5031 851 5064 ε
897 5012 995 5066 Eos
1033 5014 1116 5080 qui
1164 5013 1349 5067 relictis
1394 5015 1636 5068 uxoribus
1690 5019 1816 5083 suis,
1861 5023 1991 5075 sicut
2046 5027 2096 5078 in

539 5084 817 5153 Evangelia
861 5083 1070 5155 dicitur,
1116 5094 1321 5149 excepta
1373 5101 1525 5137 causa
1574 5086 1941 5155 fornicationis,
1992 5095 2099 5150 sine

535 5156 771 5208 adulterii
794 5154 1089 5223 probatione
1104 5156 1231 5206 alias
1258 5154 1804 5221 duxerint,-statuimus
1829 5177 1860 5213 a
1876 5154 2100 5216 commu-

536 5228 687 5279 nione
710 5224 973 5278 arcendos.

604 5295 631 5333 ιι
662 5294 811 5361 Quod
839 5295 891 5347 in
918 5293 1101 5347 Galliae
1121 5309 1331 5362 quoque
1362 5295 1643 5363 provinciis
1665 5298 1914 5355 usitatum
1940 5301 2098 5357 docet

537 5365 643 5421 Leo
692 5370 945 5434 Magnus,
988 5366 1053 5417 ad
1092 5366 1371 5432 episc0pus
1421 5366 1704 5430 provincia:
1757 5367 2091 5426 Viennensis.

540 5436 834 5499 Nobiscum,
868 5434 1059 5503 inquit,
1083 5444 1247 5507 vestra
1286 5437 1577 5507 fraternitas
1606 5452 1945 5505 recognoscat,
1971 5460 2097 5507 apo-

537 5507 760 5577 stolicam
788 5508 955 5577 sedem
976 5521 1074 5577 pro
1099 5505 1179 5577 sui
1208 5506 1499 5577 reverentia,
1534 5523 1564 5577 a
1588 5518 1759 5577 vestra:
1795 5512 1947 5563 etiam
1980 5505 2097 5577 pro-

539 5575 711 5627 vincia:
737 5572 1075 5627 sacerdotibus
1102 5575 1378 5627 innumeris
1408 5572 1732 5628 relationibus
1757 5593 1863 5631 esse
1894 5572 2099 5636 consul-

540 5659 659 5706 tam,
694 5652 739 5694 et
780 5659 867 5713 per
905 5646 1232 5705 diversarum,
1265 5641 1685 5711 quemadmodum
1715 5656 1849 5700 vetus
1893 5666 2100 5713 consue-

539 5712 659 5766 tudo
681 5711 932 5781 poscebat,
964 5714 1349 5779 appellationem
1388 5728 1674 5779 causarum,
1707 5724 1793 5767 aut
1830 5711 2099 5774 retractata

539 5791 626 5835 aut
654 5779 952 5849 conﬁrmata
978 5785 1131 5851 fuisse
1141 5783 1362 5852 judicia.

2064 5910 2090 5960 κ.
2161 5918 2205 5931 ο.

2284 4758 2305 4786 ο
2336 4747 2578 4801 Messiani
2619 4761 2711 4814 per
2740 4743 2852 4800 hinc
2882 4755 3122 4815 tempora
3158 4747 3263 4801 dtto
3293 4758 3485 4816 praeter
3524 4750 3678 4803 istum
3721 4751 3780 4807 in

2208 4818 2431 4873 Galliam
2466 4816 2595 4871 noti.
2632 4816 2945 4888 UnusAviti
2976 4816 3106 4886 imp.
3136 4817 3410 4888 patricius,
3439 4834 3595 4888 quem
3636 4820 3787 4876 Rici-

2208 4904 2341 4952 mer,
2376 4903 2494 4941 cum
2526 4889 2734 4957 Avitum
2762 4886 3040 4957 Placentia:
3061 4886 3311 4955 spuliaret
3339 4886 3583 4957 imperio,
3612 4906 3642 4943 e
3670 4892 3781 4948 vita

2207 4958 2449 5019 sustulit;
2482 4958 2616 5011 alter
2644 4955 2701 5009 S.
2744 4956 2956 5021 Caesarii
2993 4958 3227 5026 episcopi
3281 4955 3537 5023 notarius,
3592 4970 3783 5027 postea

2208 5028 2504 5096 presbyter,
2540 5027 2633 5098 qui
2660 5041 2761 5098 una
2792 5040 2911 5081 cum
2953 5027 3224 5098 Stephano
3253 5028 3475 5083 diacono
3519 5034 3787 5098 pomerio-

2207 5110 2320 5170 rem
2354 5095 2517 5164 ipsius
2546 5095 2665 5148 vita:
2700 5096 2901 5170 librum
2940 5095 3275 5170 conScrtpsit.
3322 5100 3461 5153 Inter
3497 5095 3785 5170 utrumque

2206 5167 2526 5238 hicnosler,
2566 5166 2815 5238 omnibus
2855 5169 3120 5237 antiquior
3154 5166 3455 5224 Messianus
3496 5166 3782 5238 proconsul

2205 5234 2395 5311 Africa:
2429 5244 2545 5303 post
2575 5236 2905 5311 consulatum
2933 5234 3201 5311 Bautonis,
3230 5241 3295 5293 de
3318 5256 3423 5310 quo
3446 5234 3509 5294 SI
3527 5241 3785 5311 Augusti-

2205 5320 2303 5377 nus
2328 5306 2469 5377 libro
2495 5323 2507 5358 l
2534 5314 2717 5361 contra
2749 5307 2951 5362 litteras
2982 5308 3221 5365 Petiliani
3255 5306 3371 5377 cap.
3397 5312 3486 5365 23.

2278 5373 2303 5451 (ξ
2334 5375 2543 5430 Refellit
2570 5377 2800 5451 hominis
2828 5377 3056 5451 imperiti
3090 5373 3373 5451 inscitiam,
3403 5385 3489 5451 qui
3522 5382 3778 5439 vitiosum

2208 5448 2361 5521 Avito
2382 5456 2665 5521 accentum
2703 5446 2971 5521 objecerat
3009 5449 3059 5503 itt
3094 5450 3309 5505 homilia
3342 5446 3497 5520 quam
3533 5451 3781 5521 Lugduni

2209 5517 2259 5568 in
2283 5517 2514 5591 basilica:
2530 5517 2867 5591 dedicatione
2897 5522 3281 5591 pronuntiant.
3313 5517 3533 5577 llotnilia
3564 5517 3676 5591 haec
3699 5520 3786 5589 in-

2206 5586 2367 5661 teriit.
2402 5586 2600 5661 Laudat
2630 5592 2934 5661 vero_etiatn
2961 5588 3136 5644 Fausti
3168 5590 3409 5661 lieiensis
3436 5586 3693 5661 episcopi,
3724 5586 3781 5650 in

2204 5655 2441 5731 ejusdem
2473 5657 2713 5731 ecclesia:
2754 5658 3118 5731 Lugdunensis
3159 5655 3417 5717 dedicatae
3460 5655 3792 5731 festis'prte-

2203 5725 2760 5805 dicationesSidonius
2794 5727 2883 5782 lib.
2913 5744 2965 5792 tt,
2998 5732 3157 5799 epist.
3193 5731 3246 5797 ὅ,
3274 5750 3391 5803 qua:
3418 5734 3543 5803 ipse
3573 5725 3799 5804 patitor

2204 5804 2536 5851 interierunt.

2274 5931 2343 5941 νο-
