4092 6350
232 331 334 389 269
428 358 439 371 ι

1622 333 1946 391 EPISTOLA
1988 336 2121 390 LIV.

3371 350 3482 429 270

234 445 385 513 (diu.
414 446 528 513 vn),
558 445 638 501 vel
673 445 888 500 Fervcre
910 444 1356 529 LeucatemQEn.
1380 443 1519 515 vin),
1541 446 1623 499 vel
1651 446 1801 513 illud,
1831 449 1884 509 Α
1910 447 2160 516 quisitum
2210 446 2512 518 diligentius
2562 459 2940 522 repertumque
2997 454 3241 523 pandatis
3283 475 3295 509 :
3339 461 3485 529 quod

234 536 467 606 Namque
493 547 547 590 ut
576 553 864 607 supremam
902 536 1035 608 falsa
1065 537 1192 590 inter
1218 528 1411 608 gaudia
1443 546 1641 589 noctem
1670 536 1807 606 Ege-

231 631 388 683 rimus
430 629 585 699 (ίΕη.
634 631 729 700 is).
784 630 969 685 Nullus
1015 629 1369 684 litteratorum
1413 627 1624 682 inlicias
1662 628 1805 695 ierit,

232 723 519 792 productas
550 723 861 777 naturaliter
890 722 1210 792 penultimas
1250 720 1482 791 syllabas
1508 720 1575 775 ab
1595 729 1807 775 oratore

235 813 533 883 ponendas.
563 812 808 881 Virgilius
841 827 966 867 usus
1011 811 1225 867 licentia
1275 822 1571 881 poetarum,
1615 827 1807 866 secun-

230 909 352 959 dum
373 920 436 961 ea
457 921 575 975 qua
600 919 762 975 supra
781 905 1036 972 diximus,
1059 905 1363 974 corripiens
1394 905 1620 957 mediam
1652 903 1811 973 sylla-

228 996 348 1052 bam
382 998 743 1067 praesumpsit,
787 997 837 1051 id
872 1005 953 1051 est
997 998 1211 1067 potitur.
1260 997 1412 1064 Quod
1447 996 1688 1064 verbum,
1725 1010 1811 1051 se-

231 1096 501 1158 questrata
523 1090 791 1159 paulisper
816 1089 1019 1158 poetica
1051 1089 1316 1155 libertate,
1345 1089 1474 1143 artis
1498 1088 1673 1157 potius
1696 1088 1812 1158 lege

233 1189 541 1238 tractemus.
596 1181 889 1238 Commune
942 1182 1185 1249 verbum,
1242 1192 1484 1251 tempore
1536 1182 1809 1251 prasenti,

234 1286 455 1327 numero
493 1274 772 1343 singulari,
816 1288 1057 1343 persona
1098 1276 1285 1344 prima
1326 1276 1514 1345 potior,
1562 1272 1812 1329 secunda

231 1378 475 1433 persona
506 1367 675 1437 longa
708 1368 883 1422 media
914 1368 1132 1438 potiris;
1171 1376 1339 1422 restat
1381 1380 1523 1421 nunc
1570 1380 1813 1436 persona

235 1458 429 1524 tertia,
476 1458 527 1513 id
563 1468 645 1514 est
689 1461 901 1527 potitur,
961 1460 1206 1515 similiter
1259 1460 1416 1529 longa
1456 1461 1524 1514 sit
1572 1474 1810 1515 necesse.

235 1548 383 1604 Sicut
422 1552 670 1619 dicimus,
717 1553 935 1619 sortior,
995 1553 1227 1620 sortiris,
1263 1553 1530 1608 sortitur:
1576 1553 1652 1607 sic
1686 1561 1815 1605 tem-

233 1655 361 1709 pore
416 1644 688 1711 praterito
736 1646 994 1715 perlecta,
1058 1645 1266 1715 prima,
1318 1644 1588 1709 secunda,
1648 1645 1816 1698 tertia

232 1746 496 1800 persona.
525 1736 724 1803 potitus
754 1752 895 1801 sum,
925 1751 1005 1800 es,
1033 1746 1115 1792 est
1142 1755 1154 1789 :
1188 1740 1265 1793 sic
1291 1738 1606 1807 imperativo
1632 1736 1812 1800 modo,

231 1829 475 1893 tempore
513 1828 786 1894 prasenti,
835 1828 901 1882 ad
946 1828 1237 1883 secundam
1289 1843 1573 1896 personam
1622 1830 1816 1899 petire,
1848 1822 1897 1884 B

229 1913 365 1967 sicut
405 1916 618 1971 sortire.
651 1916 908 1972 Similiter
936 1919 1174 1988 optativo
1200 1919 1383 1983 modo,
1414 1928 1653 1988 tempore
1678 1935 1816 1989 pra-

228 2007 367 2061 senti
407 2016 463 2061 et
489 2012 763 2077 praterito
795 2010 1129 2080 imperfecto,
1156 2012 1257 2067 sub
1294 2013 1418 2066 totis
1442 2012 1608 2067 tribus
1638 2028 1822 2082 perso-

222 2100 327 2163 nis,
352 2114 513 2167 aque
534 2102 739 2171 syllaba
764 2103 1043 2172 producta,
1068 2105 1267 2159 utinam
1294 2108 1515 2176 potirer,
1543 2105 1817 2175 potireris,

223 2194 515 2259 potiretur.
548 2191 815 2248 Ceterum
837 2196 894 2262 :si
930 2196 1101 2250 tertia
1133 2210 1377 2265 persona
1408 2204 1465 2251 ut
1488 2198 1680 2263 potitur
1706 2196 1817 2252 bre-

231 2299 351 2339 vcm
372 2300 560 2353 ponas,
587 2285 725 2341 idem
748 2286 923 2343 facere
948 2289 1155 2357 cogeris
1176 2288 1517 2354 etsecunda,
1551 2297 1608 2342 ut
1633 2289 1817 2359 potiris

234 2373 415 2428 dicas:
448 2376 591 2445 quod
626 2376 809 2446 utique
838 2379 905 2433 ab
929 2380 1075 2434 omni
1100 2379 1351 2448 exemplo
1374 2388 1533 2449 atque
1559 2394 1658 2434 usu
1680 2380 1817 2434 inte-

233 2467 398 2534 gritas
436 2466 737 2525 Latinitatis
766 2471 1016 2525 excludit.
1058 2472 1195 2527 Ecce
1246 2473 1469 2527 verbum
1518 2487 1613 2541 pro
1650 2488 1756 2542 quo
1788 2488 1815 2527 a

230 2559 386 2614 vobis
416 2561 775 2629 reprehensus
804 2563 1031 2628 fueram,
1058 2562 1128 2619 de
1146 2578 1247 2632 qua
1277 2562 1449 2619 audeo
1476 2564 1684 2620 ratione
1700 2579 1819 2619 mu-

232 2651 390 2704 tuari.
442 2651 590 2706 Nunc
636 2662 835 2720 autem,
884 2654 1241 2709 honoriﬁcum
1285 2655 1435 2709 salve
1484 2656 1813 2725 persolvens,

230 2740 489 2811 impensis
523 2745 791 2813 precibus,
818 2760 1002 2815 quaso
1033 2755 1110 2811 ut,
1142 2747 1264 2817 quia
1296 2761 1396 2817 ego
1424 2747 1674 2801 amicitia
1693 2748 1815 2818 jure

230 2834 357 2903 quid
384 2834 512 2889 mihi
536 2836 808 2892 videretur
833 2838 973 2908 stylo
1016 2839 1221 2907 pagina
1248 2837 1519 2892 liberioris
1547 2839 1814 2908 expressi,

231 2940 325 2980 vos
354 2942 568 2997 quoque
598 2928 664 2983 ad
697 2928 890 2992 vicem,
930 2929 1161 2996 sublato,
1191 2938 1249 2983 ut
1289 2943 1446 2997 supra
1469 2928 1673 2985 dictum
1713 2942 1815 2997 est,

236 3016 543 3087 Virgiliana
570 3020 904 3075 auctoritatis
928 3022 1205 3092 exemplo,
1236 3037 1393 3092 quem
1425 3024 1508 3077 vel
1536 3023 1605 3078 ob
1635 3023 1735 3078 hoc
1762 3024 1816 3078 in

225 3107 693 3167 barbarismorum
723 3114 1069 3180 usurpatione
1111 3128 1218 3166 non
1248 3113 1506 3168 debemus
1531 3114 1812 3183 consequi,

226 3205 359 3259 licet
390 3205 535 3260 idem
571 3205 824 3276 Virgilius
852 3206 1007 3277 (Αςη.
1038 3207 1115 3276 γι)
1145 3210 1348 3276 potitus
1378 3209 1460 3263 vel
1501 3210 1648 3278 potiti
1692 3224 1814 3277 pro-
1840 3189 1887 3253 C

226 3292 388 3350 duete
422 3296 680 3363 posuerit,
706 3296 843 3351 sicut
863 3304 946 3351 est
972 3297 1098 3350 illud
1121 3314 1346 3367 auroque
1372 3299 1548 3368 potiti;
1570 3314 1666 3354 vos
1686 3300 1813 3358 mihi

228 3390 495 3445 rationem
534 3404 690 3458 quam
739 3390 886 3459 sequi
930 3390 1173 3455 debeam,
1210 3392 1472 3459 rescripto
1517 3401 1817 3459 exponente

230 3482 472 3537 tradatis.
508 3486 611 3535 Aut
645 3484 689 3536 si
730 3493 875 3537 certe
910 3484 1269 3539 sciscitantem
1305 3486 1593 3539 testimonii
1638 3485 1816 3555 cujus-

231 3588 439 3642 cunque
466 3572 662 3642 eligitis
682 3574 878 3628 docere
897 3574 1235 3642 compendio,
1269 3590 1428 3643 spero
1456 3586 1513 3630 ut
1540 3577 1606 3631 de
1627 3578 1817 3646 priscis

233 3667 397 3735 magis
424 3666 732 3721 oratoribus
760 3681 893 3736 quos
922 3667 1196 3737 discipulis
1223 3670 1411 3724 merito
1434 3671 1665 3739 traditis,
1695 3688 1815 3742 per-

300 3834 322 3860 "
354 3824 660 3893 Sequentes
689 3826 884 3893 aliquot
904 3825 1142 3894 epistola
1164 3841 1226 3880 ett
1257 3842 1454 3895 genere
1483 3840 1604 3883 sunt
1626 3845 1809 3883 earum

234 3909 321 3964 per
350 3910 483 3961 quas
514 3896 753 3964 episcopi
785 3895 932 3959 olim,
959 3896 1367 3951 solemnissitnis
1390 3899 1577 3953 diebus
1609 3900 1810 3954 Natalis

236 3963 434 4018 Domini
470 3978 525 4019 et
570 3963 993 4019 Resurrectionis
1023 3967 1362 4020 consalutare
1392 3983 1449 4022 se
1485 3970 1731 4031 invicem,
1760 3978 1813 4021 et

232 4049 381 4105 quam
438 4051 707 4105 prospere
760 4035 1099 4090 festivitatem
1141 4037 1523 4099 celebrassent,
1570 4040 1815 4092 nuntiare

232 4104 488 4160 solebant.
515 4106 837 4174 Huiusmodi
871 4108 1174 4173 complures
1202 4108 1341 4160 inter
1363 4106 1681 4161 Theodoreti
1701 4109 1818 4173 epi-

232 4174 389 4229 stolas
415 4178 464 4230 in
500 4178 685 4229 lucem
729 4192 900 4245 nuper
925 4176 1095 4230 ealitas
1137 4178 1329 4239 passim
1360 4191 1592 4245 aspersa
1633 4178 1820 4246 legun-

234 4254 329 4315 tur,
354 4262 471 4315 qua
501 4262 720 4302 morem
762 4246 903 4301 bunc
938 4247 1210 4315 morisque
1249 4261 1459 4311 causas,
1494 4259 1691 4300 mutua
1722 4248 1827 4300 sci-

233 4313 534 4372 licet'bene
550 4318 800 4371 volentia
839 4313 1183 4386 caritatisqne
1220 4316 1484 4380 studium,
1529 4332 1827 4386 reprasen-

237 4391 380 4463 tant:
427 4399 484 4440 ut
523 4389 690 4463 cpi-st.
801 4404 814 4441 :
849 4395 1219 4463 'I‘ioprata'rtxoig
1266 4389 1494 4463 συνήθως
1533 4390 1828 4463 κᾳχρήμερα

1910 542 2025 597 sine
2050 552 2363 612 argumento
2391 546 2543 613 artis,
2588 562 2687 602 nec
2715 549 2969 617 oratorio,
3007 551 3303 608 invenietur
3333 565 3485 626 pater

1910 645 1965 690 et
1992 637 2293 691 communis
2321 638 2480 705 illius,
2513 655 2734 709 quorum
2765 643 2973 712 ingenia
2999 645 3207 700 mallem
3238 649 3488 716 prasenti

1912 734 2152 794 tempore
2191 736 2248 779 ut
2304 728 2505 796 primus
2546 744 2703 799 quam
2750 734 2897 787 solus
2940 735 3211 801 imbueris,
3247 738 3346 793 hoc
3381 755 3487 795 uno

1913 826 2116 871 tantum
2156 814 2285 870 vitio
2313 830 2431 871 eSSe
2464 826 2766 875 contentus.
2796 820 2897 888 Qui
2936 832 3112 881 tamen
3147 842 3215 881 ex
3263 828 3351 881 illo
3382 846 3487 899 quo

1913 906 2174 975 proﬂuitis
2206 906 2353 961 uberi
2386 906 2531 963 fonte
2556 910 2813 965 doctrina:
2838 912 2945 981 jam
2985 930 3124 970 nunc
3169 918 3306 973 inter
3344 921 3489 975 initia

1913 1010 2005 1051 sua
2039 1012 2145 1052 non
2181 998 2355 1053 minus
2378 1014 2533 1068 quam
2582 1000 2785 1056 litteras
2832 1001 3034 1071 bibant,
3071 1008 3211 1075 quod
3258 1008 3489 1066 amicum
3524 1074 3531 1081 _

1914 1088 2185 1144 attrahere
2219 1092 2383 1161 magis
2406 1090 2593 1147 studiis
2620 1108 2777 1162 quam
2808 1092 3110 1163 detrahere,
3137 1108 3192 1154 et
3216 1110 3488 1158 oratorem

1914 1181 2090 1251 eloqui
2123 1184 2295 1252 potius
2327 1200 2483 1254 quam
2508 1184 2720 1257 obloqui
2750 1187 2922 1242 decet.

2440 1306 2465 1335 ⁸
2498 1298 2827 1355 EPISTOLA
2867 1300 2971 1357 LII.

1916 1422 2100 1463 svtrus
2150 1424 2456 1468 visussxsts
2492 1426 2769 1469 setscorus
2803 1411 2830 1473 ι)
2863 1428 3182 1475 vtvstvrtom
3222 1432 3493 1477 EPISCOPO.

1988 1496 2283 1555 Festivitati
2314 1511 2515 1557 sancta
2543 1503 2809 1569 cumulus,
2839 1519 2997 1573 quam
3031 1522 3289 1577 prospere
3320 1520 3491 1567 vestra

1920 1586 2302 1647 intercessione
2332 1595 2705 1665 transegimus,
2729 1595 2966 1651 caritatis
2986 1597 3226 1664 apicibus
3246 1616 3383 1669 quos
3408 1601 3490 1656 di-

1920 1680 2135 1734 rexistis
2156 1683 2419 1737 accrevit:
2460 1694 2511 1739 et
2550 1686 2619 1740 ob
2650 1686 2699 1740 id
2738 1687 3101 1758 multipliciter
3128 1691 3357 1745 reddidit
3401 1694 3492 1746 ιω.

1924 1772 2109 1838 tiores,
2136 1774 2277 1843 quod
2307 1776 2598 1831 Ecclesiam
2640 1794 2761 1847 qua
2808 1780 3001 1850 ubique
3029 1796 3133 1837 una
3172 1792 3275 1850 est,
3325 1784 3497 1840 unitas

1924 1864 2299 1934 complectitur
2340 1867 2674 1935 gaudiorum.
2707 1869 2927 1927 'l’ribuat
2969 1870 3232 1937 Christus,
3260 1884 3315 1926 ut
3358 1876 3499 1932 sicut

1924 1973 2065 2017 anno
2110 1960 2358 2029 prasenti
2391 1960 2655 2019 desideria
2695 1974 2873 2020 nostra
2921 1964 3164 2021 felicibus
3190 1967 3499 2035 complestis

1920 2052 2158 2115 indiciis,
2201 2055 2271 2109 ita
2303 2069 2516 2123 quoque
2559 2065 2801 2126 tempore
2837 2068 3088 2113 secuturo
3133 2060 3493 2116 visitationem

1919 2158 2134 2213 semper
2160 2148 2445 2213 optandam
2480 2146 2765 2207 Viennensi
2795 2146 3050 2205 Ecclesia
3078 2150 3385 2207 conferatis.

2458 2256 2783 2314 EPISTOLA
2823 2258 2950 2314 LIII.

1922 2405 2103 2445 Ανιτυε
2160 2406 2464 2447 νιιῑκκεηειε
2518 2409 2794 2451 EPISCOPUS
2849 2407 2870 2433 θ
2914 2412 3156 2455 δειειιο
3224 2414 3493 2458 81³19001⁵0.

1995 2484 2225 2537 Litteras
2250 2484 2612 2551 beatitudinis
2644 2495 2832 2551 vestra
2858 2503 2989 2558 quas
3017 2489 3336 2546 diuturnitas
3360 2502 3496 2547 tem-

1921 2576 2066 2645 poris
2098 2574 2295 2631 fecerat
2326 2568 2735 2645 desiderabiles,
2769 2579 2939 2637 vicina
2970 2580 3227 2638 festivitas
3257 2584 3492 2639 reddidit

1918 2668 2199 2739 gratiores,
2228 2683 2384 2747 quam
2429 2668 2483 2723 in
2522 2668 2618 2725 Dei
2657 2670 2875 2727 nomine
2912 2686 3166 2745 prospere
3209 2676 3499 2732 celebravi-

1920 2775 2059 2823 mus,
2083 2768 2137 2815 et
2161 2775 2190 2814 a
2217 2760 2367 2817 vobis
2394 2762 2677 2820 commode
2702 2771 3020 2821 transactam
3045 2781 3167 2839 esse
3183 2768 3496 2837 gaudemus.

1918 2856 2078 2910 Orate
2117 2854 2246 2909 illud
2290 2868 2507 2923 semper
2560 2854 2815 2911 Ecclesia
2869 2858 3150 2915 catholica
3191 2871 3499 2923 sanctorum

1918 2947 2169 3017 sullragio
2203 2946 2507 3019 provenire,
2539 2949 2680 3018 quod
2713 2949 2971 3007 Divinitas
3015 2953 3212 3023 regula
3250 2955 3399 3011 novit
3434 2972 3499 3014 ac

1922 3039 2056 3108 paci,
2078 3039 2219 3094 salva
2238 3039 2289 3093 in
2312 3038 2560 3094 omnibus
2573 3039 2922 3098 fraternitatis
2935 3044 3158 3102 caritate
3174 3058 3495 3117 congruere.

2452 3181 2782 3238 EPISTOLA
2822 3183 2952 3239 LIV.

1923 3313 2108 3353 AVITCS
2153 3310 2457 3352 VIENHENSIS
2530 3309 2803 3351 EPISCOPUS
2858 3311 3170 3355 APOLLINARI
3228 3314 3499 3359 EPISCOPO.‘

1991 3390 2117 3444 Post
2169 3397 2351 3443 sancta
2401 3384 2681 3441 dominica
2733 3387 3031 3446 Nativitatis
3084 3393 3256 3448 ofﬁcia
3305 3396 3498 3467 quibus

1923 3481 2233 3553 a‘gerrimns
2271 3489 2325 3535 et
2355 3493 2481 3534 vere
2524 3479 2639 3546 plus
2679 3494 2836 3547 quam
2884 3479 3055 3536 fessus
3094 3483 3328 3553 interfui,
3358 3488 3500 3555 quod

1923 3576 2054 3631 mihi
2085 3584 2203 3645 post
2248 3573 2415 3627 Deum
2460 3571 2689 3659 primum
2722 3585 2785 3627 ac
2820 3571 3089 3643 singulare
3112 3587 3213 3641 est,
3256 3581 3496 3635 nuntium

1922 3678 2154 3724 vestrum
2177 3673 2457 3735 exspecto;
2494 3676 2651 3733 quem
2694 3662 2739 3717 si
2788 3677 3037 3720 meruero
3066 3672 3305 3735 sum‘ere,
3354 3686 3501 3742 qua-

1921 3827 2300 3883 triarcharum.
2345 3822 2538 3892 quibus
2583 3823 2806 3892 proximi
2851 3822 3071 3881 Pascha
3108 3825 3247 3882 diem
3289 3832 3500 3887 cateris

1920 3898 2163 3954 ecclesiis
2200 3895 2604 3967 denuntiabant.
2635 3894 2740 3949 Sed
2783 3894 2886 3949 illa
2916 3896 3198 3953 Paschales
3238 3899 3362 3954 idco
3408 3917 3503 3967 ap-

1922 3970 2151 4039 pellata,
2180 3967 2299 4039 quia
2325 3965 2400 4039 de
2419 3964 2505 4019 die
2533 3965 2749 4039 Pascha
2775 3982 2962 4039 omnes
2987 3985 3001 4021 :
3035 3971 3129 4027 bas
3158 3985 3285 4024 vero
3309 3964 3502 4039 partim

1924 4034 2083 4093 etiam
2116 4034 2325 4107 Natales
2354 4036 2533 4090 dicere
2566 4034 2734 4097 licuit,
2759 4037 2886 4107 quia
2922 4052 3015 4107 pe_r
3046 4034 3323 4107 utramque
3356 4042 3503 4097 festi-

1926 4111 2142 4160 vitatem
2175 4106 2543 4167 mittebantur,
2576 4114 2634 4157 ut
2664 4110 2715 4156 in
2758 4103 2930 4158 Natali
2960 4104 3152 4159 Christi
3178 4103 3402 4173 epistola
3432 4112 3499 4164 5's

1925 4190 1971 4232 et
1999 4177 2066 4230 56
2090 4178 2256 4235 Aviti,
2294 4177 2345 4227 in
2395 4175 2810 4229 Resurrect'tone
2832 4176 2921 4235 58,
2947 4176 3035 4239 63,
3064 4177 3131 4228 64
3152 4176 3500 4234 Theodoreti.

1997 4246 2024 4286 δ
2059 4244 2418 4314 Lugdunensi.
2444 4246 2529 4314 cui
2563 4243 2759 4314 adhuc
2785 4243 3099 4314 presbytero
3137 4245 3501 4313 episcopatum

1927 4311 2214 4385 auguratus
2244 4323 2325 4367 est
2358 4311 2796 4385 Avitusiepistola
2833 4313 2918 4385 η’,
2947 4311 3289 4382 Lugdunensi
3315 4311 3502 4372 cathe-

1930 4383 2039 4442 dra
2066 4385 2341 4456 praefuisse
2373 4384 2664 4457 ostendunt
2702 4383 3146 4457 concilia_quibus
3194 4387 3504 4457 subscribit,

236 4457 500 4536 Ἰρᾲμμοεᾳι
540 4453 827 4536 {Festinus
866 4453 940 4536 de
972 4476 1107 4536 more
1157 4460 1354 4536 {itteras
1399 4453 1714 4536 scripsimus.
1762 4460 1829 4514 Et
1856 4457 1909 4521 D
1939 4453 2251 4536 Epaottense
2288 4464 2347 4536 et
2396 4453 2751 4536 Lugdunenses
2794 4453 3287 4536 sub-Sigismundo.
3335 4453 3503 4536 Quam

242 4529 389 4605 epist.
424 4529 457 4581 5
484 4529 907 4605 ξᾼΤῆςχιλίαςμτρ
937 4532 1112 4605 μέτρον
1148 4530 1386 4600 ἕτίνομεν,
1409 4534 1537 4605 χριτά
1567 4532 1716 4599 νόμον
1738 4540 1828 4605 τῆς

240 4594 409 4669 inps-ii;
434 4616 446 4649 :
480 4594 741 4652 Amicitia:
767 4594 1237 4668 officio-fungimur,
1258 4594 1311 4652 ut
1330 4601 1446 4669 festi
1476 4603 1557 4654 lca:
1579 4594 1821 4669 postulat.

242 4663 303 4717 El.
325 4667 486 4743 epist.
519 4670 593 4722 26
622 4687 633 4720 :
666 4663 829 4743 Tauro
850 4663 1001 4743 763p!)
1033 4663 1123 4743 is;
1155 4663 1339 4743 ἔορτῆξ
1359 4675 1442 4725 καὶ
1468 4672 1491 4726 ὁ
1515 4663 1605 4743 τῆξ
1631 4674 1829 4743 ἀγάπης

243 4690 303 4717 ω
325 4690 486 4735 epist.
519 4690 593 4722 zo
622 4690 633 4720 :
666 4690 829 4723 ἰουτο
850 4690 945 4792 γῖῘ
975 4692 1001 4723 o
1033 4691 1123 4730 της
1155 4691 1326 4743 mpm;
1359 4694 1442 4725 και
1468 4694 1491 4726 o
1515 4694 1605 4732 της
1631 4694 1829 4743 αγαπης

243 4740 641 4810 παρακελεύεται
664 4742 805 4809 νόμος
832 4756 844 4791 :
938 4756 993 4791 oc
1021 4742 1151 4792 enim
1182 4755 1228 4793 et
1264 4742 1375 4807 [esti
1405 4751 1451 4795 et
1491 4742 1715 4795 caritatis
1748 4744 1831 4796 lea:

244 4809 437 4862 suadet.
469 4809 715 4876 Denique
742 4810 840 4863 hoc
869 4825 1027 4863 unum
1068 4811 1273 4865 illarunt
1304 4810 1403 4864 fuit
1432 4821 1826 4879 argumentum,

247 4880 379 4949 quod
412 4895 475 4933 ex
508 4879 741 4948 cpistola
774 4880 842 4934 56
874 4880 1055 4934 videre
1080 4891 1179 4941 est,
1208 4896 1365 4947 quam
1399 4882 1683 4949 integram.
1707 4882 1830 4949 quia

249 4944 476 5022 brevior,
510 4944 849 5022 siibjicimus.
880 4944 1272 5022 seruantia.
1296 4944 1535 5022 Ἀκμάζεῖ
1552 4955 1641 5022 μὲν
1666 4944 1740 5007 ἕτὶ
1766 4955 1833 5007 τὰ

242 5023 326 5096 τῆς
564 5023 657 5096 θεαὶ
690 5021 933 5096 χαλεπῶς
966 5020 1093 5079 αὕτη
1131 5019 1444 5096 προσϐάςλλεγι
1487 5019 1560 5096 ἰξῷ
1585 5024 1827 5096 lapsoque},

241 5088 322 5165 re»
349 5087 407 5165 fit
443 5099 536 5149 τῆς
574 5087 757 5163 sopri};
804 5092 1074 5165 πληρῶσαι
1125 5087 1273 5161 νὸμον
1322 5087 1570 5147 entheo»
1619 5087 1827 5165 δῖκοέᾳοῖν.

246 5158 426 5236 nus-im
446 5167 570 5230 γοῦν
598 5158 684 5214 xui
709 5169 810 5236 rei;
840 5158 1107 5236 γρᾶμμασς
1148 5158 1425 5236 κὲχρημαᾲι,
1463 5168 1543 5216 καὶ
1568 5170 1661 5236 τήν
1687 5164 1830 5217 εὐλά-

247 5225 374 5304 ϐειᾴν
408 5225 515 5304 seu
547 5225 1107 5304 προσφθέγγὸμαίξκαὶ
1162 5225 1257 5292 sui".
1558 5235 1728 5287 ἐκτίνω
1772 5236 1831 5287 τὸ

246 5300 415 5368 χρέος.
471 5299 635 5367 Urget
681 5299 883 5367 quidem
921 5300 1090 5353 adhuc
1133 5318 1211 5355 me
1253 5299 1479 5365 tristitia,
1529 5312 1575 5355 et
1618 5312 1833 5355 mentem

245 5368 454 5440 graviter
471 5370 695 5440 concutit
708 5386 726 5423 .'
750 5380 973 5424 attamen
989 5371 1088 5424 diei
1108 5371 1221 5439 festi
1240 5370 1399 5439 legem
1416 5372 1626 5440 implere
1639 5373 1833 5435 iustum

247 5435 548 5509 existimari.
579 5437 739 5492 Nunc
758 5442 944 5509 itaque,
977 5450 1023 5494 et
1051 5435 1235 5502 sciibo,
1266 5435 1311 5494 et
1340 5435 1671 5494 reverentiam
1694 5450 1833 5495 tuum

247 5506 446 5579 saluto,
495 5518 544 5561 et
583 5512 817 5564 caritatis
843 5506 1077 5563 Vdebitunt
1130 5512 1353 5565 exsolve.
1406 5512 1482 5565 Ex
1534 5510 1617 5565 Itis
1667 5521 1827 5579 patet,

248 5573 609 5650 Egprantxéc,
653 5580 755 5650 hoc
800 5589 881 5637 est
933 5579 1149 5635 festivas
1204 5581 1317 5635 sive
1368 5580 1601 5647 iestales,
1656 5573 1719 5635 ex
1767 5573 1833 5637 eo

249 5644 431 5719 dictas,
466 5648 614 5717 quod
651 5649 797 5705 [estis
839 5651 1025 5707 diebus
1066 5651 1426 5709 scriberentur
1459 5668 1474 5705 :
1520 5644 1626 5719 quo
1672 5652 1833 5707 modo

251 5717 385 5794 apud
414 5719 811 5795 elegandrinos
838 5721 1161 5795 ερρταστᾳᾳί
1200 5723 1327 5795 item
1338 5717 1684 5795 nuncupata
1706 5731 1832 5777 sunt

252 5786 487 5853 epistolae
514 5789 823 5855 Paschales,
852 5786 1157 5860 Theophili,
1186 5792 1370 5848 Cvrilli
1396 5805 1449 5850 et
1479 5786 1701 5848 aliorum
1733 5808 1827 5861 pa-

1935 4524 2211 4597 esquisita
2260 4532 2438 4597 autem
2472 4524 2740 4597 doctrina
2782 4524 2863 4597 vir
2900 4525 3075 4587 fuerit.
3115 4544 3179 4581 ex
3220 4524 3507 4597 Agotiardo

1932 4595 2182 4654 disi-intus
2216 4598 2267 4651 in
2296 4596 2429 4649 libro
2451 4596 2515 4650 de
2539 4595 2772 4650 Judaicis
2798 4595 3293 4665 Superstitionibus.
3328 4599 3507 4654 l’ireu-

1934 4671 2107 4732 tiolus,
2139 4669 2328 4735 inquit,
2370 4666 2608 4739 Ecclesia
2649 4665 3001 4735 Lugdunensis
3040 4671 3325 4739 episcopus,
3364 4675 3508 4739 cujus

1934 4742 2178 4793 doctrinae
2202 4739 2375 4807 fuerit,
2405 4754 2505 4790 non
2533 4738 2696 4790 solum
2722 4738 2905 4805 ipsius,
2935 4739 3023 4792 sed
3042 4748 3088 4791 et
3114 4740 3331 4792 aliorum
3360 4738 3427 4794 de
3450 4758 3507 4795 eo

1933 4813 2122 4881 scripta
2150 4816 2412 4862 testantur.

2009 4875 2043 4918 ε’
2067 4881 2447 4933 Vasionensem
2490 4878 2806 4948 episcopum,
2848 4875 3013 4948 fuisse
3042 4878 3195 4933 docet
3231 4880 3345 4948 ejus
3386 4882 3511 4936 sub-

1934 4950 2154 5015 scriptio
2182 4950 2232 5001 in
2261 4948 2489 5001 concilio
2512 4947 2833 5013 Epaonensi.
2862 4945 2927 5001 Ut
2948 4947 3214 5003 diversum
3243 4945 3416 5003 autem
3442 4953 3509 5005 ab

1935 5036 1999 5075 eo
2025 5018 2591 5089 Gemellocredamus,
2606 5032 2781 5089 quem
2800 5017 2851 5071 in
2872 5018 3059 5072 eadem
3084 5021 3351 5089 provincia
3372 5037 3501 5089 pra-

1938 5092 2194 5145 lectorum
2225 5088 2482 5141 vicarium
2509 5088 2739 5140 vidimus
2773 5088 2825 5142 in
2855 5088 3192 5157 cpistola'32,
3224 5091 3345 5143 facit
3368 5088 3507 5157 quod

1938 5162 1989 5213 in
2019 5176 2080 5215 ea
2112 5159 2317 5229 synodo
2339 5172 2459 5229 qua
2488 5159 2669 5227 paucis
2694 5166 2817 5226 post
2841 5159 2991 5212 annis
3026 5170 3205 5215 secuta
3238 5172 3338 5226 est,
3366 5169 3512 5212 vete-

1937 5244 2097 5284 ranus
2130 5226 2410 5299 episcopus
2441 5226 2549 5297 jam
2580 5237 2715 5294 erat,
2748 5229 3143 5299 principemque
3182 5235 3320 5285 inter
3345 5229 3506 5299 colle-
3540 5250 3551 5299 ς

1934 5316 2028 5370 gas
2077 5300 2246 5370 locum
2277 5298 2573 5370 obtinebat.
2591 5300 2722 5370 _Qua
2751 5302 2911 5370 etiam
2943 5301 3009 5355 de
3038 5298 3195 5355 causa
3239 5301 3338 5351 hoc
3386 5298 3504 5370 loco

1935 5366 2248 5435 Apollinari.
2284 5368 2537 5431 Victorio,
2578 5366 2801 5422 Claudio
2836 5378 2889 5424 et
2926 5370 3182 5437 Gregorio
3227 5368 3504 5437 anteponi-

1938 5452 2041 5505 tur,
2065 5440 2150 5507 qui
2182 5438 2370 5495 eodem
2402 5438 2588 5492 ordine
2618 5441 2669 5493 in
2699 5439 2887 5493 eadem
2916 5435 3119 5508 synodo
3141 5435 3505 5492 subscribunt.
3535 5438 3543 5451 ‘

1937 5511 2296 5579 Apollinarem
2330 5508 2668 5563 Valentinum
2700 5510 3007 5578 episc0putn
3036 5508 3278 5561 novimus
3307 5522 3385 5579 ett
3398 5511 3513 5579 epi-

1936 5577 2069 5635 stola
2104 5580 2187 5643 Η,
2234 5580 2522 5634 Victorium
2555 5577 3101 5647 Gratianopolitanum
3132 5592 3197 5631 ex
3230 5579 3317 5634 16.
3348 5577 3507 5632 Clau-

1937 5652 2055 5704 dius
2105 5665 2234 5704 vero
2272 5660 2324 5704 et
2357 5650 2668 5718 Gregorius,
2707 5649 2927 5715 illustris
2975 5647 3133 5702 ambo
3180 5650 3407 5705 nominis
3456 5663 3510 5704 et

1940 5722 2109 5787 fama,
2144 5722 2278 5776 alter
2328 5721 2665 5777 Vesuntinam
2710 5718 2847 5771 rexit
2878 5718 3189 5788 Etalesiant,
3229 5725 3364 5776 alter
3385 5719 3509 5774 Lin-

1938 5807 2245 5860 gnncnsem.

2650 5928 2695 5938 κ
