4092 6350
555 405 660 467 271

1824 400 1880 454 S.
1918 396 2101 453 AVITI
2144 396 2547 455 VIENNENSIS

3585 328 3614 355 δ

3713 394 3820 450 272

560 536 771 593 cunque
802 520 890 575 illa
910 532 1012 589 qua
1032 517 1219 585 dignus
1248 528 1362 569 sum
1393 513 1514 577 fuit,
1547 520 1604 565 ut
1636 526 1735 581 ego
1761 511 1972 566 confido
2000 521 2133 567 tem-
2158 515 2211 572 Α
2236 510 2432 567 videtis
2452 510 2519 564 ad
2550 508 2657 565 mei
2680 508 2847 564 solius
2874 507 3144 577 pertinere
3174 507 3533 579 dispendium,
3562 508 3706 578 quod
3726 523 3819 565 ne—

562 612 851 685 perabitur,
884 619 940 663 ut
965 621 1060 663 vos
1087 604 1369 661 mercmini
1402 604 1710 674 detergetur
1730 602 2013 672 asperitas.

1099 698 1435 756 EPISTOLA
1472 696 1582 753 LV.

656 808 841 850 Ανιτυε
869 804 1170 846 \‘lENNENSIS
1193 804 1467 844 EPISCOPUS
1494 801 1742 842 VICTOBIO
1771 801 2037 841 liPlSCOPO.

633 889 890 957 Prospera
912 886 1023 941 Deo
1050 883 1281 955 pr0pitio
1304 881 1605 937 festivitatis
1631 879 1877 946 exordia,
1904 879 2021 949 quia
2044 877 2139 933 ob-

564 979 841 1034 tinueratis
892 975 1161 1045 suffragio,
1203 974 1458 1028 visitastis
1489 974 1702 1026 alfectu.
1748 971 1874 1024 Nam
1912 968 2037 1023 dum
2086 976 2141 1023 et

564 1086 742 1126 curam
772 1069 907 1138 patri
942 1067 1100 1122 solito
1131 1054 1335 1135 geritis,
1368 1074 1423 1119 et
1464 1065 1529 1118 de
1572 1062 1936 1117 incolumitate
1962 1064 2141 1114 vestra

567 1178 686 1233 quae
709 1158 847 1216 votis
876 1159 1193 1215 conveniant
1214 1156 1488 1218 nuntiatis,
1514 1154 1654 1224 quod
1682 1152 1972 1223 gaudemus
1988 1150 2141 1235 oﬂ‘er-

569 1260 658 1325 tis,
686 1266 739 1312 et
763 1255 905 1326 quod
934 1255 1190 1315 debemus
1218 1249 1441 1321 exigitis.
1476 1248 1694 1304 Tribuat
1721 1248 1962 1303 Christus
1982 1236 2140 1317 hujus

571 1350 737 1419 ipsius
759 1347 969 1418 pietatis
997 1360 1059 1401 ac
1081 1342 1401 1413 dignationis
1422 1350 1613 1397 vestrae
1637 1340 1853 1395 uberem
1875 1351 2144 1393 commea-

568 1453 701 1506 tum,
735 1441 787 1493 in
818 1454 921 1509 quo
953 1453 982 1491 a
1009 1437 1163 1492 vobis
1192 1450 1413 1507 munere
1453 1432 1747 1503 magisterii
1777 1431 2055 1502 geminati,
2091 1439 2144 1485 et

570 1546 667 1600 per
677 1529 1049 1586 sollicitudinis
1067 1526 1379 1582 beneficium
1399 1522 1768 1579 confortentur
1785 1537 1941 1579 senes
1955 1522 2139 1587 vestri,

570 1632 621 1676 et
652 1635 747 1692 per
773 1619 1009 1675 caritatis
1030 1617 1334 1685 exemplum
1360 1617 1559 1684 posteri
1591 1614 1900 1671 doceantur.

1101 1705 1427 1761 EPISTOLA
1471 1704 1605 1760 LVI.

678 1813 863 1855 Ανιτυε
888 1810 1189 1851 VIENNENSIS
1208 1809 1481 1850 EPISCOPUS
1510 1810 1733 1850 CLAUDIO
1764 1810 2028 1851 EPISCOPO.

2238 617 2376 675 queo
2406 602 2630 672 implere
2663 608 3011 670 przeceptum.
3042 598 3117 653 lta
3158 615 3389 670 namque
3421 599 3558 669 apud
3587 614 3685 654 nos
3726 614 3817 669 per

2242 704 2509 750 momenta
2554 694 2759 763 singula
2794 702 3116 762 p0tcSIatum
3159 700 3409 762 speratur
3448 693 3731 759 adventus,
3764 701 3818 748 ut

2239 786 2341 840 nisi
2373 786 2476 840 illis
2503 782 2841 839 venientibus
2888 797 3124 853 praesens
3160 798 3280 840 esse
3319 799 3602 850 curavero,
3646 786 3714 839 ab
3741 786 3817 841 eis

2240 882 2329 949 qui
2351 882 2527 936 solent
2568 881 2621 935 in
2652 880 2806 935 nobis
2834 879 2995 934 etiam
3026 880 3223 935 leviora
3260 880 3497 951 culpare,
3530 882 3818 951 quamlibet

2241 973 2465 1041 simplex
2494 973 2775 1029 abscessus
2806 986 2980 1037 meus,
3003 985 3110 1027 non
3133 971 3303 1027 solum
3334 972 3695 1042 negligentiae,
3720 972 3813 1027 sed

2242 1065 2403 1120 etiam
2433 1066 2787 1120 contumaciae
2815 1044 3120 1133 deputetur.
3153 1063 3513 1133 Quapropter,
3544 1063 3810 1118 communi

2242 1158 2562 1213 necessitate
2584 1167 2883 1226 perspecta,
2928 1155 3339 1225 impossibilitati
3372 1172 3504 1212 mea;
3525 1156 3815 1212 clementer

2244 1250 2518 1319 ignoscite,
2550 1257 2603 1304 et
2634 1257 2690 1303 ut
2714 1247 2997 1303 desideriis
3025 1248 3243 1314 nostris,
3275 1248 3319 1302 si
3346 1263 3453 1305 non
3484 1248 3702 1320 iugiter,
3734 1249 3813 1304 vel

2243 1339 2506 1396 interdum
2529 1339 2838 1395 satisfacere
2860 1338 3127 1407 possimus
3151 1346 3319 1394 orate.

2712 1440 2713 1445 ‘
2763 1430 3092 1486 EPISTOLA
3132 1430 3269 1486 LIX.

2616 1536 2955 1578 VIVENTIOLUS
2985 1538 3143 1577 AVITO
3170 1537 3439 1579 EPISCOPO.

2314 1619 2393 1675 Ad
2437 1616 2837 1675 similitudinem
2880 1616 3073 1673 divina:
3097 1616 3458 1687 [benignitatis
3497 1616 3818 1675 deliberatio

2244 1723 2415 1770 vestra
2443 1714 2710 1769 cultorum
2735 1727 2952 1769 suorum
2982 1713 3329 1782 petitionibus
3374 1722 3723 1785 temperetur,
3756 1724 3815 1769 ut

2242 1808 2299 1863 in
2324 1807 2665 1863 solemnitate
2708 1807 2876 1862 sancti
2908 1806 3045 1861 Justi
3074 1806 3400 1876 plebeculam
3423 1820 3574 1863 suam
3604 1816 3820 1878 aposto-

640 1891 743 1944 Pro
766 1886 1149 1943 consuetudine
1170 1885 1435 1941 desideria
1484 1896 1667 1940 nostra
1698 1887 1887 1941 votivis
1932 1884 2128 1942 indiciis

2245 1901 2382 1957 latus
2407 1901 2567 1956 vestri
2596 1898 2826 1955 visitatio
2851 1897 3155 1954 benedicat.

569 1980 778 2050 pietatis
790 1978 966 2034 studio
980 1977 1286 2042 cumulatis;
1306 1991 1529 2047 quorum
1548 1976 1850 2032 visitatione
1867 1986 2135 2047 suscepta,

567 2071 870 2125 Nativitatis
899 2069 1176 2125 dominicae
1206 2068 1360 2123 nobis
1388 2069 1519 2123 festa
1544 2068 1917 2137 prosperitatis
1946 2077 2141 2123 vestrae

567 2165 899 2235 geminantur
926 2170 1233 2232 augmento.
1263 2160 1365 2215 Pro
1392 2175 1493 2230 qua
1522 2161 1691 2229 gratia
1715 2175 1873 2229 quam
1895 2174 2021 2229 erga
2042 2160 2140 2216 nds

518 2300 523 2303 μ
567 2256 835 2312 beatitudo
857 2264 1030 2310 vestra
1058 2253 1271 2309 assidua
1292 2252 1600 2323 dignatione
1630 2252 1968 2324 multiplicat,
2002 2267 2137 2321 prae-

569 2349 793 2404 sentiam
825 2354 1058 2401 vestram
1097 2344 1493 2400 succedentium
1539 2358 1800 2399 annorum
1844 2344 2141 2401 numerosi—

567 2448 677 2494 tate
700 2437 961 2492 Divinitas
992 2434 1273 2505 propitiata
1303 2434 1636 2504 longaevitet.

1080 2525 1409 2581 EPISTULA
1447 2525 1580 2580 LVII
1588 2566 1607 2587 .

654 2635 841 2676 Ανιτυε
869 2630 1168 2673 νιεκαεκειε
1198 2630 1471 2671 EPISCOPUS
1500 2631 1760 2673 GREGOBIO
1784 2630 2046 2671 EPISCOPO.

634 2713 835 2783 Magnae
880 2709 1095 2780 quidem
1138 2719 1190 2763 et
1229 2709 1387 2762 nimis
1420 2707 1748 2762 admirandae
1777 2719 1898 2761 sunt
1928 2706 2135 2763 delicia:

565 2820 698 2877 quas
740 2801 979 2866 misistis,
1009 2799 1183 2869 copia,
1218 2807 1478 2866 tempore,
1515 2796 1801 2867 dignitate;
1834 2797 1927 2851 sed
1961 2807 2137 2853 tamen

566 2894 797 2957 aﬂ‘ectui,
824 2891 1021 2960 pietati,
1047 2885 1390 2943 sollicitudini
1431 2901 1534 2941 non
1564 2896 1860 2955 aequantur.
1889 2886 1991 2941 Per
2020 2902 2138 2957 qua

565 2988 842 3061 probatur,
876 2997 979 3039 non
1011 2990 1116 3037 tam
1145 2980 1379 3051 dignatio
1408 2988 1584 3034 vestra
1624 2979 1779 3034 nobis
1803 2994 1961 3049 quam
1996 2996 2137 3050 prae-

566 3081 736 3134 sentia
762 3075 1015 3131 defuisse.
1049 3072 1309 3142 Expedita
1340 3080 1422 3127 cst
1442 3070 1815 3143 suffragiorum
1838 3083 2135 3129 veSIrorum

564 3168 915 3243 prosperitate
936 3167 1223 3222 festivitas;
1250 3164 1331 3219 cui
1351 3174 1605 3234 quantum
1626 3164 1850 3221 accessit
1879 3180 2133 3236 corpora-

564 3263 711 3323 lium,
743 3269 943 3314 tantutu
978 3274 1006 3312 a
1042 3256 1424 3311 consuetudine
1454 3256 1774 3327 spiritalium
1806 3256 1973 3313 defuit
1998 3272 2125 3327 epu-
2159 3255 2208 3323 ο

565 3355 734 3409 larum
756 3371 769 3406 :
795 3367 923 3422 quas
943 3350 1073 3405 mihi
1094 3348 1235 3405 Deus
1264 3347 1310 3403 si
1337 3348 1389 3403 in
1411 3347 1589 3405 futuro
1610 3349 1794 3405 tribuit
1809 3359 2130 3417 commeatu,

562 3447 701 3502 sicut
733 3459 874 3499 nunc
912 3459 1006 3513 per
1047 3456 1143 3498 vos
1177 3441 1558 3511 transmittere,
1592 3442 1665 3497 ita
1696 3451 1820 3497 tunc
1854 3442 2128 3500 vobiscum

561 3536 815 3594 exhibere
843 3535 1094 3604 dignetur

1076 3625 1403 3682 EPISTOLA
1445 3624 1622 3679 LVlll.

558 3738 743 3779 Ανιτυε
771 3732 1073 3775 νιεΝΝεΝειε
1112 3731 1385 3772 EPISCOPUS
1427 3725 1454 3753 ⁸
1494 3730 1810 3771 νινεΝτιοιο
1859 3730 2123 3773 EPISCOPO.

626 3813 738 3867 Nisi
766 3812 1071 3878 frequenter
1106 3817 1226 3862 vota
1248 3807 1559 3875 communia
1605 3817 1940 3875 peccatorum
1961 3808 2129 3877 impe-

559 3907 797 3960 direntur
831 3902 1063 3970 objectu,
1108 3899 1333 3968 jussioni
1369 3900 1854 3955 consuetudinarite
1894 3903 2127 3959 caritatis

558 3996 714 4049 solito
742 3994 1011 4048 volueram
1045 4005 1235 4059 parere
1254 3990 1494 4045 servitio.
1533 3990 1666 4047 Nam
1696 4006 1815 4048 cum
1852 3993 2125 4052 festivitati

561 4088 817 4158 vobisque
854 4098 1137 4142 occurrere
1173 4082 1397 4153 duplicis
1434 4085 1737 4157 compendii
1780 4102 1869 4144 res
1911 4089 2117 4160 fuisset,

624 4262 651 4290 α
680 4252 931 4306 Invitatus
972 4247 1038 4301 ad
1086 4245 1457 4315 Lugdunensis
1487 4248 1730 4307 ecclesiae
1779 4249 2117 4306 festivitatem

556 4330 790 4384 excusat,
821 4317 961 4388 quod
998 4317 1447 4390 YiennaprOpter
1485 4319 1770 4371 adventum
1817 4321 2116 4390 principum

555 4395 739 4448 abesse
760 4385 863 4458 non
895 4385 1412 4458 pos_sit;_eodemque
1440 4395 1643 4458 spectat
1665 4400 1717 4458 et
1742 4385 1973 4457 sequens
1995 4385 2120 4458 'epi-

555 4462 711 4515 stola.
739 4453 871 4511 Nam
896 4453 956 4509 S.
979 4454 1114 4524 Justi
1134 4455 1443 4509 solemnitas
1470 4453 1709 4524 Lugduni
1730 4453 2077 4512 celeberrima
2103 4478 2115 4512 :

555 4531 622 4585 de
666 4544 767 4596 qua
796 4536 850 4580 et
874 4523 1124 4596 Sidonius
1167 4524 1261 4580 lib.
1292 4540 1343 4586 ν,
1377 4525 1535 4596 epist.
1557 4523 1673 4591 ’47;
1720 4526 2121 4583 Conveneramus

554 4599 620 4653 ad
659 4594 720 4652 S.
750 4596 887 4649 Justi
930 4594 1253 4666 sepulcrum;
1294 4595 1752 4666 processiofuerat
1798 4600 2119 4666 antelucana,

554 4667 848 4737 solemnitas
877 4661 1246 4737 anniversaria,
1291 4661 1511 4737 populus
1552 4661 1755 4737 ingens,
1787 4683 1934 4735 quem
1972 4661 2125 4737 capa-

554 4738 756 4791 cissima
784 4733 992 4808 basilica
1016 4749 1117 4808 non
1145 4742 1363 4808 caperet.
1396 4732 1505 4786 Hoc
1525 4732 1664 4808 vero
1694 4734 1760 4788 ad
1789 4732 1931 4808 allud
1957 4732 2122 4808 perti-

555 4815 645 4863 net
668 4820 834 4875 genus
854 4802 1217 4876 epistolarum,
1248 4801 1439 4876 quibus
1459 4803 1702 4876 solebant
1728 4801 1972 4876 episcopi
1995 4810 2122 4864 vici-

555 4872 740 4932 narum
770 4872 974 4931 aedium
1005 4873 1234 4942 collegas
1260 4872 1539 4942 episcOpos
1565 4874 1631 4928 ad
1662 4872 1870 4931 urbium
1909 4872 2122 4935 suarum

553 4946 889 5019 celebritates
915 4940 1165 5019 invitare.
1189 4940 1351 5010 Cujus
1381 4940 1544 5019 moris
1573 4947 1873 5019 exemplum
1912 4951 2121 5019 insigne

553 5026 634 5091 est
662 5015 799 5091 apud
825 5013 1073 5068 Basilium
1106 5013 1346 5091 Magnum
1382 5015 1539 5091 epist.
1571 5015 1699 5091 291,
1731 5013 1815 5070 ubi
1853 5019 1918 5072 ad
1945 5013 2122 5091 Cresa-

550 5080 805 5143 riensium
831 5091 1119 5151 martyrum
1141 5080 1280 5135 diem
1303 5080 1749 5150 anniversarium,
1778 5102 1881 5141 non
1916 5089 2119 5145 vicinos

552 5157 731 5220 modo,
747 5154 847 5224 sed
872 5153 1033 5224 totius
1055 5151 1285 5205 Ponticae
1305 5152 1552 5217 dioecesis
1574 5157 1852 5224 episcopos
1874 5157 2117 5213 advocat.

548 5232 687 5309 Ἐἶτεεῖ
715 5222 1186 5309 οὖνιέπεσηῌὸτατοε
1215 5222 1798 5309 μαρτιξρωνηεύπξιξζιός
1831 5233 1914 5282 καὶ
1952 5231 2121 5309 Δᾴμας·

548 5302 629 5386 rati
660 5298 685 5353 ὁ
711 5300 828 5386 περὶ
844 5294 1238 5386 ςιύτούςὶχρξᾷςτ
1266 5292 1333 5348 ὧν
1350 5292 1396 5386 ᾗ
1423 5298 1595 5386 {tvan
1608 5292 1842 5383 ⁹δέξαι-ους
1865 5292 2120 5386 «afuisti;-

547 5372 733 5428 πόλεως
762 5363 920 5436 ἧμῶν,
945 5363 1063 5440 Δκοιίν
1098 5363 1188 5440 τῆς
1222 5363 1529 5440 improuida:
1567 5363 1636 5440 δέΔ
1661 5368 1832 5428 πάσης
1877 5363 2115 5435 τελεῖται,

547 5432 913 5508 ὑπομιμνήσκει
932 5435 1088 5506 ὑμᾶς,
1124 5436 1207 5488 τὸν
1230 5432 1352 5491 ἵδίον
1380 5436 1564 5508 icturi);
1586 5436 1770 5508 κόσμον
1796 5440 1825 5494 ἠ
1859 5432 2113 5505 ἐκκλησίας

548 5506 765 5583 diana;
805 5509 1053 5583 ἡμετέροξς
1091 5513 1256 5583 φωνῆς
1306 5506 1690 5583 πᾳρακαλοῦσᾳᾼζ
1754 5512 1841 5564 τὴν
1875 5512 2115 5583 Αὰρχᾳίαν

549 5576 969 5637 ἀπολαϐεῐνίτῆί
1004 5576 1313 5644 ἐπισκέψεως
1357 5576 1493 5645 ήμῶν
1534 5576 1817 5645 augebam.
1862 5576 2116 5643 Quocirca

548 5662 660 5697 cum
690 5647 818 5696 inter
842 5656 1085 5714 martyres
1108 5642 1405 5697 nobilissimi
1442 5644 1540 5696 sint
1576 5642 1896 5713 Eupsycbius
1928 5657 1975 5700 et
2008 5648 2115 5700 Da-

548 5732 655 5767 mas
684 5715 901 5781 sociique
922 5715 1170 5782 ipsorum,
1188 5730 1403 5783 quorum
1426 5714 1768 5766 anniversaria
1794 5717 2034 5769 memoria
2058 5719 2111 5770 in

548 5784 670 5837 urbe
696 5792 870 5838 nostra
901 5794 1100 5851 totaque
1128 5785 1309 5837 vicinia
1330 5783 1630 5848 celebratur,
1657 5784 1892 5837 admonet
1914 5801 2000 5839 vos
2022 5803 2109 5853 pe-

549 5855 736 5907 culiare
761 5854 911 5907 decus
942 5870 1088 5907 suum
1129 5854 1358 5913 ecclesia.
1390 5870 1601 5913 voceque
1643 5864 1813 5908 nostra
1854 5856 2099 5912 hortatur.

2149 4569 2206 4632 D

2761 1992 3093 2047 EPISTULA
3133 1993 3243 2047 LX.

2277 2100 2466 2140 Ανιτυε
2501 2099 2801 2141 νιεηκεμειε
2835 2100 3109 2141 εριεεορυε
3152 2100 3471 2141 νινευτιοιο
3511 2100 3780 2140 εριεεορο.
3832 2116 3835 2119 λ

2313 2177 2391 2232 Ad
2423 2177 2725 2233 ﬁrmitatem
2753 2175 3123 2246 promissionis
3148 2176 3363 2243 divinae,
3390 2178 3461 2232 sit
3488 2176 3630 2246 quod
3658 2187 3819 2231 antea

2241 2267 2581 2323 concessistis
2630 2268 2759 2335 Est,
2806 2268 2938 2336 Est,
2980 2268 3123 2337 quod
3156 2277 3337 2339 postea
3372 2267 3640 2337 repetistis
3676 2266 3821 2333 Non,

2240 2360 2390 2427 Non;
2423 2361 2544 2429 quia
2574 2360 2619 2415 si
2649 2360 2785 2415 bene
2812 2361 3161 2431 occupatione
3202 2359 3544 2430 prmsentium
3570 2359 3820 2429 qualitas

2241 2462 2621 2524 pertractatur,
2649 2454 3008 2510 conditionem
3038 2454 3180 2509 inter
3225 2468 3317 2509 vos
3342 2453 3609 2516 habitam,
3657 2452 3821 2506 etiam

2238 2546 2284 2600 si
2333 2555 2457 2600 tunc
2502 2561 2607 2600 non
2659 2545 2930 2602 debuisset
2967 2545 3254 2612 interseri,
3307 2545 3467 2601 modo
3516 2542 3822 2614 Specialiter

2239 2637 2454 2693 deceret
2478 2636 2718 2708 impleri.
3168 2671 3177 2676 -

2772 2727 3104 2783 EPISTOLA
3142 2726 3279 2784 LXI.

2238 2837 2423 2879 AVITUS
2467 2837 2769 2877 VIENNENSIS
2804 2836 3082 2877 lPlSCOPUS
3114 2820 3142 2859 δ
3174 2832 3498 2884 εοιηετητιο
3542 2830 3810 2872 Ενιεεοιιο.

2308 2916 2539 2970 Litteras
2575 2914 2872 2970 sanctitatis
2918 2923 3021 2968 tuae
3069 2912 3122 2967 in
3170 2910 3376 2966 Pascha
3422 2907 3671 2979 quidem,
3718 2905 3818 2960 sed

2238 3020 2342 3061 non
2392 3004 2668 3075 paschales
2712 3004 2926 3073 accepi,
2961 3002 3095 3058 nihil
3146 3003 3326 3071 utique
3366 2998 3435 3055 de
3472 2998 3696 3063 caritate
3724 3005 3819 3050 aut

2236 3095 2600 3151 sollicitudine
2636 3095 3012 3164 praeferentes;
3040 3094 3138 3150 sed
3162 3092 3352 3163 quibus
3370 3089 3595 3161 iubebas
3623 3099 3680 3143 ut
3706 3088 3816 3142 fra-

2238 3196 2370 3244 trem
2401 3197 2455 3242 et
2480 3186 2916 3242 consacerdotem
2942 3196 3185 3242 nostrum
3211 3182 3621 3251 Candidianum,
3654 3195 3814 3251 quem

2238 3293 2337 3350 ego
2365 3279 2516 3349 quasi
2549 3276 2871 3349 peculiarem
2918 3277 3440 3341 cmnmendavcram,
3470 3289 3596 3331 'non
3640 3272 3815 3328 solum

2238 3370 2304 3425 ad
2333 3371 2648 3426 clericorum
2671 3412 2684 3436 ,
2717 3372 2899 3426 rerum
2928 3372 3089 3426 etiam
3125 3380 3148 3410 ο
3177 3368 3244 3424 ad
3291 3368 3546 3423 laicorum
3592 3363 3815 3420 audien-

2238 3463 2364 3519 tiam
2405 3464 2730 3520 destinarem
2753 3504 2768 3530 ,
2819 3479 2849 3517 a
2884 3464 3078 3534 quibus
3122 3470 3332 3518 constat
3360 3462 3662 3531 .diaconum
3696 3456 3816 3526 ejus

2239 3572 2335 3624 pro
2383 3558 2529 3613 civili
2574 3572 2735 3613 causa
2782 3557 2963 3613 servili
3010 3555 3265 3612 custodia:
3316 3552 3700 3623 mancipatum.
3744 3549 3815 3604 Et

2236 3648 2381 3715 ideo,
2410 3650 2457 3705 si
2494 3651 2725 3706 censetis
2752 3651 2929 3705 Omnia
2959 3652 3028 3705 de
3069 3649 3278 3705 clericis
3322 3646 3513 3704 vestris
3553 3646 3811 3700 laicorum

2237 3740 2545 3796 testimonio
2574 3741 2873 3811 credenda,
2916 3741 3211 3796 rescribite.
3242 3740 3593 3808 Consequens
3623 3737 3724 3791 erit
3753 3741 3813 3788 ut

2234 3823 2363 3880 dum
2389 3826 2725 3881 saecularium
2756 3828 2999 3881 notitiam
3029 3840 3094 3881 ex
3121 3824 3336 3880 omnibu
3399 3836 3515 3877 cute
3552 3822 3605 3876 in
3630 3834 3812 3876 rumo-

2234 3930 2349 3970 rem
2402 3917 2621 3971 veniunt
2676 3918 3061 3982 consulamus,
3112 3917 3428 3971 clericorum
3504 3913 3807 3968 libertatem

2228 4006 2542 4075 prodamus.
2590 4007 2723 4063 ιιιυά
2772 4017 2947 4065 tamen
2996 4008 3146 4077 quasi
3189 4022 3338 4062 amor
3368 4014 3489 4060 tuus
3521 4016 3810 4075 suggerere

2236 4111 2300 4151 ac
2330 4112 2550 4155 monere
2590 4114 2877 4170 praesumo,
2908 4098 2936 4137 ἀ
2965 4114 3033 4155 ne
3060 4108 3279 4169 propter
3320 4098 3465 4154 leves
3507 4110 3696 4151 causas
3720 4135 3733 4159 ,
3755 4102 3810 4147 et

2228 4263 2282 4307 ut
2300 4257 2572 4326 antiquam
2599 4256 2837 4310 uisitandi
2867 4270 2958 4309 nos
2983 4250 3396 4326 consuetudinem
3419 4248 3677 4313 repetatis.

2298 4324 2325 4362 ι’
2350 4321 2462 4397 Duo
2494 4327 2650 4397 hujus
2673 4324 3156 4397 nominisepiscopi
3185 4321 3282 4375 sub
3313 4321 3647 4397 Itoc‘tempus
3668 4331 3800 4397 con-

2226 4394 2349 4449 cilio
2382 4389 2682 4464 Epaonensi
2713 4389 3177 4464 subscripserunt,
3219 4404 3354 4464 unus
3399 4389 3801 4464 Octodorensis,

2229 4465 2366 4519 alter
2389 4459 2755 4535 vapincensis.
2787 4459 3023 4535 Quorum
3051 4463 3202 4518 alteri
3232 4462 3358 4535 quin
3388 4459 3701 4535 aseribenda
3732 4460 3805 4512 sit

2228 4529 2717 4604 episto'a'dubium
2760 4529 2865 4590 non
2897 4534 3137 4596 videtur;
3173 4532 3285 4604 putri
3316 4540 3490 4586 autem
3517 4529 3802 4604 incertum.

2303 4615 2324 4643 ε
2355 4605 2680 4662 Clericorum
2725 4607 2916 4675 quippe
2954 4603 3199 4675 libertati
3236 4610 3548 4675 repugnat,
3572 4610 3623 4653 et
3665 4600 3807 4675 autio

2227 4675 2485 4744 quissimo
2515 4692 2700 4732 eorum
2730 4669 3028 4746 privilegio,
3061 4671 3207 4742 quod
3226 4686 3255 4724 a
3286 4669 3657 4746 \lalentiniano
3682 4669 3804 4722 Cae-

2225 4741 2345 4800 sare
2368 4756 2489 4814 post
2515 4741 2830 4802 exstinctam
2874 4741 3091 4814 Joannis
3123 4741 3453 4814 tyrannidem
3484 4750 3797 4814 renovatum

2225 4826 2325 4886 est,
2371 4810 2489 4886 lege
2534 4818 2718 4872 ultima
2764 4815 2883 4871 cod.
2912 4813 3120 4886 Theod._
3146 4810 3267 4886 ‘De
3290 4810 3553 4886 episcopis
3579 4819 3744 4886 ,_et_c.
3788 4826 3799 4860 :

2224 4879 2451 4939 Clericos
2472 4889 2640 4953 etiam,
2690 4902 2817 4956 quos
2861 4884 3173 4939 indiscretim
3200 4882 3267 4933 ad
3294 4881 3578 4956 Δδιξςιιιανενδ
3594 4879 3803 4956 judices

2224 4956 2400 5008 debere
2432 4957 2613 5010 deduci
2628 4950 2893 5023 infaustus
2923 4962 3258 5024 praesumptor
3287 4950 3559 5012 indixerat,
3602 4950 3802 5024 episccf

2224 5025 2327 5093 pali
2350 5027 2621 5079 audientiae
2641 5019 2971 5079 reservamus.
3008 5022 3113 5079 Fas
3141 5019 3273 5077 enim
3312 5036 3411 5074 non
3440 5030 3535 5085 est,
3566 5030 3616 5093 ut
3634 5019 3803 5093 divini

2221 5088 2444 5216 intueris
2496 5096 2714 5148 ministri
2768 5095 3125 5166 temporalium
3168 5098 3471 5162 potestatum
3513 5088 3802 5144 subdantur

2222 5178 2282 5215 ar
2315 5174 2456 5216 imo.

2222 5165 2456 5219 arbitrio.

2292 5231 2497 5311 {Quod
2527 5249 2758 5291 canones
2784 5236 2985 5311 passim
3014 5234 3305 5311 inculcant,
3336 5246 3399 5287 ac
3428 5231 3625 5311 diserte
3654 5230 3800 5311 inter

2220 5299 2520 5360 Gallicanos
2560 5317 2741 5375 postea
2781 5299 2956 5361 sanxit
2995 5303 3260 5360 secundus
3290 5303 3499 5358 concilii
3548 5299 3796 5375 Aureli-a1

2219 5375 2399 5447 {tensis
2426 5391 2457 5429 ν
2491 5394 2501 5428 :
2526 5371 2593 5429 Ut
2625 5375 2799 5430 nullus
2820 5376 3139 5447 sacerdotum
3165 5389 3460 5447 quemquam
3492 5381 3642 5426 recta
3668 5371 3801 5447 ﬁdei

2218 5444 2469 5499 hominem
2500 5462 2589 5514 pro
2631 5446 2799 5513 parvis
2841 5455 2885 5499 et
2916 5446 3103 5499 levibus
3132 5445 3298 5497 causis
3349 5461 3380 5497 a
3430 5444 3803 5514 communione

2217 5510 2511 5585 suspendat,
2537 5510 2719 5583 praeter
2740 5532 2825 5569 eas
2848 5517 3043 5585 culpas,
3066 5531 3157 5584 pro
3178 5514 3361 5583 quibus
3379 5513 3573 5585 antiqui
3601 5510 3802 5585 ‘Patres

2217 5583 2279 5656 ab
2307 5581 2707 5656 ecclesiaarceri
2732 5581 2995 5656 jusserunt
3039 5581 3419 5656 committentes.
3445 5581 3705 5656 Quocirca
3734 5591 3802 5635 ut

2220 5654 2322 5708 hoc
2350 5654 2466 5709 loco
2496 5652 2863 5710 Constantium
2891 5656 3096 5717 Avitus.
3121 5655 3197 5709 sic
3225 5655 3477 5708 Hilarium
3510 5652 3803 5706 Arelaten-

2215 5737 2329 5778 sem
2360 5724 2459 5778 hoc
2495 5728 2710 5780 nomine
2742 5735 2884 5779 taxat
2914 5726 3019 5779 Leo
3057 5726 3274 5794 Magnus
3299 5726 3454 5792 epist.
3501 5722 3569 5778 89
3598 5760 3612 5786 ,
3644 5720 3798 5790 quod

2214 5797 2641 5852 communionem
2672 5794 2826 5850 facile
2855 5795 3162 5865 denegaret.
3420 5795 3425 5799 ’
3526 5796 3545 5801 ”
