4092 6350
345 343 450 399 275

1659 335 1986 392 EPISTULA
2031 336 2210 391 LXVI.

3500 343 3601 394 27$

341 476 447 516 non
490 461 556 515 ad
589 460 772 526 Deum,
808 459 902 513 sed
929 458 996 513 ad
1028 457 1280 513 saeculum
1313 457 1662 525 pertinentes,
1694 467 1760 508 ne
1804 452 1922 506 laici
1952 452 2003 511 A
2033 463 2319 509 convertor
2339 455 2402 508 ad
2431 469 2637 524 preces,
2673 455 2904 511 divinam
2937 457 3354 510 misericordiam
3384 470 3598 522 rogans,

341 551 581 624 quidem,
614 567 722 606 non
751 552 924 606 dicam
957 550 1158 616 clerici,
1191 557 1374 603 sancta
1406 548 1780 604 communione
1811 545 1917 613 pri-

345 650 540 697 ventur
571 660 582 694 :
613 641 735 712 quia
767 642 936 696 nescit
967 640 1120 709 cujus
1141 639 1410 709 dignitatis
1441 640 1510 692 sit
1537 639 1650 707 ipsa
1670 650 1915 692 commu-

342 735 452 801 nio,
477 735 566 804 qui
589 748 694 789 non
725 749 862 798 eam,
894 734 1038 788 omni
1069 734 1407 787 animositate
1435 733 1692 802 seposita,
1720 739 1915 786 etcum

340 839 535 894 magno
559 823 745 880 dolore
773 823 1070 893 suspendit,
1094 831 1291 878 etcum
1323 824 1555 878 maxima
1578 823 1916 878 festinatione

341 914 592 969 reSIituit.

831 1014 857 1043 ⁸
896 1004 1228 1060 EPISTOLA
1266 1004 1424 1059 LXII.

568 1111 908 1154 ANIJJNLBIS
930 1112 1202 1152 EPISCOPUS
1229 1111 1388 1150 AVITO
1410 1109 1673 1150 EPISCOPO.

409 1190 659 1261 Cogitans
706 1201 864 1261 atque
912 1200 1282 1260 pertractans,
1335 1190 1785 1250 inofficiositatem
1828 1203 1915 1243 ve-

339 1292 500 1337 stram
540 1299 643 1352 qua
674 1284 876 1349 ultione
905 1282 1276 1352 percellerem,
1310 1283 1383 1335 nil
1425 1282 1636 1351 dignius
1655 1281 1911 1351 judicavl,

338 1388 495 1442 quam
531 1374 575 1427 si
615 1373 878 1428 declinata
918 1373 1108 1442 injuria
1140 1372 1272 1426 nihil
1315 1373 1529 1441 segnius
1574 1373 1912 1427 intentarent.

338 1465 414 1519 Ne
439 1481 594 1535 quam
619 1466 780 1535 igitur
833 1467 882 1520 in
915 1474 1183 1535 posterum
1215 1466 1532 1530 vereamini,
1565 1466 1656 1534 qui
1696 1466 1916 1520 cernitis

339 1566 658 1627 prazsentem
690 1573 882 1612 noxam
917 1559 1160 1627 protinus
1189 1558 1413 1626 expiari.

851 1647 1178 1702 EPISTULA
1225 1647 1409 1701 LXIII.

390 1755 580 1795 AVITUS
607 1754 912 1794 VIENNENSIS
945 1754 1216 1794 EPISCOPUS
1248 1753 1560 1792 APOLLINARI
1591 1752 1862 1792 EPISCOPO.

2027 554 2082 598 ut
2109 545 2304 600 caritas
2345 548 2496 616 cujus
2535 548 2830 616 profectum
2870 549 3045 605 studio
3070 549 3330 613 asseritis,
3356 548 3504 602 vobis
3535 551 3598 603 ad

2022 638 2319 705 praemium,
2355 637 2483 692 mihi
2532 638 2599 693 ad
2651 640 2900 708 gaudium
2929 685 2943 708 ,
2996 642 3202 697 cunctis
3249 641 3488 712 proficiat
3532 641 3597 697 ad

2023 731 2347 799 exemplum.

2537 821 2870 878 EPISTOLA
2911 825 3069 879 LXV.

2077 926 2266 967 avrrus
2307 925 2608 968 vmsut-zusrs
2653 928 2928 971 EPISCOPUS
2967 915 2994 954 δ
3037 932 3238 972 ΜΑιιιιο
3277 932 3538 974 sptscoro.

2091 1003 2361 1069 Quantum
2391 1004 2456 1058 ad
2508 1004 2772 1058 infernum
2819 1015 3024 1074 spectat
3050 1015 3103 1062 et
3132 1009 3321 1074 linem,
3351 1009 3593 1080 aliquan-

2022 1093 2148 1147 tulis
2177 1094 2478 1162 corpusculi
2512 1094 2712 1149 viribus
2755 1095 2939 1164 vigeo,
2990 1098 3179 1150 anxius
3211 1107 3406 1163 tamen,
3452 1099 3592 1166 quod

2020 1186 2089 1238 de
2137 1189 2333 1240 domno
2383 1197 2405 1224 ο
2438 1187 2544 1241 filio
2591 1196 2802 1252 vestro,
2843 1187 2924 1241 vel
2963 1189 3298 1242 absolutione
3346 1189 3592 1259 colloquii

2020 1278 2093 1332 nil
2123 1294 2376 1349 agnosco,
2409 1280 2550 1349 quod
2583 1295 2680 1334 nec
2710 1296 2776 1335 eo
2817 1281 2917 1335 loci
2963 1282 3151 1336 fuerim
3197 1291 3253 1335 ut
3306 1296 3592 1352 agnoscere

2023 1371 2336 1441 potuissem.
2370 1371 2500 1424 Nam
2524 1372 2861 1426 monasteriis
2889 1369 2913 1408 ἀ
2947 1371 3410 1427 Greuencensihus
3437 1387 3591 1426 occu-

2022 1472 2198 1532 patus,
2231 1465 2537 1534 aliquandiu
2562 1463 2670 1531 jam
2715 1464 3018 1518 habitaculo
3048 1465 3279 1519 civitatis
3298 1465 3589 1519 abfueram.

2023 1553 2295 1622 Siquidem
2345 1554 2548 1608 delicim
2581 1567 2713 1622 quas
2755 1555 3059 1623 dignatione
3104 1556 3255 1609 solita
3299 1554 3590 1620 direxistis,

2022 1645 2077 1698 ih
2107 1645 2296 1700 itinere
2321 1660 2408 1700 me
2435 1654 2487 1699 et
2515 1645 2687 1700 adhuc
2713 1647 2781 1702 ab
2806 1647 2934 1700 urbe
2965 1647 3219 1701 remotius
3254 1647 3481 1715 positum
3511 1662 3590 1698 re-

2022 1747 2302 1806 pererunt.
2349 1737 2628 1806 Quasque,
2662 1740 2804 1808 quod
2850 1739 3214 1807 multipliciter
3242 1740 3454 1803 mirum,
3483 1753 3590 1792 ser-

410 1833 490 1888 Ne
543 1832 811 1888 festivitati
863 1845 1202 1886 occurrerem
1252 1830 1542 1885 necessitas
1579 1831 1818 1895 obstitit;
1863 1822 1995 1886 utB
2026 1842 2124 1880 vus
2169 1836 2343 1881 vester
2391 1827 2720 1894 Leonianus,
2753 1829 2976 1883 multum
3027 1843 3273 1898 gemens,
3318 1829 3592 1882 minimum

341 1924 473 1979 mihi
521 1924 778 1978 festivitas
825 1933 1171 1990 occurreret,
1223 1922 1527 1978 humanitas
1587 1925 1916 1993 procuravit.

340 2015 585 2070 Scribitis
611 2029 739 2083 ergo
772 2014 1163 2068 indevotionem
1189 2028 1363 2069 meam
1388 2014 1606 2069 marinis
1629 2031 1725 2068 vos
1751 2015 1917 2084 copiis

341 2105 524 2160 luisse.
578 2106 800 2175 Dignum
847 2105 1055 2159 scilicet
1095 2120 1262 2174 genus
1307 2106 1589 2175 supplicii,
1640 2108 1782 2176 quod
1831 2124 1916 2163 me

341 2196 614 2251 faciat.....
645 2211 764 2250 cum
814 2196 1082 2250 desiderio
1110 2197 1244 2266 gula:
1274 2196 1605 2251 conflictum.
1648 2197 1791 2253 Satis
1823 2214 1915 2252 vo—

341 2295 419 2349 bis
445 2295 752 2364 prmsentari
785 2307 1059 2362 cuperem,
1094 2293 1137 2346 si
1183 2308 1290 2347 non
1324 2293 1497 2348 taliter
1535 2295 1794 2362 puniretis
1821 2296 1913 2349 ab-

341 2395 540 2441 sentes.
572 2386 784 2442 Utinam
826 2400 1068 2440 censurae
1111 2395 1299 2441 vestrte
1335 2386 1387 2440 in
1416 2396 1731 2442 eontumace
1758 2404 1912 2457 paena

343 2494 446 2534 non
476 2480 700 2533 desinat.
729 2479 866 2532 Nihil
899 2479 1066 2549 magis
1097 2480 1257 2534 timeo
1287 2495 1442 2550 quam
1483 2482 1622 2550 quod
1654 2497 1738 2536 me
1761 2483 1914 2551 jube-

344 2574 408 2626 tis
441 2573 492 2626 in
520 2579 790 2641 postetum
839 2573 909 2625 nil
940 2572 1131 2624 vereri.
1167 2571 1551 2640 lndulgentiam
1600 2573 1675 2627 illi
1707 2575 1793 2643 qui
1827 2590 1912 2628 ro-

340 2664 543 2731 gaverit
594 2663 748 2726 date,
808 2663 891 2715 cui
947 2663 1090 2716 avari
1138 2677 1257 2716 esse
1304 2663 1579 2718 volueritis
1629 2664 1908 2732 ignoscite.

338 2755 598 2811 Ceterum
638 2770 740 2816 me,
775 2755 1080 2823 qualitatem
1125 2754 1473 2810 districtionis
1500 2767 1802 2826 expertum,
1834 2759 1914 2813 of-

341 2846 542 2901 fensam
576 2844 742 2911 magis
771 2853 1001 2898 vestram
1035 2854 1247 2900 constat
1285 2845 1590 2901 desiderare
1626 2862 1782 2916 quam
1819 2863 1913 2903 ve-

339 2936 502 2991 niam.
548 2934 623 2990 De
668 2945 882 2998 cmtero,
935 2936 1266 2992 orationibus
1307 2939 1500 2991 vestris
1532 2939 1728 2992 tribuat
1773 2940 1911 2995 Deus

337 3033 547 3088 noster,
573 3033 631 3077 ut
655 3025 740 3092 qui
772 3023 1042 3078 festivitati
1073 3025 1231 3094 hujus
1260 3029 1537 3094 praesentis
1565 3030 1691 3082 anni
1720 3029 1911 3083 officiis

338 3117 509 3186 magis
535 3130 693 3183 quam
723 3115 928 3169 deliciis
958 3116 1130 3182 ablui,
1159 3117 1213 3170 in
1243 3127 1482 3187 tempore
1513 3120 1690 3176 futuro
1716 3125 1911 3178 vestris

2026 1933 2265 1983 sumens,
2297 1917 2453 1972 avido
2481 1919 2716 1988 quidem,
2742 1919 2835 1974 sed
2865 1934 3030 1974 vacuo
3062 1929 3249 1974 ventre
3281 1920 3589 1974 transmisit.

1986 2006 1994 2013 ’
2023 2011 2276 2064 Putasses
2302 2011 2537 2080 eulogias
2567 2007 2772 2066 vestras
2802 2012 2972 2066 tenaci
3012 2027 3292 2068 corvorum
3326 2021 3499 2066 rostro
3531 2011 3594 2065 ad

2021 2107 2151 2159 Elite
2200 2105 2320 2170 (Ill
2372 2107 2496 2176 Reg.
2558 2123 2686 2172 xvtt,
2735 2108 2790 2175 5)
2842 2118 3047 2176 pastum
3097 2108 3290 2177 bajulis
3331 2107 3592 2177 unguibus

2016 2198 2282 2253 exhiberi.
2334 2199 2483 2254 Adeo
2522 2198 2588 2252 ab
2630 2199 2974 2254 insultatione
3013 2214 3127 2254 mea
3177 2201 3227 2252 in
3272 2215 3366 2254 vos
3399 2199 3591 2268 justius

2017 2293 2346 2358 exercenda,
2392 2293 2536 2348 misit
2577 2295 2816 2348 esuriens
2838 2339 2850 2360 ,
2897 2295 3037 2364 qttod
3068 2309 3258 2349 vorare
3284 2309 3388 2347 non
3422 2294 3590 2364 potttit

2018 2386 2422 2454 concupiscens.
2474 2383 2676 2439 Vellem
2724 2401 2863 2439 nunc
2906 2386 3046 2440 scire
3077 2385 3199 2454 quid
3249 2385 3413 2455 prosit
3449 2384 3589 2454 quod

2019 2479 2153 2548 gula:
2182 2477 2463 2546 peculiaris
2496 2478 2678 2531 famuli
2703 2476 2779 2531 sic
2804 2477 3049 2543 studetis,
3073 2478 3158 2531 cui
3193 2493 3257 2532 ne
3286 2477 3412 2531 mihi
3441 2477 3590 2532 datas

2016 2585 2045 2623 a
2078 2571 2188 2624 Deo
2215 2570 2469 2638 vobisque
2498 2570 2682 2637 epulas
2723 2571 2790 2624 de
2830 2585 2920 2624 ore
2953 2571 3036 2624 vel
3080 2571 3324 2625 inanibus
3356 2581 3588 2640 raperet,

2015 2663 2270 2734 optabilis
2307 2662 2618 2717 absentandi
2666 2677 2822 2718 causa
2851 2678 2935 2717 me
2983 2663 3140 2731 rapit.
3173 2662 3434 2718 Caeterum
3469 2674 3492 2702 ο
3524 2665 3590 2720 de

2016 2754 2345 2820 recentibus,
2377 2755 2501 2822 quia
2531 2754 2837 2824 prmcipitis,
2874 2765 2926 2808 et
2959 2770 3105 2809 meas
3147 2764 3325 2826 partes
3351 2756 3506 2820 cedo,
3538 2766 3592 2815 et

2015 2849 2334 2917 multiplices
2379 2862 2518 2902 suas.
2571 2848 2761 2903 Utatur
2805 2858 3104 2917 paterarum
3152 2849 3448 2917 capacitate
3494 2865 3590 2919 pro

2013 2945 2161 3013 capis
2189 2961 2198 2995 :
2231 2950 2425 2996 atterat
2475 2941 2637 2996 labris
2687 2940 2921 3011 phialas,
2965 2957 3096 3012 quas
3135 2943 3426 2997 circumdet
3452 2942 3588 3010 pita-

2014 3039 2218 3091 ciorum
2263 3034 2526 3088 densitate
2593 3049 2689 3102 pro
2745 3033 2980 3088 cireulis.
3047 3034 3180 3088 Nam
3242 3034 3440 3087 curabo
3491 3048 3588 3102 ego

2014 3142 2250 3198 quoque,
2281 3127 2424 3195 quod
2455 3140 2574 3180 eum
2620 3125 2757 3180 velle
2806 3140 3095 3196 cognosco,
3129 3141 3248 3179 cum
3291 3126 3461 3180 simile
3491 3125 3587 3178 ali-

333 3224 423 3264 tne
444 3208 776 3262 orationibus
801 3207 993 3262 aﬂ‘ectu
1019 3222 1124 3262 non
1150 3207 1314 3261 simili
1341 3213 1693 3277 praesentetis,
1717 3223 1908 3271 etcum
1939 3200 1986 3265 C
2017 3219 2143 3289 quid
2174 3219 2240 3271 de
2267 3226 2437 3271 vestra
2469 3216 2846 3270 benedictione
2893 3232 3104 3282 eruero,
3129 3216 3193 3270 ad
3219 3217 3365 3271 multi
3376 3217 3578 3284 plican-

334 3301 578 3366 rediero,
608 3299 894 3355 severitate
937 3299 1100 3354 simili
1149 3300 1463 3356 absentasse
1499 3303 1745 3359 credatis.
1779 3306 1910 3362 Octo

333 3392 598 3462 palustres
625 3391 741 3460 quis
771 3391 892 3460 quia
925 3406 983 3445 se
1005 3391 1112 3447 duo
1136 3393 1282 3461 paria
1310 3393 1598 3464 solearum,
1627 3413 1746 3466 qua:
1775 3400 1910 3454 den-

330 3488 476 3543 tibus
511 3488 792 3542 maceretis
813 3527 827 3551 ,
855 3487 1191 3557 aliquatenus
1220 3499 1552 3554 commotus,
1586 3507 1692 3546 non
1731 3501 1907 3549 tamen

329 3595 392 3635 ex
417 3581 623 3651 integro
653 3581 851 3634 malum
877 3596 968 3648 pro
995 3581 1136 3635 malo
1162 3581 1392 3636 reddens
1419 3583 1618 3639 direxi.

831 3670 1160 3726 EPISTULA
1206 3671 1391 3726 LXIV.

375 3777 561 3817 AVITUS
605 3777 908 3817 VIENNENSIS
936 3777 1208 3817 EPISCOPUS
1238 3779 1551 3819 VIVENTIOLO
1580 3781 1843 3824 EPISCOPO.

325 3925 328 3928 _
399 3855 634 3910 Servatis
653 3855 949 3910 dulcedinis
971 3870 1194 3921 morem,
1220 3856 1349 3922 imo,
1379 3865 1436 3911 ut
1465 3860 1641 3913 verius
1670 3861 1896 3928 dicatur,

327 3947 553 4015 augetis.
587 3946 864 4001 Refecistis
909 3947 1323 4002 sollicitudinem
1374 3959 1607 4004 nostram
1640 3951 1706 4006 de
1748 3954 1898 4009 vobis

326 4055 578 4110 prospera
608 4040 897 4094 nuntiando
929 4058 939 4091 :
976 4040 1227 4094 visitastis
1256 4040 1597 4098 festivitatem
1625 4043 1693 4098 de
1731 4045 1887 4101 nobis

321 4149 442 4203 qua:
472 4135 735 4204 optabatis
765 4149 1055 4204 agnoscere
1086 4135 1370 4203 cupiendo.
1403 4135 1549 4191 lnter
1593 4138 1894 4194 bas‘tamen

321 4225 640 4294 multiplices
678 4226 864 4295 epulas
912 4226 1214 4280 animorum
1246 4267 1261 4292 ,
1302 4227 1469 4281 etiam
1529 4231 1897 4298 corporalibus

319 4332 533 4386 quoque
560 4317 758 4372 deliciis
787 4318 1018 4372 ornastis
1062 4327 1117 4373 et
1148 4331 1410 4386 mensam,
1443 4322 1531 4388 qui
1567 4321 1897 4388 spiritalibus

319 4407 585 4477 paveratis
634 4408 944 4463 Ecclesiam.
995 4411 1333 4480 Quapropter
1356 4411 1526 4480 impar
1575 4412 1640 4466 ad
1672 4414 1893 4482 gratias,

391 4557 418 4584 α
462 4547 706 4602 Fratrum
750 4563 933 4604 amore
979 4549 1171 4618 dignus
1219 4547 1515 4602 conflictus.
1569 4550 1969 4616 Apollinaris!)

318 4618 460 4673 Aviti
509 4618 683 4672 fratris
728 4619 1203 4682 inofticiositatem,
1250 4619 1393 4683 sive,
1448 4628 1503 4672 ut
1549 4621 1734 4674 Avitus
1778 4620 1890 4688 ipse

317 4697 502 4752 vocat,
550 4689 977 4754 iudevotionem,
1031 4688 1169 4758 quod
1209 4689 1276 4742 ad
1309 4689 1601 4743 Valentina:
1648 4691 1891 4744 ecclesia:

316 4758 659 4812 festivitatem
705 4774 810 4812 non
855 4760 1083 4826 venerit,
1139 4759 1432 4820 ulciscens,
1476 4761 1721 4826 supplicii
1773 4762 1889 4815 loco

317 4843 540 4899 munera
595 4829 854 4883 miserat:
896 4831 1112 4893 Avitus,
1168 4830 1385 4884 fraterni
1433 4831 1677 4899 supplicii
1722 4845 1889 4898 genus

316 4898 560 4968 laudans,
595 4903 706 4968 pari
731 4916 849 4953 eum
881 4901 1056 4953 studio
1086 4909 1478 4953 remuneratur.

381 4967 414 5004 δ
457 4969 775 5023 Genavensi.
823 4968 984 5037 Cujus
1038 4985 1228 5022 nomen
1279 4971 1415 5024 inter
1467 4969 1747 5038 episcopos
1799 4971 1888 5036 qui

315 5038 617 5106 Epaouensi
658 5040 883 5093 concilio
926 5039 1226 5092 adfuerunt.
1274 5039 1353 5093 Ab
1395 5040 1495 5094 hoc
1527 5040 1761 5108 eulogias
1793 5054 1886 5094 seu

316 5124 576 5173 munera,
611 5111 815 5178 opimas
855 5110 1037 5178 epulas
1075 5124 1192 5160 cum
1226 5111 1550 5175 accepisset,
1597 5110 1648 5162 in
1699 5110 1885 5163 harum

314 5179 537 5232 latorem
568 5179 776 5232 Maximi
809 5179 1060 5232 famulum
1095 5178 1266 5244 lepide
1288 5179 1517 5245 jocatur.

391 5259 413 5286 ε
445 5249 783 5317 Sigismundo
812 5263 955 5317 rege,
990 5263 1145 5314 quem
1170 5247 1404 5301 Genava:
1430 5250 1480 5301 in
1513 5257 1658 5302 sorte
1691 5263 1784 5302 sua
1816 5249 1888 5302 la-

315 5333 428 5372 rem
461 5320 705 5374 babuisse
745 5319 795 5372 in
825 5319 1044 5386 epistola
1073 5318 1140 5371 29
1168 5319 1602 5384 conjiciebamus.

387 5389 412 5426 ά
443 5391 516 5443 De
570 5391 762 5459 quibus
816 5389 1067 5443 Sidonius
1120 5389 1208 5442 lib.
1249 5404 1339 5450 vn,
1387 5389 1541 5456 epist.
1603 5391 1710 5448 t7:
1759 5385 1890 5441 Flu-

314 5467 569 5530 ctuantem
589 5461 817 5530 regulam
844 5460 1062 5530 fratrum
1084 5459 1440 5512 destitutorum
1471 5459 1746 5530 secundum
1782 5465 1883 5510 sta-

316 5539 425 5582 tuta
455 5526 794 5584 Lirinensium
832 5526 908 5582 uel
935 5526 1345 5582 Grinincensium
1384 5530 1594 5597 festinus
1635 5529 1879 5598 informa.

315 5601 744 5656 Grinincensium
776 5601 1152 5654 monachorum
1184 5599 1395 5651 familia:
1430 5612 1592 5666 pr0pe
1623 5599 1881 5652 Viennam

315 5684 508 5740 magno
536 5673 661 5726 olitn
696 5685 915 5724 numero
961 5670 1189 5732 fuerunt,
1231 5669 1483 5740 subcura
1525 5667 1880 5740 etdisciplina

2014 3313 2110 3364 das
2132 3317 2376 3364 recentes
2403 3308 2542 3378 gula:
2563 3308 2791 3373 calenti,
2833 3310 2876 3362 si
2907 3323 3011 3362 non
3039 3309 3368 3377 excogitatur
3395 3309 3584 3364 modus

2015 3403 2066 3457 in
2095 3400 2373 3469 calicibus,
2404 3408 2632 3469 ponatur
2662 3401 2712 3453 in
2739 3400 2991 3467 piscibus.

2521 3490 2848 3546 EPISTOLA
2887 3491 3086 3544 LXVI.‘

2084 3598 2273 3639 AVITUS
2311 3597 2611 3638 VIENNENSIS
2650 3596 2926 3636 EPISCOPUS
2964 3595 3210 3635 VICTORIO
3249 3594 3511 3636 EPISCOPO.

2083 3676 2302 3730 Factum
2343 3675 2484 3744 quod
2515 3674 2705 3729 litteris
2752 3673 3048 3739 indicastis,
3098 3671 3200 3726 levi
3244 3673 3310 3726 ad
3352 3687 3438 3726 me
3463 3681 3586 3727 ante

2009 3769 2226 3825 allatum
2258 3778 2492 3824 vestrum
2525 3783 2743 3823 rumore
2772 3773 3106 3837 pervenerat.
3142 3764 3304 3835 Cujus
3346 3781 3439 3835 per
3453 3754 3585 3820 'san-

2007 3873 2151 3920 ctum
2207 3861 2515 3918 Archidiam
2568 3861 2858 3916 acerbitate
2914 3866 3222 3927 comperta,
3272 3859 3316 3912 si
3363 3858 3584 3915 credere

2005 3955 2332 4025 diguamini,
2384 3969 2490 4008 non
2540 3953 2716 4006 minus
2764 3966 2920 4020 quam
2958 3965 3052 4005 vos
3102 3949 3340 4004 dolorem
3395 3957 3584 4003 vestra:

2006 4045 2380 4102 commotionis
2412 4044 2670 4113 ingemui.
2700 4042 2975 4110 Siquidem
3007 4042 3134 4093 satis
3153 4039 3329 4106 gravis
3352 4041 3581 4107 exempli

2003 4147 2107 4202 est,
2135 4146 2194 4190 ut
2219 4150 2359 4190 nunc
2387 4133 2734 4188 sacerdotalis
2757 4133 3020 4185 ordinatio
3047 4146 3074 4183 a
3109 4132 3317 4199 pepulis
3351 4132 3582 4199 regenda

2005 4229 2211 4283 dicatur
2241 4245 2252 4280 :
2286 4239 2405 4280 cum
2429 4223 2627 4278 idcirco
2660 4230 2865 4276 tantum
2887 4222 2938 4274 in
2966 4220 3344 4275 consecrandis
3370 4221 3580 4288 episco-

2003 4321 2086 4392 pis
2127 4318 2370 4388 plebibus
2397 4323 2647 4373 servetur
2678 4314 2890 4378 electio,
2923 4323 2981 4368 ut
3010 4313 3295 4368 assiduitas
3323 4315 3581 4369 constitu-

2004 4413 2163 4467 tionis
2190 4410 2334 4464 velut
2383 4423 2477 4478 per
2527 4405 2798 4477 quoddam
2844 4407 3154 4460 mandatum
3196 4406 3382 4461 electis
3423 4407 3580 4461 liceat

2079 4560 2100 4585 ο
2133 4549 2392 4602 llecentes
2423 4546 2655 4615 appellat
2705 4541 2931 4615 recentis.
2962 4551 3053 4595 aut
3096 4542 3380 4615 recentati,
3416 4543 3465 4615 id
3498 4554 3578 4596 est

2004 4621 2068 4673 ad
2111 4621 2341 4686 rigorem
2393 4612 2625 4682 redacti,
2657 4616 2763 4670 vini
2799 4613 3072 4686 potiones,
3117 4612 3578 4686 quasrLeouiauus

2001 4683 2213 4744 calente
2255 4690 2374 4754 gula
2406 4687 2793 4757 frequentabat.
2827 4685 2912 4740 Sic
2939 4684 3160 4751 epistola
3187 4684 3278 4757 ¹Τ]
3315 4683 3576 4757 :_Summa
3631 4700 3642 4712 ’

1999 4752 2382 4827 importunitate
2421 4752 2638 4829 per-ago,
2677 4766 2733 4810 ut
2762 4766 2858 4808 tres
2895 4761 3115 4829 recentes
3145 4752 3259 4806 aliis
3300 4755 3414 4819 plus
3440 4769 3574 4820 prta.

2000 4823 2218 4883 sumam.
2252 4830 2330 4882 Eo
2352 4823 2760 4896 ita'que'spectat
2786 4825 2926 4894 quod
2959 4823 3214 4896 sequitur,
3241 4831 3414 4876 utatur
3435 4832 3575 4896 pate-

2000 4915 2175 4952 rarum
2207 4893 2484 4967 capacitate
2511 4893 2600 4963 pro
2630 4897 2769 4962 capis
2801 4893 2815 4946 ἐ
2846 4893 2996 4967 quasi
3019 4895 3176 4967 dicat,
3203 4908 3319 4967 pro
3348 4894 3574 4967 vasculis

2000 4969 2226 5037 exiguis,
2269 4964 2468 5036 pateris
2515 4967 2657 5020 bibat
2689 4964 3092 5037 capacioribus,
3128 4964 3216 5037 ubi
3256 4965 3570 5037 capisnova

2004 5033 2292 5093 iuncxione
2339 5037 2518 5106 posuit
2565 5051 2663 5104 pro
2713 5033 3004 5101 capidibus.
3057 5034 3282 5102 Capides
3331 5033 3474 5106 enim
3521 5041 3574 5084 et

2001 5109 2206 5175 capula:
2251 5103 2389 5176 apud
2427 5103 2747 5168 Varrbnem,
2787 5108 2957 5170 poculi
2999 5120 3166 5174 genus
3212 5118 3317 5176 quo
3359 5103 3573 5176 deplere

2003 5169 2127 5231 vasa
2153 5169 2347 5231 olearia
2389 5169 2884 5248 solebant.Eodem
2932 5169 3142 5244 quoque
3175 5169 3401 5248 pertinet
3429 5169 3569 5248 quod

1998 5248 2268 5317 subjungit
2287 5288 2300 5311 ,
2331 5255 2512 5299 atterat
2544 5246 2698 5318 labris
2734 5240 2962 5318 phialas,
2989 5240 3112 5318 quas
3143 5240 3419 5318 circumdet
3440 5240 3573 5318 pitaf

1999 5307 2463 5370 cior'um'densitate
2485 5332 2575 5384 pro
2602 5307 2822 5367 circulis.
2858 5307 2974 5379 Quo
3004 5316 3118 5366 loco
3148 5312 3229 5384 cui
3254 5307 3574 5384 usuiforent

2001 5387 2211 5450 pitacia,
2247 5377 2495 5440 Petronii
2529 5386 2727 5439 Arbitri
2763 5386 2814 5438 itt
2837 5377 3054 5437 satirico
3090 5380 3247 5432 verba
3274 5377 3567 5450 declarant.

2002 5445 2390 5510 Statim'allatw
2415 5466 2552 5517 sunt,
2588 5456 2775 5522 inquit,
2814 5451 3071 5522 amphora:
3109 5450 3275 5500 vitrea:
3305 5445 3572 5522 diligenter

2000 5537 2248 5596 gypsatw,
2279 5542 2492 5596 quarum
2520 5529 2568 5577 in
2590 5517 2859 5596 cervicibus
2884 5517 3069 5587 pitacia
3097 5525 3239 5570 erant
3266 5517 3427 5583 afﬁxa
3455 5533 3570 5596 cu_m

2001 5589 2094 5648 hac
2123 5589 2299 5663 titulo,
2321 5594 2597 5648 Falernum
2626 5593 2962 5663 Opimianum
2979 5602 3230 5663 annorum
3253 5597 3476 5663 centum.
3512 5589 3568 5640 In

1999 5668 2142 5720 vasis
2173 5656 2298 5735 ergo
2344 5665 2582 5726 vinariis,
2617 5663 2756 5713 aflixi
2811 5656 3307 5735 pitaciorum-tituli,
3344 5658 3446 5735 vini
3478 5671 3569 5735 cu-

315 5725 554 5812 epis'copi
595 5742 908 5796 Viennensis
954 5756 968 5792 :
1008 5725 1199 5812 quibus
1239 5737 1464 5812 proinde
1492 5725 1768 5791 visitaudis
1791 5751 1881 5792 oc-
1972 5734 1992 5805 j
2005 5751 2174 5812 usque
2211 5725 2458 5804 pvatriam,
2491 5725 2724 5792 aetatem,
2750 5725 2976 5794 pretium
3007 5739 3061 5782 et
3092 5728 3400 5799 dignitatem
3433 5725 3569 5779 indi-

316 5806 562 5879 rupatum
594 5827 651 5868 se
674 5812 774 5866 hoc
801 5806 1040 5874 tempore
1060 5807 1223 5864 fuisse
1241 5806 1520 5873 significat.

1983 5808 2192 5858 cubant.
