4092 6350
528 369 636 430 Q75

1791 374 1849 431 S.
1892 372 2075 429 AVlTl
2117 371 2511 437 VIENNENSIS

3694 382 3798 436 276

532 493 710 564 legere
730 493 867 563 quod
899 492 1124 548 videtur.
1156 490 1268 546 Non
1299 498 1477 546 autem
1510 502 1606 545 vos
1646 500 1746 559 pro
1776 502 1918 544 novo
1940 489 2108 545 debe-
2133 492 2184 551 λ
2211 496 2387 543 vestra
2411 498 2463 543 et
2514 489 2885 546 incolumitate
2929 491 3208 561 sollicitis,
3242 492 3366 549 licet
3393 492 3634 550 Caulares
3657 497 3774 551 sitis

532 585 601 640 tis
630 585 901 657 accipere,
932 583 1053 655 quid
1085 580 1400 637 tribulandis
1445 583 1600 639 nobis
1657 582 1829 637 valeat
1880 583 2109 637 commi-

531 677 665 731 nisci
711 674 973 731 clericalis
1016 675 1291 745 nequitia,
1342 675 1471 730 fulta
1520 675 1760 731 subsidio
1810 676 2112 731 insolentia:

528 768 819 821 saecularis.
865 766 1002 820 Puto
1045 782 1173 821 sane
1217 766 1541 822 districtioni
1591 768 1968 824 ecclesiastica:
2019 769 2113 823 lilii

530 859 690 912 vestri
713 860 890 926 expeti
914 858 1111 914 debere
1132 870 1473 929 eonsensum,
1509 871 1725 933 propter
1747 863 1866 917 illos
1886 878 2109 932 quorum

527 950 769 1005 abusioni
815 952 1299 1007 consuetudinarite
1339 968 1525 1023 parum
1572 954 1640 1010 de
1683 956 2113 1011 excommuniCa-

526 1041 762 1097 tionibus
804 1056 994 1097 curare
1020 1045 1292 1099 decretum
1336 1055 1438 1100 est.
1470 1045 1699 1101 Litteras
1728 1061 1940 1117 quoque
1981 1063 2111 1117 quas

526 1131 592 1186 ad
620 1134 991 1204 presbyterum
1024 1134 1202 1190 illicita
1226 1147 1635 1207 praesumentem
1669 1154 1771 1193 non
1814 1140 1988 1194 minus
2026 1140 2113 1210 pie

528 1240 688 1294 quam
720 1228 1035 1296 regulariter
1064 1228 1357 1295 direxistis,
1387 1231 1594 1301 inspexi
1624 1250 1635 1283 :
1667 1232 1721 1286 in
1750 1235 1943 1303 quibus
1986 1249 2111 1289 vere

529 1316 651 1385 plus
672 1332 829 1385 quam
854 1334 1080 1387 persona
1104 1321 1295 1375 meruit
1324 1324 1596 1391 patientia:
1620 1327 1952 1380 reservastis.
1972 1326 2112 1388 Qua-

529 1420 765 1479 propter,
799 1412 925 1466 licet
942 1413 1071 1467 satis
1095 1412 1309 1467 diabolo
1339 1414 1393 1467 in
1419 1423 1524 1468 tam
1551 1415 1792 1469 horribili
1817 1415 2110 1471 rebellione

527 1500 761 1569 licuerit,
783 1518 875 1557 vos
894 1512 1068 1559 tamen
1087 1506 1201 1559 sine
1224 1507 1396 1576 aliqua
1413 1508 1573 1561 animi
1596 1504 1997 1576 perturbatione
2013 1509 2107 1564 Dei

527 1607 591 1647 ac
616 1604 846 1649 vestram
871 1595 1121 1665 injuriam
1146 1597 1423 1666 castigate.
1446 1599 1507 1651 Et
1529 1614 1596 1653 ne
1616 1598 1741 1667 quid
1761 1600 1811 1653 in
1838 1610 2105 1667 posterum

526 1685 716 1740 similis
738 1700 899 1742 ausus
919 1687 1163 1757 arripiat,
1191 1690 1428 1758 impensa
1450 1689 1784 1745 districtione
1800 1692 2102 1761 perspicite.

1034 1776 1367 1837 EPISTULA
1406 1779 1610 1834 LXVII.

2214 581 2352 651 quod
2381 582 2595 637 douinis
2623 582 2855 653 exigitis,
2888 584 3094 640 reddite
3126 586 3333 655 pietati.

2723 696 3057 755 EPISTOLA
3098 700 3287 755 LXIX.

2218 808 2280 847 AB
2312 792 2467 848 mro
2498 809 2777 848 vneam-s51
2810 811 3056 850 EPISCOPO
3104 813 3346 863 manu,
3379 812 3471 852 sua
3497 812 3692 854 κονίη
3724 813 3792 855 διο

2602 881 2865 931 ctssttmnl,
2890 867 2913 903 δ
2931 886 2996 919 an
3031 884 3425 924 llPERATOllEM.

2285 956 2340 1012 Si
2382 957 2721 1012 devotionem
2776 967 3011 1012 nostram
3041 976 3142 1030 qua
3187 962 3339 1016 vobis
3370 965 3554 1017 animo
3600 963 3798 1019 milita-

2218 1064 2357 1114 mus,
2386 1048 2545 1103 etiam
2577 1042 2928 1117 corporaliter
2975 1052 3287 1119 praasentari
3331 1055 3468 1108 obex
3500 1064 3796 1124 temporum

2216 1143 2601 1212 regionumque
2642 1158 2744 1197 non
2796 1146 3014 1212 patitur,
3064 1146 3203 1215 quod
3238 1156 3413 1201 tamen
3444 1147 3718 1203 ‘babemus
3745 1151 3796 1204 in

2215 1238 2351 1291 v0tis
2372 1278 2384 1299 ,
2413 1251 2662 1291 exserere
2693 1246 2962 1291 tentamus
2990 1237 3205 1294 officiis.
3246 1240 3525 1294 Credimus
3550 1242 3693 1295 enim
3718 1250 3798 1294 to-

2215 1328 2314 1381 ties
2346 1342 2524 1381 coram
2549 1331 2714 1382 sacris
2746 1329 2929 1397 gloria:
2962 1341 3152 1384 vestrae
3189 1333 3461 1386 obtutibus
3493 1334 3793 1402 intromitti,

2213 1422 2422 1493 quoties
2435 1420 2810 1477 sollicitudinis
2831 1422 3065 1478 debitum
3083 1424 3258 1479 studio
3276 1427 3478 1496 paginae
3492 1410 3795 1490 famulantis

2213 1514 2516 1569 olTerimus.
2565 1514 2695 1567 Nam
2738 1515 2859 1570 licet
2890 1516 3143 1586 mindum
3176 1516 3339 1573 latere
3367 1522 3597 1588 nequeat
3622 1530 3797 1575 vestra

2215 1607 2559 1674 prosperitas,
2607 1614 2662 1661 et
2702 1608 2884 1662 orbem
2916 1621 3071 1662 suum
3106 1609 3267 1664 radiis
3308 1612 3603 1680 perspicua:
3642 1612 3798 1667 clari-

2213 1700 2333 1753 tatis
2364 1702 2617 1767 illustret,
2648 1702 2801 1758 dulce
2848 1710 3022 1764 tamen
3071 1700 3174 1768 est,
3224 1706 3267 1759 si
3319 1705 3401 1759 his
3429 1722 3566 1775 quos
3592 1708 3796 1763 militiae

2212 1792 2440 1848 fascibus
2467 1802 2521 1850 et
2546 1794 2827 1864 peculiaris
2853 1795 3037 1866 gratiae
3068 1796 3265 1865 pietate
3316 1797 3629 1865 sustollitis,
3660 1813 3804 1867 quos

570 1881 756 1923 Ανιτυε
792 1883 1095 1924 VIENNENSIS
1137 1885 1414 1927 EPISCOPUS
1454 1880 1480 1909 ⁸
1521 1887 1693 1928 υΟΜΝΟ
1732 1888 2057 1929 διοῐςυυμυο.

2214 1887 2265 1942 ἰη
2295 1888 2547 1943 extremis
2576 1896 2838 1943 terrarum
2869 1889 3107 1959 partibus
3145 1890 3279 1944 aula:
3328 1892 3575 1958 pollentis
3604 1901 3795 1945 cantu-

592 1957 730 2014 Dum
758 1960 847 2013 alii
874 1962 1071 2016 sanctis
1100 1977 1163 2017 ac
1190 1965 1397 2019 serenis
1421 1969 1724 2034 praesentia:
1750 1976 1941 2020 vestra:
1967 1981 2100 2034 epu-

522 2056 719 2116 lanlur,
743 2065 843 2121 ego
873 2051 1211 2107 sterilitatem
1242 2054 1497 2109 desiderii
1530 2055 1633 2111 mei
1666 2065 1909 2109 sustento
1938 2055 2105 2123 magis

522 2142 772 2212 pauperis
801 2144 960 2199 officii
994 2145 1253 2200 tenuitate
1300 2162 1457 2215 quam
1510 2149 1740 2201 ratione.
1796 2144 1946 2203 Unde
1984 2156 2106 2217 post

521 2233 887 2303 festivitatem,
919 2236 1125 2290 cunctis
1150 2236 1365 2306 quidem
1409 2240 1623 2307 semper
1663 2239 1945 2292 amabilem
1969 2279 1981 2301 ,
2009 2239 2103 2293 sed

521 2339 662 2379 nunc
687 2324 1137 2381 Cabilonensibus
1162 2327 1516 2398 singularem,
1554 2328 1768 2383 famulae
1790 2330 2104 2384 sollicitudi-

462 2464 466 2469 .
522 2418 605 2473 nis
632 2418 842 2473 litteras
869 2418 1157 2475 destinavi.
1189 2419 1321 2486 Qua:
1351 2423 1393 2475 si
1438 2423 1957 2491 quantulamcunque
1984 2438 2104 2491 par-

520 2512 733 2566 ticulam
766 2513 980 2568 laudum
1012 2521 1313 2570 vestrarum
1347 2516 1646 2570 niterentur
1689 2516 1975 2587 attingere.
2006 2532 2103 2572 nec

520 2604 622 2658 hoc
670 2603 887 2675 quidem
918 2605 1249 2661 sufﬁcienter
1293 2607 1638 2676 excolerent,
1700 2610 1839 2677 quod
1894 2624 1984 2662 eas
2021 2609 2101 2662 vel

520 2694 809 2750 humilitati
834 2712 969 2752 meae
996 2698 1120 2753 licet
1149 2699 1447 2769 porrigere,
1479 2700 1562 2754 vel
1589 2699 1881 2769 dignationi
1913 2708 2102 2754 vestra:

519 2802 733 2842 sumere
779 2787 929 2842 libet.
975 2790 1283 2858 Conjiciens
1334 2804 1462 2859 ergo
1492 2791 1558 2844 de
1609 2798 1873 2844 tantorum
1924 2790 2103 2845 laetitia

519 2882 889 2949 multipliciter
916 2896 1011 2936 vos
1043 2882 1154 2937 Deo
1185 2885 1413 2952 propitio
1464 2884 1640 2948 laetos,
1672 2894 1796 2954 peto
1828 2887 2103 2952 paschales

522 2971 679 3025 nobis
708 2972 823 3027 dies
853 2973 995 3027 felici
1019 2974 1192 3029 reditu
1221 2975 1426 3029 faciatis
1453 2994 1464 3028 :
1490 2972 1612 3044 quia
1636 2992 1755 3030 cum
1784 2978 1836 3029 in
1864 2978 2103 3032 absentia

520 3073 700 3118 vestra
730 3065 970 3134 quaedam
1000 3066 1154 3121 nobis
1182 3060 1617 3137 Quadragesimte
1640 3068 1888 3137 perduret
1920 3078 2101 3124 auste-

520 3158 674 3227 ritas,
707 3157 957 3213 omnibus
976 3157 1252 3215 catholicis
1276 3161 1571 3232 principem
1596 3162 1979 3231 Christianum,
2012 3176 2104 3231 pe-
2138 3234 2141 3239 ν

2212 1980 2397 2034 bernio
2428 1990 2482 2035 et
2512 1980 2813 2033 veneranda
2844 1980 3066 2035 Romani
3116 1981 3346 2035 nominis
3381 1982 3795 2051 participatione

2207 2070 2405 2138 ditatis,
2457 2072 2764 2141 specialiter
2793 2072 2982 2142 gaudia
3015 2072 3207 2127 vestra:
3253 2074 3603 2142 perennitatis
3630 2090 3798 2144 agno-

2208 2172 2359 2217 scant
2379 2180 2496 2233 quae
2523 2164 2850 2234 generaliter
2880 2168 3085 2219 cunctis
3114 2166 3248 2218 fama
3290 2165 3655 2219 concelebrat.
3690 2167 3795 2220 0r-

2210 2268 2298 2311 nat
2321 2258 2514 2327 quippe
2542 2258 2749 2327 imperii
2776 2259 2938 2313 vestri
2980 2258 3385 2327 amplitudinem
3434 2259 3801 2327 longinquitas

2208 2351 2591 2419 subjectorum,
2623 2359 2676 2405 et
2708 2350 3056 2405 diffu'sionem
3088 2351 3396 2420 reipublicm
3425 2359 3619 2406 vestrae
3650 2364 3800 2405 asse-

2206 2443 2276 2497 rit
2305 2443 2443 2513 quod
2477 2444 2737 2497 remotius
2768 2442 3131 2513 pessidemur.
3174 2442 3329 2498 Unde
3368 2444 3624 2513 suscipite
3670 2458 3800 2513 pro-

2207 2533 2320 2603 pitii
2351 2550 2469 2587 eum
2500 2535 2757 2605 obsequio
2788 2534 3120 2602 portitorem.
3158 2534 3222 2588 Et
3252 2537 3555 2605 quanquam
3579 2535 3797 2590 univer-

2207 2622 2281 2673 sis
2314 2620 2687 2687 expetenlibus
2715 2619 2778 2672 ad
2808 2616 3026 2673 honoris
3053 2619 3259 2689 apicem
3303 2619 3570 2687 sufﬁciat,
3620 2621 3663 2675 si
3698 2636 3798 2675 vos

2212 2722 2485 2767 merentur
2533 2712 2804 2781 aspicere;
2855 2720 2908 2766 et
2966 2725 3065 2766 nos
3113 2720 3290 2766 tamen
3342 2712 3615 2765 insinuent
3659 2726 3797 2781 quos

2207 2805 2645 2873 prmsumpsimus
2668 2804 3065 2859 commendare.
3088 2803 3324 2871 Quorum
3348 2804 3512 2858 etiam
3540 2818 3794 2859 carorum

2207 2895 2653 2963 fainiliariumqne
2679 2909 2961 2965 personas,
2984 2897 3085 2949 hoc
3115 2896 3507 2951 intercurrendi
3536 2913 3796 2953 commer-

2205 2982 2297 3041 ‘cio'
2318 2989 2468 3041 nobis
2497 3002 2707 3056 quoque
2752 2988 2962 3056 profore
3006 2988 3327 3057 iudicantes,
3377 2987 3634 3043 desiderii
3666 3005 3796 3057 pro-

2209 3079 2421 3134 siliente
2457 3077 2779 3147 compendio
2821 3079 2873 3132 in
2906 3078 2989 3134 bis
3022 3093 3154 3148 quos
3181 3078 3512 3133 destinamus
3559 3081 3797 3133 occurri-

2210 3185 2345 3224 mus.
2377 3170 2507 3225 lllud
2540 3184 2699 3237 super
2718 3169 2896 3223 omnia
2924 3170 3293 3239 deprecantes,
3320 3179 3376 3223 ut
3404 3170 3524 3238 quia
3552 3170 3793 3240 dignatio

520 3249 709 3305 culiari
730 3253 941 3305 servulo
970 3251 1267 3320 piissimum
1296 3252 1573 3320 domuum,
1603 3254 1762 3309 etiam
1790 3268 1884 3323 per
1908 3253 2105 3310 solem-
2131 3242 2178 3305 (ἶ
2209 3261 2539 3317 celsitudinis
2569 3270 2760 3315 vestrm
2782 3260 3023 3315 oblivisci
3047 3277 3149 3316 non
3179 3270 3352 3330 potest
3384 3261 3641 3317 beneficia
3671 3277 3787 3326 sua,

519 3343 741 3398 nitatem
768 3343 968 3399 vidisse
989 3342 1230 3398 solemne
1253 3353 1357 3398 est.

1017 3435 1349 3492 EPISTULA
1390 3436 1619 3492 LXVIII.

587 3543 779 3584 Ανιτυε
819 3543 1121 3584 VIENNENSIS
1168 3544 1441 3586 EPISCOPUS
1478 3534 1652 3587 DOIINO
1691 3516 2020 3586 SIGISIUNDO.

591 3618 993 3676 Celebravimus
1042 3620 1341 3687 vobiscum,
1388 3622 1665 3677 divinitate
1695 3623 1962 3691 propitia,
2010 3634 2103 3674 vo-

518 3711 749 3779 biscum,
778 3713 1018 3781 inquam,
1051 3724 1158 3765 non
1207 3713 1344 3777 loco,
1394 3713 1487 3766 sed
1533 3714 1746 3775 animo.
1793 3712 2101 3781 pauperculi

521 3810 855 3863 Viennenses
876 3807 1039 3861 vestri
1070 3807 1320 3876 paschale
1344 3807 1613 3861 festivum.
1643 3808 1701 3863 Si
1733 3815 1908 3861 autem
1941 3808 2103 3861 inter-

521 3902 719 3970 rogetis
748 3906 802 3955 et
841 3899 1071 3970 qualiter
1099 3917 1114 3955 :
1140 3901 1262 3972 quia
1312 3900 1546 3957 vicinum
1576 3916 1894 3973 quemquam
1919 3944 1934 3970 ,
1978 3902 2099 3972 quia

521 3988 712 4049 adesse
733 3992 940 4049 facilius
964 3986 1192 4064 poterat,
1223 3994 1341 4065 plus
1371 3994 1551 4051 doleat
1598 3995 1854 4051 defuisse.
1888 3995 1993 4049 Nec
2021 4004 2101 4049 ta-

520 4102 683 4152 men,
731 4100 852 4142 cum
900 4087 999 4142 ista
1029 4085 1311 4155 deflemus,
1340 4085 1648 4158 discrepare
1693 4100 1790 4141 uos
1844 4100 1874 4142 a
1924 4097 2099 4141 vestra

517 4178 793 4237 voluntate
836 4179 1048 4237 dicatis.
1080 4176 1199 4236 .lam
1230 4180 1428 4235 dudum
1460 4179 1528 4234 ab
1556 4179 1677 4245 illo,
1707 4187 1889 4236 sancte
1927 4181 2100 4236 credi-

517 4290 660 4340 mus,
692 4273 915 4329 ail'ectus
937 4271 1045 4328 illic
1073 4272 1310 4337 cohibet,
1339 4280 1445 4326 non
1471 4272 1593 4327 hinc
1610 4272 1895 4342 despectus
1920 4272 2101 4327 exclu-

518 4364 617 4419 dit.
644 4362 813 4419 Unam
852 4363 904 4418 in
928 4374 1154 4432 utraque
1197 4364 1413 4418 civitate
1464 4372 1639 4417 vestra
1670 4364 1949 4417 ecclesiam
1984 4377 2101 4430 per-

517 4454 645 4509 inde
685 4452 937 4522 diligitis;
979 4448 1072 4507 sed
1119 4454 1209 4523 pio
1241 4454 1417 4522 patri,
1457 4453 1511 4506 in
1561 4462 1814 4522 quantum
1863 4452 2099 4521 expedit,

517 4544 693 4599 donec
721 4557 818 4597 vos
851 4542 919 4599 ad
949 4542 1240 4613 quamlibet
1267 4544 1419 4613 sequi
1451 4545 1770 4608 consentiat,
1792 4542 2099 4598 adhazretis.

2208 3369 2303 3422 pro
2326 3355 2616 3422 gratiarum
2646 3353 2857 3407 actione
2886 3367 2988 3422 qua
3017 3351 3307 3421 fungimur,
3361 3367 3519 3418 quam
3556 3353 3793 3422 primum

2206 3447 2533 3503 serenissimi
2566 3447 2676 3500 oris
2706 3460 2961 3515 reSponsa
2994 3460 3316 3500 mereamur.

2732 3537 3060 3592 EPISTULA
3106 3536 3266 3591 LXX.

2277 3644 2463 3685 AVITUS
2494 3634 2797 3683 VIENNENSIS
2821 3644 3095 3685 EPISCOPDS
3128 3640 3149 3667 θ
3182 3643 3354 3684 0011Νο
3384 3642 3714 3685 ειαιειιυμῐιο.

2276 3720 2567 3775 Praesentia
2617 3720 2799 3775 domui
2854 3722 3019 3790 patris
3070 3720 3250 3789 gloriae
3306 3730 3500 3775 vestrae
3559 3720 3787 3773 biduana

2206 3815 2559 3880 occupatione
2590 3812 2839 3867 detentus
2879 3813 3215 3881 aliquatenus
3245 3814 3557 3882 portitorem
3584 3813 3789 3867 tardius

2204 3903 2484 3970 ordinavi,
2546 3919 2644 3975 per
2698 3920 2855 3974 quem
2910 3919 3143 3958 annuum
3195 3905 3261 3960 de
3310 3906 3477 3960 sancti
3523 3905 3787 3959 Vincentii

2206 3994 2549 4051 sclemnitate
2580 3995 2856 4050 servitium
2885 3995 3375 4049 consuetudinarize
3413 3993 3790 4049 sollicitudinis

2205 4102 2331 4143 cura
2378 4087 2738 4154 dependerem
2779 4103 2791 4139 :
2842 4094 2893 4140 et
2934 4086 3073 4139 inter
3101 4086 3341 4140 actiones
3380 4086 3569 4154 quibus
3611 4097 3790 4141 vester

2207 4195 2304 4251 pro
2352 4181 2524 4235 salute
2569 4180 2748 4233 nostra
2801 4178 2951 4232 labor
2980 4178 3259 4247 invigilat,
3314 4176 3525 4231 debitus
3576 4192 3791 4241 semper

2206 4274 2416 4326 animus
2462 4274 2666 4327 cultum
2719 4271 2922 4323 meritae
2960 4270 3257 4324 devotionis
3295 4268 3532 4323 offerret.
3574 4266 3792 4322 Sufﬁcit

2207 4380 2335 4433 ergo
2381 4364 2445 4417 ad
2491 4363 2915 4417 consolationem
2968 4360 3217 4415 desiderii
3270 4361 3408 4428 mei,
3458 4362 3502 4415 si
3546 4360 3788 4412 omnium

2210 4467 2447 4510 nostrum
2496 4456 2695 4509 sanitas
2743 4456 2793 4507 in
2841 4461 3017 4507 vestra
3068 4460 3186 4521 post
3224 4452 3389 4506 Deum
3432 4450 3791 4520 prosperitate

2207 4546 2471 4601 consistit.
2492 4546 2756 4601 Caeterum
2782 4559 2887 4598 non
2910 4546 3110 4615 absque
3126 4542 3376 4612 scrupulo
3400 4550 3571 4610 potest
3592 4540 3787 4605 accipi,

518 4635 675 4690 Unde
700 4633 839 4691 sicut
858 4635 1073 4709 jussum
1098 4644 1201 4702 est,
1227 4636 1457 4705 primum
1492 4636 1600 4691 Deo
1646 4635 1714 4691 de
1739 4635 2098 4702 solemnitate,
2124 4616 2179 4677 Ῑ)
2207 4638 2349 4709 quod
2375 4636 2402 4673 ά
2435 4635 2502 4691 de
2543 4635 2806 4704 Sapaudia
2843 4632 3120 4690 itineribus
3148 4632 3427 4704 exquisitis
3455 4631 3693 4687 videmur
3717 4631 3787 4684 ad

517 4735 631 4781 tum
661 4726 803 4799 quod
832 4724 1057 4783 debetur
1093 4726 1354 4783 solvimus
1389 4726 1607 4783 Caesari.
1643 4725 1751 4782 Vos
1802 4726 1869 4783 de
1915 4726 2098 4783 laztitia

506 5034 507 5037 η
592 4987 618 5016 ι
642 4975 851 5045 Scripta
880 4984 1100 5045 utraque
1139 4983 1259 5045 post
1286 4973 1401 5045 dies
1431 4969 1706 5045 paschales
1731 4987 1837 5045 non
1865 4988 1973 5045 uno
1992 4983 2089 5045 ta-

517 5062 639 5101 men
662 5042 822 5100 aniio.
848 5042 1163 5109 Prior,'cum
1190 5043 1557 5111 Sigismunilus
1581 5042 1923 5098 festivitatem
1949 5044 2091 5098 illam

517 5117 758 5171 Cabiloni
787 5116 1164 5184 trausegisset;
1197 5119 1478 5183 posterior,
1510 5130 1630 5168 eum
1678 5112 1917 5183 Lugduni
1948 5130 2092 5168 eain-

516 5189 637 5242 dem
668 5186 996 5241 Gundobado
1024 5186 1160 5254 patri
1187 5184 1466 5239 adluerens
1485 5185 1836 5241 celebrasset.

590 5257 617 5296 ι’
650 5255 989 5311 Anastasium
1026 5274 1037 5308 :
1072 5257 1139 5311 ab
1162 5258 1316 5310 Avito
1364 5255 1689 5323 Sigismundi
1736 5256 1952 5310 nomine
1984 5264 2095 5311 tum

517 5330 713 5395 scripta
736 5366 751 5391 ,
782 5342 902 5381 cum
931 5326 1296 5394 Sigismnndus
1339 5326 1501 5380 oilicii
1546 5341 1705 5396 causa
1737 5327 1939 5396 legatos
1970 5341 2089 5379 eum

518 5399 710 5451 litteris
738 5397 974 5451 mitteret
1013 5396 1077 5450 ad
1118 5398 1515 5464 imperatorem.
1548 5395 1699 5459 Quod
1740 5395 1865 5450 vero
1890 5395 2089 5451 militia:

516 5467 772 5534 fascibus,
818 5468 1060 5533 aulzeque
1100 5467 1472 5529 contubernio.
1522 5473 1577 5519 et
1605 5464 1828 5519 Romani
1862 5466 2090 5520 nominis

517 5537 925 5603 participatione
947 5546 1192 5590 ornatum
1220 5552 1279 5590 se
1304 5537 1524 5600 scribit,
1564 5534 1868 5603 comitivam
1900 5536 2090 5602 opinor

518 5602 804 5659 militarem
835 5615 889 5659 et
918 5608 1252 5673 patriciatum
1282 5606 1543 5673 designat,
1575 5602 1643 5657 de
1664 5604 1855 5672 quibus
1882 5605 2083 5673 dictum

519 5685 602 5728 est
624 5674 888 5739 superius.
923 5678 1037 5742 Quo
1070 5678 1195 5731 item
1229 5672 1467 5729 alludens
1499 5674 1725 5741 epistola
1768 5674 1836 5727 83
1867 5690 1881 5727 :
1912 5672 2089 5741 Conjt-

519 5746 614 5797 cite
633 5758 789 5810 nunc,
814 5743 983 5812 inquit
1002 5790 1013 5810 ,
1044 5756 1284 5814 quantum
1316 5746 1526 5801 debeant
1549 5759 1676 5813 quos
1704 5744 1978 5796 honoribus
2005 5745 2089 5812 {a-

520 5814 738 5885 stigatis,
768 5830 894 5883 quos
913 5817 1073 5869 socios
1103 5814 1470 5883 triumphorum
1498 5815 1719 5867 omnium
1742 5828 2090 5867 success-utim-

2204 4727 2530 4797 provinciam
2567 4727 2847 4795 praeteriri.

2195 4992 2293 5043 que
2320 4987 2622 5055 uestrorum,
2651 4972 2959 5055 dignitatum
2980 4970 3153 5055 titulis
3171 4972 3462 5055 applicatis.
3692 5016 3697 5019 .

2277 5044 2631 5123 fCabilonem
2684 5043 3049 5123 frequentassc
3102 5043 3502 5123 Sigismundtum
3551 5057 3614 5098 ex
3668 5046 3788 5114 epi-

2198 5114 2331 5168 stola
2368 5114 2433 5167 67
2471 5113 2723 5182 colligere
2762 5112 2929 5166 licuit.
2966 5112 3107 5166 Idem
3134 5128 3271 5166 nunc
3298 5114 3575 5167 confirmat
3606 5112 3790 5168 annua

2199 5185 2513 5239 solemnitas
2538 5184 2599 5239 S.
2638 5184 2899 5239 \‘incentii
2934 5186 3400 5254 martyris,quem
3426 5184 3697 5254 prmcipuo
3729 5186 3785 5238 in

2200 5256 2344 5315 cultu
2379 5264 2433 5309 et
2457 5255 2689 5320 honore,
2727 5263 2781 5307 ut
2812 5263 3110 5321 patronum,
3152 5253 3346 5307 habent
3373 5253 3782 5308 Gabilonenses.

2203 5324 2307 5383 Sed
2362 5335 2415 5380 et
2467 5325 2752 5381 concilium
2810 5323 3679 5391 Cabilonenseiquod,Clodoveo
3738 5326 3781 5377 ll

2199 5409 2477 5462 regnante,
2509 5404 2855 5450 coni-ocatum
2913 5402 3026 5454 est.
3066 5396 3116 5447 in
3146 5394 3375 5449 ecclesia
3421 5394 3477 5449 S.
3517 5394 3785 5449 Vincentii

2194 5467 2521 5538 celebratum
2553 5467 2742 5538 synodi
2768 5464 2922 5538 docet
2955 5465 3223 5538 praefatio.

2262 5533 2284 5571 ἀ
2315 5535 2427 5589 Non
2475 5532 2613 5606 quod
2648 5538 2698 5589 in
2738 5535 3177 5606 provinciamide
3219 5532 3485 5606 Sapaudia
3534 5535 3789 5605 proficis-

2190 5606 2433 5662 centibus
2466 5605 2667 5662 rectum
2700 5608 2802 5663 iter
2852 5606 2918 5659 sit
2947 5621 3043 5673 per
3074 5605 3353 5669 Viennam,
3385 5605 3478 5659 sed
3518 5606 3635 5672 quia
3673 5624 3781 5661 non

2190 5691 2437 5756 magnum
2461 5686 2542 5733 est
2562 5675 2870 5740 divortium,
2899 5677 3077 5729 studio
3101 5678 3426 5746 praeteritam
3459 5675 3624 5729 videri
3652 5693 3788 5729 cnn-

2190 5756 2447 5814 queritur.
