4092 6350
368 409 472 469 277

515 595 525 603 ,
882 526 1208 586 EPISTULA
1248 525 1433 580 LXXI.

472 632 663 676 ΔΥΠὋΒ
703 632 1332 676 νιιιιιικαδιεηενιεεονυε
1370 626 1395 652 ⁸
1448 630 1567 672 νιιιο
1606 630 1871 671 ιιιυετιιι-

987 703 1314 742 ΑΝεειιυΝυο.

443 800 674 857 Tantum
724 800 972 857 servulus
1018 806 1196 855 vester
1242 798 1426 853 domui
1456 796 1625 854 nostri
1664 806 1946 862 recenset,

367 901 625 967 quantum
649 893 822 948 sentio
858 909 871 947 :
899 890 1133 951 nondum
1161 892 1313 959 plene
1336 889 1545 944 detersa
1568 888 1946 959 inaequalitate,

370 976 605 1041 attentos
651 984 825 1043 reddit
865 993 918 1040 et
959 984 1147 1041 anxios
1194 1000 1207 1035 :
1255 991 1311 1037 ut
1355 996 1450 1051 pro
1496 981 1953 1061 contemplatione

372 1078 586 1148 pietatis
616 1076 758 1131 illius
785 1090 941 1145 quam
969 1074 1117 1130 festis
1145 1073 1429 1145 specialius
1456 1081 1643 1142 optare
1669 1072 1954 1129 consuevi-

373 1182 533 1235 mus,
588 1167 834 1223 sufﬁcere
875 1165 1030 1241 nobis
1075 1165 1512 1237 commoditatem
1566 1172 1803 1229 vestram
1864 1178 1955 1242 pro

374 1259 520 1313 omni
544 1257 862 1312 solemnium
882 1256 1215 1331 jucunditate
1236 1254 1535 1313 credamus.
1559 1253 1712 1327 Unde
1736 1269 1955 1323 servans

373 1359 498 1420 post
546 1350 744 1404 cultum
790 1330 992 1403 Natalis
1050 1330 1307 1402 dominici
1363 1347 1535 1401 solita:
1585 1345 1958 1400 sollicitudinis

314 1422 317 1425 v
374 1441 707 1508 servitutem,
738 1446 846 1494 tota
870 1438 1030 1493 nosse
1052 1452 1145 1493 vos
1164 1439 1269 1493 voti
1296 1434 1587 1492 ambitione
1612 1437 1886 1502 desidero,
1911 1436 1957 1491 si

375 1517 540 1589 decus
569 1545 856 1590 commune
883 1530 1025 1601 quod
1048 1530 1369 1597 Viennensis
1397 1529 1677 1585 ecclesiola
1706 1530 1957 1598 praesenti

376 1626 496 1680 vice
527 1638 631 1678 non
668 1624 883 1688 meruit,
907 1623 990 1680 vel
1021 1604 1455 1692 Lugdunensium
1481 1620 1799 1693 populorum
1826 1635 1957 1690 gau-

376 1706 465 1773 dia
506 1698 820 1791 duplicavit.
853 1715 981 1769 Nam
1031 1716 1078 1791 si
1105 1731 1230 1785 vos,
1266 1714 1479 1769 Christo
1511 1715 1719 1768 favente
1742 1756 1755 1777 ,
1796 1723 1854 1767 ut
1894 1713 1959 1766 ad

378 1808 664 1863 ecclesiam
688 1792 925 1877 potuisse
952 1789 1243 1879 procedere
1269 1816 1361 1861 aut
1380 1806 1718 1861 devotionem
1738 1819 1963 1859 consue-
2010 1870 2013 1871 ν

1664 406 1991 497 EPISTOLA
2032 406 2311 465 LXXVIII.

1974 528 2025 587 Δ
2053 533 2208 589 nato,
2247 526 2406 581 etiam
2437 526 2696 583 devinctae
2726 528 2854 581 mihi
2888 528 3196 581 sublimitati
3231 537 3416 582 vestra:
3442 528 3616 581 ofﬁcia

3511 411 3615 468 278

2052 629 2261 684 semper
2282 616 2524 671 debeuda
2551 618 2796 687 persolvo
2820 636 2833 670 :
2859 618 3089 674 suadens
3104 659 3118 683 ,
3146 619 3251 672 imo
3272 632 3391 686 quia
3416 625 3618 673 tantum

2052 706 2380 764 obduruistis
2406 717 2460 762 et
2486 709 2814 777 supplicans,
2846 720 2901 763 ut
2925 710 3229 765 stomachus
3256 708 3437 767 multis
3458 710 3623 769 Saxu-

2054 801 2156 857 nite
2203 799 2408 855 deliciis
2462 801 2773 855 nausiantes
2820 800 3036 856 tandem
3080 801 3409 871 parcioribus
3457 802 3624 855 iatrite

2057 900 2249 946 vestra:
2275 890 2492 959 jejuniis
2515 892 2777 946 atteratis.
2820 891 2969 957 Quod
3001 893 3043 944 si
3076 893 3210 946 adeo
3240 892 3454 947 nescitis
3483 891 3623 951 desi-

2057 984 2191 1040 derii
2238 983 2657 1040 vicissitudinem
2706 998 3031 1051 repensare,
3080 994 3136 1037 ut
3179 986 3413 1040 nondum
3480 984 3627 1039 vobis

2059 1078 2302 1133 videatur
2355 1077 2592 1131 absentia
2636 1086 2807 1131 vestra
2853 1076 3129 1143 sufficere,
3181 1078 3370 1145 injuria
3414 1089 3628 1135 coactus

2061 1168 2162 1225 hoc
2183 1177 2329 1237 Opto,
2356 1182 2546 1237 meque
2570 1167 2759 1221 baculo
2782 1166 2937 1234 hujus
2969 1168 3365 1235 imprecationis
3378 1169 3628 1233 ulciscor,

2061 1271 2118 1312 ιιι
2150 1269 2421 1314 mutentur
2450 1259 2750 1328 praesentia:
2778 1259 2949 1324 vices,
2981 1266 3036 1312 et
3068 1257 3208 1327 quod
3238 1258 3436 1313 Vienna
3463 1259 3631 1313 abun-

2062 1349 2170 1414 dat,
2200 1350 2469 1409 Cabilonis
2504 1349 2761 1404 obtineat.
2797 1347 2863 1401 Ut
2892 1348 2936 1401 si
2965 1348 3050 1403 hic
3077 1364 3179 1405 non
3208 1349 3464 1404 habemus
3491 1348 3631 1417 quod

2060 1441 2253 1507 debeat
2292 1440 2505 1509 expeti,
2554 1440 2661 1495 illic
2689 1440 2962 1494 mittamus
2989 1440 3130 1509 quod
3164 1441 3325 1497 libeat
3354 1440 3630 1496 declinari.

2064 1533 2130 1588 Et
2161 1532 2284 1603 quia
2305 1532 2443 1601 quod
2476 1531 2598 1587 dico
2639 1532 2691 1585 in
2721 1531 2801 1585 via
2830 1539 2942 1597 est,
2970 1532 3013 1586 si
3046 1532 3218 1586 adhuc
3249 1534 3299 1587 in
3324 1534 3441 1588 loco
3469 1542 3616 1588 ret...

2062 1624 2220 1692 datis,
2242 1624 2473 1693 excipite
2500 1642 2512 1677 :
2542 1624 2588 1680 si
2604 1624 2714 1692 jam
2740 1623 2914 1679 redire
2942 1623 3243 1694 disponitis,
3267 1624 3555 1695 prmterite.

2570 1781 2893 1836 EPISTOLA
2934 1782 3139 1839 LXXV.

384 1886 707 1955 mdinariam
736 1897 1121 1967 rescripserit“
1150 1898 1422 1966 implesse,
1458 1897 1742 1966 participes
1772 1896 1961 1950 redditi
1995 1906 2043 1966 Β
2070 1886 2254 1926 Ανιτυε
2280 1886 2580 1926 VIENNENSIS
2610 1888 2882 1928 EPISCOPUS
2914 1888 3035 1927 VlllO
3097 1888 3331 1927 ILLUSTBI
3360 1889 3639 1931 IlELLAIlIOo

385 1991 584 2045 laetitiae
614 1990 933 2063 vicinorum,
964 1991 1271 2058 epulaturos
1303 2004 1398 2043 nos
1426 1992 1737 2063 profitemur
1758 1986 1962 2050 auditu,

382 2080 429 2134 si
472 2068 596 2134 illos
638 2065 829 2150 quibus
858 2062 1138 2149 praisentia
1165 2088 1339 2133 vestra
1365 2078 1559 2132 donata
1594 2088 1709 2143 est,
1738 2077 1965 2131 refectos

381 2154 792 2241 cognoverimus
820 2151 1035 2225 intuitu.

886 2256 1213 2314 EPISTOLA
1255 2257 1342 2312 LX
1353 2256 1443 2313 XII

530 2364 714 2405 AVI'I'US
753 2364 1055 2404 VIENNENSIS
1096 2364 1372 2403 EPISCOPUS
1426 2363 1550 2402 VIRO
1592 2362 1823 2403 ILLUSTBI

1011 2430 1338 2474 ANSEIIUNDO.

457 2532 591 2589 Cum
621 2530 970 2602 peculiarium
998 2531 1340 2586 vernularum
1369 2529 1699 2585 absentando
1737 2544 1962 2599 suspen-

385 2624 511 2679 ditis
549 2634 704 2693 vota,
737 2622 909 2679 facitis
959 2638 1057 2678 nos
1086 2637 1190 2677 non
1243 2622 1306 2675 ad
1341 2622 1551 2691 plenum
1580 2622 1834 2692 consequi
1882 2622 1965 2677 vel

387 2718 635 2772 nuntiare
656 2717 857 2774 votiva.
881 2716 1052 2771 Festis
1075 2731 1201 2786 ergo
1229 2713 1429 2769 Natalis
1451 2714 1685 2779 Domini,
1716 2714 1768 2768 in
1799 2731 1965 2784 quan-

389 2818 499 2864 tum
530 2810 645 2865 sine
669 2810 821 2865 vobis
850 2808 1046 2879 potuit,
1073 2808 1384 2862 solemniter
1413 2806 1715 2871 celebratis,
1748 2820 1966 2874 prospe-

332 2960 339 2966 ,
388 2902 600 2957 ritatem
632 2886 861 2972 piissimi
891 2896 1076 2955 damni
1114 2898 1305 2965 nostri,
1334 2914 1492 2969 quam
1528 2899 1673 2969 justo
1699 2899 1965 2954 desiderio

391 3000 767 3061 optaveramus
793 2990 1008 3056 videre,
1060 3000 1165 3044 tam
1197 2988 1449 3059 dignabili
1486 2990 1718 3060 alloquio
1747 2980 1966 3060 pra:le-

393 3084 570 3137 lamur
621 3096 939 3153 agnoscere.
984 3081 1134 3137 Illam
1185 3081 1395 3154 plebem
1439 3083 1699 3139 refecistis
1737 3086 1963 3154 gaudio,

394 3168 553 3229 istam
578 3168 746 3229 (litate
777 3168 1036 3243 rescripto
1061 3191 1076 3229 :
1110 3166 1266 3244 quam
1295 3190 1388 3245 per
1419 3192 1503 3230 me
1532 3184 1711 3231 vester
1736 3164 1965 3232 illustret

392 3268 633 3335 affectus,
664 3258 836 3324 donec
865 3268 1016 3324 vobis
1042 3268 1156 3336 ejus
1186 3269 1462 3323 servitium
1502 3285 1651 3324 meus
1682 3279 1969 3341 praesentet
1995 3276 2042 3340 ρ

391 3360 669 3417 Occursus.

884 3428 1214 3485 EPISTULA
1254 3429 1486 3485 LXXIII.

393 3510 584 3579 utros
614 3530 920 3578 Viennensis
948 3534 1225 3578 nrtscorus
1251 3536 1373 3576 VIRO
1398 3537 1635 3578 iLLusrni
1659 3520 1971 3578 VALERIANO.

465 3636 917 3693 Consuetudinem
976 3620 1354 3691 sollicitudinis
1401 3651 1514 3691 sum
1571 3637 1738 3706 pietas
1793 3647 1970 3693 vestra

395 3726 653 3793 custodit,
687 3742 786 3782 nos
816 3724 1121 3797 dignatione
1146 3727 1344 3797 pariter
1373 3742 1434 3781 ac
1464 3712 1655 3781 litteris
1682 3728 1969 3784 visitaudo.

404 3818 697 3876 addidistis
718 3812 1042 3890 solemnitati
1066 3808 1221 3889 quam
1240 3817 1532 3890 gaudenter
1557 3820 1665 3874 Deo
1690 3830 1974 3889 praestante

400 3915 760 3984 suscepimus,
791 3888 1007 3983 et‘quod
1026 3888 1364 3982 spectabatur
1380 3913 1432 3966 iu
1458 3914 1631 3965 votiva
1655 3888 1827 3966 cultus
1849 3927 1977 3967 con-

400 4008 757 4063 summatione
812 4005 1119 4077 suppleslis.
1160 4004 1282 4059 Mihi
1333 4014 1510 4059 autem
1562 4003 1631 4059 de
1674 4003 1891 4068 lmtitia,
1924 4007 1978 4058 in

398 4106 653 4170 quantum
685 4111 802 4171 eam
825 4090 1155 4167 Cognovero,
1178 4095 1463 4165 gratulanti
1488 4109 1593 4148 non
1628 4094 1799 4149 minus
1824 4095 1979 4149 dulce

398 4198 515 4255 est,
542 4197 661 4258 post
688 4187 903 4257 longum
950 4194 1159 4254 tempus
1188 4184 1447 4239 absentiae
1478 4198 1731 4252 prospere
1772 4198 1867 4237 vos
1896 4199 1979 4238 re-

400 4278 576 4346 disse,
616 4290 773 4349 quam
805 4276 940 4334 festa
970 4273 1236 4345 paschalia
1268 4289 1387 4331 cum
1429 4265 1782 4330 exsultatione
1811 4285 1981 4331 trans-

401 4384 575 4435 ’μηδ’
892 4414 1221 4493 EPISTULA
1261 4432 1474 4492 Lxxw

402 4546 595 4588 AVI'I'US
657 4545 960 4588 VIENNENSIS
997 4543 1272 4586 EPISCOPUB
1301 4544 1420 4585 VIRO
1449 4544 1686 4585 ILLIIS'I‘BI
1730 4546 1981 4586 CAERTIO.

477 4622 560 4679 Ad
595 4622 851 4678 damnum
880 4636 1215 4678 communem
1240 4622 1535 4677 litterarum
1566 4622 1784 4678 servitio
1814 4623 1983 4680 desti-

478 4804 504 4869 ξ
537 4794 889 4869 Aulte‘regiai
934 4794 1683 4869 Burgundionumprincipi,
1732 4797 1797 4869 a_d
1826 4813 1987 4867 quem

404 4864 631 4941 epistola
653 4866 742 4941 ιθ.
777 4864 1000 4941 scriptae
1028 4864 1198 4941 amba:
1226 4877 1345 4941 post
1373 4866 1489 4921 dies
1515 4866 1717 4923 Natalis
1748 4864 1979 4941 Domini,

403 4934 558 5002 cujus
614 4934 933 4991 Solemnitati
987 4938 1119 5004 quia»
1156 4934 1246 4991 rei
1295 4937 1507 5001 Vienna:
1550 4953 1655 4991 non
1707 4934 1980 5003 adfuerat,

406 5009 548 5073 scire
578 5016 697 5089 avet
739 5020 805 5061 an
835 5004 1076 5089 Lugduni
1117 5006 1369 5089 adfuerit.
1422 5012 1534 5089 Quo
1571 5014 1693 5089 post
1750 5009 1981 5077 priorem

404 5086 709 5144 comperto,
735 5078 1081 5202 posteriorem
1113 5078 1392 5146 epistulam
1424 5078 1641 5146 adjecit.

480 5143 509 5185 δ
560 5149 740 5219 Divers
772 5146 873 5219 _ab
921 5146 1057 5219 hoc,
1108 5156 1418 5219 tetate‘uon
1454 5148 1619 5219 multo
1658 5147 1979 5215 inferiores,

404 5215 688 5289 Sapaudus
702 5215 983 5289 episcopus
998 5216 1351 5289 Arelatensis,
1377 5216 1573 5271 Placidi
1593 5220 1797 5287 patricii
1819 5219 1979 5288 ﬁlius,

406 5300 465 5347 et
487 5287 781 5356 ’Sapaudus
809 5287 973 5342 abbas
1012 5288 1102 5356 qui
1131 5287 1356 5341 concilio
1390 5288 1758 5343 Aurelianensi
1796 5304 1826 5343 v
1855 5293 1985 5345 sub-

408 5346 626 5430 scripsit
652 5371 750 5429 pro
769 5346 1231 5430 Albinoiepiscopo
1259 5357 1648 5430 Andegavensi.
1682 5357 1986 5415 Lconianus

408 5427 567 5495 vero,
616 5427 756 5497 nunc
798 5429 1237 5492 archidiaconus,
1286 5427 1425 5482 idem
1456 5427 1663 5481 videtur
1690 5444 1808 5482 cum
1847 5430 1987 5485 Leo-

409 5500 569 5556 niano
594 5496 1030 5570 famulojlaximi
1055 5499 1310 5567 episcopi,
1347 5500 1398 5552 in
1430 5497 1583 5570 cujus
1605 5499 1785 5570 gulam
1826 5500 1983 5554 lude-

406 5571 501 5626 bat
530 5566 753 5639 epistola
796 5566 885 5639 65.
931 5568 1191 5624 Convenit
1230 5570 1369 5624 enim
1413 5566 1644 5624 hominis
1693 5569 1905 5639 ingenio
1930 5581 1985 5626 ct

407 5637 646 5710 moribus
683 5637 911 5710 epistola
936 5639 1050 5707 ejus
1083 5640 1299 5696 nomine
1336 5642 1649 5707 composita.
1695 5637 1794 5692 Sed
1826 5643 1982 5710 longe

407 5708 652 5765 diversus
688 5708 741 5779 et
772 5709 1077 5776 dissimilis,
1118 5711 1359 5779 quamvis
1390 5724 1487 5764 nec
1509 5718 1702 5773 (etate,
1738 5721 1793 5764 ut.
1839 5708 1975 5766 fama
2058 5752 2059 5761 χ

406 5791 527 5851 est,
582 5784 680 5835 nec
716 5778 1050 5851 habitatione
1081 5778 1736 5851 diSjttnctusA,.Lc0iiianus
1775 5780 1972 5851 abbas,

408 5850 558 5931 cujus
578 5849 881 5925 sepulcmm
907 5850 1123 5907 Viennae
1154 5866 1319 5921 nuper
1344 5849 1741 5909 obServavimus
1771 5851 1822 5909 in
1846 5849 1973 5909 sub-1

2143 1984 2274 2038 Cum
2304 1983 2368 2038 ad
2410 1983 2644 2038 ofﬁcium
2677 1995 2866 2038 vestrae
2912 1984 3260 2055 magnitudini
3293 1984 3640 2040 deferendum

2068 2062 2324 2146 perpetua
2360 2090 2572 2143 semper
2594 2089 2750 2128 causa
2787 2084 3033 2143 suppetat
3065 2076 3320 2142 caritatis,
3353 2087 3407 2130 et
3436 2076 3642 2145 Specia-

2068 2166 2169 2219 lem
2215 2164 2515 2218 devotionis
2560 2165 2954 2220 observantiam
2996 2166 3117 2237 jure
3167 2166 3386 2231 debeam
3436 2167 3644 2221 obnixa:

2067 2255 2359 2325 impensius
2408 2256 2591 2323 pietati
2635 2273 2646 2308 :
2690 2271 2831 2311 nunc
2877 2267 3053 2312 tamen
3106 2258 3459 2313 desideratam
3514 2260 3644 2314 mihi

2068 2348 2443 2402 necessitatem
2474 2348 2610 2403 ratio
2638 2348 2937 2404 festivitatis
2959 2350 3176 2417 indixit,
3212 2360 3265 2404 ut
3286 2350 3496 2407 aﬁ‘ectui
3525 2366 3643 2406 ves-

2070 2450 2151 2493 tro
2180 2441 2261 2495 vel
2285 2442 2579 2496 litterarum
2601 2452 2951 2512 prtesentarer
2972 2445 3169 2512 ofﬁcio,
3202 2446 3289 2514 qui
3313 2460 3562 2514 cuperem
3591 2455 3645 2498 et

2069 2546 2313 2585 occursu.
2351 2532 2559 2587 Idcirco
2588 2535 2885 2588 reverentia
2915 2536 3218 2605 supplicans
3241 2536 3414 2590 debita
3437 2581 3449 2603 ,
3484 2551 3643 2605 quam

2069 2638 2131 2676 ex
2180 2632 2304 2677 volo
2357 2625 2488 2677 festa
2540 2624 2936 2679 celeliraveritis
2986 2626 3233 2699 inquiro,
3276 2627 3647 2697 Redemptoris

2073 2714 2239 2767 nostri
2276 2713 2648 2767 iuexhaustam
2680 2715 2976 2783 deprecans
3008 2715 3339 2786 largitatem,
3383 2724 3439 2771 ut
3480 2732 3647 2785 usque

2069 2804 2131 2857 ad
2172 2812 2382 2859 tetatem
2424 2806 2788 2860 centenariam
2838 2822 2930 2860 sua
2984 2809 3310 2878 proiectione
3337 2822 3432 2861 vos
3458 2822 3645 2875 prove-

2071 2896 2159 2947 hat
2182 2936 2197 2960 ,
2241 2907 2315 2977 et.
2342 2896 2405 2950 ad
2437 2909 2679 2951 ornatum
2715 2908 2981 2962 nostrum,
3013 2900 3152 2954 sicut
3200 2899 3455 2954 hactenus
3485 2898 3637 2962 fecit,

2068 2987 2223 3042 bonis
2256 2988 2501 3043 omnibus
2534 3001 2901 3045 remuneratus
2932 2992 3159 3045 attollat.

2555 3139 2879 3193 EPISTOLA
2923 3139 3155 3195 LXXVI.

2072 3246 2265 3287 AVITUS
2317 3246 2621 3287 VIENNBNSIS
2673 3246 2947 3293 EPISCOI‘US
2987 3247 3105 3287 νιιιο
3160 3247 3398 3287 ιιιυετιιι

3452 3246 3645 3287 ΙΙΟΟΝΙ.

2148 3342 2272 3395 Post
2304 3341 2640 3395 festivitatem
2684 3344 2735 3396 in
2774 3358 2877 3412 qua
2907 3343 2973 3397 de
3008 3343 3288 3411 praesentia
3320 3345 3398 3398 vel
3449 3344 3649 3398 lIlCOIII-

2079 3432 2261 3486 mitatc
2292 3431 2468 3486 domui
2503 3433 2667 3485 nostri
2689 3441 2807 3486 vota
2829 3444 3003 3487 vestra
3027 3443 3079 3487 et
3106 3435 3295 3489 merita
3322 3436 3652 3499 claruerunt,

2078 3520 2286 3590 paginis
2319 3521 2383 3576 ad
2418 3521 2588 3590 ipsum
2615 3521 2805 3575 ofﬁciis
2833 3523 3133 3588 destinatis,
3159 3525 3278 3593 jure
3313 3525 3463 3579 vobis
3494 3541 3653 3594 pecu-

2078 3613 2301 3669 liaribus
2353 3617 2585 3683 pectoris
2615 3615 2717 3668 mei
2758 3615 2918 3669 etiam
2966 3618 3310 3684 praesentium
3360 3617 3654 3672 litterarum

2078 3705 2360 3760 famulatus
2400 3706 2624 3760 offertur
2656 3724 2667 3759 :
2703 3722 2796 3775 per
2836 3724 2993 3773 quem
3043 3723 3139 3762 nos
3177 3708 3317 3762 inter
3348 3715 3556 3773 tantos,
3600 3719 3657 3765 ut

2078 3796 2193 3850 ﬁeri
2225 3796 2413 3863 potuit,
2449 3802 2626 3852 rerum
2675 3806 2918 3853 rumores
2950 3799 3150 3855 Pascha
3181 3815 3435 3871 prospere
3484 3808 3657 3857 trans-

2078 3892 2255 3960 egisse
2283 3892 2522 3961 signiﬁco
2549 3912 2559 3947 :
2591 3894 2669 3948 sic
2705 3894 2829 3949 mihi
2856 3894 3098 3963 judicans
3125 3896 3239 3965 ejus
3271 3895 3655 3966 plenitudinem

2079 3986 2243 4039 divini
2297 3986 2535 4040 muneris
2578 3987 2850 4042 beneﬁciis
2910 3997 3292 4059 proventuram
3328 4032 3343 4059 ,
3398 3969 3443 4044 si
3494 3990 3657 4045 vestri

2082 4090 2292 4145 quoque
2318 4077 2569 4147 colloquii
2606 4078 2970 4145 dignationem
2998 4096 3119 4135 cum
3149 4079 3307 4135 simili
3341 4074 3659 4150 prosperita-

2084 4167 2153 4220 tis
2171 4166 2441 4235 agnitione
2470 4184 2739 4223 meruero.

2562 4258 2895 4314 EI’ISTOLA
2941 4259 3197 4315 LXXVII.

2087 4388 2151 4427 ΑΒ
2204 4386 2362 4427 AVITO
2401 4386 2673 4426 VIENNENSI
2734 4387 2979 4427 EPISCOPO
3032 4387 3280 4438 IIICTATA,
3334 4388 3426 4429 SUB
3469 4388 3663 4430 NOMINI

2160 4457 2405 4498 LEONIANI
2454 4457 2850 4507 ARCHIDIACONI,
2901 4443 2927 4482 δ
2978 4460 3043 4498 AD
3102 4460 3261 4498 νιιιυιι
3308 4460 3664 4500 SPECTABILI!

2158 4527 2455 4568 SAPAUDUII.
2526 4560 2531 4563 .

2171 4627 2322 4683 Licet
2356 4641 2604 4695 pompam
2628 4627 2855 4682 convivii
2876 4626 3202 4698 principalis,
3225 4626 3439 4681 marinis
3462 4626 3666 4683 deliciis

2016 4804 2072 4865 D
2099 4803 2304 4878 urbana
2341 4804 2455 4878 :ede
2593 4805 2754 4878 Petri,
2799 4820 2925 4878 cum,
2949 4807 3109 4873 epitaj
3132 4805 3240 4869 hio,
3272 4809 3389 4862 rudi
3428 4809 3660 4878 quidem.

2094 4874 2187 4926 sed
2219 4875 2387 4927 sancti
2446 4874 2542 4929 viri
2577 4876 2743 4944 gratia
2794 4876 3198 4946 haudquaquam
3241 4874 3578 4948 spernendo,
3613 4883 3668 4937 in

2096 4941 2210 4997 haec
2240 4945 2419 4997 verba.

2114 4957 2210 4997 NEC
2240 4957 2419 4998 verba.

2438 5014 2851 5070 EPITAPHIUM
2890 5016 2947 5071 S.
2988 5018 3321 5073 LEONIANI.

2100 5080 2203 5134 llic
2214 5083 2290 5155 vir
2310 5085 2571 5155 sanctitate
2584 5089 2880 5155 conspicuus
2904 5088 2954 5139 in
2979 5090 3071 5142 hac
3088 5089 3210 5141 urbe
3233 5087 3503 5143 Viennensi
3515 5087 3667 5140 abbas

2166 5153 2352 5225 exstitit
2377 5152 2628 5225 Sabbaria
2652 5152 2933 5211 Pannonia?
2947 5168 3106 5221 ortus,
3135 5175 3167 5210 α
3196 5159 3421 5211 barbaris
3444 5157 3666 5225 captiva-

2165 5232 2262 5296 tus,
2297 5221 2559 5296 Gallorum
2584 5226 2769 5296 ﬁnibus
2787 5228 2980 5281 devenit
3007 5244 3023 5281 :
3049 5230 3403 5296 Augustuduni
3424 5221 3661 5295 primum,

2165 5294 2347 5367 deinde
2391 5293 2593 5367 Vienna;
2643 5295 2863 5350 claustro
2895 5293 3164 5367 peculiaris
3188 5298 3330 5367 ςριιω
3360 5293 3662 5367 conclusus,

2165 5364 2508 5433 quadraginta
2532 5366 2646 5435 plus
2677 5369 2823 5421 annis
2850 5364 2939 5422 tali
2976 5370 3152 5421 ordine
3172 5364 3370 5418 Christo
3396 5365 3658 5428 mi’itavt‘t,

2165 5444 2320 5486 tanta:
2340 5434 2693 5499 districtionis,
2712 5449 2763 5491 ut
2779 5456 2903 5500 pene
2924 5442 3063 5491 uultu
3085 5434 3314 5489 omnibus
3332 5434 3663 5506 undequaquc

2162 5506 2470 5577 venientibus
2495 5508 2699 5577 ignotus
2726 5509 3063 5569 introvixerit,
3090 5519 3201 5577 cum
3225 5512 3349 5577 esset
3373 5503 3521 5558 verba
3544 5503 3668 5559 doc-

2162 5576 2309 5648 trina:
2355 5573 2534 5631 multis
2573 5580 2639 5630 ad
2680 5582 2891 5632 salutem
2936 5575 3247 5648 notissimus.
3298 5573 3380 5628 Ita
3420 5584 3474 5629 ut
3511 5579 3667 5648 juxta

2162 5646 2399 5718 cellulam
2420 5664 2566 5700 suam
2600 5642 3293 5718 quamplurimosrnonachos
3314 5642 3668 5718 rrexeriﬂntoo

2157 5717 2348 5771 nacltoa
2378 5734 2492 5771 vero
2512 5716 2705 5769 ambitu
2746 5716 3036 5769 monasterii
3066 5716 3201 5838 iura
3240 5717 3411 5770 urbem
3443 5716 3668 5768 inclusos

2157 5788 2223 5838 ad
2248 5789 2635 5838 sexauenarium
2654 5800 2915 5836 numerum
2934 5786 3109 5838 mirabi
3138 5788 3151 5838 ἰ
3173 5790 3491 5838 ordinatione
3511 5801 3668 5838 naue-

2154 5788 2223 5859 ad
2248 5789 2915 5859 sexagenariumnumerum
2934 5786 3151 5859 mirabili
3173 5790 3491 5841 ordinatione
3511 5801 3668 5859 pau-

2153 5858 2251 5921 rit,
2283 5866 2330 5911 et
2361 5853 2799 5924 disciplinabiliter
2821 5855 3133 5912 custodierit.
