4092 6350
532 394 639 451 2³79

1798 386 1853 439 s.
1900 384 2079 439 M‘l'l‘l
2120 379 2518 451 VIENNBNSIS

3685 375 3796 429 380

532 510 976 579 terrestribusque
1017 506 1339 576 fulgentem,
1391 502 1662 557 luculento
1694 512 1944 557 sermone
2001 500 2099 555 de-
2129 504 2183 564 Α
2209 495 2441 553 inediam
2467 483 2773 564 patior,'aut
2797 490 2994 560 aliquid
3016 491 3256 559 rapuisse
3272 490 3568 561 contingor;
3581 503 3794 546 summa

531 602 831 674 scripseris,
861 602 1227 657 incunctanter
1256 604 1432 650 tamen
1467 593 1740 649 declarare
1769 603 1917 648 tuum
1939 605 2093 646 amo-

527 710 643 755 rem
692 704 1005 753 consuetum
1054 702 1155 750 est.
1199 692 1432 748 Securus
1477 689 1617 745 enim
1660 689 1840 745 taliter
1866 689 2099 753 recitas,

527 799 807 861 postquam
854 788 1032 842 datam
1088 786 1184 841 tibi
1213 784 1492 839 materiam
1539 797 1646 837 non
1692 780 1956 845 versibus,
2004 778 2100 834 sed

525 882 774 938 dentibus
792 879 1057 949 expedisti
1091 896 1105 933 :
1150 893 1271 932 cum
1315 878 1366 930 in
1397 890 1502 930 uno
1530 873 1786 945 prandio,
1820 870 1959 941 quod
1984 869 2097 925 vix

521 974 732 1030 duobus
760 972 1063 1027 llurdonum
1092 979 1236 1040 terga
1262 969 1597 1033 detulerant,
1640 980 1776 1020 unus
1800 975 1989 1018 venter
2018 963 2102 1017 in-

522 1067 685 1123 clusit
742 1085 757 1121 :
801 1080 924 1119 cum
955 1065 1007 1118 in
1053 1077 1249 1133 pransu
1295 1061 1570 1132 negligens
1630 1058 1868 1123 crimen,
1919 1056 2098 1111 alvum

524 1159 797 1214 nimietate
828 1165 1132 1213 concretam
1162 1154 1461 1226 pectinibus
1495 1150 1743 1222 pexuisti.
1788 1150 1941 1218 Quod
1972 1149 2100 1204 licet

522 1253 591 1308 ad
631 1250 995 1308 insultandum
1020 1249 1150 1305 mihi
1187 1259 1536 1318 exaggerasse
1567 1252 1619 1299 te
1648 1250 1855 1314 pateat,
1890 1256 1991 1310 ego
2020 1249 2101 1295 ta-

521 1359 644 1401 men
672 1352 980 1399 constanter
1006 1340 1247 1407 aflirmo,
1280 1338 1484 1393 nullum
1515 1335 1745 1390 similem
1776 1333 1969 1399 nostri,
2003 1347 2099 1389 seu

521 1438 721 1495 esuriat
749 1438 862 1503 ille,
891 1451 985 1491 seu
1009 1434 1278 1499 comedat,
1308 1433 1523 1488 beatum
1554 1429 1749 1485 merito
1779 1425 2095 1496 nuncupari.

520 1530 650 1587 Nam
690 1540 748 1584 ut
768 1529 838 1584 de
870 1529 1044 1597 primo
1072 1526 1213 1597 quod
1256 1522 1551 1595 exposuisti
1598 1520 1802 1577 ferculo
1827 1519 2100 1590 colloqua-

521 1640 676 1692 mur,
733 1635 953 1691 parvum
991 1618 1084 1673 tibi
1124 1632 1297 1692 pruna;
1338 1631 1507 1687 genus
1534 1615 1762 1692 putabas
1802 1610 2095 1677 afﬂictum,

520 1680 675 1786 quod!
712 1680 1003 1783 appetitum
1052 1680 1400 1765 interioribus
1454 1680 1762 1761 inhiantem.
1801 1702 2099 1759 devorabili

522 1806 759 1876 tegmine
784 1818 948 1875 pavus
979 1811 1004 1840 ι
1034 1801 1186 1857 isicio
1235 1799 1523 1856 conclusus
1543 1795 1802 1861 exclusit,
1827 1804 1884 1850 et
1926 1795 2097 1865 trepi-

2212 588 2616 658 importunilate
2645 597 2841 654 perago
2871 591 2928 637 ut
2950 591 3059 637 tres
3089 591 3334 638 recentes
3358 582 3480 637 aliis
3508 583 3630 652 plus
3652 597 3794 653 prae-

2203 695 2431 737 sumam.
2487 678 2619 748 Ipsa:
2645 677 2804 732 etiam
2845 683 3081 745 paterae,
3118 689 3252 745 quas
3281 674 3525 730 confictis
3574 677 3792 734 casibus

2204 772 2410 842 frango,
2442 769 2752 840 quotidiana
2794 767 3137 839 reparatione
3157 766 3495 823 decrescunt.
3518 768 3794 842 Quaprop-

2205 874 2287 922 ter
2314 864 2584 921 laborioso
2634 865 2688 919 in
2720 862 2803 918 bis
2839 872 3049 917 tantum
3088 862 3347 919 insultare
3373 863 3574 920 desiste
3604 881 3619 920 :
3663 866 3787 935 quia

2204 975 2323 1016 cum
2358 959 2571 1030 utrique
2618 966 2857 1013 nostrum
2896 956 3261 1030 quotidianum
3302 956 3469 1012 fatum
3524 958 3596 1012 sit
3644 958 3788 1028 quod

2203 1054 2428 1124 quisque
2448 1053 2670 1107 sortitus
2692 1058 2807 1106 est:
2838 1058 2949 1105 tum
2972 1049 3253 1105 familiaris
3279 1048 3511 1105 miseriae
3542 1049 3789 1107 oblivisci

2206 1152 2430 1216 potero,
2478 1143 2523 1198 si
2571 1144 2732 1212 epulo
2760 1155 2861 1197 suo
2887 1140 3117 1197 domnus
3159 1148 3345 1197 uoster
3370 1141 3448 1197 sic
3481 1140 3673 1196 adesse
3703 1156 3790 1196 me

2201 1236 2407 1307 iubeat,
2431 1242 2492 1290 ut
2514 1243 2566 1290 te
2595 1233 2790 1289 deesse
2814 1232 3110 1304 contingat.

2664 1369 2992 1427 EPISTOLA
3031 1368 3314 1425 LXXVIII.

2227 1501 2421 1545 AVITUS
2448 1501 2752 1544 VIBNNENSIS
2781 1499 3055 1541 EPISCOPUS
3083 1495 3106 1524 θ
3141 1498 3455 1540 APOLLINARI
3494 1497 3784 1551 EPISCOPO.,

2271 1621 2497 1678 Conﬁdo
2520 1622 2699 1692 plane,
2724 1635 2821 1677 nec
2852 1620 3061 1685 dubito,
3089 1618 3271 1675 divino
3294 1632 3518 1674 munere
3542 1631 3785 1674 commu~

2203 1730 2326 1773 nem
2356 1715 2596 1769 laetitiam
2643 1713 2911 1770 communi
2954 1711 3255 1782 praesentite
3294 1710 3612 1765 nuntiatam.
3656 1709 3787 1764 Nam

2207 1804 2348 1875 quod
2390 1813 2444 1860 et
2486 1804 2551 1858 ad
2582 1817 2681 1859 vos
2723 1803 2835 1872 jam
2859 1802 3102 1872 suspicor
3128 1803 3436 1871 pervenisse
3463 1840 3478 1866 ,
3511 1800 3674 1855 etiam
3712 1800 3791 1856 illi

492 1899 652 1954 ouans
706 1898 944 1953 accensis
993 1886 1233 1949 faucibus
1289 1894 1409 1963 gula
1465 1888 1791 1960 aliquantula
1843 1888 2102 1958 temporis
2131 1876 2180 1936 Β
2206 1899 2296 1969 qui
2318 1905 2532 1951 vastare
2572 1896 2798 1951 limitem
2827 1894 3176 1961 dicebantur,
3208 1894 3408 1950 reversi
3455 1902 3600 1949 sunt.
3636 1892 3792 1950 Unde

519 2005 670 2046 mora
696 1987 843 2045 subb
875 1988 1017 2044 docti
1058 1985 1306 2041 incisoris
1348 1981 1606 2053 pependit
1634 1978 1875 2034 arbitrio.
1908 1978 2104 2049 Sicque

519 2083 722 2139 factum
746 2088 849 2149 est,
884 2089 941 2133 ut
966 2076 1197 2132 bibendo
1217 2074 1387 2141 cibos,
1422 2072 1610 2142 poeula
1634 2070 1971 2134 ruminando,
1994 2070 2104 2139 pri-

522 2188 661 2228 mam
695 2171 903 2242 prandii
934 2178 1140 2239 partem
1171 2165 1412 2221 esuriens
1449 2162 1718 2234 querelis,
1753 2161 1985 2216 mediam
2012 2176 2103 2217 co-

520 2266 740 2323 medens
788 2261 1022 2333 rapinis,
1065 2260 1305 2315 ultimam
1346 2266 1493 2311 satur
1542 2257 1793 2327 lacrymis
1834 2254 2097 2326 exegeris.

519 2361 643 2425 Nec,
662 2359 757 2414 tibi
793 2356 1021 2413 dixerim
1058 2353 1321 2424 profuisse
1350 2350 1492 2421 quod
1519 2349 1682 2406 defui.
1712 2350 1810 2405 Vel
1831 2349 1883 2405 id
1915 2350 2098 2417 nobis,
2136 2410 2149 2421 ,

520 2462 778 2525 quantum
808 2450 902 2506 tibi
921 2448 1204 2519 superfuit,
1235 2444 1486 2500 omnibus
1513 2442 1792 2499 satisfecit.
1822 2442 1953 2531 Nam
1977 2458 2099 2498 cum

520 2555 578 2598 tu
624 2544 675 2597 in
704 2550 849 2596 tanta
877 2539 1110 2595 convivii
1155 2535 1485 2592 beatitudine
1514 2534 1799 2591 deliciatus
1835 2534 2096 2601 maxime,

524 2636 825 2692 tardissime
854 2633 1099 2699 satiatus,
1133 2629 1219 2685 vix
1259 2637 1310 2684 te
1356 2628 1533 2699 possis
1576 2627 1805 2698 probare
1849 2626 2097 2692 felicem;

517 2727 644 2797 quid
673 2728 739 2782 de
769 2741 856 2782 me
898 2725 1099 2780 misero
1141 2736 1364 2778 censeas
1413 2721 1746 2790 interrogare
1796 2733 2096 2790 praesumo,

519 2821 659 2889 quia
686 2817 882 2889 regalis
908 2830 1108 2872 mensae
1136 2812 1458 2871 abundantia
1486 2827 1591 2868 non
1626 2814 1931 2883 permittor,
1969 2821 2024 2867 et
2045 2812 2099 2867 in

520 2912 884 2967 ecclesiastica
907 2907 1212 2980 frugalitate
1242 2920 1347 2961 non
1369 2914 1583 2960 saturor
1609 2922 1620 2956 :
1650 2905 1738 2976 qui
1760 2904 1860 2960 sub
1882 2904 2100 2961 honoris

521 3004 737 3058 nomine
763 3000 1021 3056 custodias
1053 2998 1386 3068 mancipatus
1406 3037 1421 3063 ,
1451 2997 1605 3067 quasi
1652 2994 1718 3050 ad
1755 2996 1978 3066 primam
2001 3012 2099 3050 vo-

521 3104 674 3152 catus
694 3103 749 3151 et
769 3110 799 3150 a
825 3094 1049 3151 meliore
1068 3091 1390 3163 prohibitus,
1413 3105 1481 3146 ne
1496 3090 1694 3159 possim
1715 3087 1898 3159 fugere
1915 3090 2100 3159 jacere

522 3189 854 3260 compellor:
887 3187 1113 3258 impleor
1136 3185 1398 3268 oleribus,
1431 3192 1486 3240 et
1508 3182 2099 3254 inlloruapis;abundo

2210 2006 2370 2047 causa
2400 1989 2779 2045 sollicitudinis
2810 1990 2904 2044 has
2941 1988 3131 2054 direxi,
3162 1998 3220 2043 ut
3243 2003 3361 2059 quas
3385 1988 3452 2043 ad
3477 2002 3573 2043 vos
3602 1997 3796 2058 postea

2208 2083 2274 2139 de
2300 2083 2666 2152 cujuscunque
2685 2080 2988 2136 securitatis
3027 2090 3314 2151 augmento
3346 2080 3684 2150 pervenerint
3711 2080 3791 2133 iu-

2208 2176 2399 2231 dicetis
2420 2175 2560 2241 ;'aut
2588 2175 2633 2229 si
2652 2175 2761 2244 jam
2786 2175 2850 2229 ad
2874 2176 3147 2230 civitatem
3172 2174 3310 2231 liber
3332 2189 3583 2231 recursus
3611 2191 3642 2230 a
3662 2189 3790 2230 eon-

2207 2266 2490 2323 suetudine
2521 2280 2619 2322 vos
2642 2306 2656 2331 ,
2693 2265 2800 2321 imo
2842 2268 3018 2337 potius
3067 2266 3136 2321 ab
3164 2280 3346 2323 amore
3374 2266 3670 2323 obsidionis
3695 2282 3793 2324 ex-

2210 2362 2390 2416 traxit.
2426 2360 2694 2415 Praeterea
2735 2357 2763 2396 ἀ
2807 2359 3125 2431 magdaliola
3154 2360 3241 2414 illa
3272 2375 3390 2431 quas
3433 2360 3792 2431 promisistis,

2209 2466 2371 2522 posco
2392 2462 2450 2507 ut
2471 2467 2591 2511 cum
2623 2450 3016 2507 observationis
3038 2450 3312 2507 breviculo
3348 2451 3501 2523 dirigi
3536 2452 3793 2521 juheatis.

2213 2542 2480 2599 Hactenus
2537 2542 2913 2598 familiariter:
2948 2542 3073 2598 hinc
3100 2541 3242 2613 quod
3287 2544 3627 2612 restat,quia
3670 2544 3785 2612 jam

2212 2635 2379 2700 libet,
2409 2636 2568 2704 paulo
2616 2634 2837 2689 hilarius
2866 2633 3133 2689 indicabo.
3176 2643 3198 2673 ε’
3232 2634 3588 2705 Signatorium
3634 2636 3794 2706 igitur

2207 2727 2351 2796 quod
2381 2720 2552 2798 pietas
2583 2737 2761 2782 vestra
2784 2741 2890 2781 non
2922 2737 3028 2782 tam
3061 2727 3372 2796 promittere
3408 2744 3567 2799 quam
3594 2728 3795 2785 oﬂerre

2206 2810 2421 2891 dignata
2445 2830 2551 2886 est,
2585 2822 2638 2875 in
2672 2819 2812 2876 hunc
2828 2821 3044 2876 modum
3070 2819 3187 2875 fieri
3210 2821 3356 2878 volo.
3385 2822 3596 2878 Annulo
3617 2822 3793 2878 ferreo

2206 2922 2261 2969 et
2312 2911 2599 2967 admodum
2632 2913 2802 2982 tenui,
2833 2912 2977 2968 velut
3003 2913 3443 2968 concurrentibus
3484 2914 3536 2968 in
3576 2928 3634 2967 se
3674 2913 3793 2969 del-

2208 3003 2445 3074 phinulis
2472 3002 2874 3067 concludendo,
2914 3004 3075 3074 sigilli
3104 3005 3331 3075 duplicis
3357 3005 3527 3062 forma
3562 3008 3792 3077 geminis

2207 3093 2504 3148 cardinulis
2535 3093 2823 3148 inseratur.
2869 3093 2999 3162 Quae
3035 3104 3091 3151 ut
3131 3094 3347 3151 libuerit
3386 3096 3619 3152 vicissim
3644 3138 3659 3162 ,
3693 3111 3793 3152 seu

2208 3184 2560 3251 latitabunda,
2580 3200 2674 3240 seu
2699 3186 2933 3256 publica,
2958 3186 3232 3241 obtutibus
3249 3187 3566 3242 intuentium
3585 3187 3791 3244 alterna

521 3254 898 3354 leguminibus,
931 3254 1025 3338 sed
1049 3296 1168 3353 qua:
1200 3257 1390 3346 tellus,
1423 3293 1528 3333 non
1562 3286 1754 3349 pontus
1782 3277 1982 3333 emisit.
2015 3278 2099 3334 ln-
2128 3254 2177 3320 (ἶ
2208 3278 2482 3333 vernantis
2512 3276 2677 3347 lapilli
2703 3254 2805 3333 ivel
2834 3278 3020 3334 electri
3050 3278 3296 3347 pallentis
3326 3278 3501 3334 fronte
3530 3288 3783 3336 mutetur.

522 3383 604 3431 ter
626 3374 740 3430 haec
756 3374 930 3444 qualia
950 3372 1145 3428 fuerint
1166 3372 1318 3426 bona:
1334 3368 1611 3425 memoriae
1625 3369 1895 3439 quondam
1921 3376 2100 3424 ostrea

525 3481 625 3523 nec
654 3465 929 3521 recordor.
966 3464 1022 3521 Si
1045 3463 1313 3519 modicum
1341 3453 1470 3533 quid
1502 3460 1720 3517 vascqu
1747 3475 1854 3515 uno
1877 3461 2101 3517 minimo

522 3556 817 3627 semipleno
838 3556 947 3611 vini
978 3554 1227 3625 pallentis
1255 3552 1568 3622 apponitur,
1598 3560 1653 3607 et
1682 3550 1769 3606 hic
1799 3550 1991 3606 modus
2017 3551 2103 3606 vel

524 3649 708 3720 regula
730 3647 1049 3702 custoditur.
1074 3645 1191 3700 .lam
1221 3644 1287 3699 de
1308 3644 1444 3699 cibis
1467 3652 1620 3698 taceo
1652 3660 1666 3696 :
1692 3643 1745 3696 in
1776 3641 2105 3712 accipiendis

524 3741 833 3798 recentibus
861 3737 1149 3808 majorﬁest
1193 3750 1375 3797 poena°
1423 3742 1598 3790 musta
1637 3732 1963 3803 deposcens,
2015 3742 2107 3789 aut

594 3947 621 3976 ἰ
666 3939 771 3993 Aut
812 3936 946 3992 sicut
989 3935 1213 3991 ﬁcedula
1241 3935 1444 3990 inclusa
1493 3948 1596 3990 ovo
1642 3938 1907 4005 pavonino
1955 3935 2097 4005 apud

522 4009 851 4072 Petronium,
898 4016 991 4062 aut
1020 4022 1206 4077 parum
1235 4006 1365 4061 dicit
1389 4005 1655 4061 isiciatum
1674 4047 1691 4071 ,
1728 4006 1866 4061 sicut
1895 4008 2097 4076 pullum

522 4082 782 4137 isiciatum
839 4078 1056 4149 Apicius
1114 4077 1412 4149 minutatim
1463 4078 1735 4131 concisum
1760 4118 1797 4149 ,_
1821 4085 1876 4132 et
1912 4080 1961 4130 in
1990 4078 2083 4149 isi-

519 4154 656 4207 cium
680 4147 1018 4207 conversum.
1049 4148 1264 4216 Apicius
1286 4147 1380 4200 lib.
1401 4160 1517 4211 vm,
1541 4161 1659 4218 cap.
1687 4148 1740 4213 7-,
1767 4147 1834 4202 de
1860 4148 2098 4217 porcello

517 4223 713 4289 farsili,
766 4221 1029 4276 Porcellus
1064 4218 1366 4274 hortulanus
1413 4218 1675 4289 crassatur
1710 4234 1799 4287 per
1835 4218 2097 4289 gulamiu

517 4286 725 4347 modum
752 4294 877 4345 utris
902 4308 921 4345 :
947 4290 1160 4343 mittitur
1180 4290 1234 4342 in
1263 4305 1320 4341 eo
1345 4286 1518 4358 pullus
1557 4290 1786 4343 isiciatus
1813 4286 2097 4358 particula-

518 4366 609 4415 tim
635 4363 882 4427 concisus,
900 4360 1057 4429 turdi,
1089 4359 1338 4429 Iicedulte,
1365 4358 1565 4410 isicium
1578 4361 1640 4429 de
1657 4358 1817 4429 pulpa
1837 4374 1952 4422 sua,
1983 4366 2090 4412 etc.

591 4431 619 4469 δ
648 4433 746 4496 Qui
778 4428 1054 4483 scindendi
1081 4428 1302 4496 obsonii
1336 4429 1591 4496 magister
1618 4427 1871 4491 Senecae,
1896 4428 2097 4482 scissor

522 4495 796 4562 Petronio,
814 4498 1055 4567 iuvenali
1073 4504 1249 4567 autem
1262 4495 1628 4567 chironomus,
1646 4511 1671 4547 a
1688 4496 2096 4567 gesticulatione

560 4586 620 4623 ua
655 4568 874 4624 obsllnia
905 4565 1155 4620 scindens
1183 4565 1431 4618 utebatur
1458 4581 1472 4618 :
1497 4566 1565 4621 de
1585 4581 1686 4635 qua
1711 4575 1766 4621 et
1786 4565 2091 4635 Petronius.

576 4640 815 4703 rocessit,
850 4637 1050 4708 inquit,
1085 4636 1254 4689 statim
1270 4635 1486 4708 scissor,
1514 4646 1560 4689 et
1610 4634 1681 4690 ad
1736 4634 2095 4708 symphoniam

520 4711 591 4763 ita
617 4704 944 4774 gesticulatus
970 4706 1207 4760 laceravit
1229 4704 1513 4769 obsonium,
1544 4714 1599 4759 ut
1630 4704 1832 4774 putares
1850 4704 1858 4708 ⁷
1877 4707 2093 4762 Darium

2214 3369 2324 3426 Nec
2368 3369 2583 3441 quidem
2635 3370 2754 3425 talis
2784 3369 3011 3436 electri,
3050 3371 3206 3440 quale
3246 3385 3435 3441 nuper,
3482 3381 3541 3427 ut
3578 3381 3791 3443 egomet

2212 3461 2388 3528 hausi,
2417 3460 2471 3515 in
2499 3469 2685 3515 sancto
2707 3474 2769 3515 ac
2796 3461 3159 3517 sincerissimo
3186 3461 3480 3531 impolluta:
3500 3460 3687 3521 manus
3708 3467 3791 3521 ni-

2212 3561 2329 3608 tore
2355 3553 2628 3619 sordebat,
2658 3552 2744 3608 cui
2762 3561 3069 3624 corruptam
3098 3556 3432 3626 potiusquam
3462 3556 3786 3628 confectam,

2212 3644 2329 3698 auri
2380 3642 2399 3682 ί
2444 3644 2681 3699 nondum
2733 3644 2949 3701 fornace
2991 3645 3199 3701 demeti
3236 3646 3557 3703 crediderim
3613 3649 3791 3706 inesse

2215 3737 2499 3791 mixturam
2548 3754 2563 3792 :
2601 3736 2687 3793 vel
2716 3736 2859 3792 illam
2888 3746 3071 3805 certe,
3111 3753 3269 3808 quam
3297 3740 3605 3812 nuperrime
3631 3752 3657 3791 ι
3693 3758 3790 3799 rex

2208 3952 2349 4013 mam
2374 3952 2458 4013 __ac
2476 3937 2766 4013 materiam
2786 3952 2952 4013 ,_cum
2986 3939 3236 4013 omnibus
3263 3940 3623 4013 ornamentis,
3657 3958 3789 4013 qua-

2210 4008 2314 4079 lem
2344 4008 2445 4063 sibi
2469 4006 2581 4063 ﬁeri
2606 4008 2753 4075 velit,
2777 4007 3183 4079 elegantissime
3206 4010 3479 4066 describit.

2283 4077 2302 4115 ί
2339 4079 2665 4155 pumicum,
2696 4087 2753 4132 ut
2776 4077 2981 4155 Plinius
2995 4081 3172 4145 docet,
3192 4082 3333 4155 inest
3349 4091 3625 4155 argentum
3649 4086 3789 4137 rario

2210 4147 2777 4222 pondere._l_]bicunque
2802 4150 2979 4222 quinta
3006 4152 3202 4219 argenti
3226 4153 3392 4222 portio
3419 4147 3514 4218 2st,
3544 4156 3789 4208 electrum

2209 4218 2438 4290 uocatur.
2461 4218 2515 4273 ld
2539 4234 2657 4273 cum
2692 4221 2742 4274 in
2774 4218 2989 4274 metallo
3006 4218 3291 4290 reperitur,
3312 4223 3543 4279 nativum
3567 4224 3782 4280 dicitur.

2210 4288 2292 4364 _Fit
2321 4302 2497 4345 autem
2525 4299 2581 4364 et
2610 4304 2739 4343 cura
2761 4290 3014 4364 electrum
3043 4288 3477 4364 argento’addito
3513 4312 3525 4347 :
3551 4295 3693 4364 quod
3738 4295 3786 4350 si

2197 4358 2399 4435 justum
2416 4360 2627 4435 modum
2652 4362 2963 4435 excesserit,
2992 4358 3351 4435 corrumpitur
3377 4358 3632 4428 mixtura,
3656 4380 3785 4435 qua-

2203 4431 2307 4483 lem
2331 4433 2382 4484 in
2405 4430 2577 4498 sigillo
2595 4445 2694 4485 suo
2715 4432 2913 4499 respuit
2935 4432 3141 4487 Avitus.

2275 4509 2300 4546 ε
2332 4500 2596 4573 ᾼΙτιιξςυε,
2646 4516 2678 4573 a_
2725 4501 2994 4557 Clodoveo
3033 4511 3328 4573 prostratus
3358 4521 3372 4557 :
3400 4506 3453 4559 in
3505 4505 3606 4561 hoc
3638 4508 3783 4561 enim

2201 4571 2405 4624 corruit
2435 4568 2859 4644 Wisigotharum
2885 4568 3107 4644 regnum
3132 4574 3185 4627 in
3211 4574 3406 4641 Gallia,
3429 4575 3582 4644 cujus
3611 4578 3784 4631 ruina:

2202 4641 2553 4705 pramuntiam
2583 4642 2770 4697 Avitus
2798 4641 3146 4698 adulterinum
3169 4654 3434 4700 monetam
3462 4641 3571 4700 vult
3594 4648 3779 4701 luisse.

2201 4709 2456 4765 Visuntur
2487 4726 2617 4765 sane
2645 4726 2786 4767 nunc
2812 4715 2971 4767 etiam
3001 4714 3209 4769 Gothici
3235 4729 3301 4770 ex
3340 4716 3543 4770 electro
3568 4726 3781 4771 veteres

524 4754 1044 4855 IiyJi-qulacantaute
1072 4791 1318 4855 pugnare.
1352 4754 1603 4855 Quamvis
1630 4754 2089 4855 crgocelerrime.
2120 4754 2174 4816 Ῑ)
2200 4754 2424 4845 numini,
2455 4754 3593 4855 aite'é'gaii'éitéif'iit‘sﬁii'Eﬁlis"'ﬁ;iiéé
3603 4754 3784 4855 "135222
3851 4803 3859 4809 ·

522 4844 577 4904 ei
605 4849 800 4904 volanti
830 4848 1068 4915 cultello,
1094 4844 1159 4902 ut
1175 4845 1405 4916 loquitur
1433 4844 1726 4918 Iuvenalis,
1761 4848 1926 4918 dapes
1968 4863 2094 4904 eru-

519 4921 830 5002 dit_a_mauu
854 4927 1092 4984 secaret,
1144 4918 1319 4972 lentus
1350 4917 1519 4971 avidis
1560 4918 1814 4973 Leoniani
1838 4917 2090 4976 faucibus

522 4990 858 5126 Ηύοαὶἒιῗῑὶἶ,
883 5058 1177 5114 Valentinus
1227 5057 1367 5111 sedis
1398 5057 1651 5122 antistiti,
1691 5059 1755 5113 ad
1783 5075 1939 5131 quem
1970 5060 2088 5115 alim

518 5132 840 5196 complures.

588 5199 615 5239 ά
646 5199 1087 5270 Septasiariorum
1118 5196 1347 5252 officinis
1374 5208 1556 5253 notum
1582 5198 1921 5254 vocabulum.
1939 5200 2093 5270 Mag-

518 5268 771 5327 daleones
800 5272 941 5325 enim
973 5268 1236 5340 hodieque
1277 5270 1515 5340 vocitant
1553 5276 1748 5325 teretes
1777 5268 2080 5340 cylindros,

516 5345 567 5397 in
600 5359 731 5411 quos
757 5340 1050 5409 composita
1071 5339 1356 5407 emplastra
1379 5339 1622 5409 redigere
1648 5339 1842 5395 solent.
1868 5340 2085 5395 Scribo-

518 5414 635 5465 nius
664 5412 864 5466 Largus
902 5410 969 5464 de
999 5409 1234 5466 chirurgi
1272 5410 1576 5466 Trvnhonis
1610 5410 1902 5466 emplastro
1957 5410 2084 5464 sub-

518 5424 635 5465 ntns
664 5424 864 5481 Largus
902 5424 969 5464 ue
999 5424 1234 5479 cnlrurgt
1273 5424 1576 5481 't‘rypnonls
1610 5424 1902 5478 emplastro
1957 5424 2084 5464 suo-

518 5482 670 5534 viridi
719 5500 732 5534 :
782 5481 916 5534 Dum
957 5480 1138 5534 desinit
1184 5483 1407 5549 (men,
1461 5478 1997 5549 manibus‘suoigetur,
2038 5489 2085 5534 et

516 5550 776 5602 redactum
793 5551 853 5619 in
867 5552 1113 5604 rotundas
1139 5546 1405 5619 ampliores
1426 5564 1552 5618 quas
1573 5546 1883 5619 μαγδᾳλίδὰς
1905 5550 2083 5603 dicunt

516 5629 807 5699 reperietur.
827 5618 1005 5699 _Rogat
1033 5620 1209 5699 itaque
1223 5618 1279 5699 ut
1298 5634 1419 5673 cum
1453 5618 1789 5699 magdaliolis
1814 5634 1934 5699 quin
1959 5633 2081 5699 pro.

517 5688 699 5813 miittit,
756 5687 1041 5811 ilretdécnlum
1070 5687 1283 5751 mittat,
1314 5702 1415 5759 qua
1449 5687 1832 5743 observatione
1859 5687 2083 5756 singulis

517 5770 572 5812 ut
623 5772 754 5827 opor
809 5772 837 5810 a
870 5796 884 5810 .

589 5836 614 5865 ⁸
643 5826 909 5884 Annulum
934 5828 1311 5898 signatorium,
1344 5845 1438 5888 seu
1483 5830 1718 5902 sigillum
1750 5845 1767 5883 :
1798 5827 1954 5898 cujus
1978 5826 2090 5883 for-
2134 5838 2138 5841 ‘

2196 4865 2355 4920 quam
2371 4852 2597 4926 argenti.
2622 4851 2885 4926 Caeterum
2901 4854 3215 4921 impresSam
3240 4855 3434 4910 habent
3448 4851 3640 4926 regum
3662 4870 3785 4909 suo-

2195 4921 2584 4995 rumefligiem;
2599 4923 2738 4995 quod
2754 4923 3047 4995 ignorasse,
3062 4932 3156 4981 aut
3175 4934 3423 4993 tanquam
3445 4921 3779 4995 illégitimum

2196 4991 2564 5063 dissimulasse
2590 4992 3125 5063 videtur-Procopius,
3141 5009 3260 5048 eum
3285 4991 3419 5049 solis
3449 4991 3779 5052 Francorum

2194 5064 2409 5136 regibus
2438 5061 2740 5136 id_licuisse_,
2772 5060 3163 5136 barbarisaliis
3186 5066 3399 5136 regibus
3416 5067 3564 5122 nefas
3584 5066 3775 5134 fuisse,

2199 5133 2387 5185 scribit
2441 5131 2579 5185 libro
2606 5147 2662 5185 Ill
2705 5130 2837 5186 Belli
2878 5132 3107 5189 Gothici.
3164 5130 3494 5191 De'Francis
3525 5137 3665 5191 enim
3700 5130 3780 5192 lo;

2196 5215 2387 5268 quens,
2434 5215 2726 5276 eorumque
2773 5217 2897 5272 rege
2924 5203 3320 5276 Theodeberto,
3351 5208 3441 5274 qui
3489 5208 3780 5276 provincia:

2196 5280 2401 5351 partem
2455 5270 3101 5351 (ψιιίηειηηιτυῗηὸμιιςγμοιΔ
3130 5275 3184 5331 δὲ
3214 5270 3466 5351 “om,
3492 5270 3697 5346 inquit,
3726 5279 3780 5331 ἐκ

2195 5348 2293 5414 τῷν
2320 5343 2370 5393 ἐν
2400 5341 2643 5414 Γάλλοιςῷ
2668 5341 2924 5414 μετάλλωύ
2949 5341 3270 5404 πέποίηντάῖδ
3301 5350 3357 5402 οὐ
3400 5341 3493 5404 τοῦ
3522 5341 3778 5414 Ῥὡμαίων

2194 5412 2584 5491 αὐτοκράτορ-ος,
2768 5413 3006 5491 Δεἴθισκτοιι,
3054 5426 3365 5491 χαρακτῆρα
3410 5410 3651 5491 ἔνθέμινὸι
3700 5427 3777 5489 τῷ

2192 5489 2407 5561 στατῇρι
2437 5484 2627 5561 sou-rm,
2662 5484 2785 5561 ᾀλλά
2837 5490 2925 5543 τήν
2947 5484 3199 5561 coci-spor:
3447 5484 3644 5561 sigrium:
3681 5484 3776 5544 κάί

2189 5570 2269 5604 τοι
2288 5550 2512 5631 ξὸμιεμᾳ
2539 5550 2626 5622 μὲν
2656 5556 2909 5629 ἀργυροῦν
2940 5550 3190 5631 {iisetiam
3222 5557 3459 5631 poetici);
3485 5555 3513 5631 ᾖ
3534 5557 3770 5628 βούλοιτο

2190 5627 2371 5700 ποιείν-
2398 5620 2555 5700 εἴωρες
2606 5620 2918 5700 χαρἆκῖςῆρα
2964 5620 3192 5700 diu-idm:
3207 5620 3770 5700 iugatis'eﬂatt'crarﬁpz

2191 5697 2398 5769 χρυσῷ,
2452 5690 2742 5769 aureolus-liv
2785 5690 2958 5769 Os'gltc,
2985 5694 3100 5749 οὔτε
3146 5690 3286 5749 ἄλλόν
3314 5696 3528 5753 ὁντινοῦν
3557 5690 3775 5769 ﬁstulis:

2189 5767 2293 5839 ratu
2316 5762 2523 5839 πέπων
2560 5762 2850 5839 βαρϐάρωχζ
2885 5764 3189 5839 ‘qummum
3236 5777 3407 5822 autem
3452 5762 3659 5839 aureum
3706 5784 3774 5821 ea:

2193 5831 2413 5882 metallis
2434 5831 2688 5900 quw'su'nt
2710 5831 2763 5886 iit
2795 5832 2967 5888 Gallia
3019 5837 3353 5905 fabricarum,
3382 5853 3483 5893 non
3521 5838 3766 5906 Romani,
