4092 6350
529 430 636 492 283

1802 427 1857 481 S.
1902 424 2083 480 A‘VI'I'I
2124 424 2525 481 γηΝΝΕΝειδ

3685 423 3789 480 εει

541 550 693 605 nensi
737 548 924 601 adesse
970 526 1261 614 dignemini
1295 559 1307 595 :
1334 542 1423 611 qui
1454 541 1622 603 locus,
1653 539 1888 593 omnium
1919 538 2110 607 fatiga-
2136 539 2189 600 Δ
2215 554 2426 608 precor,
2460 550 2517 594 ut
2546 554 2845 610 quanquam
2874 541 3070 596 merito
3092 540 3161 594 de
3182 539 3394 595 indictae
3416 538 3542 594 ﬁdei
3573 540 3798 595 ﬁrmita-

536 647 678 700 tioue
707 638 960 713 perpensa
980 680 995 704 ,
1037 638 1323 693 conventui
1360 638 1493 691 satis
1542 642 1876 704 opportunus
1906 634 2108 688 electus

535 746 649 800 est;
682 737 817 789 sicut
846 741 898 787 et
924 738 1151 801 tempus.
1184 731 1239 784 in
1262 738 1518 799 quantum
1547 737 1739 796 potest,
1766 728 1833 781 ab
1862 725 2108 779 instantia

538 829 729 885 ruralis
778 825 953 895 operis
997 838 1249 885 vacuum,
1295 823 1600 876 liberiorem
1628 818 1833 873 cunctis
1857 816 2113 887 permittit

538 934 820 975 excursum
861 936 871 969 :
906 931 1210 987 quanquam
1253 914 1494 969 ecclesiae
1539 913 1715 981 potior
1747 924 1910 965 causa
1948 909 2114 963 inter-

534 1012 671 1066 mitti
709 1009 967 1079 quaslibet
990 1016 1253 1062 terrarum
1284 1013 1529 1079 posceret
1548 1004 1809 1058 actiones.
1835 1001 2117 1070 Supplica-

448 1120 456 1128 ‘
536 1121 657 1160 mus
685 1118 813 1171 ergo
852 1111 906 1156 et
952 1114 1279 1170 quaesumus,
1326 1108 1604 1158 testamur.
1653 1098 2003 1157 obtestamur,
2048 1107 2117 1147 ne

539 1194 698 1265 queui
732 1210 760 1245 a
786 1193 1137 1262 dispositione
1172 1200 1276 1244 tam
1308 1201 1493 1245 saneta
1526 1190 1661 1243 obex
1691 1187 1851 1241 ullius
1895 1198 2117 1240 excusa»

542 1286 705 1339 tionis
734 1285 984 1350 abducat,
1009 1299 1077 1337 ne
1099 1298 1253 1351 quem
1277 1297 1306 1335 a
1335 1282 1423 1335 tali
1448 1279 1686 1334 caritatis
1715 1277 1926 1332 vinculo
1954 1287 2119 1330 nexus

548 1385 910 1442 temporanea:
938 1373 1269 1426 necessitatis
1299 1370 1570 1438 impediat.
1594 1369 1701 1424 Sed
1723 1371 1764 1422 si
1795 1368 1955 1429 forte,
1977 1363 2121 1435 quod

554 1466 693 1520 Deus
721 1473 947 1530 avertat,
983 1472 1125 1516 tanta
1168 1463 1463 1529 cuicunque
1493 1472 1519 1499 ι
1561 1460 1826 1514 acerbitas
1851 1470 2124 1525 corporea:

550 1557 879 1612 inﬁrmitatis
933 1556 1211 1624 ingruerit,
1276 1563 1333 1606 ut
1372 1553 1610 1621 spiritale
1652 1548 1975 1605 desiderium
2007 1561 2125 1600 car-

550 1648 655 1701 nali
685 1644 922 1702 vincatur
955 1644 1323 1708 incommodo;
1358 1642 1384 1681 b
1412 1643 1545 1696 duos
1567 1641 1903 1712 presbyteros
1924 1651 2127 1707 magnae

548 1752 611 1792 ac
672 1736 962 1806 probabilis
996 1737 1142 1805 vitm,
1183 1734 1414 1788 mandati
1475 1731 1827 1785 instructione
1868 1730 2126 1792 ﬁrmatos,

558 1828 807 1882 fratribus
830 1843 925 1895 pro
954 1841 1011 1880 se
1057 1833 1379 1894 praesentare
1419 1830 1688 1892 procuret.
1723 1820 1829 1877 Sed
1873 1820 2007 1873 tales
2050 1818 2131 1872 di-

2215 641 2267 687 te
2288 633 2495 687 securis
2524 632 2704 700 nobis,
2732 632 2901 701 magis
2936 632 3181 701 impenso
3209 631 3433 687 cautelae
3459 640 3654 687 vestra:
3680 648 3800 689 mu-

2214 740 2346 783 nere
2378 727 2719 797 trepidationi
2764 736 2960 782 nostrae
2996 735 3053 781 et
3087 726 3310 797 ignavia:
3328 726 3625 783 consulatis
3655 743 3671 782 :
3701 743 3800 784 ne-
3866 748 3875 806 ε

2214 836 2319 889 que
2348 820 2467 890 plus
2498 821 2745 890 cogitetis
2770 819 2909 887 quod
2935 820 3254 875 universitas
3285 834 3381 887 pro
3422 819 3574 874 vobis
3605 819 3798 874 devota

2217 911 2503 981 supplicat,
2536 927 2696 980 quam
2744 911 2884 978 quod
2916 924 3175 980 suspensa
3205 910 3473 965 formidat.
3534 910 3639 967 Sed
3674 910 3800 966 licet

2218 1004 2392 1074 pavidi
2422 1018 2489 1060 ex
2516 1004 2843 1058 conscientia
2874 1012 3207 1072 peccatores,
3236 1003 3580 1058 incunctaliili
3622 1012 3797 1057 tamen

2222 1098 2323 1153 fide
2379 1098 2780 1167 praeumimus,
2835 1097 2976 1167 quod
3025 1097 3183 1151 etiam
3215 1097 3260 1151 si
3282 1097 3455 1163 vobis,
3489 1106 3801 1166 protegente

2218 1188 2457 1252 Christo,
2492 1187 2579 1241 hic
2609 1197 2786 1242 metus
2810 1195 2994 1242 noster
3010 1188 3174 1241 risum
3206 1189 3455 1254 moverit,
3485 1188 3568 1243 vel
3590 1187 3800 1243 divinas

2222 1293 2382 1334 aures
2418 1278 2482 1333 ad
2513 1279 2817 1335 donandam
2857 1279 3009 1333 nobis
3048 1278 3315 1334 felicitatis
3340 1290 3535 1335 νοείτω
3564 1280 3798 1334 laetitiam

2224 1369 2577 1439 permovebit.
2966 1382 2971 1387 δ

2707 1460 3040 1519 EPISTOLA
3068 1462 3153 1517 LX
3164 1462 3324 1517 XXII.

2326 1569 2514 1609 AVITUS
2535 1568 2840 1609 YIENNENSIS
2868 1568 3141 1609 EPISCOPUS
3183 1567 3359 1607 DOINO
3388 1566 3715 1611 SIGISIUNDO.

2300 1644 2522 1700 Videtur
2565 1645 2780 1715 quidem
2826 1644 2891 1700 de
2924 1645 3103 1700 divina
3153 1644 3508 1713 promissione
3540 1644 3802 1711 difﬁdere,

2229 1738 2535 1806 quicunque
2576 1735 2752 1791 minus
2780 1735 2847 1791 de
2870 1720 3044 1791 vestra
3076 1736 3429 1805 prosperitate
3453 1749 3676 1790 securus
3702 1745 3803 1790 est.

2234 1827 2338 1883 Sed
2361 1827 2404 1881 si
2437 1826 2671 1885 animum
2717 1841 2893 1880 meum
2918 1826 3085 1881 solida
3130 1826 3437 1896 dignatione
3457 1826 3804 1895 perpenditis,

536 1918 985 1988 'snemrelisere.
1020 1932 1151 1986 quos
1172 1916 1541 1984 episcoporum
1569 1911 1795 1967 concilio
1818 1925 1924 1966 non
1952 1911 2135 1981 minus
2163 1907 2211 1967 B
2241 1919 2446 1974 facilem
2478 1918 2772 1987 intelligitjs
2805 1918 3015 1972 veniam
3065 1918 3290 1987 ignaviae
3329 1930 3464 1972 meae
3507 1931 3604 1985 pro
3648 1917 3809 1971 nimia

561 2012 783 2067 scientia
826 2026 983 2078 quam
1018 2010 1314 2065 reverentia
1350 2010 1471 2077 jure
1507 2007 1663 2061 faciat
1696 2006 1978 2070 interesse,
2010 2017 2130 2058 cum

556 2103 748 2172 quibus
780 2103 1009 2157 delectet
1039 2116 1275 2156 summos
1330 2100 1607 2170 pontiﬁces
1655 2098 1898 2152 conferre
1927 2109 2133 2152 sermo-

560 2211 706 2263 nem,
729 2210 862 2265 quos
892 2195 960 2251 ad
990 2194 1326 2251 deﬁnitiones
1350 2209 1444 2263 pro
1472 2194 1727 2262 episcOpo
1765 2206 1863 2247 suo
1892 2194 2134 2251 sancien-

554 2291 653 2343 das
697 2286 1237 2355 subscribendasque,
1268 2300 1386 2338 cum
1428 2283 1587 2339 fuerit
1625 2282 1843 2339 solertia
1868 2284 2012 2354 eligi,
2064 2285 2135 2339 sit

555 2380 841 2436 auctoritas
871 2380 992 2448 legi.
1028 2379 1132 2434 Sed
1161 2378 1301 2433 istud
1333 2392 1435 2430 non
1460 2384 1777 2445 extorqueat
1800 2375 1897 2430 nisi
1926 2390 2133 2431 summa

557 2472 876 2529 necessitas.
900 2470 1164 2525 Caeterum
1193 2468 1499 2525 dilectionis
1525 2467 1772 2523 fraternsc
1800 2483 1862 2520 ac
1890 2475 2136 2536 pastora~

559 2564 626 2618 lis
678 2563 968 2633 diligentia:
1018 2561 1349 2633 magnitudo,
1379 2560 1481 2615 nisi
1515 2560 1713 2615 laboris
1742 2560 2131 2632 magnitudine,

559 2669 665 2710 non
715 2655 988 2724 probatur.
1037 2652 1271 2722 Conjicit
1309 2654 1450 2707 enim
1506 2652 1758 2723 sanctitas
1786 2659 1986 2717 vestra,
2017 2658 2137 2718 post

557 2746 660 2802 hoc
686 2747 896 2815 longum
920 2747 1194 2801 abusionis
1226 2752 1424 2803 nostra:
1453 2744 1749 2807 silentium,
1785 2743 2016 2811 qualiter
2044 2748 2138 2796 aut

560 2840 767 2896 deliniri
796 2838 1026 2893 debeant
1052 2853 1170 2906 quae
1217 2840 1324 2894 Deo
1354 2845 1638 2905 praestante
1670 2834 1944 2890 tiaclanda
1988 2842 2132 2898 sunt,

561 2941 650 2987 aut
670 2946 787 3001 qua:
806 2930 1022 2986 deﬁnita
1052 2930 1267 2994 fuerint,
1301 2928 1533 2984 universi
1553 2929 1899 2984 ecclesiarum
1925 2927 2136 2999 provin-

563 3024 661 3079 ciae
692 3033 891 3079 nostrae
913 3022 1139 3079 ministri
1160 3022 1390 3078 debeant
1421 3023 1637 3077 imitari.

1053 3114 1379 3170 EPISTOLA
1410 3114 1645 3169 LXXXI.

667 3220 860 3261 AVITUS
881 3220 1183 3267 VIENNENSIS
1207 3219 1480 3260 EPISCOPUS
1513 3220 1685 3259 DOMNO
1706 3219 2030 3260 SIGISMUNDO.

635 3296 757 3353 Scio
809 3296 1022 3366 quidem
1074 3304 1218 3352 curis
1271 3307 1428 3367 atque
1479 3297 1920 3375 occupationibus
1949 3270 2215 3379 quibus”c

572 3388 671 3447 sub
691 3402 793 3457 ope
814 3388 1015 3443 caelesti
1043 3402 1139 3457 pro
1178 3388 1351 3443 salute
1380 3388 1565 3461 patria;
1596 3388 1821 3443 ﬁdeliter
1842 3378 2137 3463 excubatis,

568 3481 867 3548 importune
923 3480 1130 3550 suggeri
1184 3480 1458 3537 servitium
1491 3481 1809 3541 litterarum.
1864 3481 1970 3538 Sed
2018 3497 2137 3555 cum

569 3571 821 3641 praecelsa
852 3570 1064 3640 pietatis
1111 3580 1302 3627 vestrae
1324 3572 1562 3640 dignatio
1591 3574 1724 3643 adeo
1749 3572 2033 3642 peculiaris
2072 3573 2141 3629 I'a-

569 3663 696 3718 muli
730 3679 831 3717 non
857 3664 925 3717 sit
954 3664 1134 3729 oblita,
1161 3675 1217 3717 ut
1244 3666 1293 3717 in
1344 3665 1465 3734 ipso
1492 3676 1753 3735 suscepta:
1782 3664 2139 3732 espeditionis

570 3756 866 3823 procinctu,
895 3755 1138 3809 sensibus
1162 3756 1293 3811 meis
1319 3757 1639 3811 desiderium
1658 3759 1736 3810 sui
1759 3769 1945 3811 sancto
1969 3757 2145 3826 dupli-

573 3856 723 3900 caret
772 3846 1037 3915 alloquio;
1078 3847 1197 3916 quis
1235 3862 1340 3901 non
1390 3848 1649 3919 intelligat
1700 3865 1855 3920 quam
1886 3851 2147 3921 patienter

572 3939 825 4007 ineptiam
856 3940 1164 4008 tolerabitis,
1189 3957 1342 4011 quam
1373 3943 1653 3998 clementia
1680 3944 2017 4011 provocatis?
2040 3946 2149 4002 Uti-

572 4030 639 4085 de
669 4031 894 4100 qualiter
922 4033 1034 4088 sani
1063 4033 1397 4089 confortante
1427 4034 1537 4089 Deo
1578 4033 1713 4100 sitis,
1743 4036 2002 4093 sollicitus
2026 4042 2147 4094 esse

572 4138 860 4194 praesumo,
913 4134 1002 4180 aut
1028 4127 1296 4194 quomodo
1324 4127 1515 4195 coeptis
1563 4140 1684 4194 spes
1716 4130 1819 4182 voti
1849 4130 2145 4185 communis

571 4215 821 4272 arrideat.
854 4216 987 4272 Illud
1036 4228 1213 4274 autem
1244 4234 1348 4273 non
1398 4220 1569 4273 solum
1596 4236 1744 4290 rogo,
1769 4221 1863 4276 sed
1886 4237 1981 4291 per
2002 4224 2144 4277 illam

570 4326 727 4381 quam
780 4328 810 4367 a
841 4312 951 4368 Deo
980 4313 1261 4385 accepistis
1312 4308 1549 4385 mihique
1594 4319 1881 4385 praestatis,
1921 4318 2145 4387 gratiam

1586 4460 1619 4481 μ

574 4489 717 4541 Eona
763 4501 920 4555 super
948 4486 1285 4552 Rhodanum,
1326 4487 1505 4555 ibique
1534 4487 1861 4543 consedisse.
1904 4488 2055 4555 Quod
2098 4489 2143 4543 si

576 4559 779 4611 Eonam
807 4558 872 4609 ab
902 4557 1078 4625 Epona
1108 4557 1389 4609 deﬂexisse
1422 4556 1724 4621 annuimus,
1758 4566 1815 4610 ut
1853 4557 2140 4617 absurdum

573 4637 720 4681 certe
751 4642 853 4679 non
882 4636 983 4691 est,
1006 4627 1093 4694 qui
1116 4627 1173 4680 S.
1208 4626 1424 4679 Firmati
1455 4626 1755 4695 sepulcrum
1805 4638 1991 4683 nactus
2022 4629 2139 4682 fue-

576 4700 666 4765 rit,
690 4714 716 4769 a
740 4697 950 4769 concilii
983 4698 1206 4753 fortasse
1234 4696 1353 4769 loco
1385 4711 1490 4751 non
1512 4697 1801 4753 aberrauit.

645 4766 1105 4840 {Excusationem
1134 4766 1426 4840 quominus
1482 4769 1716 4833 episcopi
1767 4766 1835 4823 ad
1877 4770 2137 4840 synodum

575 4838 811 4902 veniant,
846 4846 1039 4906 praeter
1067 4836 1427 4892 inﬁrmitatem
1458 4840 1725 4905 corporis,
1758 4836 1989 4897 canones
2018 4842 2138 4896 Cal-

2237 2012 2595 2079 trepidatione
2640 2011 2845 2067 deberi.
2869 2011 3078 2080 Quippe
3123 2024 3244 2065 cum
3275 2009 3578 2079 quicunque
3608 2010 3813 2065 veraci—

2236 2114 2319 2162 ter
2374 2105 2758 2161 catholicorum
2807 2119 2999 2159 nomen
3058 2112 3336 2172 usurpant,
3384 2104 3622 2173 pervigili
3654 2118 3815 2173 prece

2237 2198 2349 2252 Deo
2374 2196 2674 2266 supplicare
2715 2210 2855 2251 nunc
2906 2195 3156 2259 debeant,
3188 2202 3245 2248 ut
3285 2192 3435 2249 vobis
3462 2203 3582 2247 vota
3632 2199 3815 2246 nostra

2237 2288 2439 2343 illibata
2494 2298 2654 2357 atque
2709 2287 2912 2356 integra
2961 2285 3227 2350 relaturis,
3274 2293 3330 2345 et
3381 2283 3606 2338 ﬁdeliter
3642 2284 3817 2337 vicina

2237 2380 2547 2450 conjungat,
2580 2387 2636 2433 et
2664 2377 2890 2433 feliciter
2935 2376 3165 2432 adversa
3214 2375 3482 2444 subjiciat.
3523 2376 3717 2444 Sicque
3766 2378 3819 2429 iu

2238 2487 2417 2529 rerum
2447 2471 2761 2527 necessitate
2791 2470 3069 2539 multiplici
3112 2468 3447 2524 ambifariam
3485 2467 3639 2522 vobis
3665 2466 3821 2521 Chri-

2239 2574 2324 2621 sto
2353 2567 2724 2634 propugnante
2760 2562 3056 2632 contingat,
3087 2570 3141 2615 et
3185 2575 3307 2637 pars
3333 2574 3455 2630 qua
3498 2560 3730 2629 cupitur,
3770 2572 3822 2613 et

2239 2658 2463 2713 victoria
2495 2672 2614 2727 quae
2649 2656 2895 2713 debetur.
2918 2643 3251 2725 Quaprdpter
3281 2652 3324 2707 si
3372 2652 3645 2707 memoria:
3689 2668 3824 2707 mea:

2240 2751 2463 2820 gratiam
2498 2749 2564 2803 de
2593 2748 2774 2804 animo
2798 2756 2978 2817 vestro
3007 2755 3283 2802 nutantem
3300 2744 3586 2800 anxietalis
3612 2753 3825 2812 tempus

2244 2841 2531 2905 imminuit,
2551 2838 2782 2894 famulus
2804 2836 3051 2907 specialis
3082 2836 3455 2893 salutationem
3484 2835 3696 2905 quidem
3727 2836 3825 2890 de-

2243 2933 2385 2989 ferre
2438 2947 2543 2987 non
2588 2945 2774 2996 ausus,
2822 2929 2916 2984 sed
2971 2929 3195 2985 salutem
3241 2935 3472 2983 vestram
3517 2943 3547 2981 a
3602 2927 3825 2981 Domino

2242 3024 2668 3095 prmstolaturus,
2707 3021 2838 3075 satis
2867 3033 3124 3089 suspenso
3154 3029 3463 3088 alternoque
3499 3018 3677 3073 animo
3713 3033 3826 3072 ser-

2244 3119 2431 3173 vitium
2456 3116 2733 3185 prmsentis
2754 3113 2958 3183 pagina:
2976 3111 3258 3175 destinavi,
3284 3112 3512 3179 primum
3531 3110 3598 3164 de
3623 3120 3825 3174 vestra,

2243 3219 2365 3282 post
2389 3209 2456 3267 de
2496 3206 2765 3269 exercitus
2808 3204 3034 3259 sanitate
3083 3203 3362 3257 sollicitus.
3398 3202 3569 3269 Unde,
3605 3204 3723 3257 licet
3777 3207 3827 3257 in

2249 3303 2341 3359 Dei
2374 3303 2589 3357 nomine
2609 3313 2707 3369 per
2733 3311 3083 3369 quoscunque
3106 3305 3440 3349 transeuntes
3460 3308 3714 3364 prospera
3737 3310 3827 3347 co-

2247 3374 2589 3464 gnoscamus,
2632 3370 2851 3458 potestis
2904 3395 3103 3450 tamen,
3165 3384 3388 3456 piissimi
3452 3383 3657 3447 domui,
3702 3398 3829 3438 con-

2242 3488 2433 3557 jicere,
2484 3466 2739 3554 quantum
2782 3480 2908 3535 mibi
2956 3479 3163 3533 dulcius
3190 3478 3308 3544 erit,
3334 3476 3471 3532 sicut
3500 3492 3586 3531 me
3614 3477 3828 3547 quibus-

2248 3594 2456 3650 cunque
2501 3575 2860 3637 referentibus
2907 3572 3074 3643 pascit
3122 3572 3206 3625 illa
3234 3570 3402 3625 sancti
3432 3570 3654 3624 affectus
3680 3584 3830 3624 reco-

2249 3673 2437 3746 gnitio,
2471 3671 2547 3724 sic
2571 3650 2655 3727 me
2682 3650 2963 3734 rescriptio
2985 3663 3228 3747 laetiﬁcet,
3255 3662 3305 3716 in
3323 3677 3421 3731 qua
3452 3661 3517 3715 ad
3547 3662 3831 3730 quamdam

2256 3761 2555 3835 praesentiae
2584 3760 2755 3814 vicem
2788 3756 2951 3811 verba
2981 3766 3157 3809 vestra
3186 3769 3281 3825 pro
3312 3752 3687 3821 conspectibus
3717 3752 3830 3805 adi-

2257 3856 2412 3928 pisci,
2442 3862 2491 3909 et
2520 3849 2965 3923 subscriptionem
2997 3861 3094 3917 pro
3125 3861 3282 3905 manu
3341 3859 3548 3901 merear
3577 3843 3829 3899 osculari.

2716 3940 3045 3996 EPISTULA
3093 3936 3372 3994 LXXXIII.

2259 4056 2322 4095 ΑΒ
2347 4052 2502 4094 Αγιτο
2524 4048 2769 4092 EPISCOPO
2790 4047 3013 4088 DICTATA
3035 4044 3127 4086 SUB
3165 4043 3359 4085 NOIINE
3383 4043 3541 4085 DOINI
3564 4042 3831 4085 SIGISIUN-

2638 4142 2690 4181 ιιι
2721 4139 2887 4190 REGIS,
2925 4133 2948 4161 θ
2972 4138 3039 4176 ΑΙ)
3066 4134 3455 4175 IMPERATOREII.

2329 4221 2524 4277 Notum
2580 4228 2663 4274 est
2704 4217 2972 4281 omnibus,
3030 4212 3401 4268 celsitudinem
3444 4222 3677 4269 vestram
3722 4226 3828 4265 non

2261 4313 2645 4386 Impedimenta
2678 4320 2997 4379 temporum,
3021 4305 3115 4361 sed
3148 4306 3509 4376 subiectorum
3544 4314 3667 4359 vota
3713 4321 3831 4360 me-

2250 4503 2357 4544 non
2396 4487 2603 4549 licebat,
2663 4485 2712 4539 lii
2754 4484 2955 4554 legatos
2984 4482 3099 4554 vice
3137 4496 3231 4554 sua
3296 4482 3594 4535 mittebant.
3633 4483 3833 4554 Conci-

2250 4559 2380 4615 lium
2405 4556 2720 4615 Arelatense
2758 4550 2832 4617 ιιξ
2850 4569 2967 4613 can.
3013 4552 3077 4607 I8
3112 4571 3123 4604 :
3156 4550 3214 4606 Si
3241 4553 3351 4618 quis
3392 4553 3727 4605 commonitus
3754 4555 3837 4605 ἰη-

2249 4629 2512 4698 ﬁrmitatis
2541 4642 2695 4681 causa
2718 4620 2958 4698 defuerit,
2985 4639 3250 4698 personam
3280 4622 3386 4698 vice
3413 4640 3505 4675 sua
3534 4624 3739 4698 dirigat.
3772 4622 3837 4678 Et

2254 4692 2739 4768 Carpentoralense
2762 4692 2812 4749 in
2842 4692 3064 4762 epiStOIa
3091 4692 3157 4747 ad
3178 4696 3470 4761 Agor-cium
3497 4692 3831 4768 episcopum,

2247 4765 2389 4824 Licet
2412 4770 2477 4825 ad
2489 4768 2741 4839 synodum
2766 4775 2851 4839 aut
2870 4781 2956 4835 per
2984 4780 3091 4827 vos,
3112 4774 3195 4821 aut
3216 4765 3835 4839 perpersonanivicariam

2259 4835 2535 4896 debueritis
2565 4840 2761 4895 adesse.
2795 4837 3105 4915 Quanquam
3134 4848 3265 4914 ergo
3286 4836 3417 4915 duos
3450 4838 3549 4914 hoc
3578 4835 3695 4887 loco
3723 4839 3837 4915 eri-i-

578 4910 659 4962 liie
690 4903 887 4980 nullam
917 4916 1229 4980 agnoscunt.
1275 4908 1458 4977 Itaque
1489 4909 1538 4963 in
1562 4903 1670 4961 lioc
1698 4903 1814 4977 ipso
1846 4911 2147 4978 Epaoncnsi
2175 4904 2230 4965 D
2255 4923 2365 4980 gat,
2396 4921 2450 4965 et
2501 4911 2633 4980 duos
2672 4923 2766 4980 pro
2801 4920 2908 4980 uno
2934 4903 3187 4980 episcopo
3216 4903 3445 4957 vicarios
3482 4905 3547 4980 _in
3602 4905 3833 4980 concilio

577 4978 825 5039 concilio,
878 4993 997 5031 can.
1033 4993 1067 5041 ιζ
1105 4976 1382 5032 decretum
1424 4990 1526 5041 est,
1588 4986 1643 5035 ut
1685 4976 1781 5033 nisi
1829 4976 1984 5036 causa
2018 4986 2153 5037 twdii

578 5048 816 5103 euidentia
843 5039 1108 5111 exstiterit,
1142 5048 1314 5101 nullus
1341 5039 1563 5103 excuset.
1597 5050 1658 5103 Et
1711 5052 1761 5104 in
1806 5052 2155 5115 Aurelianen-

478 5162 483 5163 ν
577 5121 622 5175 si
653 5135 710 5184 ιι,
736 5133 856 5171 can.
894 5119 943 5183 ι,
980 5118 1045 5171 Ut
1075 5118 1243 5171 nullus
1271 5120 1641 5187 epitcOporum,
1685 5122 1785 5175 nisi
1828 5131 1963 5176 certa
2016 5126 2153 5177 (redii

578 5206 732 5243 causa
756 5190 1007 5255 detentus,
1040 5190 1107 5241 ad
1133 5190 1405 5243 concilium
1428 5192 1593 5249 venire
1620 5192 1817 5257 penitus
1862 5193 1967 5244 ulla
2000 5209 2155 5247 excu-

579 5262 772 5313 satione
793 5262 1048 5313 detrectet.
1082 5260 1258 5326 Quare
1300 5260 1670 5314 excusationes
1707 5262 1839 5314 alias
1871 5262 2154 5317 excludere

581 5332 777 5395 solent,
800 5338 855 5384 ut
880 5331 1191 5384 divisionem
1217 5331 1568 5399 regiaesortis,
1593 5332 1880 5385 concilium
1905 5333 2147 5386 Aurelia-

580 5417 742 5455 nense
771 5417 846 5464 Ill,
869 5416 991 5455 can.
1023 5403 1044 5454 I
1074 5418 1085 5453 :
1111 5398 1252 5453 Hanc
1282 5398 1655 5455 accusationem
1680 5401 1775 5455 sibi
1801 5403 2027 5456 tacuerint
2051 5419 2156 5467 esse

580 5471 853 5538 sublatam,
878 5472 920 5525 si
948 5472 1221 5525 absentiam
1248 5488 1393 5524 suout
1416 5469 1659 5524 divisione
1686 5473 1831 5529 sortis
1852 5472 2156 5526 crediderint

580 5545 935 5596 excusandam.
954 5544 1094 5598 Alias
1107 5556 1289 5595 omnes
1308 5542 1590 5594 concilium
1619 5540 1926 5595 Turonense
1951 5558 2006 5604 ll,
2036 5558 2155 5596 can.

582 5610 605 5661 l
647 5609 877 5680 :Prctei-
903 5614 1247 5680 inﬁrmitatem
1287 5610 1634 5674 certissimam,
1667 5611 1860 5680 nullius
1899 5614 2159 5666 occasione

581 5679 865 5743 voluminis,
894 5676 1048 5751 itaque
1069 5698 1156 5750 per
1183 5681 1594 5749 impedimentum
1622 5676 1958 5735 ordinationis
1983 5683 2151 5751 regite,

582 5764 737 5820 neque
772 5754 862 5802 sub
894 5753 1153 5805 occasione
1186 5752 1415 5806 utilitatis
1460 5759 1545 5804 aut
1573 5765 1742 5804 causa:
1783 5751 2032 5820 prapriw,
2061 5752 2155 5805 de-

583 5819 690 5889 beot
719 5837 749 5871 ιι
774 5822 984 5874 concilio
1008 5822 1255 5889 separari.

652 5887 903 5978 bQuibus
933 5892 997 5947 ad
1045 5887 1328 5949 concilium
1379 5893 1559 5950 venire
1611 5892 1939 5951 inﬁrmitatis
1987 5907 2146 5953 eausa
2176 5942 2191 5957 ,

2264 4974 2567 5037 Arelatensi
2599 4993 2628 5031 v
2656 4975 3037 5041 subscripsisse
3078 4982 3406 5039 compertum
3450 4974 3548 5038 sit;
3600 4974 3838 5041 singulos

2267 5063 2444 5126 tamen
2476 5058 2558 5102 sat
2586 5046 2751 5101 fuisse
2772 5046 3047 5126 superiora
3077 5045 3459 5126 demonstrant.
3485 5042 3839 5126 Nequepres-

2264 5121 2480 5191 byte’ros
2506 5134 2688 5191 omnes
2716 5114 2849 5191 mitti
2881 5130 3099 5171 necesse
3130 5114 3381 5191 {niueum
3404 5129 3467 5168 ex
3490 5115 3838 5191 conciliorum

2265 5185 2763 5259 subscriptionibus
2792 5186 3009 5259 liqui-al,
3063 5200 3199 5259 nunc.
3226 5185 3445 5259 abhates
3471 5197 3521 5259 et
3563 5186 3840 5259 presbyte-

2264 5276 2376 5323 ros,
2424 5253 2565 5314 nunc
2620 5253 3025 5312 archidiaconos
3072 5256 3155 5309 vel
3209 5253 3458 5313 diaconos
3504 5256 3667 5325 legari
3702 5253 3839 5310 con-

2263 5345 2468 5385 SUCSSC.

2339 5411 2359 5438 ε
2404 5399 2763 5461 Anastasium,
2790 5409 2841 5451 ut
2867 5394 3129 5466 posterior
3148 5394 3378 5466 epistola
3395 5395 3622 5466 declarat
3646 5409 3846 5466 {quam

2266 5486 2387 5527 cum
2422 5471 2574 5524 initio
2608 5470 2754 5538 regni
2781 5463 3129 5538 Sig'isuiundi,
3160 5474 3277 5538 post
3297 5465 3493 5519 obitum
3523 5463 3847 5538 Gundobadi

2265 5542 2454 5610 putris.
2484 5534 2753 5605 exaratam
2811 5534 3094 5609 signiticet,
3145 5534 3423 5610 conﬁrmat
3454 5538 3503 5588 in
3536 5536 3848 5604 digerendis

2262 5604 2503 5677 epistolis
2550 5611 2688 5663 Aviti
2719 5604 2958 5664 ordinem
2994 5619 3291 5676 temporqu
3341 5604 3702 5677 observatum
3730 5608 3847 5663 non

2266 5674 2457 5736 finisse.
2504 5679 2857 5751 Conqueritur
2886 5688 3084 5751 autem
3109 5674 3176 5751 de
3202 5674 3324 5746 rege
3365 5675 3545 5746 Italiaz,
3574 5676 3662 5744 qui
3692 5674 3846 5751 lega_-_

2264 5752 2464 5809 tionem
2524 5746 2681 5819 quam
2732 5749 2973 5806 mittebat
3024 5746 3089 5803 ad
3140 5749 3536 5821 imperatorem,
3588 5749 3846 5817 progredi

2259 5839 2363 5882 non
2394 5823 2724 5899 permiserat.
