4092 6350
342 419 447 475 285

1648 411 1976 470 EPISTOIA
2021 412 2302 469 LXXXIV.

3505 417 3610 473 286

338 533 447 587 tiri.
492 531 603 587 Sub
631 529 784 599 cujus
809 529 1014 583 fiducia:
1043 526 1325 583 securitate
1355 536 1513 597 atque
1542 526 1725 580 laetitia
1745 566 1761 591 ,
1792 526 1910 595 glo-
1941 528 1993 589 Α
2023 526 2194 595 ργειε.
2228 529 2281 582 Si
2328 529 2447 597 quis
2493 529 2672 586 fervor
2704 538 2785 585 est
2811 532 2917 601 quo
2960 530 3074 584 axis
3110 530 3437 585 meridianus
3462 520 3606 583 esas-

318 616 636 681 'riosissimo
663 625 889 695 principi
912 635 1094 679 nostro
1112 664 1125 688 ,
1159 624 1248 694 qui
1279 638 1504 693 corpore
1527 623 1783 677 absumus
1806 621 1921 675 ani-

338 734 427 773 mo
458 731 865 789 prasentatnur.
915 719 979 772 Et
1004 731 1303 787 quanquam
1338 716 1478 770 istud
1512 716 1709 769 famula
1738 723 1917 768 vestra

340 815 586 882 prosapia
628 828 743 867 mea
785 829 846 868 ex
894 813 1178 867 devotione
1232 810 1577 879 persolverit,
1628 824 1713 862 me
1743 817 1917 863 tamen

336 910 523 979 gratiae
554 909 847 963 debitorem
881 924 986 961 non
1008 908 1174 976 magis
1197 905 1488 975 parentalia
1515 904 1688 957 debita
1711 946 1725 967 ,
1758 918 1918 971 quam

338 1000 596 1055 beneficia
629 999 757 1054 mihi
806 1003 1042 1068 impensa
1089 997 1347 1052 fecerunt.
1380 997 1565 1050 Vester
1590 996 1809 1064 quidem
1839 1005 1919 1050 est

338 1092 566 1163 pdpulus
594 1108 741 1146 meus
769 1132 783 1157 ,
813 1092 906 1145 sed
946 1107 1031 1145 me
1062 1090 1178 1158 plus
1206 1091 1409 1144 servire
1446 1088 1595 1142 vobis
1632 1102 1791 1155 quam
1843 1088 1917 1140 illi

338 1199 571 1253 praeesse
601 1184 850 1237 delectat.
881 1184 1061 1236 Traxit
1093 1183 1227 1236 istud
1265 1198 1291 1235 a
1321 1183 1529 1252 proavis
1552 1181 1766 1251 generis
1810 1180 1913 1233 mei

338 1277 477 1345 apud
507 1290 601 1330 vos
644 1276 1061 1343 decessoresque
1092 1284 1294 1329 vestros
1338 1287 1552 1342 semper
1594 1274 1770 1326 animo
1801 1271 1913 1325 Ro-

340 1382 495 1419 tnaua
524 1367 765 1431 devotio,
792 1376 845 1419 ut
873 1367 961 1420 illa
986 1366 1139 1419 nobis
1168 1366 1335 1435 magis
1364 1365 1580 1419 claritas
1614 1374 1914 1433 putaretur,

338 1473 496 1529 quam
515 1469 689 1513 vestra
723 1475 817 1528 per
847 1458 1047 1512 militiae
1080 1459 1260 1512 titulos
1288 1457 1584 1526 porrigeret
1616 1454 1915 1510 celsitudo:

335 1552 649 1621 cunctisque
694 1552 1000 1605 auctoribus
1044 1552 1177 1604 meis
1205 1564 1422 1618 semper
1468 1550 1635 1617 magis
1661 1548 1918 1602 ambitum

335 1654 419 1699 est
449 1646 591 1713 quod
622 1661 650 1697 a
682 1645 1015 1714 principibus
1048 1652 1359 1709 sumerent,
1388 1658 1547 1711 quam
1591 1641 1731 1710 quod
1760 1656 1790 1694 a
1833 1656 1922 1709 pa-

339 1740 511 1794 tribus
530 1740 855 1793 attulissent.
874 1737 1113 1806 Cumque
1138 1744 1348 1804 gentem
1381 1744 1617 1788 nostram
1644 1734 1924 1786 videamur

336 1847 528 1899 regere
546 1871 561 1895 ,
587 1846 692 1884 non
721 1830 864 1884 aliud
890 1845 985 1883 nos
1007 1844 1165 1897 quam
1194 1828 1386 1880 milites
1416 1836 1626 1880 vestros
1655 1824 1924 1879 credimus

2026 628 2189 684 stuet,
2227 620 2506 690 refrigerio
2536 630 2851 691 temperate,
2884 632 2939 676 et
2965 624 3210 677 edomate
3241 637 3335 692 per
3360 636 3609 677 reveren-

2026 710 2153 764 tiam
2183 711 2439 780 quidquid
2465 722 2592 766 aute
2636 728 2728 767 vos
2774 712 3089 768 indomitum
3122 712 3294 769 fuerat
3315 728 3407 782 per
3448 722 3603 766 natu-

2026 820 2159 858 ram.
2188 804 2547 858 lncumbcntia
2578 805 2677 859 sibi
2705 816 2911 875 sceptra
2933 808 3202 876 religionis
3229 808 3438 862 invictae
3462 806 3606 875 quis-

2024 900 2144 967 quis
2175 915 2279 952 non
2308 911 2457 968 Optat
2483 903 2731 970 excipiat.
2776 893 3100 971 Prorogetur
3132 919 3224 971 per
3254 918 3346 957 vos
3376 918 3481 956 non
3506 904 3606 955 mi-

2026 1008 2127 1046 nus
2157 1002 2419 1059 potestate
2461 994 2647 1065 religio
2671 1036 2684 1060 ,
2717 1010 2843 1074 qum.
2876 995 3253 1049 iamulantibus
3296 996 3506 1064 populis
3541 993 3607 1048 ad

2024 1084 2262 1138 caelestia
2296 1080 2598 1155 pariterque
2630 1086 2959 1148 veneranda,
2995 1094 3049 1141 et
3079 1088 3355 1141 veritatem
3383 1093 3607 1151 astruat,

2025 1185 2078 1230 et
2107 1176 2346 1245 porrigat
2375 1177 2675 1231 libertatem
2712 1196 2723 1229 :
2750 1192 2958 1247 quaque
2985 1178 3253 1230 mediante
3277 1221 3291 1244 ,
3312 1176 3465 1229 vobis
3492 1175 3607 1229 cul-

2026 1270 2168 1322 mine
2194 1279 2409 1322 azternre
2434 1269 2620 1324 salutis
2642 1269 2851 1335 innisis,
2886 1285 2989 1322 non
3022 1270 3254 1322 humano
3280 1276 3484 1321 tantum
3516 1281 3605 1320 or-

2024 1360 2168 1423 dine,
2202 1375 2385 1415 verum
2414 1362 2577 1417 etiam
2608 1363 2789 1417 divino
2809 1377 3011 1428 amore,
3044 1363 3256 1431 longum
3288 1361 3489 1416 servire
3512 1374 3609 1414 nos

2025 1458 2232 1513 deceat.

2489 1551 2824 1608 EPISTULA
2875 1551 3156 1606 LXXXIV.

2030 1704 2091 1740 ΑΒ
2121 1702 2275 1740 AVITO
2322 1701 2567 1740 EPISCOPO
2615 1703 2839 1747 DICTATA
2882 1702 2975 1740 SUl!
3026 1700 3223 1739 NOMINB
3270 1700 3423 1739 DOMNI
3461 1697 3611 1738 REGIS

2279 1765 2303 1792 τι
2331 1773 2381 1811 c.
2414 1773 2459 1809 s.
2493 1762 2953 1826 At»'_tttt‘t;tt.\ioneu
3007 1771 3354 1809 uasnswu.

339 1923 600 1978 ordinari.
624 1922 867 1991 Impartit
895 1936 991 1975 nos
1009 1920 1323 1989 gaudioruu
1354 1932 1574 1971 munere
1602 1926 1775 1971 vestra
1808 1931 1927 1984 pru-
1957 1906 2007 1966 B
2101 1935 2267 2001 Quam
2300 1934 2400 2003 pia,
2430 1933 2721 2000 maiestatis
2758 1930 2957 1998 judicio
2981 1929 3240 1983 serenitas
3266 1938 3441 1982 vedm
3462 1968 3475 1991 ν
3525 1929 3612 1983 νει

338 2016 572 2084 speritas
604 2032 615 2065 :
650 2013 907 2083 quidquid
937 2013 1045 2066 illic
1090 2026 1186 2079 pro
1214 2012 1384 2065 salute
1423 2011 1661 2063 omnium
1693 2010 1920 2074 curatis,

336 2115 392 2160 et
440 2114 679 2159 nostrum
727 2114 828 2159 est.
864 2104 965 2158 Per
1010 2118 1108 2157 nos
1160 2102 1548 2156 administratis
1598 2113 1923 2154 remotarum

335 2198 504 2264 spatia
540 2196 813 2265 regionum
841 2211 853 2247 :
889 2195 1057 2263 patria
1088 2202 1267 2246 nostra
1288 2202 1461 2246 vester
1489 2192 1631 2245 Orbis
1654 2200 1756 2245 est.
1786 2189 1924 2244 Tan-

337 2285 415 2356 git
463 2286 685 2341 Galliam
717 2300 865 2339 suam
906 2285 1085 2338 lumen
1116 2284 1338 2338 orientis
1367 2323 1380 2347 ,
1410 2290 1464 2336 et
1493 2283 1673 2337 radius
1703 2283 1791 2351 qui
1819 2283 1923 2336 illis

335 2382 576 2453 partibus
615 2381 745 2436 oriri
783 2380 1021 2436 creditur
1048 2424 1061 2447 ,
1100 2379 1184 2432 hic
1224 2378 1467 2447 refulget.
1494 2376 1658 2432 .lubar
1706 2376 1919 2446 quidem

335 2482 657 2542 conspectus
686 2473 852 2527 vestri
894 2470 1351 2539 contemplatione
1382 2485 1485 2522 non
1514 2471 1753 2538 capimus
1784 2486 1798 2523 :
1827 2470 1921 2522 sed

334 2566 506 2621 lucem
549 2566 849 2621 serenitatis
879 2578 1039 2633 quam
1070 2563 1270 2632 ubique
1294 2562 1590 2616 ditfunditis
1611 2560 1923 2627 ,desiderio

336 2661 692 2728 possidemus.
737 2656 1169 2713 nominationem
1212 2656 1367 2709 vobis
1418 2655 1671 2709 divinitus
1716 2652 1923 2722 praesti-

336 2762 439 2805 tam
469 2753 604 2807 obex
637 2751 777 2805 nulla
798 2750 1085 2811 concludit,
1121 2764 1218 2803 nec
1240 2750 1363 2803 ullis
1387 2747 1778 2817 provinciarum
1814 2755 1921 2799 ter-

333 2843 495 2897 minis
541 2843 769 2897 felicium
818 2851 1154 2911 sceptrorum
1190 2840 1404 2909 diffusio
1434 2841 1711 2894 limitator.
1749 2838 1913 2893 811νο

334 2933 636 2988 Divinitatis
654 2933 858 2991 honore
879 2934 949 2987 sit
975 2932 1197 2987 dictum.
1221 2930 1335 2985 Non
1369 2932 1559 2985 minuit
1586 2930 1918 2998 majestatem

331 3034 567 3079 vestram
598 3024 739 3094 quod
776 3039 1057 3079 accurrere
1096 3038 1200 3078 non
1230 3038 1416 3078 omnes
1440 3023 1619 3075 valent
1652 3039 1663 3074 :
1696 3021 1827 3074 satis
1852 3018 1918 3072 ad

329 3116 691 3170 reverentiam
742 3114 894 3167 vobis
932 3110 1164 3167 debitam
1211 3113 1428 3179 sufﬁcit,
1482 3113 1621 3183 quod
1662 3126 1847 3165 omnes
1890 3127 1921 3165 e

328 3204 572 3278 proptiis
599 3194 816 3259 sedibus
846 3219 937 3257 vos
968 3203 1213 3257 adorant.
1258 3203 1460 3259 Virtute
1487 3203 1603 3258 orbi
1635 3218 1733 3257 eoo
1757 3246 1770 3264 ,
1805 3203 1921 3256 feli-

2032 2028 2380 2099 parvipcndat
2434 2024 2811 2093 impedimenta
2876 2034 3216 2091 temporum,
3266 2020 3349 2073 vel
3399 2027 3613 2074 censeat

2031 2123 2193 2179 corda
2222 2122 2573 2185 famulorum,
2600 2119 2746 2173 nttllo
2774 2117 2968 2171 indicio
2999 2116 3220 2169 meliore
3251 2112 3611 2181 cognoscitur,

2027 2230 2183 2284 quam
2214 2212 2355 2283 quod
2397 2212 2450 2266 in
2496 2212 2669 2265 sacris
2700 2210 2939 2279 apicibus
2968 2205 3306 2277 longinquius
3336 2206 3613 2276 porrigen-

2027 2306 2141 2372 dis,
2195 2305 2381 2373 implet
2428 2302 2825 2359 desiderantum
2865 2310 3017 2367 vota,
3071 2308 3123 2355 et
3170 2299 3463 2368 supplicum
3508 2313 3611 2352 non

2027 2404 2300 2465 exspectat
2330 2394 2528 2450 officia.
2576 2397 2844 2462 Appetunt
2874 2382 3153 2447 occursum
3176 2392 3341 2446 vestri
3371 2390 3607 2445 omnium

2030 2500 2236 2543 mentes
2263 2531 2274 2553 ,
2310 2503 2409 2543 nec
2445 2497 2549 2541 tam
2577 2488 2866 2558 gloriosum
2910 2494 2991 2540 est
3020 2484 3160 2551 quod
3193 2485 3344 2553 pauci
3368 2491 3609 2551 possunt,

2029 2595 2187 2649 quam
2236 2578 2374 2648 quod
2420 2579 2594 2632 cuncti
2637 2576 2818 2631 Videre
2846 2576 2941 2630 vos
2984 2576 3222 2645 cupiunt.
3254 2573 3404 2639 Quod
3434 2582 3611 2627 autent

2028 2686 2169 2726 nunc
2196 2685 2431 2739 augustae
2463 2670 2886 2739 cumpellationis
2907 2667 3098 2721 affatus
3122 2654 3316 2721 debita:
3342 2667 3494 2720 vobis
3521 2679 3612 2735 pa-

2025 2766 2160 2837 gina:
2195 2763 2453 2833 praevenit
2480 2762 2816 2831 Obsequium,
2857 2761 2987 2814 nihil
3023 2757 3348 2813 indevotioni
3381 2757 3612 2827 pius'ar-

2025 2854 2194 2918 biter,
2225 2852 2357 2908 nihil
2397 2854 2619 2922 imputet
2650 2850 2904 2905 tarditati.
2956 2849 3065 2904 Nisi
3108 2849 3306 2903 aditum
3334 2846 3612 2903 conatibus

2024 2947 2221 3001 nosuis
2263 2945 2397 3000 obex
2438 2937 2711 3013 iitte'rjecta
2759 2941 3134 3013 suspenderat,
3165 2941 3275 3011 jam
3304 2956 3448 2996 nunc
3470 2956 3600 3011 pro-

2026 3040 2165 3097 fecto
2185 3041 2403 3095 verbum
2429 3036 2946 3094 mundovcnerabile
2979 3048 3231 3106 responsa
3261 3036 3431 3104 potius
3452 3050 3611 3105 quam

2025 3133 2239 3188 oracula
2270 3133 2606 3187 destinasset.
2644 3130 2751 3185 Nec
2782 3141 2957 3185 tamen
2984 3128 3309 3184 remorando
3338 3126 3465 3182 mihi
3498 3135 3612 3181 tan-

2028 3234 2137 3279 tum
2171 3224 2368 3288 nocuit,
2401 3231 2653 3292 quantum
2686 3222 2873 3275 invidit
2913 3220 3137 3274 atmultts
3181 3219 3335 3275 livor.
3369 3218 3482 3273 Non
3520 3234 3603 3273 me

331 3300 503 3354 citate
536 3297 771 3366 regnatis
822 3295 1042 3350 occiduo
1075 3311 1089 3349 :
1123 3295 1242 3350 licet
1277 3309 1369 3350 vos
1408 3296 1709 3364 ubicunque
1736 3295 1877 3362 diligi
1906 3335 1920 3359 ,
1948 3281 1996 3345 C
2029 3314 2245 3383 quidem
2273 3281 2470 3381 [egistis
2503 3311 2661 3365 ofﬁcii
2692 3312 2796 3366 mei
2825 3318 3146 3379 compotem,
3172 3310 3264 3363 sed
3290 3308 3603 3363 reddidistis

330 3391 545 3448 etiamsi
588 3405 695 3443 non
748 3390 905 3444 datur
957 3390 1206 3445 omnibus
1253 3391 1467 3446 intueri.
1520 3390 1625 3445 Sed
1658 3406 1777 3444 cum
1806 3389 1925 3459 jure

341 3478 483 3540 istud
516 3482 584 3537 de
613 3482 958 3539 universitate
987 3484 1215 3548 dicatur,
1236 3484 1482 3551 conjicite
1498 3500 1640 3539 nunc
1668 3493 1922 3553 quantum

337 3576 573 3633 debeant
599 3591 735 3645 quos
756 3576 1045 3631 honoribus
1074 3576 1355 3646 fastigatis,
1382 3592 1515 3645 quos
1540 3579 1715 3631 socios
1746 3580 1923 3633 trium-

335 3669 562 3741 phorum
597 3670 835 3726 omnium
867 3685 1322 3739 successuumque
1358 3682 1661 3725 J'cstrorum
1697 3672 1924 3742 dignita-

335 3771 446 3817 tum
480 3762 647 3817 titulis
688 3763 1002 3831 applicatis;
1042 3772 1098 3817 ut
1134 3765 1212 3818 sic
1258 3765 1470 3819 virtdtis
1502 3775 1696 3820 vestra:
1725 3766 1918 3822 det-ora

333 3866 516 3909 nostra
547 3856 680 3921 siut,
709 3863 763 3909 et
792 3855 857 3911 ad
890 3856 1271 3911 honoratorum
1305 3868 1619 3914 ornamenta
1655 3859 1921 3925 pertineat

334 3946 588 4016 quidquid
618 3948 846 4016 gesserit
872 3949 1292 4004 lonsltonorum.
1320 3950 1500 4005 Olfero
1521 3952 1697 4020 igitur,
1726 3952 1921 4020 princi-

336 4051 459 4109 pum
488 4039 687 4110 inclyte
713 4081 726 4103 ,
767 4039 1064 4095 litterarum
1109 4041 1362 4110 obsequia
1390 4081 1405 4105 ,
1448 4051 1567 4097 vota
1598 4044 1917 4112 gratiarum;

335 4134 621 4201 prscstolor
650 4134 930 4188 oraculum
958 4135 1221 4189 sermonis
1250 4137 1453 4201 augusti
1477 4153 1490 4199 ;
1519 4137 1695 4189 ambio
1724 4139 1766 4191 si
1794 4138 1919 4205 quid

334 4227 407 4279 sit
432 4226 570 4293 quod
601 4226 794 4295 jubere
830 4226 1145 4295 dignemini.
1172 4226 1302 4293 Quia
1327 4228 1485 4281 etiam
1514 4228 1558 4282 si
1587 4229 1823 4297 indigere
1864 4245 1921 4283 se

330 4315 587 4371 famulatu
619 4327 802 4371 nostro
815 4317 1121 4385 perennitas
1138 4326 1313 4372 vestra
1333 4334 1436 4371 non
1457 4318 1661 4383 credat,
1683 4320 1922 4389 quisquis

333 4415 512 4463 tamen
562 4408 697 4463 felici
756 4410 1010 4464 meruerit
1058 4409 1283 4474 servire,
1326 4409 1426 4464 sibi
1484 4410 1699 4467 militat.
1722 4413 1922 4468 Ofi'erat

331 4514 462 4567 ergo
492 4500 714 4569 supplex
746 4500 1099 4555 Orientalium
1130 4515 1343 4577 quoque
1386 4503 1621 4572 gentium
1667 4503 1917 4558 distantia

330 4590 687 4655 cruditatem;
720 4602 973 4660 exposcat
1022 4592 1307 4660 principari
1338 4594 1615 4662 praesulem
1650 4604 1911 4649 nostrum.

331 4678 617 4735 Parthicus
646 4682 856 4747 ductor,
892 4694 1109 4752 propter
1140 4686 1285 4753 pacis
1330 4686 1705 4750 commodum,
1738 4688 1788 4741 in
1813 4687 1913 4742 Ro-

2031 3406 2101 3474 pii
2127 3406 2240 3459 oris
2268 3402 2680 3472 compellatione
2723 3403 2954 3457 felicem.
2988 3401 3102 3464 Nec
3124 3402 3355 3455 interest
3374 3402 3607 3470 excipiat

2031 3510 2129 3550 nos
2153 3509 2332 3549 sermo
2362 3504 2617 3563 augustus
2640 3534 2654 3559 ,
2687 3508 2752 3545 an
2784 3499 3058 3561 exspectet
3084 3510 3095 3542 :
3129 3506 3157 3543 a
3203 3491 3494 3543 celsissimo
3522 3489 3607 3544 dt-

2028 3586 2284 3657 gnatione
2332 3592 2536 3639 tantum
2568 3593 2649 3639 εει
2687 3594 2869 3638 nostra
2920 3596 3025 3635 non
3071 3581 3304 3649 despici,
3358 3589 3613 3649 quantum

2028 3686 2205 3734 vestra
2254 3678 2499 3733 concedi.
2542 3676 2707 3745 Igitur
2738 3684 2855 3740 post
2885 3674 3088 3728 obitum
3124 3673 3448 3727 devotissimi
3482 3670 3611 3724 fide-

2028 3772 2323 3842 lissimique
2361 3770 2511 3825 vobis
2552 3769 2717 3837 patris
2744 3768 2844 3821 mei
2878 3806 2891 3831 ,
2927 3766 3164 3835 proceris
3194 3766 3356 3821 vestri
3385 3805 3399 3829 ,
3423 3764 3508 3818 cui
3539 3763 3607 3817 ad

2027 3866 2363 3921 felicissimos
2381 3864 2582 3931 integra
2609 3860 2964 3930 prosperitate
2987 3873 3290 3925 successus,
3319 3858 3369 3913 id
3399 3873 3610 3928 quoque

2024 3958 2246 4026 contigit
2275 3957 2456 4009 divino
2507 3955 2694 4009 favore
2720 3954 2979 4019 votivum,
3018 3962 3075 4005 ut
3104 3953 3277 4006 laetam
3308 3952 3609 4005 florentem-

2028 4064 2130 4117 que
2178 4047 2561 4116 rempublicam
2613 4044 2763 4099 vobis
2812 4044 2995 4097 orbem
3059 4042 3368 4110 regentibus
3422 4041 3605 4103 sciret,

2024 4154 2225 4207 vosque
2249 4137 2497 4189 dominos
2528 4137 2803 4189 nationum
2838 4128 3045 4201 placido
3079 4140 3325 4198 receptus
3364 4132 3469 4183 fine
3508 4130 3605 4182 de-

2028 4232 2353 4298 relinqueret
2403 4243 2417 4280 :
2469 4227 2533 4279 ad
2564 4226 2677 4278 ha-c
2709 4224 3002 4277 intimanda
3034 4222 3288 4289 vobisque
3333 4234 3609 4273 commen-

2022 4322 2196 4377 danda
2225 4321 2350 4388 quin
2378 4319 2539 4374 etiam
2567 4332 2699 4371 meae
2733 4316 2936 4370 militiae
2962 4315 3259 4369 rudimenta
3278 4352 3292 4376 ,
3318 4327 3435 4381 quae
3461 4311 3609 4382 geni-

2024 4423 2143 4470 tore
2172 4412 2385 4483 quidem
2418 4424 2538 4464 meo
2566 4408 2851 4477 superstite
2876 4404 3138 4472 nutristis,
3167 4403 3260 4457 sed
3282 4402 3451 4472 magis
3484 4415 3602 4455 ma-

2023 4506 2207 4576 gisque
2241 4512 2360 4572 post
2379 4517 2499 4557 eum
2524 4499 2738 4555 cumqu
2768 4513 2939 4554 sacra:
2969 4496 3291 4566 dignationis
3320 4494 3602 4563 augebitis,

2025 4599 2159 4654 sicut
2189 4595 2447 4651 debebam
2478 4594 2561 4649 vel
2591 4600 2777 4661 optare
2800 4606 2894 4660 par
2922 4590 3111 4652 fuerat,
3144 4603 3306 4642 unum
3339 4588 3407 4641 de
3428 4586 3607 4641 consi-

2026 4690 2187 4746 liariis
2214 4688 2367 4751 meis,
2391 4686 2478 4756 qui
2506 4694 2762 4754 quantum
2789 4682 2854 4736 ad
2878 4679 3228 4750 ignorantiam
3252 4678 3602 4742 Gallicanam,

332 4787 553 4826 manum
583 4774 860 4842 imperium
907 4776 1136 4844 gaudeat
1164 4779 1417 4832 transire.
1453 4778 1613 4833 Indus
1635 4780 1763 4847 ipse,
1802 4790 1920 4849 post
1970 4796 1989 4821 ο
2024 4792 2249 4839 ceteros
2277 4779 2472 4849 praeire
2498 4776 2689 4830 litteris
2715 4775 3044 4836 aestimatur,
3066 4769 3359 4824 venerandi
3384 4769 3609 4822 comita-

330 4864 699 4929 experimenta
728 4866 990 4920 mansueti
1020 4866 1152 4932 oris,
1182 4868 1403 4923 stridula
1435 4884 1567 4924 voce
1587 4884 1913 4939 compressa,

330 4954 482 5020 leges
508 4955 701 5023 quibus
728 4957 929 5012 servire
951 4956 1200 5025 iubeatur
1226 4959 1417 5014 Graeco
1438 4970 1728 5030 cognoscat
1754 4962 1916 5019 inter-

409 5101 433 5129 α
472 5088 694 5145 Comitis
719 5090 1069 5159 Sigismundi.
1575 5120 1579 5125 υ

410 5161 435 5199 b
477 5162 858 5224 Theodericus.
907 5164 994 5230 qui
1041 5177 1220 5230 pacem
1268 5164 1404 5219 hanc
1455 5182 1546 5234 per
1604 5169 1807 5233 legatos
1852 5175 1920 5231 ab

332 5235 623 5288 Anastasio
672 5234 920 5300 expetiit,
962 5244 1016 5286 ut
1066 5242 1146 5286 est
1190 5234 1241 5285 in
1289 5238 1509 5302 epistula
1566 5239 1585 5291 1
1637 5241 1913 5299 Variarum

331 5304 669 5357 Cas<iodoriz
703 5304 910 5383 Oportet
942 5319 1053 5365 nos,
1077 5305 1457 5383 cfenzcntissittte
1484 5309 1758 5372 imperator
1779 5354 1790 5371 ,
1824 5333 1919 5383 ρα-

334 5392 445 5426 (rm
476 5389 695 5439 querere
723 5419 736 5441 ,
776 5376 861 5443 qui
894 5390 1072 5427 (ausas
1101 5375 1383 5429 iracundia!
1411 5380 1669 5431 nascimur
1701 5400 1797 5435 non
1824 5375 1918 5439 fta-

337 5446 473 5497 berc.
508 5443 565 5496 Et
614 5453 733 5511 post
787 5444 927 5497 alia:
978 5455 1031 5497 ut
1062 5446 1322 5498 sinceritas
1380 5449 1537 5515 pacis,
1587 5467 1699 5516 qua:
1748 5458 1916 5509 causis

334 5516 707 5585 (mergentibus
751 5517 1067 5585 coynosritnr
1117 5516 1271 5582 fuisse
1306 5519 1515 5582 vitiata;
1550 5519 1758 5575 detersis
1795 5542 1918 5578 con-

334 5584 673 5659 tentionibus,
707 5586 759 5638 in
800 5584 893 5637 sua
926 5587 1162 5659 deinceps
1184 5586 1425 5659 ﬁrmitate
1453 5588 1683 5659 restituta
1715 5611 1914 5659 pernm-

334 5668 475 5734 urat.
654 5659 789 5734 hanc
844 5670 1023 5734 pacem
1058 5657 1310 5734 _:tll_t_tdens
1352 5670 1568 5734 senatus
1625 5654 1915 5734 Romanus,

332 5725 1019 5798 AnastasiutnsicAatfatur
1056 5725 1108 5779 in
1139 5727 1325 5798 litteris
1359 5731 1469 5783 suis
1496 5773 1509 5795 ,
1554 5748 1671 5798 qua:
1699 5725 1919 5790 intextae

332 5809 466 5874 sunt
512 5797 757 5874 epistolas
786 5796 1080 5852 Hormisdze
1106 5815 1134 5874 ςΔ
1164 5796 1415 5874 Proinde,
1456 5796 1649 5871 inquit,
1696 5807 1921 5874 piissime

332 5871 653 5947 imperator,
685 5868 792 5921 lucc
819 5877 1021 5921 senatus
1049 5870 1282 5935 adiunxit
1310 5913 1323 5937 ,
1357 5880 1409 5923 ut
1437 5868 1542 5943 qut"
1566 5868 1738 5927 aninto
1768 5893 1921 5949 quam

2024 4886 2111 4930 tus
2151 4871 2313 4928 vestri
2359 4868 2580 4924 auribus
2627 4865 2942 4925 offerebam,
2993 4861 3277 4930 specialius
3326 4862 3609 4915 securitate

2026 4974 2302 5035 concepta,
2336 4961 2479 5032 quod
2498 4960 2523 4998 δ
2550 4968 2729 5014 rector
2762 4956 2926 5011 Italiae
2954 4956 3020 5011 de
3042 4971 3170 5025 pace
3196 4965 3370 5029 vestra
3404 4955 3609 5023 publice

2032 5096 2244 5169 benigno
2272 5094 2325 5151 in
2366 5105 2580 5169 utraque
2612 5090 2869 5169 republica
2898 5091 3254 5169 canem-danda
3288 5089 3434 5166 fuisti
3458 5127 3471 5149 ,
3504 5097 3608 5169 tam

2032 5156 2243 5242 essevpio
2271 5170 2321 5221 in
2348 5156 2556 5242 ecclesia
2592 5156 2983 5242 redintegranda
3015 5156 3610 5242 ultﬁafe‘ttdscarisl._illii-

2026 5224 2358 5313 iustitioque
2400 5228 2543 5313 pacis
2576 5224 2849 5313 exemplo,
2886 5246 3067 5313 pacem
3096 5228 3301 5313 Totilfs.
3322 5224 3515 5313 ea‘ptitit
3547 5224 3610 5303 ab

2027 5296 2326 5368 justiniann
2379 5296 2515 5374 apud
2576 5296 2898 5371 Procopium
2924 5303 3119 5374 libant
3174 5298 3303 5352 Belli
3355 5296 3562 5374 Gothici
3594 5334 3606 5352 ,

2035 5384 2313 5451 Αἰτούμεθα
2342 5380 2405 5433 τὰ
2454 5379 2506 5431 ἐκ
2554 5384 2642 5437 τῆς
2686 5378 2881 5451 εἰρήνης
2929 5373 3111 5445 ἀγαθὰ,
3148 5374 3260 5450 σέγε
3310 5365 3609 5451 πρῖσιέσθαι

2036 5438 2203 5509 “gravi
2232 5455 2310 5504 x'yi
2340 5453 2453 5517 ἡμῖν
2482 5438 2785 5535 ξυγᾉωρεῗψ
2821 5438 2983 5514 ὦνπερ
3015 5442 3225 5511 μνημεῖὰ
3249 5456 3300 5489 τε
3330 5438 3609 5535 καᾲπαρα-

2039 5524 2061 5535 ι.
2100 5528 2107 5535 .
2352 5521 2416 5535 ιιι
2814 5516 2855 5535 1.
2998 5515 3141 5535 ναι-..
3174 5509 3254 5535 ---ΑΒ
3286 5515 3586 5535 δυαρυμ...

2034 5524 2279 5595 δείγματα
2307 5502 2790 5595 κάᾙισταέᾶδμεγ,
2814 5502 3143 5595 ’Λνριᾶτὰρςιον
3174 5509 3257 5559 καὶ
3286 5502 3604 5595 Θεοξέριχῖν,

2034 5576 2184 5647 bona
2219 5576 2359 5663 pacis
2392 5600 2445 5641 ttt
2474 5597 2579 5641 tute
2602 5576 2929 5655 amp/cetaria
2960 5576 3463 5663 nobisqurncuncrd'a's
3490 5577 3611 5658 nde-

2034 5646 2289 5735 posciut'us
2320 5676 2336 5715 :
2365 5675 2578 5731 quorum
2602 5646 2922 5735 monumenta
2948 5658 2995 5730 et
3021 5646 3611 5735 exent'plnlpttlchtrrima

2034 5718 2298 5801 ftabettttts,
2326 5718 2718 5801 Anastasiutnct
2748 5720 3134 5801 Tilteodericum.
3163 5718 3233 5801 l_)e
3258 5718 3354 5801 hac
3386 5718 3611 5801 denique

2036 5787 2158 5860 cum
2189 5787 2586 5869 sihi'plau'deret
2614 5792 3003 5869 Theodericus,
3037 5790 3280 5869 eamdem
3306 5787 3612 5869 ltmredi,_ut

2038 5858 2160 5931 cum
2196 5858 2434 5948 principe
2466 5862 2723 5920 flrientali
2755 5860 2951 5916 habere
2980 5860 3237 5929 studeret,
3268 5858 3610 5915 commenda-
