4092 6350
497 399 599 459 ἓὸἿ

1775 393 1831 447 S.
1874 388 2059 447 AVITI
2100 387 2497 444 VIENNENSIS

3659 394 3767 447 288

503 516 800 591 plauderet,
830 521 884 571 et
907 525 1122 570 rumore
1149 509 1683 582 dispersoredditam
1715 510 1813 566 sibi
1838 510 2076 566 Orientis
2102 509 2155 571 Α
2180 510 2384 582 aliquid
2415 510 2800 567 consolationis
2832 468 3121 581 impendat.
3155 509 3315 568 Vobis
3346 526 3505 582 porro
3535 514 3578 568 si
3610 516 3757 568 cordi

502 611 727 682 gratiam
759 607 1044 664 coloraret.
1074 602 1423 659 Interclusum
1455 611 1537 658 est
1558 617 1685 673 ergo
1707 611 1865 670 atque
1888 601 2071 672 prohi-

504 705 670 759 bitum
720 697 1065 755 relationibus
1110 694 1392 751 destinatis
1444 694 1545 750 iter
1587 702 1877 762 arreptum.
1918 692 2075 747 Certe

504 795 618 863 ipsa
648 789 837 846 viderit
853 789 980 858 quid
1017 788 1142 844 hinc
1167 787 1308 857 apud
1347 794 1623 857 augustam
1659 787 1895 841 latitiam
1922 800 2077 856 spec-

505 894 581 942 tet
617 884 784 940 series
811 882 1083 947 veritatis;
1120 894 1341 950 parvum
1368 888 1548 935 tamen
1572 879 1823 934 amicitia
1861 878 2076 933 videtur

504 975 781 1042 indicium,
809 989 932 1031 eum
958 988 1117 1044 quem
1144 982 1195 1028 te
1221 973 1401 1029 colere
1425 986 1632 1028 asseras
1651 1014 1667 1040 ,
1693 972 1836 1027 nolle
1863 986 1892 1025 a
1919 980 2079 1028 cate-

504 1066 579 1121 ris
610 1065 861 1120 honorari
897 1078 911 1114 :
940 1078 1059 1119 cum
1091 1050 1278 1118 omnes
1304 1062 1393 1132 qui
1423 1077 1516 1119 vos
1541 1062 1702 1133 digno
1730 1062 1874 1118 cultu
1901 1063 2077 1118 susci-

510 1158 703 1227 pimus,
731 1157 783 1211 id
803 1157 1014 1226 ipsuma
1036 1154 1241 1209 cunctis
1254 1153 1366 1209 fieri
1387 1154 1523 1209 velle
1543 1154 1852 1210 debeamus.
1880 1154 2079 1209 Parum

508 1250 651 1305 enim
693 1247 921 1318 propria
946 1246 1243 1303 devotionis
1269 1245 1526 1313 ostendit,
1550 1246 1596 1299 si
1616 1246 1735 1315 quis
1765 1244 2079 1300 occurrendi

511 1340 756 1394 libertate
783 1339 1032 1392 damnata
1056 1377 1070 1401 ,
1097 1337 1231 1392 alios
1259 1350 1472 1407 quoque
1493 1338 1668 1390 facere
1690 1335 1903 1390 studeat
1931 1335 2083 1391 inde-

512 1439 694 1485 votos:
725 1444 845 1484 cum
876 1436 1052 1483 tamen
1083 1428 1335 1482 sanctitas
1362 1425 1598 1481 caelestis
1622 1425 1822 1495 ingenii
1855 1433 2085 1496 nequeat

512 1537 733 1579 censere
758 1522 1092 1591 culpabilem,
1124 1536 1281 1592 quem
1304 1522 1387 1575 vel
1417 1520 1529 1575 sola
1557 1520 1802 1574 voluntas
1829 1518 2080 1575 reddide-

514 1615 584 1671 rit
626 1613 984 1670 innocentem.
1015 1613 1167 1669 Unde
1201 1612 1474 1669 evidenter
1516 1613 1689 1683 ipsum
1723 1609 1915 1667 videtis
1956 1612 2086 1667 alle-

513 1721 637 1777 gare
650 1705 779 1777 quid
806 1720 1054 1776 cuperem
1081 1746 1097 1773 ,
1129 1706 1218 1777 qui
1251 1714 1356 1760 tam
1382 1706 1614 1762 sollicite
1640 1717 1863 1764 conatus
1884 1715 1968 1763 est
1988 1708 2085 1763 im-

514 1804 696 1874 pedire
726 1818 793 1859 ne
826 1818 1056 1874 possem.
1107 1803 1288 1873 Itaque
1307 1803 1557 1872 quoniam
1586 1804 1766 1859 divino
1800 1812 2085 1874 vestroque

2178 613 2263 661 est
2286 604 2426 661 facta
2458 606 2534 661 de'
2555 606 2708 661 nobis
2732 621 2794 660 ex
2825 619 2946 661 asse
2972 605 3175 674 iactura
3195 646 3211 672 ,
3235 607 3302 660 ab
3324 606 3625 662 incursibus
3653 607 3756 661 for-

2180 698 2446 754 midandis
2488 698 2749 754 Rhodano
2805 698 3070 754 limitante
3117 700 3325 754 muneri
3371 706 3547 754 tenete
3588 700 3760 754 adhuc

2179 789 2305 844 dum
2333 789 2495 845 redeo
2514 832 2529 857 ,
2555 800 2611 844 et
2644 788 2913 845 Ceratium
2943 798 3214 856 nostrum,
3242 790 3309 845 de
3333 804 3455 846 meo
3476 789 3757 847 habentem
3850 782 3857 785 “

2180 884 2379 954 aliqua,
2408 882 2477 938 de
2504 892 2685 937 vestro
2710 864 2990 948 nonnulla,
3011 883 3155 952 quia
3185 896 3273 938 me
3301 883 3700 951 scholasticum,
3726 899 3757 939 a

2181 975 2333 1031 vobis
2353 974 2543 1030 asserit
2570 974 2879 1029 bellicosum
2913 991 2928 1027 :
2954 986 3173 1029 sumens
3192 974 3260 1029 de
3289 975 3473 1029 matris
3500 975 3758 1046 sapientia

2182 1067 2325 1136 quod
2350 1067 2577 1123 libenter
2599 1066 2859 1125 barbaros
2887 1066 3036 1137 fugit,
3064 1066 3133 1122 de
3158 1067 3354 1122 virtute
3383 1077 3599 1137 paterna
3619 1065 3759 1138 quod

2183 1158 2376 1215 litteris
2405 1166 2554 1229 terga
2576 1173 2681 1213 non
2716 1158 2958 1227 prabuit.
3108 1162 3111 1163 ⁷

2180 1236 2181 1239 ‘
2655 1248 2984 1306 EPISTULA
3023 1248 3303 1304 LXXXVI.

2449 1354 2773 1395 RESCRIP’I‘UI
2804 1356 2910 1394 VIBI
2932 1357 3197 1397 ILLUS'I‘IIIS
3224 1355 3490 1396 HEBACLII.

2259 1431 2536 1487 lndicastis
2566 1431 2781 1500 quidem
2817 1418 3031 1487 tantum
3050 1432 3251 1487 doloris
3270 1445 3508 1495 causam,
3531 1444 3635 1500 qua
3659 1434 3761 1502 epi-

2187 1528 2403 1584 stolaris
2449 1526 2613 1582 officii
2653 1526 2933 1594 responsio
2983 1526 3351 1591 clauderetur,
3401 1533 3456 1579 et
3477 1524 3762 1580 durissimo

2188 1621 2373 1675 nuntio
2416 1618 2611 1672 vulnus
2659 1617 2916 1671 inflictum
2972 1618 3093 1686 plus
3137 1632 3223 1671 me
3262 1619 3515 1688 lacrymis
3552 1626 3765 1687 cogeret

2192 1708 2396 1763 servire
2435 1721 2595 1777 quam
2649 1706 2843 1760 litteris
2874 1724 2886 1759 :
2924 1714 3098 1761 tamen
3125 1714 3387 1761 'mctuens
3434 1707 3633 1761 silentii
3655 1708 3767 1761 cul-

2191 1815 2309 1870 pam
2331 1840 2345 1865 ,
2375 1798 2462 1855 vel
2516 1812 2686 1867 pauca
2716 1798 2960 1868 suspiriis
2986 1796 3136 1866 meis,
3169 1804 3228 1851 ut
3258 1797 3403 1865 potui
3436 1797 3596 1851 verba
3627 1796 3767 1850 fura-

514 1910 731 1951 munere
747 1904 801 1950 et
828 1894 967 1949 sacri
987 1894 1167 1964 apices
1191 1901 1246 1949 et
1272 1895 1559 1963 opportuni
1589 1896 1908 1965 proveniunt
1928 1911 2086 1965 quam
2117 1892 2166 1954 B
2194 1901 2278 1946 tus
2306 1905 2448 1950 sum.
2482 1888 2713 1943 Probant
2762 1887 2925 1958 igitur
2953 1897 3221 1957 tempora,
3253 1886 3335 1940 cui
3372 1887 3570 1940 rectius
3600 1886 3772 1939 ascri-

514 1990 783 2059 discrepat
829 2005 843 2043 :
894 1997 1049 2043 orant
1097 1995 1440 2057 augmentum
1482 1990 1630 2058 regni
1683 1990 1845 2044 vestri
1897 1989 2088 2059 quibus

515 2098 653 2140 nova
704 2081 978 2154 profertis,
1030 2089 1217 2152 optant
1257 2080 1551 2134 custodiam
1595 2080 1784 2149 quibus
1834 2089 2087 2135 consueta

518 2178 763 2233 servatis.
816 2176 904 2233 Sic
944 2177 1016 2245 pii
1056 2174 1422 2230 moderamine
1447 2172 1822 2242 gubernaculi,
1852 2172 2090 2227 remedia

525 2268 730 2339 quidem
754 2267 919 2322 altera
940 2267 1276 2336 conquisivit.
1310 2272 1365 2320 et
1388 2265 1434 2319 si
1458 2263 1724 2332 repulsam
1752 2271 1939 2317 neutra
1970 2276 2091 2331 pars

524 2360 757 2427 _tertulit.
779 2359 920 2414 Inter
942 2358 1039 2414 hos
1067 2368 1240 2413 tamen
1266 2356 1587 2426 peculiarius
1617 2353 1745 2409 illud
1768 2369 1866 2425 ego
1895 2354 2087 2423 debeo,

517 2454 656 2525 quod
682 2453 837 2523 hujus
865 2451 1136 2522 petitionis
1166 2449 1411 2507 effectum
1433 2448 1701 2518 respectui
1731 2462 1849 2502 meo
1876 2448 2089 2517 prasti-

520 2556 630 2602 tum
653 2544 1027 2615 supplicantes.
1061 2544 1326 2607 Quantum
1359 2540 1608 2609 peculiari
1633 2553 1791 2595 servo
1818 2539 2092 2607 impende-

521 2638 636 2694 ritis
648 2637 852 2708 gratia;
870 2636 1037 2706 gratis
1058 2618 1358 2704 praestando
1381 2633 1721 2687 monstrastis
1747 2633 1995 2702 :solaque
2022 2631 2093 2685 ob

524 2722 625 2783 hoc
658 2726 997 2784 commodum
1038 2724 1093 2779 in
1138 2724 1402 2780 thesauris
1431 2722 1622 2777 vestris
1652 2724 1899 2778 mercede
1938 2739 2095 2791 repo-

520 2822 644 2885 sita,
670 2819 809 2890 quod
840 2816 1158 2888 pauperibus
1201 2816 1500 2879 donabatis,
1533 2830 1637 2870 non
1660 2817 1830 2886 pretio
1853 2816 2096 2872 voluistis

522 2920 768 2968 constare
788 2949 803 2975 ,
834 2909 926 2964 sed
959 2909 1200 2979 pramio.
1248 2907 1314 2962 Et
1346 2907 1448 2964 hoc
1494 2907 1670 2977 ipsum
1700 2923 1802 2978 qua
1834 2898 2095 2979 elegantia

523 3005 681 3076 digne
705 3013 957 3069 meretur,
979 3001 1201 3058 reddere
1236 3003 1377 3074 quod
1404 3017 1434 3056 a
1458 3002 1675 3058 famulis
1714 3003 1952 3058 oblatum
1982 3002 2098 3058 fue-

526 3114 629 3169 rat,
679 3116 837 3174 quam
887 3114 1141 3172 spernere
1176 3100 1437 3156 maluistis
1461 3142 1477 3167 ,
1508 3110 1564 3156 et
1596 3116 1703 3171 quo
1742 3098 1913 3155 laetius
1941 3099 2098 3155 ﬁeret

528 3195 746 3261 donum,
799 3193 1116 3248 contristare
1169 3191 1410 3247 voluistis
1461 3192 1812 3262 obsequium?
1865 3192 1930 3246 Et
1974 3192 2097 3245 licet

2184 1982 2348 2037 batur
2378 1990 2501 2035 nota
2538 1980 2870 2049 formidinis,
2902 1995 3060 2050 quem
3102 1980 3271 2047 magis
3300 1976 3562 2046 trepidum
3594 1978 3773 2046 provi-

2191 2076 2273 2131 sio
2305 2075 2553 2130 claustris
2601 2074 2891 2128 commissa
2927 2073 3192 2143 designet.
3226 2072 3365 2140 Ergo
3409 2071 3555 2125 urbis
3579 2085 3773 2124 caveas

2192 2168 2526 2237 dedignatus,
2562 2166 2699 2220 inter
2725 2166 2898 2220 vicina
2940 2163 3233 2218 discrimini
3263 2162 3617 2217 constantiam
3646 2175 3774 2228 pec-

2193 2261 2323 2315 toris
2354 2259 2522 2330 planis
2541 2258 2786 2326 exposui,
2806 2267 2859 2311 et
2878 2256 2985 2325 jam
3014 2256 3103 2309 diu
3119 2255 3183 2310 ad
3216 2255 3507 2325 patentium
3531 2255 3774 2309 locorum

2194 2366 2405 2422 aquora
2450 2350 2687 2420 perveni,
2734 2362 2848 2403 rem
2882 2358 2937 2402 ut
2970 2347 3179 2401 virtutis
3224 2346 3497 2401 audaciam
3528 2345 3777 2399 libertate

2193 2445 2536 2503 habitationis
2576 2443 2943 2499 ostenderem.
2984 2439 3094 2495 Vos
3120 2450 3330 2507 autem,
3377 2453 3591 2493 rumore
3626 2453 3777 2492 com-

2195 2548 2345 2609 perto
2370 2582 2385 2607 ,
2438 2536 2503 2609 ad
2534 2545 2682 2607 septa
2720 2534 2868 2590 urbis
2895 2541 3145 2609 tanquam
3178 2539 3399 2594 Ventum
3425 2531 3617 2591 amulo
3642 2545 3776 2583 cori.

2193 2629 2413 2684 volas'tis
2459 2644 2471 2681 :
2521 2636 2574 2682 el
2603 2641 2758 2697 quem
2793 2625 2937 2694 pacis
2981 2632 3168 2686 diebus
3201 2630 3399 2700 jugiter
3427 2644 3549 2685 rura
3590 2640 3775 2683 tenue-

2196 2730 2361 2787 runt,
2412 2734 2554 2775 nunc
2605 2718 2672 2774 de
2722 2733 3053 2780 mortuorum
3107 2725 3323 2779 latebris
3372 2738 3475 2778 non
3519 2723 3778 2777 educunt.

2200 2816 2483 2871 Enimvero
2511 2829 2671 2885 quam
2704 2834 2800 2875 vos
2829 2828 2958 2875 tunc
2976 2819 3167 2875 civitas
3190 2817 3480 2889 flagitabat,
3500 2826 3607 2871 tam
3637 2832 3777 2871 nunc

2201 2910 2336 2963 intra
2359 2908 2558 2967 moenia
2602 2912 2891 2967 collocatos
2920 2913 3111 2981 quaerit
3140 2911 3323 2966 relicta
3356 2909 3639 2980 possessio.

2624 3046 2973 3102 IEPISTULA
3013 3044 3319 3100 LXXXVII.

2203 3149 2399 3197 Dot‘IINO
2426 3154 2635 3196 SANCTIS
2664 3156 2878 3195 MEBI‘I‘IS
2901 3153 3422 3194 PRECELLENTISSINO
3442 3180 3457 3204 ,
3483 3154 3533 3191 IN
3560 3151 3775 3193 CHRISTO

2273 3226 2679 3274 GLORIOSISSIMO,
2699 3228 2763 3265 ΕΤ
2787 3225 3100 3266 APOSTOLICA
3116 3224 3245 3264 SEDE
3265 3224 3569 3275 DIGNISSIIIO,
3588 3217 3611 3245 ⁸
3633 3225 3777 3261 PAF}:

526 3288 777 3360 quidquid
798 3287 864 3343 ad
897 3302 1085 3343 manus
1104 3295 1309 3342 vestras
1332 3287 1593 3356 petvenit,
1618 3300 1864 3363 vergatur
1897 3286 1951 3347 in
1980 3308 2101 3363 pau-
2126 3263 2175 3329 C
2276 3263 2792 3338 ioii'isns'i’u'ru's.‘

530 3396 704 3451 peres,
726 3391 882 3452 atque
909 3381 1107 3435 idcirco
1138 3379 1228 3440 ille
1250 3394 1345 3441 vos
1369 3378 1593 3462 forsitan
1616 3385 1931 3441 dehortetur
1960 3386 2103 3441 acci-

529 3486 653 3543 pere
681 3473 770 3547 qui
814 3473 1014 3533 invidet
1059 3492 1320 3548 erogare:
1364 3478 1772 3534 subministrare
1797 3486 1977 3534 tamen
2008 3494 2102 3535 re-

531 3568 829 3625 tributionis
859 3569 1074 3636 divina,
1107 3569 1248 3625 unde
1295 3577 1351 3624 es
1394 3565 1718 3636 dispensetis
1771 3584 1892 3624 cum
1943 3578 2103 3639 egent

528 3663 734 3733 inopes,
764 3672 817 3717 et
840 3662 1145 3718 concedatis
1174 3677 1294 3717 cum
1323 3662 1626 3731 supplicant
1646 3661 1934 3717 debitores.
1961 3661 2101 3717 Cur-

528 3757 630 3809 rite
654 3763 976 3824 quapmpter
1004 3754 1229 3823 piissimi
1250 3755 1335 3808 via
1369 3756 1578 3824 gemina
1596 3754 1764 3809 vestri
1786 3755 1966 3823 operis
1986 3753 2105 3808 uni-

532 3852 662 3900 tate.
685 3844 962 3915 Nunquam
1007 3845 1053 3899 si
1095 3844 1313 3900 creditis
1356 3844 1673 3899 sufﬁcientia
1704 3844 1877 3900 deerit
1925 3845 2104 3899 animo

533 3938 622 3991 tali
657 3957 669 3991 :
714 3938 831 4008 ipso
875 3938 1603 4009 possibilitatemlarglente,
1655 3938 1793 3993 unde
1825 3948 2104 4008 prastetur

534 4028 740 4084 habetis
764 4070 781 4096 ,
814 4044 844 4084 a
871 4045 977 4100 quo
1015 4030 1273 4085 voluntati
1302 4029 1533 4085 infusum
1560 4040 1642 4086 est
1686 4046 1752 4086 ne
1780 4031 1980 4103 aliquid
2011 4048 2104 4090 ne-

529 4136 657 4194 gare
683 4124 917 4194 possitis.

987 4215 1312 4272 EPISTOLA
1358 4216 1617 4272 LXXXV.

528 4325 712 4367 Λνιτυς
738 4324 1041 4366 νιεκηεκειε
1079 4324 1354 4365 Ειηεεοιιυε
1385 4326 1509 4365 γιειο
1538 4325 1776 4366 ιιιυετιιι
1812 4326 2097 4369 ΗΒΒΑοιιιο.

599 4400 709 4455 Nisi
733 4399 1015 4456 dolendum
1033 4401 1189 4455 amici
1206 4415 1387 4455 casum
1412 4402 1591 4456 animo
1617 4416 1908 4457 concussus
1927 4418 2106 4472 geme-

530 4504 665 4559 rem,
709 4490 868 4544 multa
896 4489 1134 4560 profecto
1163 4506 1543 4561 exaggerarem
1568 4533 1582 4557 ,
1617 4494 1757 4562 quod
1786 4508 1881 4549 vos
1914 4496 1967 4547 in
1993 4495 2103 4550 Iec-

532 4583 664 4647 tulo,
694 4580 961 4635 mendacis
987 4580 1235 4652 podagra
1276 4591 1446 4648 metu,
1484 4582 1694 4645 medico
1724 4593 2001 4654 vegetante
2034 4587 2100 4643 de

532 4681 646 4726 arte
674 4681 947 4736 consueta,
973 4672 1093 4742 plus
1116 4688 1275 4742 quam
1295 4673 1520 4742 poetica
1551 4673 2095 4747 pedibusinnitentes,

2279 3396 2411 3449 Dum
2439 3394 2711 3464 religionis
2760 3392 2921 3449 statui
2952 3402 3004 3446 et
3042 3390 3215 3461 plenis
3239 3388 3516 3445 catholica
3548 3389 3668 3443 fidei
3697 3403 3777 3463 re-

2203 3487 2341 3557 gulis
2368 3486 2671 3556 perspicitis
2697 3484 3006 3551 convenire,
3036 3493 3092 3537 ut
3118 3497 3332 3552 gregem
3359 3497 3457 3553 per
3485 3490 3594 3535 tota
3625 3481 3779 3536 vobis

2206 3578 2524 3634 universalis
2575 3578 2824 3632 Ecclesia
2877 3577 3112 3631 membra
3167 3575 3509 3630 commissum
3556 3575 3780 3644 pervigil

2205 3684 2332 3725 cura
2390 3679 2583 3725 vestra
2635 3668 3023 3722 adhortationis
3075 3666 3351 3731 informet;
3423 3665 3775 3720 Viennensem

2207 3763 2531 3833 provinciam
2550 3760 2825 3830 superiore
2853 3775 2995 3815 anno
3013 3802 3027 3826 ,
3055 3760 3100 3814 si
3122 3759 3431 3814 meminisse
3460 3758 3776 3828 dignemini,

2205 3854 2343 3909 datis
2369 3853 2433 3907 ad
2458 3853 2805 3907 humilitatem
2829 3866 3000 3906 meam
3030 3850 3219 3906 litteris
3247 3848 3518 3915 visitastis,
3554 3863 3779 3919 quaque

2206 3946 2270 4000 ad
2298 3960 2382 4001 me
2407 3985 2422 4010 ,
2447 3945 2739 3999 secundum
2770 3944 2910 4014 quod
2936 3942 3307 4011 Opportunitas
3327 3941 3502 3995 oblata
3532 3941 3777 3995 contule-

2206 4048 2317 4106 rat,
2363 4051 2458 4106 per
2487 4037 2815 4092 Arelatensis
2860 4035 3113 4089 Ecclesia
3140 4034 3363 4089 clericos
3390 4040 3773 4103 pervenerunt,

2204 4137 2259 4185 et
2284 4128 2499 4199 quidem
2529 4129 2853 4199 plenissimae
2876 4126 3235 4182 sollicitudine
3276 4125 3550 4195 pastorali.
3580 4125 3637 4179 In
3664 4126 3779 4195 qui~

2206 4225 2304 4279 bus
2342 4236 2439 4277 nos
2469 4264 2483 4287 ,
2536 4222 2674 4276 sicut
2708 4235 2802 4288 per
2826 4219 3230 4275 conversionem
3262 4218 3654 4287 provinciarum
3682 4257 3696 4282 ,
3724 4217 3778 4271 id

2204 4327 2289 4370 est
2315 4312 2619 4376 Dardania,
2645 4312 2839 4383 Illyrici
2869 4311 2951 4365 vel
2975 4309 3228 4380 Scythia,
3256 4308 3320 4362 ad
3346 4308 3777 4361 communionem

2204 4405 2515 4477 gaudiorum
2562 4404 2885 4474 provocatis,
2936 4402 3012 4455 sic
3063 4400 3422 4454 admonitione
3470 4401 3779 4469 cautissima

2204 4500 2330 4572 quid
2354 4514 2450 4554 nos
2495 4512 2590 4567 per
2636 4495 2984 4566 ignorantiam
3013 4492 3307 4560 praevenire
3338 4492 3523 4560 possit,
3558 4490 3779 4544 instrui.

2208 4593 2295 4647 tis.
2321 4591 2630 4662 Eutychetis
2656 4589 2813 4658 igitur
2838 4585 3173 4656 Nestoriique
3193 4583 3481 4647 damnatio,
3508 4595 3642 4652 quos
3661 4582 3777 4649 jam

2202 4684 2401 4741 dudum
2431 4699 2524 4754 per
2549 4682 2883 4739 beatissimos
2910 4680 3223 4736 decessores
3254 4687 3450 4731 sancta
3478 4675 3620 4730 sedis
3679 4690 3777 4727 ve-

534 4764 791 4822 montium
830 4765 1255 4821 scandendorum
1287 4765 1455 4835 magis
1478 4774 1725 4831 moveat,
1752 4782 1877 4821 cura
1896 4809 1911 4831 ,
1942 4784 2094 4837 quam

2202 4786 2328 4833 stra
2357 4776 2585 4832 calcavit
2606 4774 2919 4839 auctoritas,
2944 4771 3010 4825 ad
3039 4770 3275 4825 notitiam
3299 4772 3407 4839 jam
3451 4767 3652 4837 pridem
3680 4780 3781 4820 no-

534 4871 801 4912 versuum.
851 4856 1068 4912 Mastus
1104 4870 1232 4912 vero
1256 4855 1354 4911 has
1382 4864 1437 4911 et
1462 4869 1584 4910 cum
1624 4855 1962 4913 festinatione
1990 4860 2103 4916 dic-

535 4950 643 5005 tavi
669 4988 685 5014 ,
716 4955 999 5003 revocatus
1041 4946 1286 5003 videlicet
1329 4948 1395 5002 ad
1433 4947 1759 5017 sepulturam
1805 4953 2103 5007 communis

534 5040 625 5098 filii
647 5040 912 5101 quondam
937 5039 1185 5094 Protendi
1216 5057 1229 5095 :
1254 5040 1299 5095 si
1325 5050 1499 5098 tamen
1527 5042 1615 5097 vel
1642 5040 1742 5098 hoc
1762 5044 1934 5115 ipsum
1965 5047 2106 5117 patri

533 5211 625 5267 vit.
652 5205 945 5263 Jornandes
965 5203 1033 5277 de
1058 5202 1236 5259 Rebus
1264 5202 1459 5259 Geticis
1484 5222 1498 5260 :
1532 5207 1904 5273 Athalaricum,
1934 5210 2103 5277 ﬁlium

533 5281 805 5352 ﬁliasue
841 5274 1253 5352 Amafasuenta,
1290 5288 1457 5346 regem
1483 5280 1784 5352 constituit,
1840 5274 2004 5352 eisque
2051 5281 2104 5333 in

534 5346 787 5405 ittandatis
817 5348 951 5401 dedit
978 5389 994 5413 ,
1023 5360 1083 5399 ac
1107 5346 1149 5399 si
1178 5346 1512 5400 testamentali
1539 5364 1654 5401 voce
1690 5346 2016 5414 denuntians,
2050 5358 2106 5402 ut

535 5423 816 5490 principem
859 5417 1165 5472 Orientalem
1206 5416 1466 5486 placatum
1510 5433 1703 5489 semper
1737 5420 2107 5489 prapitimuque

538 5494 796 5544 haberent.

609 5569 634 5596 ιι
676 5560 821 5613 Hanc
846 5558 1126 5629 epistolam
1147 5557 1317 5629 codex
1336 5556 1479 5611 Aviti
1507 5557 1718 5629 quo__usi
1750 5572 1935 5629 sumus
1955 5598 1968 5623 ,
2000 5573 2105 5629 non

541 5629 742 5682 habuit.
776 5625 979 5683 Inte'xta
1007 5629 1131 5683 olim
1158 5626 1331 5682 fuerat
1348 5628 1584 5696 epistolis
1608 5625 1933 5696 Hormisda,
1966 5627 2107 5683 unde

542 5714 645 5754 nuc
672 5699 817 5750 illam
866 5700 1251 5765 transtulimus,
1295 5711 1415 5751 cum
1449 5695 1744 5750 Hormisda
1774 5698 1939 5765 ipsius
1989 5710 2106 5751 res-

543 5782 711 5839 ponso
736 5769 860 5839 ,νήιιί
886 5769 1125 5839 eamdem
1152 5777 1428 5839 praterea,
1460 5767 1521 5839 in
1539 5766 1849 5839 epistola,“
1879 5768 2108 5839 Anasta-

546 5836 929 5905 sioscribens.
978 5836 1218 5904 designat
1257 5836 1339 5893 his
1378 5836 1594 5893 verbis:
1629 5836 1881 5903 I'cudent,
1917 5838 2107 5904 inquit,

2206 4878 2372 4925 stram
2395 4868 2699 4938 apostolica
2728 4866 2791 4919 ad
2814 4880 2908 4919 nos
2934 4862 3223 4933 diligentia
3243 4860 3551 4932 provisione
3573 4858 3778 4929 perlata

2207 4969 2311 5016 est.
2338 4959 2443 5016 Sed
2480 4958 2611 5013 illud
2645 4970 2743 5011 nos
2771 4956 2932 5009 modo
2960 4968 3247 5024 suspensos
3272 4952 3494 5005 multum
3516 4950 3707 5020 redigit
3723 4959 3782 5005 et

2210 5052 2424 5116 anxios,
2456 5048 2597 5117 quod
2640 5061 2759 5102 cum
2802 5045 3036 5116 pendere
3075 5058 3173 5099 nos
3211 5043 3277 5098 ad
3307 5042 3549 5098 effectum
3581 5041 3607 5079 δ
3637 5042 3784 5111 lega-

2211 5211 2367 5264 anxia
2396 5212 2553 5264 corda
2582 5217 2880 5261 cunctorum
2912 5221 2927 5261 :
2956 5206 3018 5259 ab
3049 5206 3240 5260 ultimis
3278 5205 3346 5257 ad
3372 5220 3463 5258 nos
3491 5202 3673 5256 Galliis
3702 5204 3789 5255 di-

2211 5290 2349 5334 recta
2377 5282 2582 5351 legatio,
2606 5279 2651 5333 si
2672 5279 2794 5351 quid
2821 5278 2884 5330 de
2911 5279 3102 5351 unitate
3128 5275 3572 5351 redintegrationis
3592 5273 3790 5326 sollici-

2212 5352 2337 5404 tudo
2361 5344 2532 5404 nostra
2557 5344 2884 5420 promovisset
2914 5347 3078 5417 forma
3107 5344 3573 5420 secutaconsuluit.

2282 5420 2308 5457 ἱ)
2353 5422 2437 5473 Bis
2464 5412 2675 5490 quidem
2703 5412 3222 5490 Constantinopolim
3254 5416 3324 5490 ab
3353 5412 3627 5490 Ilortnisda
3657 5413 3794 5490 mis-

2210 5505 2301 5543 sus
2329 5500 2414 5544 est
2441 5483 2712 5543 Ennodius
2743 5530 2757 5553 ,
2789 5491 2881 5543 sed
2926 5483 3081 5540 unica
3106 5524 3121 5548 ,
3150 5500 3267 5540 cum
3298 5484 3488 5537 Avitus
3518 5483 3626 5536 hac
3651 5484 3764 5553 seri

2212 5561 2383 5624 heret,
2418 5559 2429 5611 Ι
2504 5559 2609 5613 atio
2636 5551 3003 5626 praeesserat.
3033 5556 3158 5610 Ideo
3187 5554 3263 5609 illi
3285 5553 3614 5623 respondens
3648 5551 3795 5605 Hor-

2215 5628 2385 5682 misda
2417 5574 2752 5682 :eZeaationis
2774 5668 2788 5682 .
2820 5621 3021 5682 induit.
3054 5636 3270 5682 nostra.
3297 5640 3447 5682 quam
3469 5623 3619 5676 semel
3638 5663 3653 5682 .
3686 5638 3795 5676 non

2215 5628 2432 5701 misda:
2462 5623 2794 5701 Legatibnis,
2820 5623 3021 5701 inquit,
3041 5636 3270 5701 nostra,
3297 5640 3447 5701 quam
3469 5623 3653 5701 semel,
3677 5638 3799 5701 post

2213 5700 2431 5755 secundo
2469 5692 2598 5753 sic'ut
2641 5692 2909 5764 scribitis,
2936 5698 3197 5763 misimus,
3221 5697 3266 5750 si
3283 5693 3471 5749 votivus
3501 5692 3802 5764 contigisset

2216 5780 2449 5835 eventus,
2492 5771 2685 5824 alacres
2732 5762 3163 5821 illieo’oobiscum
3186 5762 3461 5837 fueramus
3508 5762 3802 5837 desiderata

2218 5833 2480 5901 par-(ituri.
2504 5841 2659 5894 Prior
2690 5839 2832 5892 enim
2873 5839 3067 5901 legatio
3101 5833 3325 5891 Ennodii
3357 5833 3629 5891 Florentio
3654 5846 3801 5886 con-
