4092 6350
315 392 424 448 S289

1409 395 1687 454 IIOMILIA
1730 398 1815 452 DE
1856 394 2383 459 ROGATIONIBUS.

3452 410 3556 469 I90

315 511 473 564 tionis
525 510 758 568 secundo
808 511 1322 582 Constantinopolim
1389 513 1669 568 destinata:
1731 515 1874 568 omni
1903 518 1958 580 Α
1982 517 2122 570 enim
2173 532 2240 572 ne
2270 517 2570 586 pontiﬁcale
2595 519 2852 589 judicium
2875 561 2891 588 ,
2923 521 3048 578 dum
3078 535 3183 578 non
3215 523 3412 580 indicat
3439 542 3536 593 pro

311 605 726 671 exspectationis
757 605 1232 678 studiojusseritis,
1263 620 1359 660 nec
1390 606 1514 675 quid
1543 606 1682 660 ﬁlius
1709 615 1885 661 vester

312 703 528 750 sanctus
559 696 720 750 frater
768 711 921 751 meus
951 697 1218 751 Ennodius
1245 696 1489 751 retulerit
1519 739 1533 764 ,
1581 712 1679 752 nec
1705 707 1880 751 utrum

312 796 494 841 secuta
525 787 741 842 redierit
777 787 1065 853 indicastis,
1107 797 1160 842 et
1202 789 1615 857 promissionem
1649 799 1882 844 vestram

314 886 457 933 tanta
496 864 690 934 silentii
735 879 1082 935 diuturnitate
1108 881 1451 950 suspenditis,
1487 891 1542 935 ut
1571 896 1675 936 non
1708 881 1881 935 minus

313 972 472 1025 modo
528 971 887 1040 praedicatoris
951 973 1282 1027 taciturnitas
1341 973 1528 1027 reddat
1579 975 1884 1042 attonitos,

312 1079 471 1133 quam
509 1077 661 1120 antea
693 1065 1185 1133 feceratlegationis
1210 1081 1359 1120 mora
1385 1077 1683 1134 suspectos.
1728 1065 1883 1122 Unde

311 1159 422 1213 sola
453 1161 565 1215 ha-c
590 1175 747 1215 causa
787 1175 970 1215 servos
1016 1169 1220 1214 vestros
1252 1160 1388 1214 ﬁlios
1418 1173 1564 1215 meos
1587 1202 1602 1226 ,
1633 1160 1880 1216 Alexium

312 1253 680 1322 presbyterum
706 1265 757 1307 et
787 1253 1103 1308 Venantium
1124 1254 1435 1316 diaconum,
1473 1254 1633 1308 totius
1657 1253 1880 1322 provin-

310 1342 405 1397 cia:
434 1343 746 1399 Viennensis
776 1346 989 1400 nomine
1012 1385 1026 1410 ,
1071 1360 1188 1412 qum
1220 1346 1460 1399 ecclesia:
1488 1345 1552 1398 ad
1591 1361 1675 1398 me
1717 1345 1880 1414 perti-

310 1437 453 1492 nenti
479 1437 545 1492 ab
579 1438 840 1493 universis
872 1438 1242 1493 decessoribus
1278 1437 1469 1492 vestris
1495 1446 1548 1492 et
1589 1437 1878 1506 apostolica

309 1529 436 1582 sede
461 1532 746 1584 commissa
774 1541 885 1594 est,
915 1545 1032 1584 cum
1063 1529 1342 1598 praesentis
1370 1529 1657 1583 famulatus
1687 1529 1876 1598 pagina

307 1621 598 1687 destinavi;
627 1637 723 1691 per
745 1638 878 1692 quos
913 1623 1129 1676 oraculo
1174 1622 1493 1676 beatissima:
1515 1621 1892 1698 responsionis

307 1730 612 1783 agnoscam,
637 1724 809 1769 utrum
839 1715 1014 1770 fervor
1035 1715 1381 1769 schismatum
1411 1712 1758 1782 prmfalorum
1789 1713 1880 1782 qui

309 1808 449 1860 intra
479 1807 1123 1873 ConstantinOpolitanam
1171 1807 1356 1857 urbem
1399 1802 1527 1856 vitio
1566 1803 1880 1870 perniciosa:

1988 622 2164 677 spera,
2213 610 2470 664 sensisset
2498 610 2743 666 adversa.
2775 613 2870 668 His
2899 613 3148 682 adjicitur
3171 655 3186 679 ,
3210 615 3350 685 quod
3378 616 3560 671 diver-

1985 713 2166 754 sorum
2191 699 2296 754 fida
2326 701 2587 758 relatione
2615 705 3006 774 comperimus,
3037 708 3106 762 de
3131 708 3561 763 reconciliatione

1987 794 2074 848 vel
2095 793 2382 849 concordia
2410 795 2663 852 Ecclesia:
2686 796 3192 868 Romanaejactitare
3208 814 3266 855 se
3281 799 3559 862 Grmciam;

1984 884 2124 954 quod
2154 886 2293 940 sicut
2336 887 2763 957 amplectendum
2789 930 2805 954 ,
2854 889 2900 943 si
2942 891 3206 946 veraciter
3228 891 3422 945 dicitur
3448 931 3462 950 .
3492 891 3561 945 ita

1983 977 2328 1032 metuendum
2391 987 2474 1033 est
2518 994 2587 1034 ne
2645 979 2837 1034 callide
2889 981 3186 1036 simuletur.
3244 983 3558 1047 Qumsumus

1983 1084 2110 1138 ergo
2157 1069 2374 1125 servitio
2425 1085 2545 1126 meo
2583 1073 2757 1126 cuncti
2806 1069 2895 1142 [In
2937 1071 3121 1126 Labbei
3167 1074 3288 1128 edit.
3341 1073 3558 1135 Concil.,

1979 1159 2209 1231 juncto],
2254 1171 2312 1216 ut
2353 1161 2478 1232 quid
2511 1163 2635 1218 ﬁliis
2663 1163 2857 1219 vestris
2903 1164 3157 1219 fratribus
3197 1167 3350 1228 meis,
3393 1165 3444 1219 id
3472 1175 3555 1219 est

1981 1250 2288 1318 Gallicanis,
2314 1255 2358 1308 si
2381 1255 2632 1309 consular
2653 1255 2984 1324 respondere
3004 1257 3227 1311 debeam
3259 1257 3554 1319 instruatis;

1981 1352 2034 1397 et
2061 1344 2180 1412 quia
2211 1359 2462 1411 securus,
2509 1361 2615 1401 non
2665 1346 2838 1402 dicam
2883 1347 2949 1402 de
2997 1347 3314 1411 Viennensi,
3347 1347 3440 1401 sed
3487 1347 3554 1401 de

1981 1435 2144 1490 totius
2176 1433 2362 1491 Gallia:
2391 1438 2674 1494 devotione
2703 1439 2984 1508 polliceor,
3015 1455 3203 1496 omnes
3228 1454 3389 1509 super
3416 1447 3557 1493 statu

1982 1525 2107 1582 ﬁdei
2138 1537 2366 1583 vestram
2398 1541 2614 1598 captare
2663 1533 2982 1588 sententiam
3015 1550 3027 1585 :
3058 1541 3207 1587 orate
3247 1541 3307 1586 ut
3345 1532 3422 1586 sic
3460 1545 3558 1586 nos
3655 1605 3663 1618 κ

1983 1619 2312 1685 perditorum
2337 1622 2600 1689 professio
2630 1623 2799 1677 fucata
2835 1640 2940 1677 non
2972 1623 3150 1687 fallat,
3185 1623 3322 1676 sicut
3349 1623 3416 1674 ab
3440 1620 3558 1674 uni-

1984 1716 2090 1762 tate
2133 1725 2288 1778 quam
2334 1713 2515 1781 regitis
2538 1715 2733 1768 veritas
2762 1726 3029 1784 comperta
3059 1731 3160 1769 non
3200 1723 3432 1783 separat.
3457 1717 3558 1767 Ac-

1983 1807 2138 1866 cepta
2166 1815 2222 1852 ιιι
2263 1801 2512 1856 calendas
2559 1803 2831 1858 Februarii
2861 1846 2874 1870 ,
2911 1806 3133 1872 Agapito
3173 1805 3392 1858 consule
3415 1845 3429 1870 ,
3465 1819 3558 1870 per

309 1897 684 1951 obstinationis
735 1905 1043 1960 exarserat,
1077 1896 1296 1964 cuique,
1322 1894 1460 1962 quod
1491 1894 1657 1963 magis
1689 1893 1875 1948 dolen-
1905 1883 1952 1943 Β
1978 1890 2227 1945 Alexium
2258 1889 2629 1962 presbyterum
2658 1905 2710 1948 et
2738 1895 3055 1948 Venantium
3107 1893 3406 1949 diaconum,

309 1990 431 2044 dum
457 1998 560 2050 est,
611 1987 1026 2042 Alexandrinam
1055 1988 1138 2041 vel
1173 1988 1557 2041 Antiochenam
1605 1985 1872 2040 Ecclesias

306 2080 482 2134 dicitis
525 2079 778 2147 illigatas,
823 2077 970 2132 vobis
1018 2077 1232 2131 Christo
1281 2076 1490 2130 favente
1536 2076 1869 2141 docentibus,

304 2170 460 2240 digna
486 2171 642 2224 fuerit
669 2169 998 2224 correctione
1029 2169 1336 2233 restinctus,
1371 2177 1460 2221 aut
1481 2167 1523 2221 si
1549 2180 1761 2221 reversa
1793 2166 1868 2219 le-

303 2266 443 2334 gatio
487 2263 534 2316 in
569 2262 768 2332 paginis
803 2261 1140 2330 evidentibus
1171 2260 1308 2329 quod
1354 2259 1575 2328 simplex
1611 2259 1873 2327 legeretur

302 2353 558 2421 exhibuit,
584 2369 649 2406 an
681 2352 816 2407 forte
835 2353 1020 2406 nuntio
1051 2353 1219 2420 magis
1239 2350 1440 2411 retulit.
1471 2349 1610 2404 unde
1632 2349 1698 2402 de
1728 2347 1876 2402 vobis

301 2447 366 2501 ad
415 2447 515 2501 hoc
552 2446 933 2516 qualiscunque
974 2446 1206 2516 suspicio
1243 2453 1569 2500 reservetur.
1616 2443 1875 2498 Veremur

299 2579 413 2633 sule
436 2581 674 2648 contigit,
723 2595 861 2634 anno
895 2581 1085 2634 Christi
1136 2579 1262 2643 515,
1305 2595 1460 2648 quam
1510 2595 1630 2632 cum
1672 2581 1872 2633 irritam

299 2651 790 2706 fecissetAnastasii
815 2653 942 2720 imp.
973 2651 1192 2716 perﬁdia
1218 2649 1658 2715 etdissimulatio,
1692 2661 1871 2718 poste-

302 2723 414 2774 rior
454 2721 660 2788 adjecta
704 2731 786 2776 est
814 2738 870 2776 ιιι
902 2738 1067 2775 nonas
1095 2721 1325 2790 Aprilis,
1378 2723 1600 2788 Agapito
1627 2722 1869 2787 consule,

297 2805 438 2845 anno
459 2791 656 2845 Christi
685 2791 806 2861 517,
826 2809 928 2861 quo
957 2793 1070 2861 ipso
1101 2807 1240 2847 anno
1263 2793 1403 2845 Aviti
1421 2793 1658 2862 epistola:
1688 2807 1874 2846 mense

2444 1984 2769 2040 EPISTOLA
2801 1985 3132 2039 LXXXVIII.

1978 2089 2254 2130 BORIISDE
2283 2091 2440 2129 AVITO
2459 2094 2723 2144 EPISCOPO,
2740 2094 2839 2131 νει,
2863 2095 3130 2132 υκινειιειε
3155 2094 3409 2133 EPISCOPIS
3433 2096 3553 2134 PIIO-

2013 2160 2202 2199 VINCIE
2229 2162 2552 2212 VIENNENSIS,
2578 2163 2668 2213 SUB
2689 2166 2793 2203 TUA
2823 2164 3048 2204 DICECESI
3065 2164 3520 2204 (ςοιιειετειιτιιιιιε.

2048 2257 2149 2324 Qui
2166 2257 2232 2312 de
2251 2260 2332 2313 his
2353 2275 2472 2329 qua:
2501 2261 2568 2314 ad
2596 2261 2930 2331 disciplinam
2950 2263 3266 2318 catholicam
3291 2264 3554 2333 pertinent

1978 2351 2211 2405 maxime
2237 2351 2411 2406 sciens
2441 2353 2629 2408 instrui
2661 2354 2976 2424 cupit,'quid
3007 2355 3236 2410 studii...

2057 2439 2246 2509 (Hanc
2273 2443 2533 2510 epistolam
2566 2445 2798 2498 dabimus
2822 2445 2904 2498 ubi
2923 2454 2966 2498 et
2995 2444 3343 2515 Hormisdw.)

1987 2576 2279 2651 Februario
2329 2582 2677 2650 responderat
2719 2582 3018 2640 Hormisda.
3061 2583 3234 2651 Quare
3268 2581 3551 2638 secundam

1982 2649 2300 2716 legationem
2330 2693 2343 2715 ,
2386 2649 2503 2720 qua:
2533 2663 2640 2707 tum
2678 2653 2851 2708 adhuc
2881 2649 3186 2722 parabatur,
3213 2654 3320 2722 jam
3345 2653 3549 2720 profec-

1982 2729 2088 2773 tam
2122 2722 2172 2774 in
2197 2721 2471 2778 Orientem
2497 2724 2624 2778 falsa
2656 2721 2912 2780 Viennam
2934 2726 3070 2779 fama
3097 2721 3409 2794 pertulerat.

1299 3012 1940 3125 ALCIMI
2006 3014 2558 3125 AVITI

869 3191 1536 3318 ‘HOMILIA
1621 3203 1794 3313 DE
1883 3203 2964 3322 ROGATIONIBUS.

1082 3380 1262 3436 UNDE
1300 3377 1751 3437 CONSUETUDO
1790 3377 2235 3436 ROGATIONUM
2277 3382 2760 3440 PROCESSERIT.

362 3593 540 3650 Currit
568 3590 783 3664 quidem
812 3589 1021 3644 tramite
1057 3587 1223 3652 vitali,
1254 3604 1358 3643 non
1397 3603 1490 3658 per
1517 3590 1712 3645 Gallias
1755 3602 1870 3646 tan-
1896 3592 1943 3656 Β
1975 3592 2188 3649 cuidam
2244 3591 2410 3646 totius
2457 3588 2602 3644 orbis
2657 3588 2826 3644 funeri
2884 3589 3242 3659 prodigiosum
3291 3589 3550 3659 quoddam

294 3685 592 3751 tummodo,
620 3683 714 3740 sed
763 3697 896 3753 pene
949 3697 1042 3752 per
1083 3682 1264 3737 orbem
1315 3689 1480 3736 totum
1531 3682 1871 3752 rogationalis

293 3779 649 3836 observantia:
695 3779 889 3832 flumen
923 3776 1200 3846 irriguum,
1227 3784 1280 3830 et
1315 3774 1564 3831 infectam
1593 3776 1737 3830 vitiis
1767 3785 1872 3830 ter-

294 3890 409 3928 ram
435 3873 586 3928 uberi
614 3871 758 3925 ﬂuxu
785 3886 970 3924 annua:
1001 3870 1376 3924 satisfactionis
1397 3879 1674 3939 expurgat.
1707 3870 1868 3925 Pecu-

295 3969 480 4023 liarior
511 3977 684 4021 tamen
732 3966 884 4020 nobis
926 3966 976 4018 in
1017 3965 1116 4018 bac
1144 3965 1255 4032 ipsa
1287 3964 1618 4018 institutione
1662 3964 1869 4018 servitii

293 4069 348 4116 et
369 4059 545 4129 gaudii
575 4073 734 4113 causa
764 4065 864 4122 est,
889 4055 1010 4121 quia
1039 4054 1178 4124 quod
1211 4055 1332 4108 hinc
1360 4055 1518 4108 modo
1558 4055 1623 4107 ad
1645 4063 1867 4108 cuncto-

294 4170 412 4209 rum
439 4153 720 4208 utilitatem
764 4151 965 4214 deiluit,
1001 4164 1064 4203 ex
1093 4130 1277 4202 nostro
1308 4148 1553 4216 primitus
1578 4147 1722 4201 fonte
1749 4161 1861 4200 ma-

295 4247 444 4299 navit
470 4262 483 4297 :
515 4254 569 4300 et
597 4245 731 4300 forte
755 4257 894 4298 nunc
923 4241 1186 4311 pertineat
1205 4239 1268 4292 ad
1303 4238 1668 4307 cujuscunque
1701 4237 1864 4306 privi-

294 4336 419 4405 legii
469 4344 712 4390 ornatum
766 4341 989 4402 sumptae
1038 4329 1281 4399 primitus
1328 4327 1671 4382 institutionis
1717 4343 1870 4382 exor-

291 4428 463 4483 dium.
521 4427 782 4482 Caeterutn
847 4440 967 4479 cum
1019 4424 1085 4477 ad
1146 4421 1447 4491 hujusmodi
1515 4419 1868 4474 humilitatem

294 4521 579 4577 ineﬁ‘abilis
619 4519 907 4575 necessitas
936 4515 1102 4586 rigida
1141 4515 1516 4571 Viennensium
1557 4513 1720 4568 corda
1751 4529 1870 4583 per-

293 4613 523 4679 domuit,
552 4613 787 4667 sentiens
813 4609 1035 4664 ecclesia
1073 4616 1252 4662 nostra
1292 4622 1505 4661 causam
1543 4606 1868 4676 aegritudinis

293 4724 428 4773 sme,
452 4722 557 4762 non
588 4705 687 4761 sibi
719 4703 864 4774 quasi
892 4703 1120 4758 maxime
1152 4717 1260 4770 pra:
1289 4700 1558 4766 omnibus,
1587 4700 1682 4754 sed
1714 4699 1869 4770 quasi

293 4799 396 4852 soli
424 4813 489 4853 ex
520 4797 765 4851 omnibus
787 4795 1096 4851 existimans
1122 4807 1257 4862 opus
1281 4806 1401 4847 esse
1426 4791 1746 4846 instituenda
1769 4792 1868 4847 ob-

292 4892 597 4946 servatione
646 4888 920 4957 prmsenti,
951 4887 1232 4941 sollicitius
1271 4885 1503 4953 captavit
1551 4884 1867 4950 remedium,

1977 3682 2226 3740 bustuale
2247 3681 2646 3736 minitabantur.
2681 3681 2810 3735 Nam
2836 3681 3104 3751 pepulosis
3126 3681 3398 3735 hominum
3427 3695 3551 3735 con-

1974 3775 2220 3830 cursibus
2263 3774 2553 3829 domestica
2600 3773 2922 3827 silvestrium
2960 3772 3186 3828 ferarum
3217 3773 3422 3843 species
3459 3771 3551 3823 ob-

1972 3866 2320 3932 versabatur,
2376 3865 2514 3919 Deus
2557 3862 2750 3917 viderit
2797 3879 2862 3926 an
2914 3863 3188 3918 luditicans
3236 3864 3437 3926 oculis,
3485 3877 3550 3915 an

1971 3959 2201 4014 adducta
2259 3959 2543 4027 portentis.
2584 3940 2853 4026 Quidquid
2897 3966 3071 4011 tamen
3117 3971 3182 4010 ex
3233 3956 3296 4010 iis
3344 3953 3552 4009 duobus

1972 4055 2130 4116 foret,
2175 4050 2395 4122 perinde
2439 4061 2834 4107 monstruosum
2887 4049 3304 4118 intelligebatur,
3343 4063 3438 4102 seu
3468 4047 3549 4101 sic

1972 4147 2239 4201 veraciter
2263 4146 2511 4199 immania
2541 4145 2837 4200 bestiarum
2862 4142 3023 4196 corda
3059 4139 3420 4206 mansuefieri,
3453 4152 3550 4192 seu

1974 4246 2081 4292 tam
2115 4236 2439 4291 horribiliter
2459 4237 2833 4304 conspectibus
2870 4234 3176 4288 territorum
3206 4230 3353 4285 falsae
3386 4229 3551 4284 visio-

1974 4327 2056 4383 nis
2087 4327 2455 4398 phantasmata
2507 4341 2665 4396 posse
2707 4325 2960 4394 conﬂngi.
3010 4323 3152 4378 Inter
3202 4323 3314 4379 haec
3343 4320 3553 4375 diversa

1972 4424 2113 4495 vulgi
2144 4424 2431 4489 sententia,
2462 4421 2861 4493 dispariumque
2889 4419 3135 4474 ordinum
3158 4417 3320 4472 variae
3349 4414 3544 4485 opinio-

1973 4532 2087 4572 nes.
2117 4516 2220 4571 Alii
2259 4515 2402 4585 quod
2449 4513 2750 4568 sentiebant
2798 4510 3204 4576 dissimulando,
3255 4524 3374 4579 qua:
3407 4507 3552 4562 ﬁetui

1973 4607 2225 4662 nolebant
2257 4606 2407 4671 dare,
2436 4604 2584 4660 casui
2610 4604 2840 4670 dabant;
2871 4602 2961 4657 alii
2992 4601 3181 4671 spiritu
3227 4598 3550 4664 salubriore,

1972 4699 2348 4754 abominabilia
2381 4713 2514 4753 nova
2545 4711 2757 4767 quoque
2785 4694 2873 4766 (In
2904 4695 3024 4750 edit.
3061 4693 3280 4762 Gagnei,
3304 4691 3549 4760 quaeque)

1972 4792 2220 4862 congruis
2263 4791 2521 4845 malorum
2573 4790 2910 4858 proprietatis
2949 4785 3425 4856 signiﬁcationibus
3472 4782 3551 4836 in-

1974 4884 2418 4953 terpretabantur.
2452 4883 2582 4947 Quis
2605 4883 2745 4936 enim
2786 4882 2838 4934 in
2868 4881 3071 4935 crebris
3098 4878 3306 4950 ignibus
3347 4877 3546 4932 imbres

292 5000 453 5052 quam
486 4984 786 5053 primatum.
816 4979 883 5035 Et
901 4978 1113 5048 quidem
1141 4985 1403 5032 terrorum
1436 4975 1693 5045 temporis
1725 4975 1867 5030 illius
1893 4972 1947 5034 Β
1971 4973 2326 5032 Sodomiticos
2347 4989 2453 5028 non
2478 4973 2722 5028 timeret?
2739 4973 2854 5042 quis
2878 4972 3226 5028 trementibus
3247 4970 3548 5034 elementis,

291 5090 484 5131 causas
527 5073 721 5128 multos
757 5080 998 5126 nostrum
1030 5067 1266 5123 recolere
1303 5067 1435 5122 scio.
1469 5066 1744 5136 Siquidem
1787 5067 1870 5121 in-

292 5167 483 5223 cendia
506 5165 714 5230 crebra,
743 5171 898 5218 terrae
916 5171 1090 5215 motus
1115 5157 1334 5224 assidui,
1362 5159 1609 5213 nocturni
1636 5158 1863 5226 sonitus,

372 5362 399 5389 ι
430 5351 503 5405 De
533 5349 632 5403 bac
670 5344 886 5401 homilia
913 5341 1200 5414 Gregorius
1246 5339 1445 5414 Turon.
1489 5337 1583 5414 lib.
1605 5354 1660 5414 __t_t
1691 5339 1866 5394 IIisto-

295 5426 413 5487 riae,
445 5436 561 5490 cap.
595 5418 701 5473 δάε
737 5416 910 5490 Refert
938 5408 1112 5490 Auitus
1150 5410 1450 5490 iii-quadam
1479 5408 1688 5490 homilia
1717 5426 1866 5478 quam

243 5521 252 5552 ι
294 5478 769 5561 ἆέίἩοθὶιιίοηὶὺιιε
787 5478 1154 5561 ⁸ὶεισὶρδᾷιηιιιισ
1202 5478 1338 5561 ipsas
1394 5478 1700 5561 Iiogationes
1745 5498 1867 5561 quas

296 5549 415 5620 ante
436 5549 753 5614 Ascensionis
775 5549 981 5608 Domini
1001 5549 1314 5617 triumphum
1338 5549 1661 5614 celebramus,
1688 5567 1718 5602 a
1751 5550 1868 5604 Μα-

300 5646 457 5690 merto
487 5634 644 5702 ipsius
678 5625 974 5702 Viennensis
1019 5622 1165 5702 urbis
1205 5621 1458 5702 episcopo,
1490 5622 1651 5702 curet
1700 5621 1867 5702 Itic‘eo

294 5690 519 5774 tentporé
544 5707 780 5774 praeerat,
800 5691 1410 5774 institutasfuisse,fiunt
1441 5690 1556 5741 urbs
1577 5691 1666 5742 illa
1697 5692 1865 5774 multis

295 5761 568 5831 ερννὶνειιιὶ·
613 5761 1012 5838 prodigiis,_etc.
1036 5761 1251 5838 Multas
1276 5761 1430 5838 hujus
1470 5761 1768 5838 argumenti
1799 5764 1864 5838 ab

296 5846 457 5902 Avito
505 5831 712 5895 habitas
753 5831 996 5892 Itomilias
1028 5835 1181 5889 fidem
1231 5834 1424 5886 faciunt
1468 5831 1607 5884 Flori
1656 5831 1864 5885 diaconi

1977 5077 2068 5123 aut
2096 5066 2321 5124 decidua
2341 5066 2654 5133 culminum,
2688 5073 2778 5121 aut
2809 5065 3047 5136 disrupta
3078 5072 3338 5121 terrarum
3371 5060 3547 5118 immi-

1977 5172 2108 5214 nere
2137 5171 2243 5212 non
2272 5155 2555 5213 crederet?
2593 5148 2941 5226 quis’videns,
2975 5165 3120 5214 certe
3145 5155 3329 5212 videre
3366 5167 3425 5208 se
3450 5165 3547 5220 pu-

1977 5340 2262 5410 Excerpta,
2281 5340 2344 5410 in
2365 5339 2558 5410 quibus
2589 5339 2865 5397 sententia:
2889 5341 3233 5410 proferuntur
3251 5353 3320 5393 ex
3347 5349 3550 5410 sermo-

1975 5411 2129 5466 nibus
2150 5406 2238 5465 die
2271 5406 2464 5480 primo,
2491 5411 2726 5466 secundo
2751 5421 2803 5466 et
2833 5406 2988 5466 tertio
3015 5406 3546 5480 Rogationum._Quin

1972 5490 2024 5536 et
2055 5483 2138 5537 his
2164 5475 2343 5550 plures
2374 5496 2595 5536 numero
2634 5481 2800 5536 fuisse
2826 5475 3166 5542 crediderim,
3197 5477 3289 5529 sed
3312 5490 3340 5528 a
3386 5475 3550 5550 Floro

1971 5548 2252 5621 propterea
2282 5567 2454 5632 neque
2494 5553 2629 5632 haue
2667 5551 2852 5632 inqua
2879 5562 3172 5632 versamur,
3193 5561 3391 5632 uer-pte
3415 5548 3549 5600 alias

1970 5615 2402 5687 commemorari,
2437 5623 2576 5690 quod
2616 5622 2668 5675 in
2713 5615 2988 5690 illis__nulla
3017 5615 3168 5670 Pauli
3193 5615 3546 5690 Epistolarum

1971 5691 2122 5747 ﬁeret
2152 5686 2534 5757 mentio.Quas
2564 5693 2614 5744 in
2643 5691 2741 5743 hac
2767 5686 3005 5741 editione
3043 5697 3222 5740 nostra
3245 5687 3549 5757 discrepant

1971 5776 1998 5813 a
2024 5761 2325 5830 Gagneiana
2356 5755 2592 5816 omnium
2617 5759 2810 5826 prima,
2827 5757 2994 5811 veteri
3021 5757 3315 5827 exemplari
3342 5755 3547 5813 deben-

1971 5841 2057 5886 tur
2089 5848 2154 5886 ex
2187 5850 2294 5902 quo
2317 5833 2628 5899 deprompta
2663 5835 2806 5882 sunt.
