4092 6350
485 291 586 350 ΞΜ

1757 286 1815 341 S.
1861 282 2043 340 AVITI
2085 280 2483 373 VIENNENSIS

3640 280 3750 343 292

486 416 628 477 tans,
659 407 877 478 pavidos
921 406 1237 461 naturaliter
1286 417 1475 458 cervos
1503 418 1597 473 per
1625 413 1848 473 angusta
1884 412 2061 470 porta-
2091 400 2148 462 Α
2170 403 2469 458 suetudinis
2512 402 2827 473 assignaret.
2869 403 3170 481 lnspirante
3209 402 3367 471 igitur
3404 413 3747 471 compuncto-

489 508 603 553 rum
628 511 796 567 usque
821 497 887 550 ad
911 496 1011 550 lori
1037 496 1142 548 lata
1162 503 1526 563 penetrantes,
1556 509 1662 547 non
1696 493 2064 547 imminentem

491 587 789 641 solitudinis
850 584 1173 639 sententiam
1240 584 1594 639 formidaret?
1648 585 1786 652 Quid
1852 583 2067 638 multis?

489 680 677 734 Tracta
705 687 830 733 sunt
872 678 988 731 haec
1017 679 1155 733 inter
1196 677 1416 733 timores
1454 679 1696 748 publicos
1735 686 1787 732 et
1826 691 2068 732 rumores

490 773 718 838 privatos
742 782 907 837 usque
934 767 1003 821 ad
1024 769 1392 823 imminentem
1416 768 1738 823 solemnium
1768 767 2066 836 vigiliarum

490 870 692 913 noctem
722 874 824 929 qua
850 858 1111 915 celebrari
1147 859 1343 914 festum
1379 860 1664 914 dominica;
1694 857 2071 913 Resurrectio-

490 953 572 1005 nis
596 967 770 1005 annua
800 951 1136 1006 consuetudo
1166 952 1437 1020 poscebat.
1471 952 1745 1021 Siquidem
1790 952 1927 1005 hanc
1954 964 2071 1004 om-

489 1058 621 1110 nes,
658 1043 897 1097 laborum
948 1050 1128 1111 Opem,
1184 1043 1448 1098 malorum
1491 1046 1672 1109 tinem,
1724 1044 2069 1099 metuentium

495 1133 863 1198 securitatem,
889 1134 1257 1187 communibus
1281 1133 1473 1187 animis
1500 1134 1933 1203 Opperiebantur.
1964 1132 2070 1186 Ad-

491 1224 593 1279 fuit
625 1239 751 1291 ergo
780 1240 885 1277 nox
928 1224 1012 1277 illa
1044 1225 1364 1278 venerabilis
1392 1241 1510 1294 qua:
1551 1224 1619 1279 ad
1648 1240 1798 1293 spem
1844 1224 2072 1293 publicas

492 1314 842 1369 absolutionis
874 1315 1104 1369 votivum
1148 1316 1384 1369 solemne
1426 1314 1770 1385 patefecerat.
1799 1315 1905 1370 Sed
1937 1330 2062 1368 mox

493 1405 598 1458 illic
624 1407 793 1461 multo
824 1407 1192 1460 vehementior
1222 1408 1478 1476 strepitus
1503 1407 1611 1460 ictu
1636 1406 1829 1475 ﬂagelli
1854 1406 2072 1475 gravius

494 1495 734 1551 ferientis
764 1497 1028 1551 intonuit:
1063 1505 1245 1565 utpote
1272 1512 1432 1566 quem
1461 1497 1571 1566 jam
1622 1497 1859 1551 emensis
1898 1496 2075 1565 gradi-

416 1573 428 1588 ’
495 1587 619 1653 bus,
651 1589 1030 1657 superlativum
1073 1590 1203 1643 nihil
1234 1592 1383 1660 sequi
1423 1589 1565 1644 aliud
1593 1605 1752 1660 quam
1783 1590 1947 1646 chaos
1993 1592 2073 1644 in-

496 1680 841 1748 telligeretur.
870 1676 1039 1733 dides
1070 1694 1298 1749 namque
1350 1680 1562 1748 publica
1605 1695 1764 1749 quam
1816 1679 2073 1749 praecise

2168 510 2284 549 rum
2324 495 2573 550 cordibus
2614 496 2745 560 Deo,
2790 494 3001 548 auditur
3037 507 3065 545 a
3105 492 3334 557 cunctis,
3379 492 3746 560 confirmatur,

2185 589 2449 643 attollitur
2480 605 2494 642 ε
2525 588 2739 658 eligitur
2775 586 3002 655 tempori
3038 585 3269 639 triduum
3313 599 3570 652 praesens,
3611 585 3747 652 quod

2170 680 2308 735 inter
2330 679 2675 734 Ascensionis
2697 692 2864 732 sacra:
2892 677 3089 731 cultum
3121 676 3369 745 diemque
3388 675 3734 740 dominicum,

2171 770 2323 841 quasi
2350 770 2577 837 quodam
2609 769 3020 839 opportunitatis
3041 766 3291 835 lipropria:
3322 765 3486 819 limbo
3526 766 3747 819 circum-

2174 862 2365 931 positis
2400 860 2824 915 solemnitatibus
2848 858 3262 925 marginaretur.
3306 853 3633 924 Explorante
3659 869 3747 907 au-

2174 962 2280 1009 tem
2312 953 2565 1021 episcopo
2604 952 2863 1006 fervorem
2902 948 3276 1013 inchoationis,
3313 956 3369 1001 et
3396 948 3631 1003 maxime
3662 962 3747 1002 re-

2180 1054 2329 1099 rente
2352 1058 2440 1109 ne,
2466 1042 2533 1096 ob
2559 1042 2759 1095 tardam
2784 1039 2962 1108 populi
2987 1038 3385 1107 sequacitatem,
3412 1037 3748 1105 paucioribus

2172 1136 2381 1190 eductis
2407 1135 2711 1189 observatio
2733 1133 2843 1200 ipsa
2870 1130 3152 1185 confestim
3172 1128 3226 1182 in
3252 1128 3335 1183 sui
3356 1127 3589 1182 novitate
3612 1127 3749 1181 revi-

2175 1228 2434 1289 lesceret;
2476 1226 2540 1279 ad
2588 1225 2864 1278 basilicam
2904 1236 3023 1292 qum
3060 1230 3184 1275 tunc
3228 1219 3491 1274 mmnibus
3532 1218 3747 1272 vicinior

2175 1328 2289 1373 erat
2322 1317 2575 1381 civitatis,
2610 1315 2906 1369 orationem
2944 1314 3127 1382 prima:
3157 1310 3515 1381 processionis
3544 1308 3747 1363 indicit.

2177 1410 2284 1463 Itur
2322 1408 2520 1462 celebri
2556 1406 2859 1471 alacritate,
2888 1403 3103 1473 cupiosa
3132 1401 3487 1469 multitudine,
3520 1401 3748 1455 maxima

2178 1500 2583 1569 compunctione
2598 1514 2611 1551 ε
2628 1507 2685 1551 ιιι
2710 1511 2894 1552 revera
2914 1495 3091 1564 populi
3110 1493 3357 1565 lacrymis
3380 1494 3751 1560 laboribusque

2178 1593 2354 1647 brevis
2393 1600 2552 1663 atque
2588 1598 2808 1659 angusta
2856 1586 3130 1656 processio
3167 1586 3453 1639 videretur.
3499 1582 3595 1638 Ubi
3629 1598 3751 1637 vero

2177 1694 2392 1740 sanctus
2412 1685 2662 1739 sacerdos
2685 1684 2751 1737 de
2772 1682 3033 1735 minorum
3057 1678 3247 1733 eﬂ'ectu
3276 1678 3537 1746 majorum
3565 1677 3755 1730 indicia

496 1772 937 1826 civitatisvertice
962 1772 1262 1826 sublimitas
1290 1772 1625 1828 immensiter
1651 1772 1915 1844 fastigiata
1946 1765 2413 1846 prae-Bcollegit,
2469 1775 2711 1844 sequenti
2761 1774 2847 1827 die
2901 1771 3198 1826 institutum
3254 1777 3366 1833 est,
3423 1768 3563 1836 quod
3618 1782 3756 1821 nunc

499 1864 715 1929 tulerat,
744 1864 971 1918 ﬂammis
1017 1864 1341 1919 terribilibus
1384 1865 1721 1934 conﬂagrare
1759 1866 2076 1935 crepusculo

495 1956 671 2024 cmpit.
700 1955 1062 2023 lnterpellatur
1100 1956 1277 2024 itaque
1309 1957 1496 2009 nuntio
1525 1954 1851 2009 discriminis
1874 1957 2077 2023 jucun-

496 2044 633 2098 ditas
678 2044 1075 2099 solemnitatis:
1111 2046 1269 2112 pleno
1301 2045 1581 2100 timoribus
1623 2045 1819 2114 populo
1852 2046 2079 2100 ecclesia

397 2169 407 2178 ~
497 2146 773 2191 vacuatur.
818 2138 1016 2190 Omnes
1057 2151 1285 2206 namque
1326 2138 1554 2192 similem
1607 2138 1949 2192 facultatibus
1995 2136 2080 2191 vel

503 2230 751 2283 domibus
810 2229 1039 2297 propriis
1093 2243 1275 2282 casum
1327 2228 1412 2295 de,
1444 2228 1670 2297 quadam
1714 2228 2115 2298 prmminentis'

500 2319 730 2374 incendii
763 2334 885 2374 arce
924 2317 1253 2375 metuebant.
1287 2318 1524 2373 Perstitit
1553 2328 1727 2373 tamen
1761 2334 1943 2373 coram
1977 2319 2080 2373 fes-

502 2412 623 2466 tivis
652 2410 905 2465 altaribus
940 2410 1168 2464 invictus
1193 2411 1440 2475 antistes,
1469 2419 1523 2464 et
1550 2411 1783 2465 calorem
1824 2409 1941 2464 fidei
1972 2424 2082 2464 sum

502 2501 799 2579 accendens
827 2500 1042 2579 ﬂumine
1093 2501 1469 2570 lacrymarum,
1505 2501 1821 2569 permissam
1871 2501 2082 2570 ignibus

503 2576 819 2663 potestatem
864 2576 1112 2667 incendio
1157 2591 1478 2647 abscedente
1508 2591 1854 2662 compescuit.
1887 2586 2084 2660 Despe-

500 2688 708 2740 ratione
738 2684 975 2753 deposita
1030 2684 1232 2739 reditur
1273 2683 1338 2737 ad
1388 2684 1693 2746 ecclesiam,
1729 2692 1783 2737 et
1830 2683 2084 2737 restincta

506 2778 837 2831 ﬂammarum
872 2776 990 2829 luce
1025 2775 1271 2829 clarescit
1295 2776 1552 2829 luminum
1586 2773 1944 2843 pulchritudo.
1975 2773 2084 2827 Nec

503 2884 632 2922 sane
658 2868 879 2921 ulterius
912 2866 1139 2920 trahitur
1186 2866 1253 2920 de
1292 2866 1599 2934 arripienda
1652 2865 2079 2935 compunctionis

503 2962 702 3016 medica
712 2963 851 3014 mine
869 2975 1036 3013 mora.
1062 2959 1431 3013 Prmdecessor
1453 2973 1681 3029 namque
1702 2973 1878 3022 meus,
1899 2965 1953 3013 et
1973 2958 2078 3026 spi-

504 3056 669 3109 ritalis
698 3054 824 3108 mihi
855 3069 884 3107 a
915 3052 1175 3122 baptismo
1202 3061 1371 3121 pater,
1389 3054 1677 3107 Mamertus
1704 3051 2080 3116 sacerdos,cui

504 3157 627 3210 ante
660 3164 762 3209 nan
787 3160 984 3222 paucos
1034 3159 1204 3207 annos
1236 3152 1259 3185 ε
1287 3154 1433 3220 p‘lier
1458 3144 1635 3205 carnis
1672 3159 1804 3206 mea
1833 3152 2070 3219 accepto,
2104 3123 2150 3188 ο

502 3252 637 3305 sicut
654 3250 759 3304 Deo
782 3249 951 3302 visum
968 3256 1069 3311 est,
1082 3246 1369 3303 sacerdotii
1388 3253 1627 3314 tempore
1644 3245 1924 3312 successit,
1942 3253 2077 3298 totas

503 3344 557 3397 in
600 3358 671 3407 ea~
692 3355 848 3412 quam
897 3354 1055 3408 supra
1096 3334 1326 3393 diximus
1365 3337 1661 3407 vigiliarum
1695 3345 1849 3393 nocte
1894 3347 2079 3391 sancto

504 3432 717 3487 Paschm
744 3431 990 3500 concepit
1030 3429 1211 3483 animo
1252 3429 1610 3498 Rogationes;
1650 3437 1809 3498 atque
1850 3429 1918 3483 ibi
1957 3444 2077 3487 cum

504 3526 611 3591 Deo
640 3526 829 3579 tacitus
858 3524 1099 3579 delinivit
1137 3522 1391 3593 quidquid
1430 3521 1587 3577 hodie
1624 3522 1841 3590 psalmis
1875 3532 1928 3577 et
1959 3539 2079 3590 pre-

416 3640 427 3653 ι
501 3615 653 3671 cibus
693 3614 919 3668 mundus
954 3613 1227 3668 inclamat.
1274 3610 1530 3665 Revoluta
1570 3627 1696 3682 ergo
1740 3612 2078 3666 solemnitate

506 3707 763 3776 paschali,
794 3721 901 3758 non
921 3705 1028 3772 jam
1054 3702 1200 3772 quid,
1218 3704 1308 3756 sed
1328 3703 1593 3771 quomodo
1610 3711 1701 3757 aut
1722 3703 1934 3769 quando
1962 3702 2078 3757 fieri

503 3799 713 3865 debeat,
744 3805 947 3851 secreta
980 3796 1207 3864 primum
1239 3794 1520 3849 collatione
1552 3804 1823 3867 tractatur.
1855 3794 2080 3848 Putaba-

504 3900 590 3944 tur
619 3904 646 3942 a
676 3888 989 3959 quibusdam
1024 3887 1344 3941 Viennensis
1383 3898 1598 3941 senatus
1635 3887 1788 3954 cujus
1817 3895 1944 3940 tunc
1984 3904 2080 3941 nu-

503 3980 727 4035 merosis
758 3978 1054 4034 illustribus
1075 3979 1220 4032 curia
1254 3979 1495 4041 ﬂorebat,
1536 3979 1765 4032 inventis
1794 3994 1899 4033 non
1924 3994 2077 4049 posse

502 4071 697 4136 addici,
730 4086 849 4125 cum
880 4070 967 4124 vix
996 4071 1361 4140 acquiesceret
1393 4068 1642 4137 legitimis
1678 4069 1941 4123 inclinari.
1974 4069 2078 4124 Sed

502 4168 619 4236 pius
663 4180 726 4221 ac
770 4163 1031 4218 sollicitus
1077 4172 1281 4230 pastor,
1328 4159 1600 4228 sapientia:
1635 4160 1834 4217 salibus
1873 4162 2072 4230 largus,

502 4253 1091 4311 mansuefaciendarum
1142 4251 1319 4304 ovium
1366 4251 1513 4319 prius
1562 4250 1764 4304 orando
1816 4253 2072 4317 animum,

500 4362 654 4415 quam
685 4342 986 4415 perorando
1018 4342 1242 4395 mollivit
1270 4341 1529 4396 auditum.
1562 4341 1752 4395 Pandit
1782 4343 1939 4411 igitur
1962 4344 2072 4395 dis-

502 4439 839 4507 positionem,
884 4433 1071 4486 indicit
1112 4433 1376 4494 Ordinem,
1427 4433 1647 4498 esponit
1676 4433 2073 4500 salubritatem;

501 4539 553 4580 et
596 4526 710 4579 viro
744 4534 848 4577 tam
900 4522 1134 4590 religiosi
1179 4537 1336 4590 quam
1383 4520 1600 4575 solertis
1644 4522 1839 4591 ingenii
1889 4540 2073 4591 parum

500 4618 617 4682 fuit,
643 4617 685 4669 si
717 4613 1089 4668 obedientibus
1114 4614 1442 4681 propositum
1469 4614 1838 4668 tantummodo
1866 4616 2076 4671 institu-

501 4709 656 4763 tionis
684 4715 969 4778 promeret,
1004 4704 1105 4758 nisi
1134 4705 1269 4759 inter
1292 4703 1441 4757 initia
1472 4703 1631 4758 etiam
1657 4700 1920 4761 vinculum
1947 4725 2077 4779 con-

573 4897 597 4924 ⁸
635 4887 683 4941 ls
736 4886 831 4939 fuit
874 4885 1057 4940 lsicius
1100 4886 1210 4940 sive
1249 4883 1563 4955 Hesychius.
1607 4887 1722 4941 Ado
1753 4888 2067 4953 Viennensis

501 4959 550 5037 in
596 4957 897 5037 Chronico:
952 4958 1146 5037 Avitus,
1197 4956 1384 5037 inquit,
1439 4955 1746 5037 Viennensis
1778 4964 2067 5037 episcoyms,

500 5028 780 5103 eloquentia
814 5037 867 5103 et
888 5028 1149 5103 sanctitate
1180 5028 1483 5103 prwc‘ipuus‘,
1509 5029 1650 5103 cujus
1690 5034 1847 5103 frater
1872 5028 2069 5103 Apme

500 5102 636 5154 ηηνίε
667 5096 913 5167 Valentia:
942 5099 1223 5167 episcopus,
1252 5098 1509 5167 miraculis
1538 5100 1775 5167 insignis,
1810 5096 1951 5159 Isic'ii
1993 5127 2072 5161 se-

502 5162 693 5243 natoris
739 5162 1132 5243 ιιι-ξιιιιιιιιίυῐιξξέΔ
1162 5162 1331 5243 postea
1366 5162 1659 5243 Viettnensi_s
1691 5176 1935 5243 episcopi,
1966 5178 2069 5231 duo

502 5241 693 5294 lumina
724 5238 992 5291 clarissimi
1037 5238 1153 5303 ﬁlii.
1186 5240 1498 5292 Senatoretn
1530 5254 1588 5293 se
1620 5238 2072 5301 RomanumAvi-

502 5321 586 5365 tus
608 5325 817 5378 quoque
849 5309 1009 5382 filius,
1035 5316 1093 5382 et
1114 5308 1164 5382 in
1190 5310 1828 5382 episc‘opatttgsticcessor,
1864 5317 2070 5382 profes-

500 5397 590 5434 sus
618 5377 699 5434 est
742 5382 794 5434 in
825 5379 986 5446 epist.
1029 5380 1116 5431 5|.
1153 5379 1207 5431 In
1249 5379 1433 5433 eadem
1486 5377 1768 5436 Viennensi
1814 5377 2065 5439 cathedra

503 5460 686 5517 postea
711 5450 846 5504 sedit
877 5448 1059 5503 lsicius
1089 5451 1341 5517 alter,qni
1367 5450 1418 5501 in
1450 5450 1678 5503 concilio
1695 5455 2066 5510 Aurelianensi

502 5535 534 5573 v
569 5528 621 5572 et
648 5520 699 5571 in
742 5520 1023 5574 Parisiensi
1055 5535 1112 5573 ιιι
1138 5520 1469 5583 subscripsit.

574 5586 601 5626 δ
641 5590 813 5641 Prima
842 5590 1096 5653 omnium,
1122 5598 1211 5643 aut
1235 5590 1371 5641 inter
1394 5586 1587 5654 primas
1610 5588 1842 5645 Ecclesia
1873 5597 2067 5649 Arver-

505 5673 717 5722 norum,
746 5666 879 5711 teste
906 5658 1124 5713 Sidonio
1150 5660 1242 5712 lib.
1276 5672 1367 5719 vn,
1400 5656 1559 5719 epist.
1595 5658 1618 5710 l
1654 5661 1717 5711 ad
1750 5661 2064 5719 Mamertum

506 5732 674 5799 ipsum
706 5727 1055 5796 Rogationum
1086 5739 1375 5783 auctorem.
1414 5724 1529 5781 Mox
1558 5737 1662 5782 tota
1692 5730 1862 5786 Gallia
1898 5733 2066 5802 impe-

2182 1871 2373 1938 primo,
2404 1869 2455 1923 id
2482 1876 2568 1923 est
2595 1872 2849 1931 crastino,
2890 1866 2935 1920 si
2967 1864 3221 1918 Dominus
3251 1862 3461 1926 annuit,
3497 1862 3584 1914 die
3614 1860 3756 1914 labo-

2181 1961 2344 2013 raturi
2390 1973 2593 2013 sumus.
2622 1957 2649 1995 ι’
2677 1958 2886 2012 Secuta:
2913 1966 3037 2010 sunt
3064 1955 3318 2009 succiduo
3348 1963 3589 2021 tempore
3615 1968 3759 2020 qum.

2184 2052 2304 2103 dam
2334 2050 2576 2104 ecclesia:
2600 2049 2887 2104 Galliarum
2911 2062 3021 2101 rem
3047 2055 3150 2101 tam
3182 2044 3471 2115 probabilis
3493 2043 3758 2112 exempli;

2182 2144 2258 2195 sic
2289 2151 2463 2195 tamen
2490 2180 2503 2201 ,
2544 2140 2684 2208 quod
2716 2140 2816 2193 hoc
2846 2140 3018 2208 ipsum
3049 2153 3153 2192 non
3183 2136 3319 2206 apud
3349 2151 3538 2190 omnes
3567 2135 3760 2189 iisdem

2183 2234 2368 2287 diebus
2399 2233 2588 2301 quibus
2619 2244 2782 2300 penes
2812 2244 2907 2284 nos
2938 2228 3234 2283 institutum
3273 2227 3471 2291 fuerat,
3516 2225 3760 2281 celebra-

2184 2334 2345 2377 retur.
2391 2322 2499 2376 Nec
2539 2335 2697 2389 porro
2726 2320 2903 2390 magni
2932 2321 3185 2373 intererat
3224 2317 3366 2386 quod
3400 2316 3628 2372 triduum
3659 2316 3763 2369 eli-

2183 2426 2421 2485 geretur,
2478 2416 2769 2471 dummodo
2817 2412 3140 2485 psalinorutn
3183 2415 3355 2471 officia
3402 2414 3761 2483 laerytuarum

2183 2511 2543 2564 {unctionibus
2566 2512 2754 2565 annuis
2786 2512 3232 2579 persolverentur.
3266 2511 3464 2564 Tamen
3486 2525 3605 2564 cum
3629 2510 3760 2563 dile-

2184 2604 2360 2657 ctione
2390 2605 2742 2672 rogationum,
2776 2604 2935 2658 etiam
2965 2604 3300 2657 sacerdotum
3329 2613 3605 2658 crescente
3633 2618 3759 2655 ρους

2184 2697 2385 2761 cordia,
2429 2698 2494 2750 ad
2534 2712 2695 2752 unum
2726 2708 2966 2765 tempus,
3004 2697 3053 2749 id
3080 2705 3161 2749 est
3200 2696 3264 2749 ad
3308 2703 3595 2765 praesentes
3619 2694 3757 2757 dies,

2185 2788 2877 2843 universalis'obs‘ervantia:
2907 2801 3030 2841 cura
3060 2787 3344 2841 concessit.
3387 2785 3554 2839 Porro
3579 2792 3756 2839 autem

2185 2897 2249 2935 eo
2269 2881 2481 2935 attinuit
2507 2881 2601 2935 ista
2633 2879 2866 2951 praefari,
2892 2890 2965 2944 ut,
2990 2896 3084 2932 seu
3117 2877 3472 2932 recolentibns
3497 2878 3628 2940 lucc,
3662 2891 3755 2929 seu

2185 2971 2553 3039 ignorantibus
2576 2970 2713 3025 forte
2732 2970 3029 3037 retulimus,
3054 2982 3242 3023 omnes
3262 2977 3439 3022 tamen
3460 2966 3754 3031 attendant,

2185 3062 2325 3132 quod
2359 3064 2594 3118 Ecclesia
2626 3077 2745 3131 quae
2782 3062 2923 3115 misit
2962 3062 3081 3114 aliis
3122 3060 3343 3113 formam
3386 3059 3755 3127 institutionis,

2183 3154 2549 3224 multipliciter
2577 3164 2657 3208 est
2701 3152 2926 3207 debitrix
2967 3152 3311 3207 ostendenda:
3354 3152 3663 3213 alacritatis,
3702 3158 3756 3203 et

2181 3261 2349 3322 pluma
2372 3245 2529 3319 debet
2551 3259 2672 3306 esse
2696 3246 3116 3319 Cnitlplt'liiiiitillis
3139 3244 3333 3313 ofﬁcio,
3353 3259 3468 3318 quae
3492 3243 3545 3301 in
3568 3260 3624 3302 te
3648 3251 3752 3299 tam

2182 3344 2478 3400 necessaria
2523 3343 2770 3399 omnibus
2798 3341 2934 3396 facta
2965 3352 3050 3399 est
3084 3351 3256 3396 mater
3298 3342 3563 3407 exemplo.
3604 3338 3755 3393 Unde

2180 3435 2461 3490 imminere
2490 3448 2652 3498 nunc,
2686 3434 2728 3486 si
2762 3434 2898 3487 Deus
2926 3433 3131 3497 annuit,
3178 3434 3509 3501 rogationum
3542 3440 3755 3484 nostra-

2180 3543 2296 3583 rum
2329 3526 2755 3595 operosissimam
2784 3525 3141 3589 festivitatem,
3190 3539 3292 3585 non
3325 3525 3471 3593 quasi
3505 3523 3754 3583 nescien-

2182 3622 2321 3675 tibus
2353 3620 2653 3684 indicimus,
2688 3620 2792 3683 Qsed
2827 3621 2977 3689 quasi
3021 3618 3447 3688 exspectantibus
3481 3632 3754 3693 commen-

2182 3714 2389 3768 damus.
2411 3713 2545 3782 Quia
2567 3714 2688 3768 licet
2706 3729 2811 3769 non
2831 3714 3031 3791 absque
3059 3713 3239 3768 labore
3256 3722 3467 3768 constet
3492 3712 3754 3768 servanda

2183 3804 2531 3875 professionis
2564 3806 2732 3875 ipsius
2759 3806 3104 3871 consuetudo,
3133 3806 3365 3860 delectat
3396 3815 3569 3859 tamen
3601 3820 3755 3873 aspe-

2180 3898 2310 3952 ritas
2337 3897 2724 3963 medicaminis,
2759 3898 2807 3950 in
2834 3914 2937 3964 quo
2962 3899 3264 3967 frequenter
3288 3899 3507 3951 inveniri
3534 3900 3751 3967 probata

2182 3998 2263 4042 est
2292 4000 2413 4056 spes
2442 3988 2646 4042 salutis.
2682 3988 2743 4042 Si
2776 3988 3072 4053 dixerimus,
3108 3988 3273 4058 inquit
3302 3987 3609 4057 Apostolus,
3636 3987 3759 4058 quia

2181 4089 2436 4147 peccatum
2467 4095 2565 4131 non
2607 4077 2864 4143 habemus,
2902 4095 2989 4131 nos
3024 4080 3160 4147 ipsos
3186 4078 3470 4130 seducimus
3499 4074 3565 4145 (1
3594 4075 3752 4129 Joan.

2180 4192 2217 4238 ι,
2251 4175 2324 4243 8).
2377 4174 2441 4229 Et
2469 4175 2510 4226 si
2542 4174 2780 4228 confiteri
2812 4172 3071 4228 debemus
3113 4172 3324 4227 assidue
3364 4187 3458 4225 nos
3506 4185 3754 4239 peccare,

2180 4282 2313 4336 opus
2362 4276 2445 4319 est
2499 4266 2783 4319 confitendi
2843 4265 3038 4329 officio,
3092 4264 3384 4317 humilitate
3441 4261 3751 4331 ptenitendi.

2181 4358 2481 4411 Prmsertim
2531 4373 2648 4412 cum
2695 4356 2863 4425 plebis
2908 4355 3150 4408 adunatte
3193 4356 3528 4422 compunctio
3571 4355 3645 4405 sic
3685 4349 3755 4406 ad

2185 4448 2581 4502 incitamentum
2634 4449 2756 4501 boni
2787 4448 2964 4516 operis
2992 4448 3158 4516 possit
3204 4446 3391 4517 aptari,
3436 4455 3490 4499 ut
3536 4444 3754 4499 rebellis

2184 4542 2350 4609 magis
2372 4541 2774 4595 convenientius
2798 4540 3095 4605 erubescat,
3129 4540 3171 4592 si
3194 4547 3397 4592 cunctze
3428 4533 3753 4591 multitudini

2186 4632 2413 4700 propria:
2444 4633 2636 4686 mentis
2679 4631 2965 4685 solitudine
2995 4630 3384 4697 contt‘adicens,
3416 4640 3625 4699 peccata
3656 4643 3754 4683 sua

2184 4723 2265 4777 vel
2310 4724 2431 4778 vitia
2463 4740 2579 4779 cum
2622 4724 2814 4794 populo
2854 4724 3011 4778 ﬂente
3046 4740 3149 4777 non
3192 4722 3399 4777 deﬂeat.
3443 4719 3753 4776 Necessaria

2178 4914 2307 4957 rata:
2340 4915 2391 4959 et
2420 4905 2745 4965 observatre;
2798 4912 2904 4955 tum
2938 4902 2988 4956 in
3034 4918 3194 4972 regno
3235 4902 3575 4966 Francorum,
3608 4901 3755 4970 quod

2179 4975 2459 5029 Gothicum
2495 4975 2601 5039 jam
2652 4988 2868 5034 regnum
2916 4984 3225 5041 occuparat,
3274 4974 3493 5026 decreto
3538 4973 3753 5028 concilii

2178 5045 2449 5098 Aurelian.
2481 5060 2519 5105 ι.
2543 5058 2659 5095 can.
2692 5041 2759 5095 ‘27
2787 5060 2797 5093 :
2833 5044 3156 5111 Rogationea,
3184 5046 3236 5095 id
3262 5054 3334 5098 est
3360 5044 3611 5106 Litanias,
3634 5051 3755 5097 ante

2181 5115 2533 5167 Ascensionem
2566 5112 2772 5165 Domini
2800 5114 2862 5165 ab
2889 5116 3115 5168 ontnihus
3146 5115 3364 5169 ecclesiis
3393 5114 3581 5183 placuit
3620 5116 3753 5167 cete—

2176 5185 2329 5235 brari.
2364 5183 2494 5235 Tum
2528 5188 2574 5235 in
2604 5198 2764 5245 regno
2800 5183 3251 5252 Burgundionum,
3278 5182 3609 5251 qtto'reliqua
3638 5182 3753 5237 fere

2175 5268 2299 5320 pars
2314 5254 2497 5306 Galliae
2521 5253 3070 5321 continebatur:quod
3092 5264 3233 5321 patet
3253 5270 3317 5308 ex
3343 5269 3462 5311 can.
3490 5253 3753 5307 (iconcilii

2178 5322 2545 5391 Lugdunensis
2575 5340 2607 5376 ιι
2653 5340 2664 5375 :
2716 5323 2913 5377 Placuit
2937 5326 3085 5376 etiam
3118 5324 3362 5376 universis
3392 5324 3652 5390 fratribus.
3688 5332 3746 5375 ιιι

2175 5394 2227 5444 in
2257 5394 2423 5461 prima
2452 5393 2764 5447 hebdomada
2807 5396 2925 5446 noni
2965 5394 3172 5456 mensis,
3217 5395 3312 5446 hoc
3351 5404 3420 5446 est
3460 5402 3577 5445 ante
3620 5394 3762 5445 diem

2174 5464 2479 5515 dominicam
2506 5480 2619 5531 qua:
2647 5465 2806 5532 prima
2839 5465 2889 5516 in
2926 5464 3017 5517 illo
3058 5480 3226 5517 mense
3256 5464 3506 5526 iunxerit,
3540 5462 3765 5517 Litanite

2172 5534 2299 5585 sicut
2323 5544 2437 5585 ante
2464 5535 2813 5587 Ascensionem
2841 5533 3040 5586 Domini
3063 5535 3224 5587 sancti
3241 5533 3420 5586 Patres
3442 5533 3553 5601 fieri
3573 5534 3756 5585 decre-

2171 5610 2368 5724 Zernnt,
2385 5602 2622 5672 deinceps
2648 5603 2709 5656 ab
2737 5604 2967 5657 omnibus
2986 5607 3206 5659 ecclesiis
3233 5621 3318 5658 seu
3346 5602 3597 5671 parochiis
3625 5601 3768 5658 cete-

2207 5682 2401 5724 rentur.

2207 5682 2401 5724 rentur.
