4092 6350
194 390 201 395 ³
291 376 398 435 293

1237 380 1592 443 VARIORUM
1632 388 2139 450 OPUSCULORUM
2183 395 2623 456 FRAGMENTA.

3448 409 3555 467 294

291 503 372 551 est
413 496 740 566 igitur'boni
788 501 966 570 operis
1016 503 1359 572 conspiratio.
1396 506 1570 562 Sumit
1614 510 1750 564 alter
1808 528 1872 566 ex
1899 513 1952 577 Δ
1981 514 2295 583 profundius
2347 517 2627 573 Dominum
2681 530 2922 577 nostrum
2971 524 3212 581 interrita
3259 530 3437 597 quiete
3478 532 3560 599 ja-

287 586 479 653 altero,
521 598 611 642 aut
650 590 716 645 de
762 591 1058 649 humilitate
1096 596 1420 665 exemplum,
1452 609 1542 653 aut
1569 600 1621 653 in
1654 604 1871 657 confes-

287 676 442 733 sione
479 679 745 735 solatium.
796 682 1150 741 Periculosius
1188 689 1361 755 agitur
1402 691 1669 761 singulare
1699 704 1872 749 certa-

286 780 431 831 men,
446 768 497 822 in
520 786 625 839 quo
648 773 785 828 vires
807 774 1123 831 altrinsecus
1145 779 1375 849 experiri
1402 796 1554 850 posse
1577 799 1867 855 paucorum

286 867 388 913 est.
418 860 487 915 At
517 875 662 928 vero,
700 879 820 919 cum
853 875 1036 922 contra
1074 867 1279 925 hostem
1311 887 1652 931 communem
1686 880 1869 934 multi-

287 949 484 1005 tudinis
514 963 712 1023 pugnat
740 969 1015 1022 assensus,
1058 960 1220 1014 trahit
1250 964 1408 1018 etiam
1453 966 1696 1023 timidum
1728 970 1868 1025 mili-

286 1047 393 1093 tem
423 1040 594 1098 virtus
621 1045 814 1100 aliena.
844 1045 1098 1104 Robustis
1122 1051 1440 1110 bellantibus
1467 1057 1748 1116 infirmitas
1775 1064 1870 1141 de-

258 1130 501 1199 vlitescit,
524 1142 576 1189 et
593 1137 819 1205 quodam
847 1139 1067 1195 unitatis
1090 1142 1338 1215 suffragio
1363 1148 1473 1202 laus
1498 1150 1567 1203 sit
1592 1136 1863 1221 invalidis,

285 1222 337 1276 iu
370 1227 612 1281 exercitu
642 1228 854 1285 fortium
886 1236 1203 1302 computari.
1236 1236 1473 1310 Denique
1496 1258 1616 1298 cum
1646 1246 1866 1301 victoria

285 1316 591 1385 contigerit,
626 1320 751 1400 totis
782 1322 1108 1392 acquiritur;
1139 1335 1334 1381 etcum
1368 1345 1653 1400 paucorum
1681 1336 1865 1392 dextra

284 1411 619 1475 pugnaverit,
650 1396 886 1467 omnium
918 1415 1088 1484 gloria
1121 1418 1485 1489 triumphavit.
1513 1424 1623 1479 lloc
1652 1426 1773 1483 dico
1798 1429 1866 1485 de

284 1493 596 1555 inﬁrmitate
626 1506 918 1570 communi,
952 1521 1067 1575 qua:
1090 1508 1133 1561 si
1164 1524 1224 1563 se
1254 1514 1561 1580 rogantibus
1588 1533 1694 1572 non
1734 1520 1862 1575 sub-

284 1589 458 1645 trahat
507 1594 664 1647 etiam
713 1611 831 1649 cum
884 1597 994 1665 ipsa
1043 1615 1135 1668 per
1182 1617 1240 1656 se
1285 1606 1461 1659 minus
1508 1608 1714 1675 fecerit,
1759 1630 1863 1668 non

284 1684 462 1735 tamen
488 1680 553 1735 ad
588 1683 852 1753 integrum
885 1686 1059 1742 fructu
1089 1692 1311 1745 carebit.
1346 1694 1399 1747 In
1435 1696 1518 1749 illa
1551 1699 1784 1767 gloriosa
1812 1714 1867 1758 et

282 1769 572 1824 admodum
610 1773 864 1843 singulari
897 1777 1117 1831 historia
1146 1781 1523 1851 Ninivitarum,
1565 1799 1748 1844 contra
1775 1809 1860 1847 ex-

283 1952 493 2007 viribus
538 1956 697 2009 etiam
739 1958 994 2015 infantilis
1028 1973 1156 2017 actas
1185 1980 1418 2035 pugnare
1450 1972 1720 2041 compulsa
1761 1985 1861 2031 est.

280 2043 513 2100 Humani
540 2062 751 2117 quoque
775 2053 1074 2108 mercedem
1099 2066 1149 2108 et
1173 2058 1596 2129 gra‘tiamjejuuii
1613 2079 1861 2133 pecorum

278 2132 451 2193 fames
489 2139 728 2197 adauxit.
767 2144 903 2208 Quin
946 2158 997 2198 et
1042 2147 1153 2215 ipsa
1196 2150 1576 2208 irrationabilis
1621 2167 1860 2215 creatura

276 2247 397 2301 qua:
426 2232 683 2287 offensam
719 2236 909 2291 timere
935 2253 1038 2291 non
1069 2246 1260 2308 potuit,
1301 2244 1531 2311 quodam
1573 2248 1733 2303 modo
1771 2266 1862 2306 ve-

278 2322 419 2376 niam
448 2325 755 2391 postulavit.
801 2326 862 2379 Et
893 2329 1015 2393 quia
1047 2330 1288 2387 homines
1328 2333 1381 2388 in
1423 2350 1626 2391 morem
1658 2340 1860 2394 anima-

279 2414 410 2467 lium
443 2413 670 2468 vivendo
702 2428 1067 2484 peccaverant,
1103 2435 1286 2476 rursus
1319 2424 1565 2479 animalia
1592 2441 1685 2481 sua
1708 2430 1858 2501 quasi

277 2504 521 2560 homines
541 2507 785 2576 jejunare
811 2520 1117 2579 coegerunt.
1164 2513 1387 2583 Propter
1430 2518 1566 2574 hanc
1598 2536 1723 2591 ergo
1751 2522 1858 2579 dis-

276 2598 597 2666 cretionem,
642 2599 694 2652 in
737 2599 1031 2671 Evangelia
1070 2604 1324 2661 Dominus
1356 2610 1428 2663 ait
1457 2627 1469 2661 :
1500 2604 1666 2666 Petite
1693 2625 1738 2667 et
1769 2632 1856 2668 ac-

275 2689 490 2757 cipietis,
518 2692 725 2761 quterite
744 2702 789 2746 et
818 2694 1101 2761 invenietis,
1143 2697 1341 2765 pulsate
1363 2709 1407 2753 et
1439 2704 1693 2771 aperietur
1715 2706 1854 2761 uobis

278 2778 602 2849 (Matth.vu,
620 2783 694 2852 7).
721 2783 908 2839 Petere
938 2787 1078 2841 enim
1098 2788 1238 2844 ducti
1267 2803 1624 2862 est,qu:erere
1646 2798 1853 2863 (levati;

273 2873 411 2943 petit
439 2875 636 2942 sciens,
658 2874 850 2946 quierit
876 2881 1138 2933 nesciens.
1165 2881 1296 2935 Cum
1326 2886 1483 2953 petis,
1510 2889 1587 2941 vis
1612 2891 1856 2959 accipere

270 2964 415 3033 quod
446 2966 728 3037 intelligis;
764 2984 883 3023 cum
912 2974 1126 3041 quzcris,
1176 2974 1345 3029 adhuc
1376 2980 1587 3034 cOuaris
1615 2982 1853 3041 invenire

269 3056 418 3126 quod
455 3066 624 3125 petas.
675 3058 799 3112 Ideo
841 3061 929 3129 qui
970 3062 1078 3130 jam
1114 3068 1419 3135 superiores
1453 3079 1601 3137 sunt,
1650 3076 1853 3131 orando

266 3156 495 3218 petant;
527 3151 617 3217 qui
642 3150 858 3217 infirmi,
887 3152 1177 3208 laborando
1203 3168 1463 3225 quarrant.
1488 3161 1653 3217 Porro
1674 3176 1851 3221 autem

266 3238 491 3307 pulsare
517 3253 804 3296 commune
829 3251 928 3295 est.
954 3242 1136 3297 Nullus
1164 3248 1358 3316 quippe
1385 3251 1713 3309 obstructum
1741 3258 1852 3311 adi-

269 3339 385 3383 tum
417 3328 637 3383 vocibus
664 3332 838 3400 pulsat
871 3348 885 3386 :
918 3333 1057 3387 istud
1088 3335 1153 3388 ad
1185 3338 1372 3393 manus
1403 3343 1717 3407 pertinet,et
1738 3361 1856 3399 cor-

270 3420 417 3488 poris
457 3428 607 3474 ac‘tus
650 3430 752 3475 est.
800 3422 952 3477 Petat
990 3440 1119 3495 ergo
1155 3428 1401 3497 scientia,
1444 3447 1645 3501 quaerat
1681 3453 1851 3506 amor,

270 3510 449 3578 pulset
483 3511 739 3581 operatio,
790 3516 1026 3570 maxime
1071 3518 1122 3571 in
1168 3518 1543 3582 observatione
1581 3532 1851 3597 presenti.

268 3598 559 3655 Festivitas
608 3603 869 3672 siquidem
918 3615 1021 3673 est,
1062 3609 1215 3677 c‘ujus
1255 3611 1559 3679 jocunditas
1588 3628 1694 3673 tota
1737 3624 1850 3677 sola

268 3692 555 3759 sobrietas,
578 3695 730 3763 cujus
756 3696 924 3766 epuize
949 3698 1218 3770 Iacrymm,
1252 3705 1402 3773 cujus
1434 3716 1615 3776 pastus
1647 3715 1850 3768 esuries

269 3793 360 3841 est
388 3804 400 3838 :
434 3788 581 3857 cujus
613 3789 928 3859 principium
959 3806 1023 3846 ex
1066 3795 1402 3862 necessitate,
1453 3807 1847 3869 perseverantia

272 3880 329 3934 in
354 3879 663 3948 dilectione,
684 3893 834 3938 actus
860 3884 913 3938 in
944 3887 1373 3959 requie,requies
1406 3895 1457 3946 in
1484 3894 1663 3951 labore
1691 3916 1701 3951 :
1726 3914 1846 3954 cum

270 3979 384 4025 tota
421 3972 518 4027 ista
551 3975 887 4029 observantia
920 3979 1186 4034 confessio
1227 3984 1518 4050 paenitendi
1560 4002 1655 4056 pro
1690 3992 1849 4061 culpa

267 4062 365 4130 sit,
395 4071 447 4117 et
475 4065 692 4133 rogandi
715 4079 812 4133 pro
835 4066 1011 4121 venia.
1034 4068 1205 4123 Etiam
1228 4086 1357 4127 vero
1386 4080 1688 4147 evangelica
1715 4098 1849 4151 pra:-

266 4168 398 4208 sens
429 4154 589 4237 leCtio
618 4156 901 4213 utilitatem
933 4160 1336 4229 supplicationis
1359 4170 1765 4237 exposuit,dum
1796 4175 1848 4230 in

266 4246 390 4300 navi
422 4232 704 4302 Dominum
736 4248 1093 4307 dormientem
1124 4253 1318 4310 chorus
1345 4258 1724 4329 discipulorum
1751 4270 1850 4321 sub

266 4342 604 4410 tempestatis
630 4342 851 4411 strepitu
886 4345 1121 4413 trepidus
1157 4349 1441 4406 suscitaret
1483 4353 1692 4422 (Matth.
1728 4374 1842 4424 vm,

265 4430 380 4499 9.4).
416 4431 600 4501 Neque
642 4446 805 4502 porro
834 4434 976 4490 aliud
1013 4436 1108 4493 fuit
1153 4440 1205 4494 in
1252 4450 1397 4498 tanto
1436 4454 1845 4518 repugnantium

266 4520 367 4575 sibi
387 4524 619 4579 invicem
641 4534 919 4581 ventorum
939 4528 1298 4602 fluctuumque
1315 4538 1588 4605 conflictu,
1609 4546 1841 4612 sopitum

1974 609 2169 672 Cuisse,
2203 610 2303 664 nisi
2334 620 2389 664 ut
2408 612 2473 666 ad
2503 627 2625 667 eum
2656 615 2794 670 inter
2823 616 3132 674 discrimina
3159 635 3277 690 qua
3299 626 3550 691 patimur,

1974 698 2181 752 timoris
2233 703 2397 755 nostri
2445 718 2605 756 causa
2657 707 2989 777 confugeret.
3034 712 3260 768 Assidue
3306 731 3402 771 nos
3429 718 3554 788 gictu

1976 800 2263 859 tempestas
2304 794 2401 847 ista
2443 796 2645 865 fatigat,
2694 799 2923 867 impulsu
2971 805 3190 861 terribili
3226 819 3407 864 contra
3457 828 3555 867 nos

1975 885 2204 964 tonitrus
2245 886 2424 941 saeculi
2468 887 2690 965 clamat,
2737 892 3149 952 scintillantibus
3190 901 3256 957 ad
3300 912 3553 971 punctum

1972 978 2136 1032 radiis
2162 979 2424 1045 mundana
2448 984 2741 1036 commotio
2761 1001 2863 1038 non
2893 987 3150 1044 illuminat
3172 993 3265 1046 sed
3289 1005 3554 1053 coruscat.

1972 1070 2206 1127 Ecclesia
2226 1082 2307 1147 est
2335 1076 2482 1153 navis
2501 1091 2618 1147 quae
2640 1092 2737 1133 nos
2763 1093 2858 1150 per
2885 1082 3059 1136 varios
3075 1097 3233 1139 casus
3254 1087 3399 1155 velut
3422 1091 3559 1147 inter

1972 1164 2207 1235 marinos
2231 1150 2469 1237 gurgites
2497 1167 2658 1225 ducit.
2694 1174 2861 1241 Aures
2892 1173 3103 1242 quidem
3136 1186 3349 1231 nostras
3378 1181 3559 1237 obtre-

1969 1242 2294 1314 ctationibus
2334 1269 2388 1315 et
2424 1260 2875 1339 blasphemiarum
2906 1267 3167 1334 stridore,
3200 1272 3349 1341 quasi
3383 1273 3557 1331 laxata

1970 1346 2197 1429 laterum
2238 1364 2517 1431 compage,
2552 1355 2891 1421 reverberat;
2938 1358 3031 1431 sed
3071 1362 3286 1430 puppim
3316 1365 3556 1423 veritatis

1969 1420 2240 1511 soliditate
2269 1420 2628 1501 constructam
2654 1456 2937 1515 penetrare
2963 1424 3065 1505 non
3098 1461 3268 1531 potest
3306 1456 3445 1525 quod
3479 1456 3556 1512 fa-

1969 1531 2122 1603 tigat.
2171 1534 2234 1615 Et
2277 1536 2398 1605 quia
2450 1540 2695 1607 promisit
2745 1540 3001 1597 Dominus
3051 1556 3232 1603 noster
3279 1548 3552 1619 Ecclesiae,

1970 1620 2102 1697 Ecce
2131 1610 2223 1703 ego
2250 1626 2507 1701 vobiscum
2529 1646 2642 1682 sum
2672 1633 2903 1688 omnibus
2938 1635 3111 1713 diebus
3150 1654 3304 1709 usque
3327 1643 3393 1696 ad
3424 1660 3550 1697 con-

1969 1714 2359 1769 summationem
2384 1719 2557 1771 surculi
2585 1720 2797 1789 (Matth.
2824 1739 3008 1789 xxvut,
3037 1726 3159 1797 20);
3195 1731 3245 1784 in
3280 1734 3396 1786 navi
3430 1736 3552 1803 qui-

1970 1801 2090 1856 dem
2124 1814 2207 1885 est
2246 1807 2295 1859 in
2325 1823 2425 1877 qua
2454 1824 2659 1881 sumus,
2703 1813 2795 1868 sed
2834 1825 3072 1871 metuere
3098 1822 3204 1889 jam
3246 1838 3348 1876 non
3382 1801 3556 1894 potest

1969 2003 2199 2059 nemque
2232 2005 2380 2045 suam
2417 2004 2556 2049 totus
2591 1996 2731 2053 inter
2759 2002 2993 2068 pericula
3026 2014 3207 2075 nostra
3244 2013 3553 2081 requiescit.

1965 2081 2170 2163 Aliena:
2201 2088 2367 2155 magis
2397 2086 2665 2165 formidini
2694 2107 2829 2159 Opus
2850 2106 3025 2160 est,ut
3047 2100 3133 2169 qui
3167 2116 3388 2158 securus
3404 2104 3552 2176 jace-

1963 2171 2055 2241 bat
2094 2174 2325 2244 evigilet.
2372 2177 2642 2261 Clametttr
2680 2198 2809 2253 ergo
2847 2188 3068 2259 vocibus
3108 2171 3549 2263 supplicationis;

1963 2274 2037 2331 et,
2090 2269 2132 2320 si
2188 2270 2498 2360 ingravante
2552 2276 2793 2344 periculo
2836 2281 3061 2355 necdum
3102 2286 3270 2353 audit,
3314 2292 3552 2360 pulsetur

1963 2356 2209 2414 manibus
2258 2348 2533 2431 largitatis,
2578 2379 2632 2421 et
2670 2368 2877 2447 dicatur
2921 2350 2967 2427 ei
3014 2393 3025 2429 :
3075 2348 3365 2452 Exsurge:
3392 2400 3551 2455 quare

1963 2450 2240 2517 obdormis,
2266 2451 2498 2521 Domine,
2519 2458 2703 2513 oblitus
2730 2460 2917 2537 inapitc
2936 2475 2982 2517 et
3005 2450 3343 2525 tribulationis
3362 2450 3549 2531 nostra:

1965 2538 2136 2606 (Psal.
2182 2558 2331 2629 xtut,
2359 2546 2449 2610 23,
2478 2549 2614 2617 24)?
2646 2550 2894 2607 Dicturus
2922 2565 3003 2609 est
3030 2559 3242 2627 quidem
3286 2578 3547 2635 experge-

1962 2628 2154 2694 factus,
2185 2620 2291 2687 Cur
2312 2626 2477 2709 timidi
2502 2639 2641 2705 estis,
2672 2643 2883 2697 modica:
2902 2646 3024 2713 fidei
3046 2620 3257 2717 (Matt/1.
3277 2620 3387 2715 vui,
3416 2620 3543 2727 2g)?

1962 2719 2169 2777 Reddat
2198 2723 2443 2791 salutem,
2475 2736 2529 2783 et
2552 2731 2791 2799 increpet
2824 2722 3201 2796 infirmitatem.
3228 2743 3292 2798 Et
3318 2746 3361 2798 si
3389 2719 3545 2815 parva

1962 2813 2093 2867 fides
2131 2824 2232 2895 est,
2280 2820 2400 2905 quia
2443 2820 2693 2877 timemus
2731 2828 3043 2892 szecularia,
3096 2842 3180 2888 est
3222 2813 3397 2891 tamen
3449 2840 3547 2895 ali-

1959 2894 2229 2976 quantula,
2280 2894 2325 2963 si
2364 2925 2703 2967 recurramus
2747 2916 2813 2971 ad
2860 2918 3163 2977 Dominum.
3206 2926 3322 2980 Non
3366 2939 3543 2985 autem

1960 2992 2238 3078 timeretur
2262 3015 2441 3056 coram
2467 3004 2605 3073 ipso,
2636 3005 2679 3063 si
2723 3008 2834 3078 ipse
2865 3012 3163 3070 timeretur.
3196 3019 3299 3072 Sed
3325 3021 3543 3077 minima

1961 3070 2286 3144 conscientia
2334 3094 2462 3147 recti
2508 3097 2742 3151 maxima
2787 3115 2945 3155 causa
2993 3106 3290 3174 trepidandi
3335 3120 3440 3179 est,
3489 3114 3538 3167 iu

1959 3187 2138 3233 nostra
2183 3181 2450 3254 prtecipue
2491 3187 2617 3253 vita,
2662 3190 2745 3243 cui
2792 3193 3074 3249 criminutn
3119 3201 3445 3256 continuatio
3485 3204 3543 3260 fit

1877 3246 2323 3328 cdiscriminum
2385 3278 2689 3334 multitudo.
2742 3283 3000 3350 Quocirca
3058 3290 3099 3343 si
3157 3306 3263 3344 non
3309 3295 3542 3350 diximus

1958 3360 2191 3429 Christo,
2240 3364 2411 3433 Vigila
2451 3370 2753 3439 nobiscum,
2805 3375 2992 3430 saltem
3036 3378 3295 3453 dicamus,
3342 3385 3541 3455 Evigila

1959 3463 2177 3522 pr0pter
2206 3471 2323 3511 nos.
2358 3457 2471 3539 Non
2504 3463 2809 3531 rogavimus
2841 3483 2905 3519 ne
2935 3468 3256 3538 discederet,
3297 3477 3540 3534 obtinea-

1957 3558 2078 3597 mus
2116 3556 2172 3598 ιιι
2210 3546 2414 3613 redeat,
2457 3565 2557 3605 nec
2585 3551 2801 3610 deserat
2838 3572 3051 3614 cursum
3082 3565 3429 3634 navigationis
3463 3571 3541 3625 in-

1956 3636 2145 3705 firmae,
2180 3638 2352 3696 donec
2380 3656 2539 3697 vento
2560 3654 2614 3700 et
2638 3648 2767 3702 mari
2795 3650 3065 3708 silentium
3094 3654 3370 3726 jubeat,et
3398 3662 3541 3729 furor

1954 3743 2066 3783 rem
2100 3728 2414 3789 insanientis
2442 3738 2625 3792 saeculi
2662 3741 2947 3797 celerrimo
2988 3745 3091 3802 ﬁne
3120 3764 3447 3823 compescat,
3480 3766 3536 3813 et

1953 3822 2042 3875 fiat
2075 3822 2125 3877 in
2165 3812 2521 3883 retributione
2554 3829 2741 3899 judicii
2786 3839 3145 3907 tranquillitas
3187 3812 3373 3913 magna
3415 3812 3534 3918 qua:

1953 3912 2004 3965 in
2044 3911 2144 3968 hoc
2190 3918 2390 3973 mundo
2427 3936 2548 3976 esse
2589 3937 2692 3977 non
2733 3935 2924 3995 potest.
2972 3931 3103 3998 Quia
3145 3933 3188 3988 si
3227 3936 3293 3990 de
3336 3940 3535 3995 mundo

1951 4007 2143 4059 essetis
2167 4008 2346 4076 (Joan.
2382 4028 2470 4079 xv,
2504 4016 2614 4086 19),
2661 4020 2888 4075 mundus
2914 4026 3052 4090 quod
3086 4041 3239 4081 suum
3271 4040 3385 4085 erat
3409 4032 3534 4087 dili-

1951 4106 2120 4167 geret.
2149 4098 2253 4153 Sed
2286 4102 2531 4159 devincto
2564 4109 2761 4162 mundo
2790 4115 3132 4179 perveniatur
3158 4119 3221 4170 ad
3244 4134 3529 4189 supernam

1952 4187 2184 4254 quietem
2220 4206 2234 4243 :
2268 4191 2357 4246 ubi
2400 4195 2649 4260 quoniam
2693 4199 3014 4267 possibilitas
3057 4187 3531 4279 pereundiraherit,

1952 4292 2052 4331 nec
2080 4280 2299 4346 periculi
2342 4298 2499 4338 causa
2544 4297 2791 4343 nascetur
2828 4307 2841 4344 :
2883 4293 2969 4346 ubi
3011 4308 3223 4365 semper
3252 4298 3529 4375 nobiscum

1954 4369 2228 4435 Dominus,
2262 4388 2475 4444 semper
2498 4393 2615 4433 cum
2646 4379 2758 4447 illo,
2804 4368 2848 4437 si
2880 4382 3109 4450 dederit,
3149 4405 3245 4445 nos
3292 4392 3527 4461 erimus:

1951 4468 2006 4514 et
2029 4462 2116 4530 qui
2151 4461 2237 4518 hic
2263 4465 2545 4536 aliquoties
2584 4470 2977 4542 negligentibus
3020 4477 3237 4547 dormit,
3272 4484 3377 4539 illic
3410 4504 3530 4556 per-

1953 4563 2114 4624 petuo
2139 4555 2434 4615 fruentibus
2460 4564 2572 4616 sine
2605 4564 2709 4619 line
2731 4565 2983 4636 vigilabit.

540 4740 1183 4835 QUORUMDAM
1260 4747 1339 4825 S.
1421 4753 1699 4835 AVITI
1775 4706 2529 4849 OPUSCULORiUM
2608 4776 3244 4861 FRAGMENTA.

1808 4896 2031 4912 ———_

854 4964 1242 5022 ADHONlTlU.

339 5058 542 5114 Praeter
571 5055 843 5127 hqmiliam
889 5057 1219 5125 superiorem
1256 5068 1310 5115 et
1362 5061 1584 5121 alteram
1626 5065 1677 5121 in
1709 5080 1843 5124 con-

259 5132 514 5207 versione
557 5147 880 5219 Sigismundi
934 5148 1075 5216 regis
1121 5148 1353 5205 habitam
1409 5153 1563 5221 cujus
1605 5158 1846 5212 meminit

261 5229 600 5312 Agobardus,
626 5249 827 5299 restant
854 5240 904 5294 in
934 5239 1309 5295 vetustissimis
1336 5242 1549 5298 schedis
1573 5244 1843 5304 Thuanea:

258 5333 604 5389 bibliothecae
630 5333 764 5395 tituli
795 5334 1017 5389 aliarum
1043 5341 1185 5398 octo,
1217 5348 1336 5389 cum
1369 5336 1554 5403 primis
1585 5338 1842 5409 cujusque

250 5422 460 5495 verbis,
492 5428 545 5483 in
582 5427 721 5481 hunc
751 5427 984 5482 modum.

524 5532 848 5573 llOllLlABUll
886 5532 1021 5585 οετρ
1060 5532 1237 5573 τιτυιι
1281 5534 1346 5571 ΕΤ
1388 5534 1572 5577 ΙΝΙΊἹΔ.

284 5645 292 5651 .
324 5610 383 5670 ι,
413 5609 634 5687 υισαιηρη
664 5611 986 5687 dedica-tione
1005 5612 1280 5687 superioris
1306 5612 1528 5669 basilica:
1544 5629 1565 5668 :
1590 5632 1609 5679 ᾳ
1650 5614 1837 5687 Dispo-

244 5700 459 5741 sucrum
483 5682 724 5745 patientia
749 5683 1106 5734 taciturnitatis
1129 5682 1406 5737 hodiernae.
1444 5704 1461 5734 ι

332 5752 415 5806 ΙΙ.
463 5751 609 5805 Πιεια
652 5752 701 5805 iu
747 5750 953 5806 basilica
980 5762 1167 5825 witcttv
1200 5750 1420 5808 .ilm'itt’:
1462 5774 1477 5806 t
1518 5755 1827 5825 Statuerunt,

243 5825 593 5892 dilectissimi,
627 5831 671 5877 et
714 5828 952 5891 quantum
979 5822 1207 5878 arbitror.
1238 5840 1257 5875 ι

1873 4979 1923 5041 D
1959 4980 2138 5059 ___HI.
2202 4981 2269 5038 In
2316 4988 2685 5059 restauratione
2737 4989 3019 5059 baptisterii
3069 4995 3121 5049 in
3180 4998 3381 5053 civitate
3435 5018 3527 5055 sua

1959 5052 2156 5137 Vienna
2173 5070 2204 5137 ί
2217 5075 2242 5135 _t
2394 5056 2701 5137 Temportmt
2726 5052 3125 5137 perturbationes
3153 5052 3369 5137 quibus.
3395 5091 3411 5123 ι

2022 5122 2047 5174 Ι
2062 5120 2125 5196 Y.
2160 5124 2310 5177 Dicta
2339 5128 2388 5179 in
2418 5118 2737 5183 dedicatione
2764 5118 2985 5187 basilica?
3009 5118 3263 5192 Genetio";
3281 5118 3526 5196 Navim-ts

1948 5202 1996 5246 et
2016 5194 2263 5267 miramur
2290 5212 2355 5250 ea:
2379 5201 2667 5267 evangelica
2696 5204 2907 5258 lectione
2937 5206 3157 5263 divitem.
3199 5227 3217 5260 ι

2027 5263 2091 5317 ν.
2120 5265 2266 5318 Dicta
2289 5268 2339 5320 iu
2365 5263 2770 5325 dedicatione...
2803 5291 2819 5325 ε
2864 5275 3088 5331 Pertinet
3117 5279 3186 5331 ad
3209 5280 3468 5333 locum...
3505 5298 3523 5331 ι

2027 5333 2125 5417 γέ.
2160 5335 2309 5395 Dicta
2330 5341 2387 5417 in
2411 5338 2619 5417 basilica
2640 5342 2699 5396 S.
2736 5342 2894 5417 Petri.
2927 5363 3078 5415 quam
3100 5358 3305 5401 sanctus
3332 5353 3527 5417 episco-

1948 5421 2041 5470 pus
2070 5403 2385 5486 Tarantasite
2405 5412 2635 5483 condidit
2663 5430 2679 5465 :
2709 5432 2730 5488 ς
2855 5403 2963 5469 Ραὲ
2988 5427 3058 5470 est
3081 5418 3332 5471 decrescat
3358 5403 3527 5488 'facul-

1948 5476 2523 5559 tas'uiriunbrreseente
2553 5486 2763 5559 materia
2791 5488 3117 5559 gaudiorum.
3158 5504 3175 5537 ι

2023 5544 2129 5598 γη
2141 5587 2167 5627 ,1
2198 5547 2349 5602 Dieta
2378 5551 2432 5603 iu
2476 5544 3010 5629 basilica‘sar‘t'ctorum
3042 5557 3440 5629 Ag’aunensium,
3472 5564 3525 5617 in

1941 5616 2264 5697 innovatione
2292 5624 2581 5697 monasterii
2611 5624 2796 5697 ipsius,
2813 5627 2901 5697 (vel
2943 5616 3177 5692 passione
3202 5616 3478 5697 martyrum
3506 5650 3524 5687 :

1947 5704 1964 5735 ι
1991 5684 2311 5769 Erigor-mium
2334 5684 2792 5769 fgiicisﬂexeﬁcitus,
2806 5696 2858 5748 in
2880 5684 3027 5769 cujus
3049 5684 3454 5769 cuiu/t'egatiane.
3500 5724 3517 5754 ν

1994 5754 2185 5813 ὛΙΙΙ.
2210 5754 2440 5813 Honiilia
2464 5763 2606 5842 dicta
2625 5764 2685 5842 in
2702 5754 3024 5842 conuersione
3059 5754 3519 5842 dolllltlab‘enyl'fCl,

1914 5828 2193 5918 »Μὴ
2218 5834 2375 5921 “alii
2396 5845 2550 5909 ‘9'"
2587 5832 2848 5921 ἀρδὶαῃω
2888 5832 3080 5898 Ariona
3116 5836 3305 5903 luctere
3326 5828 3416 5900 "est
3442 5828 3523 5897 re;
