4092 6350
572 348 676 405 295

1841 338 1898 392 S.
1941 336 2125 394 AVITI
2168 336 2568 393 VIENNENSIS

3735 335 3851 393 296

572 467 716 525 cepta
744 472 762 511 :
795 475 813 508 ε
851 456 1207 527 δωρεηωηενο
1229 452 1489 509 divinitate
1508 452 1642 521 quod
1669 452 1857 507 dilecto
1882 468 1977 507 suo
2004 452 2148 521 prin-
2176 452 2232 515 Λ
2256 463 2340 509 est
2364 453 2611 524 equidem
2641 452 2838 508 fabrica
2870 464 3104 522 praesens
3125 450 3355 521 jocundu
3384 453 3527 522 loco,
3553 453 3850 511 imminens

573 530 674 599 Cipi
700 538 896 582 nostra.
938 546 957 579 ι

689 618 1108 679 FRAGMENTA
1142 618 1523 676 EAIlUMDEM
1563 616 2018 675 HOMILIARUM.

1048 710 1153 782 (Ex
1176 710 1393 769 scbedis
1417 712 1653 783 iisdem.)

640 918 728 975 Sic
770 918 1038 990 quondam
1082 919 1270 975 Petrus
1317 919 1681 989 apostolorum
1716 925 1876 988 caput
1917 914 2147 987 (Matth.

573 1026 690 1077 xm,
712 1008 829 1080 29),
864 1011 917 1066 id
943 1021 1024 1068 est
1051 1012 1345 1082 principum
1376 1011 1648 1082 princeps,
1681 1009 1977 1082 quamlibet
2003 1024 2151 1063 com-

570 1113 772 1156 motum
797 1102 972 1157 ventis
1010 1101 1225 1172 pelagus
1267 1101 1604 1169 formidaret,
1644 1102 1923 1171 adreptum
1969 1109 2161 1167 tamen,

571 1193 750 1248 ﬂuvidi
807 1202 995 1250 tenens
1038 1194 1229 1249 callem
1266 1195 1440 1250 victor
1479 1194 1765 1262 explicuit;
1821 1202 1985 1264 atque
2057 1208 2154 1247 un-

572 1284 653 1338 dis
694 1284 842 1354 ponti
881 1285 1135 1354 furentis,
1175 1287 1320 1341 velut
1355 1286 1627 1341 hostilium
1665 1286 1938 1341 turbinum
1995 1283 2153 1338 moli-

580 1378 678 1432 bus
706 1378 975 1446 eluctatis,
1006 1379 1188 1433 ﬂatum
1218 1378 1529 1434 tentationis
1555 1379 1815 1446 adversae,
1840 1377 2150 1448 priusquam

572 1468 697 1525 sede
726 1472 1079 1540 contingeret,
1112 1470 1216 1526 fide
1242 1471 1511 1526 contrivit.
1544 1471 1739 1527 Secuta
1763 1481 1846 1527 est
1877 1471 1985 1526 illic
2007 1484 2155 1525 sere-

573 1561 711 1616 nitas
742 1562 844 1617 iter
880 1573 1171 1632 peractum.
1201 1563 1297 1617 Hic
1324 1578 1537 1634 quoque
1566 1579 1671 1619 non
1703 1563 1879 1618 minus
1907 1562 1975 1617 ad
2004 1560 2155 1615 babi-

572 1654 824 1709 tatiouem
855 1670 1013 1724 quam
1046 1654 1112 1710 ad
1145 1655 1453 1725 imaginem,
1504 1656 1647 1710 Petri
1686 1656 1855 1712 aedem
1887 1654 1991 1710 fide
2028 1654 2153 1709 fun-

573 1744 748 1799 datam
801 1746 1060 1801 securitas
1106 1762 1224 1816 qua:
1254 1748 1376 1802 'nou
1430 1756 1779 1817 praecesserat
1828 1747 2150 1817 insequitur.

2257 544 2418 599 ﬂuvio
2447 586 2460 611 ,
2508 555 2561 600 et
2608 544 2979 614 confragosum
3029 541 3189 597 vicini
3236 544 3487 599 torrentis
3534 545 3845 610 tumultum,

2258 639 2403 693 velut
2429 638 2786 708 impendentis
2815 635 3128 693 reverentiae
3160 642 3367 691 terrore
3397 637 3636 707 castigat.
3682 636 3849 692 Cohi-

2255 730 2411 785 betur
2436 729 2829 785 venerabilibus
2850 729 2976 799 ripis
2999 729 3171 784 amnis
3192 735 3447 797 arctatus,
3472 738 3526 782 et
3556 728 3845 797 pendulam

2255 821 2520 891 interjecti
2558 822 2735 892 pontis
2763 823 3005 877 semitam
3028 863 3043 889 ,
3086 821 3153 876 ad
3182 820 3506 876 altrinsecus
3544 821 3846 891 expetenda

2254 927 2528 968 sacrorum
2559 914 2849 969 culminum
2881 913 2995 970 loca
3024 914 3338 970 substernit.
3374 912 3542 969 Edes
3568 912 3845 968 sufficiens

2254 1005 2520 1062 diﬂ‘usioni
2545 1049 2561 1074 ,
2612 1010 2749 1063 facta
2777 1017 2860 1063 est
2896 1019 3115 1078 angusta
3155 1008 3437 1064 conventui
3471 1025 3485 1062 :
3516 1023 3743 1079 quteque
3764 1008 3845 1063 sic

2250 1098 2579 1167 jocunditate
2623 1099 2909 1154 habitaculi
2947 1110 3053 1155 tam
3097 1099 3369 1155 terrestria
3409 1114 3567 1169 quam
3608 1113 3843 1169 superna
3885 1163 3895 1172 ι

2253 1191 2549 1246 sollicitans
2575 1236 2588 1260 ,
2620 1207 2739 1247 cum
2780 1192 2975 1262 populo
3004 1207 3101 1247 suo
3130 1193 3216 1247 vix
3246 1191 3476 1247 sufficiat
3500 1236 3513 1261 ,
3548 1191 3746 1247 sufﬂcit
3774 1193 3841 1248 de

2253 1286 2475 1341 fabrica.
2520 1284 2830 1341 Multiformi
2868 1286 3116 1356 opificum
3149 1285 3361 1355 ingenio
3391 1285 3600 1353 nitens,
3629 1285 3841 1355 expulit

2255 1390 2487 1446 noctem,
2515 1377 2718 1449 appulit
2749 1379 2941 1445 lucem,
2974 1378 3063 1447 qui
3095 1379 3185 1433 diu
3215 1377 3452 1432 tristibus
3484 1376 3720 1433 tenebris
3748 1392 3839 1432 ar-

2257 1473 2418 1528 tificio
2449 1472 2772 1541 proturbatis
2798 1511 2812 1536 ,
2868 1471 3040 1526 laetior
3083 1470 3220 1525 intra
3267 1469 3533 1540 quoddam
3583 1469 3842 1525 claritatis

2254 1565 2600 1635 ergastulum,
2627 1562 2766 1618 felici
2788 1561 3029 1617 custodia
3057 1561 3270 1615 clausus
3292 1569 3373 1616 est
3394 1559 3526 1614 dies.
3555 1558 3647 1615 Sic
3670 1575 3844 1629 quon-

2254 1659 2374 1713 dam
2406 1672 2589 1713 carcer
2614 1656 2834 1712 retiﬂcis
2860 1654 2999 1710 Petri
3023 1654 3165 1723 (Act.
3196 1654 3360 1723 xt|,'7)
3390 1653 3749 1723 pretiosorum
3781 1653 3844 1707 li-

2256 1751 2524 1821 gaminum
2553 1748 2704 1804 radio
2746 1748 3040 1803 illustrante
3081 1744 3412 1816 reSplenduit
3440 1762 3453 1797 :
3488 1758 3613 1798 cum
3645 1745 3843 1799 ferrum

572 1835 791 1892 lnnovet
828 1845 1004 1891 autem
1034 1836 1177 1892 idern
1208 1853 1347 1918 nunc
1380 1839 1652 1909 apostolus
1692 1839 1904 1910 dignam
1932 1838 2015 1894 sui
2047 1853 2150 1893 no-
2186 1830 2235 1892 Β
2262 1842 2534 1912 suppliciis
2565 1848 2893 1910 coaptatum,
2926 1838 3153 1894 metallis
3186 1836 3588 1909 pretiosioribus
3618 1836 3737 1906 plus
3768 1836 3841 1890 lu-

571 1929 727 1985 minis
756 1930 962 1986 sedem.
989 1930 1179 1986 Iisdem
1204 1933 1441 1988 clavibus
1472 1934 1670 2002 pandat
1693 1933 1778 1988 hic
1811 1933 2010 2001 locum,
2038 1934 2159 2002 qui-

571 2021 672 2076 bus
709 2023 1157 2093 aperitjegnum.
1199 2023 1384 2078 Solvat
1435 2040 1577 2078 nunc
1616 2040 1736 2093 quae
1774 2023 1879 2078 sibi
1926 2032 2160 2078 ostensa:

573 2114 769 2170 fuerint
792 2117 1078 2186 compedes
1102 2117 1407 2171 criminum.
1448 2117 1513 2172 Et
1543 2118 1697 2188 paulo
1726 2119 1978 2189 superius.
2020 2117 2163 2173 Soli-

560 2203 712 2260 ‘ditas
738 2221 857 2276 qua:
877 2206 1133 2262 faciendis
1159 2208 1373 2263 fabricis
1395 2208 1448 2263 in
1470 2210 1745 2280 principiis
1764 2211 2042 2279 quaeritur,
2073 2210 2161 2266 hic

574 2307 628 2355 et
656 2299 870 2356 culmen
914 2300 1161 2374 obtinet.{
1191 2300 1524 2359 Firmissimo
1553 2303 1775 2359 aliarum
1803 2302 1999 2363 aedium
2026 2303 2160 2359 .fun-

576 2390 789 2450 damine
816 2394 1092 2450 cacumina
1114 2404 1299 2452 nostra
1331 2397 1525 2452 tutiora
1548 2407 1690 2452 sunt.

1339 2488 1403 2543 ll.

645 2576 782 2646 Quid
805 2579 937 2633 mihi
963 2578 1141 2634 laudet
1162 2580 1413 2650 antiquus
1444 2579 1639 2651 (Exod.
1669 2596 1757 2647 xv,
1788 2578 1881 2651 25)
1915 2580 2158 2651 Moysem

572 2685 726 2727 suum
748 2687 912 2744 aquas
932 2673 1000 2727 ab
1021 2687 1135 2727 arvo
1155 2687 1371 2743 aSperas
1394 2672 1539 2743 liguo
1555 2675 1848 2742 castigante
1872 2672 2159 2727 dulcasse?

572 2762 698 2833 quid
726 2763 973 2818 Elisaaum
996 2763 1101 2834 (IV
1133 2764 1477 2833 Reg.tv,4l),
1509 2764 1707 2820 virtute
1735 2780 1842 2818 non
1873 2764 2157 2833 imparem,

573 2855 799 2923 agrestis
849 2854 954 2909 cibi
1006 2856 1361 2910 amaritudine
1419 2854 1632 2923 plenum
1684 2852 1913 2915 lebetem
1965 2855 2161 2917 medici

573 2944 731 3000 farris
754 2944 1020 3001 infusione
1049 2946 1330 3000 condisse?
1362 2945 1487 3002 llaec
1514 2946 1730 3017 quidem
1753 2959 1902 3018 gesta
1928 2947 2159 3017 exempli

572 3038 903 3094 admirabilis
924 3038 1089 3096 fuisse
1108 3040 1227 3109 quis
1252 3040 1486 3096 nesciat?
1518 3040 1624 3096 Sed
1653 3057 1759 3096 non
1793 3042 1970 3097 minus
1999 3041 2160 3098 hodie

574 3140 758 3186 vestro
777 3131 960 3186 datum
990 3140 1073 3187 est
1096 3132 1385 3201 sacerdoti,
1420 3149 1583 3204 quem
1616 3149 1711 3204 par
1731 3134 2017 3189 diversitas
2037 3134 2157 3190 feli-

2262 1944 2427 1999 ceret,
2460 1950 2623 1990 serrae
2649 1934 2895 2005 fugerent
2922 1942 3135 2003 patente
3162 1932 3305 1987 aditu
3359 1941 3564 1988 calente
3591 1930 3843 1986 caderent

2266 2036 2629 2098 penstrepente
2661 2026 2880 2081 tinnitu.

3013 2118 3102 2173 IV.

2336 2210 2519 2266 Gaude
2544 2212 2723 2289 igitur,
2749 2210 2944 2266 invicte
2966 2219 3254 2275 mercator,
3284 2209 3680 2279 dispensatione
3701 2225 3845 2265 com-

2262 2307 2458 2372 missa;
2488 2305 2669 2377 profer
2692 2305 2757 2361 de
2781 2308 3032 2361 thesauro
3064 2314 3153 2359 tuo
3180 2318 3314 2360 nova
3340 2312 3393 2358 et
3416 2314 3597 2359 vetera
3630 2302 3845 2376 (Matth.

2265 2414 2376 2466 xui,
2410 2398 2525 2468 50),
2561 2398 2828 2452 institutor
2858 2396 3089 2463 rudium,
3123 2396 3409 2451 labentium
3443 2397 3750 2461 restitutor;
3780 2396 3847 2453 sit

2262 2508 2369 2548 una
2400 2493 2453 2548 in
2483 2492 2757 2562 multiplici
2788 2490 3191 2547 consecratione
3220 2488 3554 2545 solemnitas.
3610 2489 3847 2545 Erexisti

2263 2586 2618 2657 lacrymarum
2665 2583 2925 2639 machinis
2975 2582 3115 2653 quod
3166 2582 3331 2636 hostis
3372 2581 3607 2635 alliserat
3641 2601 3655 2635 :
3688 2581 3847 2637 rediit

2262 2696 2382 2750 qua:
2412 2679 2643 2751 perierat
2668 2677 2841 2732 forma
2871 2676 3207 2747 templorum,
3233 2684 3471 2730 recurrat
3498 2684 3551 2729 et
3572 2676 3847 2730 sanctitas.

2263 2773 2377 2828 Non
2404 2782 2460 2829 tu
2484 2772 2632 2843 (huc.
2661 2788 2773 2837 xix,
2802 2770 2891 2841 15)
2916 2770 3161 2824 traditam
3192 2769 3284 2824 tibi
3313 2769 3534 2835 minam,
3558 2768 3847 2823 damnante

2261 2865 2496 2929 sudario,
2524 2864 2747 2919 terrenis
2774 2861 3052 2917 scrobibus
3074 2860 3366 2926 sulfodisti;
3398 2875 3495 2915 nec
3517 2862 3617 2915 hoc
3642 2869 3846 2914 tantum

2261 2965 2540 3011 contentus
2575 2954 2797 3010 reddere
2824 2953 2965 3024 quod
2994 2952 3193 3008 dudum
3238 2944 3409 3007 fuerat
3448 2952 3845 3022 consignatum,

2260 3050 2349 3105 illa
2395 3048 2631 3104 referens
2658 3090 2671 3113 ,
2720 3046 2950 3102 offerens
2984 3044 3086 3099 ista
3110 3085 3124 3107 ,
3160 3052 3217 3097 ut
3246 3043 3451 3113 frugem
3490 3042 3845 3112 primitiarum

2262 3141 2453 3203 melius
2482 3140 2742 3210 porrigas,
2774 3138 2918 3207 prius
2949 3135 3200 3191 studuisti
3224 3135 3432 3189 solvere
3459 3133 3601 3204 quod
3626 3133 3842 3187 debeas.

573 3221 651 3277 cis
686 3232 912 3277 eventus
942 3239 1121 3293 parem
1151 3225 1371 3295 paribus
1400 3226 1739 3295 approbabit.
1771 3224 1902 3281 Cum
1932 3225 2156 3281 minoris
2181 3205 2227 3269 (ἶ
2261 3205 2521 3303 Quocirca
2546 3277 2561 3301 ,
2607 3205 2941 3288 dilectissimi
2970 3272 2985 3296 ,
3036 3238 3187 3284 orate
3215 3228 3357 3298 quod
3388 3236 3633 3297 superest
3662 3269 3677 3293 ,
3713 3235 3772 3279 ut
3801 3226 3844 3278 si

574 3330 710 3384 pene
742 3316 952 3371 virtutis
992 3318 1061 3373 sit
1089 3327 1365 3374 creaturas
1394 3318 1599 3373 orando
1626 3329 1962 3386 convertere,
1992 3334 2150 3390 quam

572 3406 727 3463 hoste
752 3408 977 3477 depulso
1006 3420 1301 3465 creatorem
1328 3410 1532 3466 aedibus
1555 3412 1828 3467 invitasse.
1852 3411 2043 3483 Implet
2065 3411 2153 3467 hic

572 3512 735 3568 porro
765 3500 1045 3570 gentilium
1071 3500 1231 3556 'vices
1261 3502 1605 3558 vicinantium
1632 3503 1953 3559 Arianorum
1982 3504 2149 3559 turbi—

570 3590 671 3646 dus
690 3590 845 3646 livor.
864 3591 931 3647 Et
954 3592 1000 3648 si
1021 3609 1256 3664 paganus
1275 3595 1360 3650 hic
1383 3596 1520 3651 forte
1544 3597 1654 3665 jam
1682 3596 1835 3651 deest
1856 3600 1945 3667 qui
1973 3600 2151 3667 plures

571 3683 704 3739 deos
725 3684 854 3740 velit
874 3686 1069 3751 excoli,
1085 3686 1251 3755 gemit
1273 3687 1558 3744 haereticus
1578 3689 1667 3758 qui
1694 3704 1860 3743 unum
1890 3690 2152 3758 conspicit

486 3779 492 3784 ’
571 3776 802 3830 exorari.
846 3776 1025 3845 Diligit
1061 3778 1256 3847 quippe
1291 3779 1564 3834 Trinitatis
1594 3780 1798 3835 divisor
1843 3783 2147 3837 numerosi-

520 3864 525 3867 ’
575 3873 737 3920 tatem
765 3866 1019 3934 deorum;
1050 3876 1104 3921 et
1122 3868 1518 3939 consanguineo
1549 3872 1906 3940 separationis
1936 3873 2147 3938 affectu,

574 3959 773 4029 pariter
794 3960 1063 4017 soliditate
1098 3973 1368 4032 perrupta,
1402 3964 1598 4020 multos
1633 3965 1765 4021 deos
1797 3966 1911 4021 fieri
1950 3982 1979 4020 a
2020 3982 2150 4023 con-

574 4054 845 4108 sentaneis
867 4053 1177 4123 acquiescit,
1210 4056 1308 4111 sub
1328 4071 1555 4126 quorum
1578 4057 1766 4113 favore
1795 4060 1947 4128 quasi
1987 4075 2147 4115 excu-

573 4146 813 4203 sabiliter
835 4147 950 4217 ipse
982 4158 1092 4204 tres
1130 4159 1396 4207 numeret.
1441 4152 1576 4219 Quid
1604 4152 1917 4223 ingemiscat
1948 4154 2147 4210 Christi

571 4254 767 4295 vacuus
794 4225 1120 4308 nominator,
1154 4241 1324 4298 locum
1349 4243 1659 4301 numinibus
1680 4246 2025 4302 interclusum
2055 4263 2144 4316 pa-

571 4334 743 4388 ruisse
769 4333 1092 4389 virtutibus?
1130 4335 1317 4392 Nullus
1349 4353 1379 4391 a
1417 4338 1608 4392 salutis
1650 4340 1920 4395 consortio
1966 4339 2148 4409 prohi-

569 4420 748 4476 betur.
776 4424 856 4478 Sit
876 4424 954 4477 eis
976 4426 1172 4492 pariter
1191 4440 1479 4483 commune
1503 4443 1625 4483 cum
1650 4430 1832 4494 salvis,
1857 4429 1999 4498 quod
2023 4431 2150 4484 hac-

572 4521 729 4567 tenus
756 4523 997 4567 nostrum
1031 4514 1297 4570 noluimus
1322 4532 1443 4573 esse
1480 4532 1601 4572 cum
1631 4519 1867 4586 perditis.
1905 4519 2150 4577 Profanis

2258 3325 2384 3396 quid
2412 3339 2619 3379 sacrum
2652 3322 2858 3378 furatur
2895 3321 3191 3376 adversitas
3220 3358 3233 3383 ,
3285 3319 3394 3373 Deo
3436 3317 3730 3373 ulciscente
3768 3314 3846 3370 sic

2260 3417 2459 3474 redeat.
2513 3416 2568 3471 ln
2616 3415 2935 3485 multiplices
2986 3413 3189 3468 fructus
3235 3426 3456 3482 granum
3499 3411 3656 3467 tritici
3704 3409 3847 3480 quod

2259 3520 2525 3565 maturum
2556 3508 2868 3578 putabatur,
2897 3514 3191 3562 excrescat.
3240 3503 3399 3560 Velut
3435 3502 3537 3559 Job
3574 3503 3722 3573 (xui,
3756 3502 3849 3571 10)

2257 3602 2425 3658 nostri
2449 3616 2599 3671 Opes,
2629 3600 2766 3654 inter
2787 3598 2967 3669 praelia
3000 3597 3309 3653 teutationis
3332 3594 3582 3662 amissas,
3607 3593 3850 3647 victoria:

2257 3695 2504 3749 meritum
2530 3734 2545 3761 ,
2576 3692 2828 3762 patientia
2859 3690 3159 3760 duplicante
3185 3730 3199 3753 ,
3230 3688 3493 3743 restituat.
3538 3686 3605 3741 Et
3634 3692 3689 3738 ut
3716 3683 3847 3740 bre-

2254 3788 2390 3841 viter
2417 3794 2605 3841 cuncta
2628 3783 2963 3849 concludam.
2989 3791 3240 3852 agnoscat
3273 3778 3620 3850 praesentibus
3647 3784 3848 3848 praete-

2252 3880 2475 3949 ritisque
2504 3878 2861 3941 successibus,
2891 3884 2996 3928 tam
3028 3881 3362 3944 perpetratis,
3389 3886 3548 3941 quam
3579 3869 3843 3925 tolerans.

2253 3985 2411 4040 quam
2442 3969 2495 4023 in
2531 3969 2747 4024 aeternis
2774 3966 3016 4022 salubres
3045 3965 3295 4034 lacrymac
3324 3970 3521 4019 nostrae
3559 3968 3713 4016 erunt
3743 3960 3845 4014 tri-

2253 4061 2417 4116 buere
2440 4102 2456 4129 ,
2493 4075 2625 4130 quas
2654 4057 2898 4114 videmus
2924 4056 3168 4115 fidelibus
3202 4056 3363 4111 etiam
3389 4054 3443 4109 in
3472 4051 3843 4122 temporaneis

2253 4169 2359 4210 nou
2390 4152 2590 4224 perire.

3030 4242 3090 4297 V.

2324 4340 2378 4394 in
2408 4338 2574 4409 gloria
2609 4337 2890 4407 praesentis
2927 4334 3027 4390 arvi
3060 4348 3245 4405 parum
3274 4343 3389 4403 est,
3428 4331 3474 4388 si
3507 4331 3743 4402 permitti
3772 4330 3841 4386 ad

2252 4429 2367 4485 hac
2397 4428 2701 4483 fabricanda
2744 4426 2983 4483 dicamur
3015 4443 3029 4479 :
3065 4425 3192 4481 illud
3241 4439 3403 4493 supra
3441 4432 3564 4491 est,
3599 4421 3739 4492 quod
3769 4422 3839 4475 ad

2254 4522 2387 4577 tales
2414 4533 2635 4578 conatus
2654 4566 2669 4590 ,
2698 4521 2742 4577 si
2772 4520 2927 4577 otiari
2954 4518 3237 4586 vellemus,
3270 4515 3614 4586 impellimur.
3654 4514 3843 4570 Nove-

570 4601 801 4658 cultibus
836 4603 1070 4658 claustra
1099 4603 1414 4662 damnamus
1435 4650 1449 4674 ,
1477 4585 1819 4664 conversuris
1847 4612 2146 4667 cultoribus
2173 4585 2229 4647 D
2255 4624 2379 4670 runt
2409 4585 2671 4685 siquidem
2698 4622 2910 4682 sceptra
2936 4611 3115 4666 saeculi
3139 4585 3415 4676 nostri,rin
3440 4622 3545 4677 quo
3571 4608 3639 4662 sit
3669 4607 3845 4661 virtus

572 4692 766 4762 templa
797 4694 1161 4763 patefecimus.
1192 4696 1430 4767 Expetat
1455 4712 1583 4769 ergo
1611 4700 1696 4755 hic
1719 4700 1976 4768 s'olidum,
1999 4703 2146 4772 quis-

569 4785 689 4854 quis
718 4795 989 4842 amaverat
1017 4795 1140 4843 ante
1164 4788 1422 4855 divisum;
1451 4801 1799 4861 recognoscat
1825 4809 1966 4849 nunc
1987 4794 2145 4850 Chri-

569 4886 709 4932 stum
737 4887 963 4949 petram,
986 4880 1223 4950 quisquis
1250 4876 1336 4934 hic
1356 4880 1554 4936 dudum
1579 4897 1706 4953 saxa
1730 4895 2012 4940 veneratus
2040 4895 2142 4941 est.

568 4970 869 5043 Sacrilegiis
908 4987 1001 5027 ara
1047 4973 1217 5042 perit,
1267 4974 1410 5030 venit
1456 4989 1548 5030 ara
1596 4977 1889 5035 sacrificiis.
1940 4979 2142 5037 Nomen

569 5077 753 5128 unum,
774 5076 933 5121 causa
952 5061 1164 5119 diversa
1186 5071 1288 5120 est.
1316 5060 1555 5122 Medelur
1574 5081 1799 5139 serpens
1818 5084 2013 5137 :ereus.
2033 5086 2142 5141 quo

568 5154 855 5211 momordit
877 5155 1095 5226 ignitus.

1305 5249 1391 5305 Ill.

634 5337 881 5396 Generali
909 5340 1261 5396 exsultatione
1281 5341 1615 5412 gaudendum
1645 5350 1749 5412 est,
1777 5344 1917 5415 quod
1944 5344 2143 5400 ﬂoren-

566 5432 706 5487 tibus
734 5434 958 5503 sceptris
999 5432 1276 5489 catholica:
1316 5436 1587 5504 potestatis
1610 5477 1627 5504 ,
1669 5438 1968 5497 orationum
1998 5437 2141 5505 loca,

472 5566 475 5567 ν
566 5531 854 5593 martyrum
888 5526 1082 5596 templa
1103 5567 1119 5593 ,
1149 5525 1392 5581 liminum
1430 5541 1613 5595 sacra,
1655 5537 1912 5583 ornantur
1942 5530 2141 5599 oppida

566 5628 673 5669 non
700 5618 875 5672 minus
903 5614 1102 5675 aedibus
1128 5633 1288 5688 quam
1315 5622 1551 5688 patronis
1582 5635 1595 5672 :
1628 5619 1737 5673 imo
1767 5620 1943 5689 potius
1964 5663 1981 5690 ,
2010 5622 2136 5676 illu-

566 5714 746 5763 strata
775 5710 1078 5776 patrociniis
1108 5711 1242 5766 fiunt
1270 5702 1429 5767 urbes
1458 5725 1524 5766 ex
1555 5709 1784 5779 oppidis.
1827 5711 1977 5777 Quod
2006 5715 2049 5769 si
2081 5722 2136 5769 et

567 5799 813 5865 specialis
837 5798 955 5858 festi
983 5802 1230 5873 gaudium
1261 5804 1529 5885 praeconio
1556 5813 2132 5887 cttrrentehtangamus,
2170 5882 2177 5887 .

2250 4708 2507 4777 temporis
2532 4710 2612 4764 sui
2640 4724 2653 4760 :
2676 4720 2903 4776 quorum
2928 4701 3434 4774 inexpugnabiliter,
3463 4707 3608 4755 recte
3628 4708 3686 4751 ut
3706 4711 3846 4752 con-

2248 4802 2460 4857 ﬁdimus
2482 4841 2496 4866 ,
2532 4801 2650 4870 plus
2680 4798 2794 4853 haec
2824 4797 3057 4853 basilicis
3082 4811 3240 4867 quam
3268 4793 3677 4865 propugnaculis
3708 4792 3845 4846 urbs

2252 4896 2508 4951 munitur.
2532 4892 2774 4963 Cingitur
2801 4891 3031 4961 undique
3054 4890 3312 4945 tutamine
3336 4900 3608 4944 sacrarum
3636 4885 3841 4939 aedium

2248 4989 2402 5044 dives
2430 5000 2678 5042 accessus
2702 5026 2718 5053 ,
2763 4993 2819 5040 et
2861 4984 2926 5039 ad
2958 4992 3226 5054 portarum
3256 4981 3499 5052 quamvis
3538 4978 3843 5048 patentium

2249 5081 2430 5135 limina
2464 5080 2653 5133 tutiora
2679 5118 2693 5141 ,
2726 5078 2827 5132 nisi
2857 5078 3056 5132 sanctis
3081 5075 3400 5147 janitoribus
3420 5118 3434 5144 ,
3465 5089 3572 5138 non
3601 5075 3843 5129 venitur.

2251 5173 2483 5227 Desistat
2514 5171 2638 5225 hinc
2665 5170 2818 5240 plane
2846 5178 2977 5225 nutu
3018 5183 3250 5239 superno
3279 5184 3406 5225 usus
3430 5180 3722 5223 armorum.
3760 5165 3846 5220 Ne

2249 5263 2454 5321 hostilis
2498 5271 2718 5319 conatus
2756 5261 2843 5317 hic
2882 5262 3095 5328 valeat,
3142 5262 3239 5317 bos
3286 5260 3484 5315 sufficit
3527 5256 3844 5328 providisse

2249 5356 2520 5413 custodes.
2565 5356 2654 5411 Sic
2683 5355 2783 5411 iste
2806 5398 2820 5419 ,
2859 5357 3174 5411 meritorum
3202 5354 3386 5422 vigore
3409 5351 3670 5407 discretus
3696 5391 3709 5414 ,
3740 5357 3846 5400 aut

2250 5447 2526 5519 indigenas
2553 5446 2782 5502 deducat
2809 5446 2985 5503 aditus
3005 5488 3021 5513 ,
3052 5455 3140 5501 aut
3173 5442 3391 5499 insidias
3426 5440 3648 5510 repellat
3684 5436 3846 5506 objco

2247 5549 2386 5595 ctus.
2436 5538 2543 5594 llas
2569 5538 2670 5594 sibi
2700 5553 2796 5609 per
2819 5539 3097 5594 circuitum
3120 5579 3134 5605 ,
3181 5536 3324 5591 velut
3351 5529 3682 5588 Hierusalem
3711 5545 3846 5597 qua:

2247 5632 2539 5687 aedificatur
2567 5641 2626 5687 ut
2649 5634 2834 5687 civitas
2864 5630 3033 5701 (Psal.
3061 5646 3205 5697 cxxr,
3238 5631 3271 5684 5
3297 5627 3450 5699 ιαμ),
3475 5636 3648 5680 turres
3674 5624 3846 5676 attol-

2243 5722 2319 5779 lat
2345 5741 2357 5776 :
2383 5722 2472 5778 ubi
2504 5724 2778 5789 laetaturis,
2810 5723 3017 5792 quoties
3047 5721 3101 5775 in
3131 5721 3344 5776 domum
3374 5716 3584 5774 Domini
3611 5716 3841 5778 ibimus,

2242 5814 2325 5869 lite
2353 5826 2660 5874 sanctorum
2684 5812 2912 5870 cultibus
2943 5821 3139 5879 turres,
3168 5811 3282 5869 haec
3307 5808 3624 5880 populorum
3648 5804 3841 5861 abun-
