4092 6350
537 333 643 393 299
1483 314 1490 320 ’
1800 321 1855 376 S.
1898 318 2082 376 AVITI
2123 314 2522 397 VIENNENSIS
3020 320 3021 323 “
3736 314 3845 370 500

538 452 793 523 loquitur,
830 447 952 503 dicit
982 464 999 501 :
1027 444 1161 502 Illud
1192 453 1370 500 tamen
1408 442 1550 512 quod
1577 442 1645 496 ab
1682 438 1989 510 aequalitate
2020 451 2131 492 cm.
2160 438 2209 496 Α
2236 430 3076 523 singillatir‘nm‘_ordinen:de:ct:ibit
3098 430 3299 523 ,'_:iciti

538 500 688 598 testis
717 500 897 612 gloria;
924 538 1134 594 Patrem
1162 545 1216 592 et
1245 534 1459 597 Filium,
1490 532 1713 603 perinde
1743 541 1799 586 ut
1827 534 2127 587 creaturam

2242 500 2411 560 eorum
2452 503 2704 561 duntaxat
2751 503 2837 568 qui
2891 500 3046 559 Pauli
3102 501 3272 555 locum
3320 501 3541 568 aliquem
3592 506 3843 551 tractanto

2242 585 2495 612 nonnum“!
2538 574 2717 612 ultima
2762 572 2964 612 [nudans
3009 572 3120 612 [nm
3158 570 3340 612 diluerit
3369 571 3416 612 in
3443 568 3576 612 hunc
3608 570 3841 612 modum-

536 637 831 708 angelicam
862 632 1217 693 secludentes,
1248 626 1532 699 quamdam
1579 625 1710 680 milii
1739 624 1995 679 invidiam
2024 622 2129 677 illi-

537 732 641 785 cite
682 726 930 798 supernis
979 722 1267 777 virtutibus
1314 720 1477 775 delati
1536 720 1757 773 honoris
1814 715 2124 779 obtenditis,

534 822 773 877 dicentes
804 837 820 873 :
852 817 995 887 Ergo
1016 823 1073 871 et
1096 814 1299 885 angelis
1326 823 1485 883 atque
1515 811 1873 880 archangelis,
1906 819 1966 864 et
1982 822 2131 879 qua»
2207 854 2215 861 .

534 927 743 984 cunque
768 912 823 966 in
844 910 1074 966 excelsis
1096 916 1243 974 sunt,
1268 906 1492 977 gloriam
1517 904 1659 959 ferre
1684 902 1945 959 debemus
1971 918 1981 952 :
2010 900 2133 955 licet

532 1008 755 1063 minime
782 1006 1055 1076 pertinent
1084 1002 1150 1057 ad
1177 1015 1393 1057 causam
1422 1041 1435 1066 ,
1469 1000 1633 1055 etiam
1658 999 1726 1052 ad
1754 1010 1995 1067 praesens
2026 1009 2132 1052 non

531 1103 753 1157 omnino
780 1101 858 1155 sic
884 1112 1075 1162 renuo,
1098 1096 1250 1166 quasi
1278 1104 1541 1149 creatura:
1567 1092 1783 1147 sublimi
1809 1099 1967 1160 atque
1995 1104 2132 1159 prte-

532 1197 695 1251 stanti
740 1193 967 1264 gloriam
1013 1191 1154 1245 ferre
1198 1191 1503 1243 timeamus.
1550 1187 1644 1241 Est
1674 1186 1874 1256 quippe
1912 1182 2129 1246 divina},

534 1298 616 1342 est
646 1286 920 1356 angelicae,
947 1291 1030 1339 est
1056 1282 1218 1338 etiam
1244 1281 1492 1335 humana:
1520 1268 1704 1349 gloriae
1732 1276 1942 1341 modus,
1970 1290 2129 1346 quem

534 1384 587 1433 in
613 1379 795 1434 multis
820 1376 1219 1446 Scripturarum
1244 1373 1377 1428 locis
1402 1372 1729 1439 invenimus,
1752 1377 1805 1425 et
1825 1377 2129 1425 sanctorum

536 1471 743 1527 meritis
769 1512 785 1536 ,
830 1479 886 1525 et
923 1467 1162 1537 apicibus
1194 1479 1382 1535 regum
1426 1464 1542 1517 sine
1581 1462 1710 1515 vitio
1750 1459 2132 1517 assentationis

538 1565 757 1620 ascribi.
783 1564 912 1629 Quae
938 1564 1080 1616 enim
1112 1561 1251 1615 inter
1274 1556 1518 1613 homines
1547 1555 1716 1623 prima
1747 1554 1939 1625 gloria,
1964 1553 2129 1623 gloria

536 1662 651 1716 Ittec
674 1666 755 1715 est
783 1655 1033 1717 omnibus
1058 1652 1258 1711 sanctis
1286 1651 1436 1721 ejus;
1467 1658 1522 1706 et
1550 1652 1601 1704 in
1631 1646 1919 1719 Evangelio
1950 1646 2131 1703 Domi-

536 1765 638 1813 nus
687 1749 853 1815 dicit,
899 1745 1041 1818 quod
1093 1760 1190 1802 nec
1238 1744 1493 1799 Salomon
1541 1741 1593 1795 in
1642 1740 1787 1794 omni
1834 1739 2002 1811 gloria
2033 1752 2129 1792 sua

534 1845 612 1902 sic
660 1840 881 1901 vestitus
914 1814 1007 1895 est
1054 1837 1190 1893 sicut
1248 1834 1345 1889 lilii
1398 1831 1648 1889 ﬂosculus
1684 1832 1865 1904 specie
1906 1829 2133 1889 naturali
2167 1814 2211 1875 Β

534 1930 1038 2099 ξῖἔέὲξίτῖιιιῖεξῗιξω
1061 2021 1114 2077 in
1136 2018 1273 2075 libro
1293 2018 1552 2075 adversus
1571 1982 1747 2088 legem
1768 2016 2135 2083 Gundobadi.)

609 2120 745 2189 Quid
780 2119 874 2175 iste
903 2112 1220 2171 venerandus
1248 2120 1296 2167 et
1320 2120 1526 2167 sanctus
1556 2111 1633 2165 vir
1661 2126 1795 2181 stupe
1825 2109 1959 2162 dicto
1985 2107 2135 2163 Gun-

536 2215 731 2272 debado
763 2212 825 2266 de
852 2208 1162 2279 supradictis
1190 2205 1547 2262 certaminibus
1573 2204 1925 2275 responderit,
1955 2204 2135 2259 audiat

536 2311 579 2364 si
607 2305 774 2376 placet
818 2300 1098 2374 benignitas
1128 2309 1313 2354 vestra.
1345 2297 1474 2354 Cum
1503 2298 1567 2352 de
1603 2297 1681 2355 his
1710 2298 1841 2355 inter
1869 2308 2137 2364 utrumque

537 2415 699 2456 sermo
726 2403 884 2459 esset,
915 2402 959 2447 et
986 2392 1161 2446 beatus
1189 2390 1366 2443 Avitus
1403 2390 1527 2445 talia
1558 2390 1837 2447 certamina
1868 2388 2135 2459 reprehen-

538 2495 709 2559 deret,
736 2487 1001 2560 respondit
1032 2487 1074 2541 ei
1107 2484 1461 2540 Gundobadus
1494 2500 1512 2537 :
1542 2484 1679 2553 Quid
1711 2493 1792 2538 cst
1822 2482 1963 2551 quod
1997 2483 2135 2536 inter

537 2600 702 2657 regna
732 2592 781 2639 et
810 2589 1019 2657 gentes,
1054 2588 1106 2632 ct
1134 2578 1295 2635 etiam
1328 2576 1468 2635 inter
1502 2590 1755 2645 personas
1781 2589 1925 2645 saepe
1953 2574 2135 2645 singu-

537 2681 641 2749 las,
675 2675 990 2735 dirimenda:
1020 2673 1216 2745 praeliis
1247 2686 1421 2731 causae
1451 2670 1633 2727 divino
1657 2670 1859 2740 judicio
1888 2673 2135 2725 commit-

539 2781 763 2836 tuntur,
815 2777 869 2825 et
916 2768 964 2825 ei
1014 2764 1246 2823 maxime
1289 2763 1425 2834 parti
1472 2764 1557 2821 cui
1598 2762 1807 2832 justitia
1856 2762 2131 2830 competit,

540 2866 764 2923 vicsoria
788 2858 1058 2919 succedit?
1080 2858 1157 2912 Ad
1178 2856 1314 2924 quod
1336 2855 1510 2910 beatus
1536 2853 1711 2915 Avitus
1734 2854 1903 2907 intulit
1926 2855 2132 2909 dicens:

539 2958 599 3014 Si
625 2955 885 3021 divinum,
909 2954 1146 3023 inquam,
1168 2949 1453 3021 judicium,
1482 2963 1643 3018 regna
1676 2957 1729 3003 et
1753 2956 1941 3019 gentes
1973 2963 2136 3019 expe-

539 3059 757 3117 terent,
785 3048 916 3106 illud
958 3048 1107 3118 prius
1152 3043 1295 3115 quod
1343 3042 1599 3105 scribitur
1630 3042 2018 3109 formidarent,
2052 3041 2134 3095 di-

539 3152 697 3203 cente
745 3141 1025 3197 Psalmista
1080 3158 1089 3191 :
1146 3138 1348 3205 liissiptt
1392 3144 1561 3204 gentes
1615 3151 1730 3205 qua:
1780 3136 1912 3193 bella
1962 3134 2135 3190 volunt

743 3250 882 3291 vau
910 3277 923 3299 ,
955 3234 1067 3301 5i).
1123 3231 1190 3285 Et
1234 3197 1361 3286 illud
1392 3197 1690 3300 diligerent
1727 3230 1866 3300 quod
1913 3228 2134 3299 perinde
2163 3197 2209 3262 Ο

540 3330 736 3387 dicitur
770 3345 781 3380 :
820 3325 948 3380 Mihi
974 3324 1271 3389 vindictam,
1298 3338 1387 3392 ego
1408 3322 1708 3389 retribuam,
1732 3322 1855 3380 dicit
1885 3322 2133 3378 Dominus

544 3422 721 3492 (llam.
754 3435 849 3486 stt,
878 3417 991 3489 l9).
1019 3418 1097 3473 An
1120 3414 1259 3471 forte
1281 3415 1399 3475 sine
1425 3415 1543 3472 telis
1565 3425 1621 3473 et
1641 3415 1830 3485 gladiis
1849 3428 2131 3473 causarum

541 3524 721 3573 motus
755 3510 977 3580 aequitas
1015 3522 1247 3580 superna
1293 3522 1401 3564 non
1440 3506 1649 3577 judicat
1672 3548 1686 3572 ,
1717 3522 1839 3565 cum
1866 3522 2009 3578 saepe
2030 3547 2045 3572 ,
2078 3515 2136 3563 ut

542 3607 833 3672 cernimus,
863 3618 985 3674 pars
1006 3610 1099 3658 aut
1124 3602 1267 3671 juste
1289 3608 1498 3667 tenens,
1530 3610 1622 3659 aut
1643 3602 1781 3670 iusta
1812 3600 2132 3670 deposcens,

543 3698 752 3754 laboret
791 3698 844 3751 in
886 3694 1116 3763 praeliis,
1155 3702 1210 3746 et
1242 3691 1531 3760 pratvaleat
1570 3692 1764 3761 iniqua:
1804 3691 1972 3760 partis
1996 3733 2013 3757 ,
2053 3691 2134 3745 vel

544 3789 790 3859 superior
819 3785 1099 3851 fortitudo,
1131 3785 1214 3840 vel
1247 3784 1438 3839 furtiva
1466 3784 1775 3852 subreptio?

796 3876 1143 3951 (Agobardus
1173 3876 1316 3935 idem
1346 3877 1485 3934 libro
1512 3877 1582 3933 de
1610 3876 1887 3948 Picturis.)

620 3971 766 4027 Sicut
799 3972 1023 4028 Alcimus
1060 3970 1235 4024 Auitus
1273 3971 1543 4040 episcopus
1579 3970 1879 4028 Viennensis
1905 3972 2131 4042 dialogo,

520 4066 635 4119 vubi
673 4083 786 4120 cum
808 4064 1133 4120 Gundobado
1163 4080 1278 4134 rege
1305 4064 1565 4133 loquitur,
1606 4066 1729 4120 dicit
1759 4082 1777 4120 :
1809 4066 1905 4122 Est
1941 4067 2136 4137 quippe

547 4158 782 4223 divinte,
837 4167 922 4213 est
970 4156 1260 4227 angelicis,
1312 4166 1394 4213 cst
1437 4157 1597 4217 etiam
1630 4146 1899 4214 \ltumsuas
1953 4161 2136 4229 gloriae

546 4250 755 4307 modus.

1174 4339 1511 4397 LECTORI.

614 4435 733 4488 Alia
766 4444 874 4503 post
904 4435 1010 4487 hwc
1040 4435 1357 4487 diversorum
1396 4433 1531 4486 Auiti
1577 4450 1785 4502 cperunt
1832 4437 2059 4505 plurima
2089 4449 2136 4492 et

546 4506 770 4560 illustria
820 4509 1106 4573 fragmenta
1159 4505 1500 4573 suppeditavit
1565 4508 1707 4560 nobis
1747 4522 1809 4561 ea:
1849 4506 2138 4564 Carthasim

550 4574 767 4644 Majoris
795 4572 1119 4638 bibliotheca,
1139 4584 1163 4608 τι
1189 4578 1346 4644 eodem
1365 4572 1731 4644 Florigrlr'aroni
1762 4575 2006 4631 Ecclesia:
2035 4579 2138 4632 Lu-
2167 4579 2220 4639 Β

547 4642 844 4715 gduuensis,
906 4646 959 4698 in
997 4661 1096 4713 quo
1142 4644 1272 4697 beati
1307 4643 1466 4695 Pauli
1499 4642 1756 4713 Epistolas
1805 4665 1867 4700 ex
1906 4658 2130 4705 ueterum

544 4717 740 4793 aliquot
766 4717 978 4793 Patrum
1004 4715 1207 4793 scriptis
1241 4730 1508 4793 exponere
1542 4733 1833 4787 aggressus,
1885 4731 1997 4783 post
2028 4722 2129 4793 Cy-

547 4788 740 4857 priani,
764 4786 977 4853 Hilarii,
1009 4785 1269 4852 Futqemii
1315 4785 1639 4858 aliorumque
1663 4793 1958 4858 dementias,
2001 4785 2127 4861 asins

619 5041 645 5069 ι
697 5031 925 5105 “magnas
976 5031 1111 5105 huic
1155 5029 1323 5105 codici
1389 5030 1587 5105 gratias
1626 5031 1931 5105 debemus,
1980 5035 2132 5105 cujus

546 5103 831 5173 beneﬁcio,
859 5110 935 5155 tot
974 5100 1114 5156 Aviti
1134 5100 1413 5173 librorum
1446 5101 1688 5171 reliquiae
1711 5104 1776 5157 ad
1810 5120 1909 5158 nos
1940 5100 2133 5173 perve-

546 5183 763 5231 nerunt.
796 5172 919 5227 Hinc
942 5186 1102 5246 porro
1132 5170 1273 5246 ΕΙορ
1314 5170 1578 5246 magistri,
1620 5176 1696 5246 sic
1726 5175 1870 5231 enim
1898 5170 2135 5246 appella-

549 5256 634 5301 tus
664 5253 765 5310 est,
816 5242 1086 5312 expositio
1135 5243 1184 5295 in
1237 5242 1503 5312 Epistolas
1546 5242 1602 5298 S.
1640 5244 1788 5299 Pauli
1836 5262 1900 5299 ex
1933 5242 2132 5301 ‘decem

546 5318 787 5371 omnium
833 5313 1081 5369 Patribus
1133 5312 1362 5385 delibata
1411 5323 1513 5377 est,
1560 5314 1851 5385 Cypriano,
1906 5318 2128 5385 Hilario,

550 5387 851 5446 Ambrosio.
904 5384 1155 5450 Paciano,
1207 5384 1550 5454 Hieronymo,
1604 5384 1837 5454 Ephrem
1878 5384 2132 5454 diacono,

550 5458 793 5522 Paulino,
820 5458 1000 5513 Leone
1029 5472 1186 5527 papa,
1220 5456 1501 5521 Fulgentio
1532 5467 1585 5509 et
1617 5458 1793 5513 Avito.
1831 5460 1955 5516 Post
1987 5460 2131 5514 hunc

552 5528 769 5593 librum,
791 5532 1029 5598 sequitur
1058 5528 1109 5583 in
1139 5526 1330 5582 eodem
1359 5528 1546 5581 codice
1572 5528 1893 5593 Carthusise,
1928 5532 2064 5585 liber
2092 5546 2129 5583 tt

496 5632 497 5635 η
554 5599 694 5652 Flori
720 5600 977 5666 ejusdem,
1012 5599 1079 5652 de
1109 5598 1266 5652 Missa
1286 5608 1339 5651 et
1368 5598 1434 5650 de
1462 5598 1583 5651 aliis
1609 5599 1924 5667 quihusdam
1954 5603 2130 5655 eccle-

552 5670 780 5723 siasticis
812 5668 1249 5724 institutionibus.
1286 5667 1343 5721 In
1366 5668 1473 5723 alio
1505 5684 1630 5725 vero
1657 5667 1896 5736 ejusdem
1931 5671 2126 5724 biblio-

554 5739 723 5797 thecas
754 5741 1043 5803 volumine,
1097 5742 1349 5807 operibus
1397 5740 1513 5793 ll‘ell
1532 5742 1580 5793 ri
1619 5740 1829 5805 prmlixa
1874 5752 1951 5796 est
1982 5740 2127 5797 Flori

553 5809 811 5876 praelatio,
847 5825 965 5863 cum
999 5810 1218 5877 epistola
1250 5811 1533 5877 Agoliardi.
1582 5811 1830 5879 Ejusdem
1867 5822 2126 5881 primores

2236 585 2496 648 segmenta
2538 574 2717 631 ultimo
2762 572 2966 626 tandem
3009 572 3120 627 loco
3158 570 3340 640 digerit
3369 571 3416 621 in
3443 568 3576 621 hunc
3608 570 3841 622 modum-

2831 682 3242 743 SENTENTIA)

2228 798 2307 839 ΒΧ
2362 795 2614 838 ΕΡΙΒΊΟΙιΛ
2672 794 2825 837 ΒΕΑΠ
2877 794 3029 833 PAULI
3080 791 3329 832 APOSTOLI
3377 792 3442 829 Αῐ)
3494 789 3758 837 ROMANO“,
3811 793 3841 827 λ

2238 868 2437 910 δάκοτο
2489 868 2552 906 ΕΤ
2612 864 3000 907 ιιιυετιιιεεικο
3057 862 3299 904 DOCTORE
3353 862 3619 901 ECCIJZSI£
3677 861 3835 897 AVITO

2360 937 2613 979 EPISCOPO
2645 932 2952 976 VIENNENSIS
2984 933 3254 974 EXPOSI'I‘rE
3291 934 3459 980 ATQUE
3499 921 3563 969 Εί
3602 931 3721 968 EJI'S

2558 1007 2838 1049 ονυεουωε
2886 1008 2936 1045 IN
2988 1005 3218 1045 OBDINEII
3266 1004 3526 1043 ωςεετλε.

2312 1106 2361 1161 1.
2425 1109 2527 1177 Qui
2578 1111 2742 1179 factus
2779 1115 2851 1161 est
2906 1108 2951 1161 ei
2997 1121 3059 1160 ex
3106 1105 3297 1159 semine
3341 1101 3506 1156 David
3556 1100 3837 1154 secundum

2241 1216 2467 1255 carnem.

2308 1292 2393 1347 II.
2440 1292 2507 1348 Ut
2547 1294 2612 1345 sit
2643 1307 2784 1360 pater
2815 1288 3215 1345 circumcisionis
3251 1296 3299 1340 et
3344 1287 3409 1339 sit
3444 1295 3587 1354 pater
3621 1285 3835 1337 credenc

2236 1386 2361 1438 tium
2390 1401 2477 1455 per
2507 1385 2843 1454 prrcputium.

2308 1475 2425 1531 III.
2467 1476 2637 1547 Igitur
2657 1476 2787 1529 sicut
2814 1490 2902 1544 per
2929 1488 3087 1526 unum
3112 1472 3363 1525 hominem
3391 1471 3443 1523 in
3469 1484 3641 1522 omnes
3668 1468 3833 1520 homi‘

2234 1586 2322 1625 nes
2354 1569 2405 1623 in
2436 1568 2926 1625 condemnationem.
2968 1565 3040 1617 ita
3083 1574 3129 1618 et
3170 1576 3255 1630 per
3288 1578 3446 1615 unum
3478 1561 3732 1615 hominem
3768 1561 3822 1615 in

2234 1678 2405 1717 omnes
2436 1662 2662 1715 homines
2686 1661 2737 1713 in
2758 1658 3217 1730 justiﬁcatiunem.

2310 1753 2415 1809 IV.
2465 1753 2599 1807 Nam
2627 1752 2751 1823 quid
2779 1767 2979 1805 oremus
3005 1750 3135 1803 sicut
3168 1755 3385 1819 Oportet,
3416 1749 3685 1801 nescimus.

2320 1846 2385 1899 ιν.
2428 1846 2528 1911 Qui
2550 1846 2705 1899 etiam
2736 1845 2941 1914 proprio
2962 1840 3104 1896 Filio
3133 1856 3225 1895 suo
3249 1856 3349 1896 non
3373 1839 3613 1911 pepercit.

2319 1936 2418 1991 VI.
2463 1935 2593 1990 Item
2623 1936 2684 1989 de
2711 1936 2906 1989 eodem.

2321 2027 2452 2081 VII.
2498 2026 2750 2098 Optabam
2788 2041 2879 2096 ego
2916 2026 3029 2095 ipse
3075 2023 3351 2079 anathema
3392 2037 3499 2076 esse
3546 2040 3577 2076 a
3620 2020 3832 2076 Christo

2243 2138 2335 2190 pro
2366 2120 2611 2187 fratribus
2643 2120 2784 2173 meis.

2323 2210 2486 2264 VIII.
2534 2205 2765 2279 Quorum
2798 2218 2992 2279 patres,
3015 2217 3062 2264 et
3089 2226 3151 2263 ea:
3171 2207 3351 2278 quibus
3375 2208 3607 2263 Christus
3636 2224 3828 2262 secun-

2241 2306 2364 2358 dum
2392 2321 2614 2371 carnem,
2654 2314 2759 2358 etc.

2315 2397 2415 2450 IX.
2453 2397 2496 2449 0
2520 2396 2740 2450 altitudo
2770 2395 3069 2449 divitiarum
3098 2395 3361 2464 sapientia:
3391 2403 3434 2447 et
3464 2394 3688 2449 scientia:
3704 2392 3827 2449 Dei!

2311 2492 2382 2543 Χ.
2427 2490 2587 2543 Omne
2611 2490 2747 2559 quod
2780 2506 2882 2543 non
2911 2498 2983 2542 est
3010 2504 3073 2543 ex
3101 2488 3203 2557 fide
3234 2497 3497 2559 peccatum
3528 2496 3619 2542 est.

2313 2581 2417 2637 XI.
2465 2581 2530 2635 Ut
2555 2597 2643 2650 per
2673 2582 2974 2653 patientiam
3006 2590 3051 2635 et
3085 2580 3483 2635 consolationem
3526 2579 3826 2648 Scriptura-

2242 2693 2352 2730 rum
2381 2692 2519 2747 spent
2549 2675 2845 2730 habeamus.

3022 2768 3064 2821 1.

2564 2862 2665 2931 (Ex
2714 2860 2863 2915 libris
2906 2860 3103 2915 Contra
3144 2860 3511 2929 Phantasma.)

2327 2952 2449 3007 ldco
2482 2954 2532 3007 in
2572 2952 2747 3023 capite
2775 2953 3054 3008 dominica:
3084 2953 3443 3023 generationis
3474 2952 3632 3007 toties
3663 2951 3831 3005 David

2242 3045 2519 3115 Scriptura
2556 3055 2962 3109 commemorat,
3008 3054 3066 3100 ut
3103 3059 3225 3100 cum
3272 3044 3499 3114 patuerit
3539 3044 3735 3099 veritas
3765 3043 3831 3098 de

2253 3152 2492 3207 auctore,
2525 3140 2667 3197 nulla
2700 3142 2868 3210 possit
2907 3138 3165 3194 dubitatio
3193 3153 3312 3193 esse
3346 3138 3411 3193 de
3440 3137 3646 3192 sobole.
3698 3135 3831 3191 Nam

2258 3240 2315 3287 ut
2342 3240 2611 3287 taceamus
2642 3231 2791 3299 illud,
2821 3231 2959 3302 quod
2993 3230 3046 3284 in
3079 3230 3379 3301 Evangeliis
3408 3229 3515 3283 duo
3554 3229 3682 3284 caeci
3729 3244 3831 3284 una

2252 3328 2602 3381 consonantis
2634 3325 2753 3379 lidci
2787 3340 2919 3378 voce
2944 3324 3281 3379 clamabant:
3322 3322 3557 3378 Miserere
3578 3323 3693 3390 mei,
3729 3320 3831 3376 Do-

2247 3419 2404 3480 mine,
2434 3415 2509 3486 fili
2538 3416 2706 3470 David
2737 3416 2949 3487 (Matth.
2981 3432 3069 3481 xv,
3094 3414 3209 3485 22),
3244 3415 3473 3470 scientes
3502 3414 3570 3470 de
3608 3414 3832 3484 patriar-

2246 3512 2345 3565 cha
2388 3510 2624 3580 genitum
2678 3520 2821 3564 recte
2873 3511 3144 3563 hominem
3185 3509 3354 3575 credi,
3394 3519 3446 3563 et
3477 3508 3829 3585 nihilominus

2248 3602 2814 3659 lructuosemiserenti
2848 3603 2957 3658 Deo
2988 3619 3102 3672 ‘pro
3141 3603 3369 3659 sanitate
3409 3602 3667 3657 luminum
3705 3616 3834 3669 sup-

2246 3695 2429 3765 plicari
2466 3714 2477 3745 :
2524 3693 2641 3765 quis
2680 3695 2984 3749 evidentius
3023 3710 3184 3766 quam
3227 3709 3447 3750 sanetus
3493 3695 3692 3750 Paulus
3731 3694 3834 3749 hoc

2245 3785 2517 3855 explicat?
2548 3785 2857 3859 Segregatus
2884 3788 2935 3840 in
2968 3786 3271 3858 Evangelia,
3306 3787 3491 3857 inqttit,
3540 3786 3660 3850 Dei,
3704 3788 3836 3839 sicut

2247 3887 2363 3931 ante
2392 3876 2691 3942 promiserat
2720 3878 2773 3932 in
2797 3879 3082 3949 Scripturis
3102 3880 3289 3932 sanctis
3312 3895 3402 3950 per
3420 3878 3695 3948 praphetas
3715 3894 3837 3932 suos

2244 3971 2305 4025 de
2339 3968 2481 4024 Filio
2510 3986 2627 4037 suo,
2657 3970 2744 4040 qui
2775 3974 2942 4041 {actus
2968 3979 3039 4027 est
3063 3972 3109 4024 ei
3138 3986 3200 4025 ea:
3230 3972 3422 4025 semine
3458 3969 3625 4024 David
3655 3986 3838 4025 secun-

2246 4062 2368 4116 dum
2392 4079 2597 4117 carnem
2622 4062 2800 4133 (Rom.
2834 4081 2872 4132 ι,
2908 4066 2955 4128 l,
2985 4064 3063 4135 Ξ).
3110 4065 3351 4121 Asseruit
3380 4066 3646 4137 duplicem
3681 4066 3840 4136 plena

2245 4156 2610 4225 descriptione
2636 4164 2904 4211 naturam.
2953 4156 3123 4212 Unam
3147 4156 3200 4211 in
3228 4172 3329 4227 qua
3367 4159 3662 4213 secundum
3693 4157 3841 4213 divi-

2245 4248 2469 4302 nitatem
2502 4245 2674 4301 lactor
2702 4256 2784 4302 est
2808 4248 3071 4315 omnium,
3115 4256 3170 4304 et
3197 4248 3422 4303 alteram
3454 4248 3505 4304 in
3533 4263 3637 4319 qua
3662 4246 3840 4304 lactus

2243 4351 2323 4398 est
2351 4358 2416 4397 ex
2448 4342 2653 4396 semine
2684 4341 2847 4395 David
2878 4341 3170 4397 secundum
3196 4357 3438 4397 carnem.
3489 4341 3544 4397 In
3594 4358 3829 4414 quarum

2245 4444 2433 4490 neutra
2458 4434 2757 4489 substantia
2782 4435 3016 4505 suspicio
3058 4443 3233 4503 potest
3260 4434 3651 4505 phantasmatis
3680 4436 3839 4490 inve-

2250 4527 2350 4581 niri
2377 4545 2389 4591 ;
2417 4525 2535 4595 quia
2578 4526 2716 4581 sicut
2755 4541 2849 4595 per
2876 4542 2935 4582 se
2963 4526 3250 4583 invisibilis
3278 4537 3397 4582 erat
3430 4527 3683 4581 divinitas
3711 4542 3839 4597 qua:

2248 4617 2605 4672 inclinabatur
2629 4632 2659 4672 e
2691 4619 2852 4684 cosio,
2900 4619 2971 4672 ita
2992 4619 3061 4674 de
3094 4617 3256 4674 David
3289 4619 3456 4687 stirpe
3496 4618 3838 4675 descendens

2241 4709 2374 4763 nihil
2404 4707 2815 4765 ludiﬁcatorium
2848 4709 3047 4765 habere
3072 4712 3243 4781 potuit
3262 4710 3459 4767 veritas
3484 4711 3661 4765 carnis
3677 4710 3837 4766 Chri-

2239 4800 2307 4854 sti
2343 4817 2353 4851 ε
2391 4814 2524 4872 qua:
2569 4814 2673 4855 non
2729 4800 2900 4856 solum
2946 4815 3112 4872 usque
3152 4802 3219 4857 ad
3268 4800 3436 4857 David
3477 4818 3570 4873 per
3602 4817 3837 4873 proavos

2241 5037 2499 5111 Flori_est
2523 5036 2664 5111 liber
2689 5037 2948 5111 adversus
2974 5039 3238 5095 Joannem
3262 5040 3504 5104 Scotum,
3526 5043 3616 5111 qui
3642 5042 3837 5097 Eccle-

2240 5109 2337 5165 sia:
2371 5107 2761 5190 _Lugdu_nensis
2812 5112 3027 5190 nomine
3085 5120 3168 5169 est
3221 5111 3420 5190 editus,
3461 5107 3739 5190 et__'_sermo
3767 5116 3839 5169 de

2241 5178 2731 5263 praedestinatione,
2758 5195 2939 5263 quem.
2976 5183 3241 5263 integrum
3286 5182 3839 5263 recitat-Hincmarus
3870 5184 3883 5190 ’

2241 5250 2294 5322 i_n
2321 5250 2632 5322 praefatione
2653 5252 2971 5322 posterioris
2992 5250 3173 5322 operis
3194 5261 3379 5307 contra
3396 5253 3835 5311 Gothescalcum.

2242 5319 2317 5392 De
2348 5320 2510 5376 Floro
2535 5319 2788 5392 denique,
2834 5337 2902 5376 ne
2953 5319 3151 5378 caetera
3184 5338 3494 5392 persequar,
3548 5324 3837 5382 Walalridi
3882 5377 3887 5381 .

2243 5391 2417 5446 Strabi
2464 5391 2688 5447 exstant
2716 5408 2904 5447 versus
2950 5394 3015 5448 ad
3050 5391 3386 5461 Agobardum
3430 5396 3676 5449 eumdem
3710 5400 3837 5463 epi-

2236 5464 2923 5537 seopum_l.ugduttense_tti,
2968 5473 3028 5537 et
3058 5465 3197 5537 inter
3226 5466 3493 5535 Agobardi
3542 5470 3828 5537 opuscula,

2235 5533 2507 5659 Agobardi
2534 5535 2702 5603 ipsius
2732 5545 2787 5591 et
2832 5535 2977 5617 Flori
3030 5536 3249 5591 nomine
3281 5533 3556 5618 'inscripta
3579 5533 3837 5617 'epistola

2235 5618 2263 5656 a
2332 5603 2783 5659 Bartholomasum
2826 5621 3158 5659 eotsconum.
3214 5605 3343 5659 Erat
3382 5623 3522 5659 enim
3566 5608 3836 5659 diaconus

2235 5603 2302 5677 a_d
2332 5603 2783 5677 Bartholontasum
2826 5606 3158 5677 episcopum.
3214 5605 3343 5661 Erat
3382 5603 3522 5663 enim
3566 5603 3836 5664 diaconus

2236 5674 2490 5799 Eclclesite
2520 5674 2913 5748 Lugdunensis,
2944 5687 2996 5733 et
3016 5674 3328 5747 ’Agobardo,
3365 5688 3420 5735 ut
3446 5688 3693 5749 apparet,
3746 5681 3833 5733 [ει-

2238 5760 2309 5799 mt
2335 5760 2477 5799 laris.

2238 5760 2477 5801 llllllﬂl‘ls.
