4092 6350
320 389 417 445 SOI

1239 379 1605 440 .VARIORU.“
1644 368 2143 434 OPUSCULORUM
2183 374 2625 439 FRAGMENTA".

2076 280 2179 293 κον..

3469 388 3574 449 509.

318 520 465 569 suos,
499 506 591 558 sed
626 504 913 573 peripsntn
944 500 1108 556 David
1141 516 1306 571 usque
1339 500 1389 553 in
1419 498 1611 562 Adam,
1646 507 1900 564 expressa
2010 502 2136 561 tem,
2181 512 2340 566 quem
2368 497 2460 553 Dei
2492 497 2662 555 Patris
2697 498 2885 557 Filium
2929 520 3030 558 non
3069 496 3200 561 iecit
3246 509 3434 578 gratia,
3477 504 3573 567 sed

320 606 599 665 parentum
632 595 993 650 nominatione
1016 592 1325 647 revolvitur.
1351 590 1421 645 Et
1448 588 1566 643 ideo
1588 586 1717 641 dicit
1746 586 1889 653 Apo-

318 688 507 750 stolus,
549 700 668 739 esse
706 700 775 739 ex
805 684 1009 739 semine
1042 682 1206 736 David
1236 680 1527 737 secundum
1570 672 1806 741 carnem,
1836 683 1895 728 ut

317 795 438 830 t-utn
469 775 980 831 consubstantialem
1008 783 1301 841 exponeret
1330 770 1506 837 matri,
1532 770 1601 825 de
1643 783 1745 839 qua
1792 767 1893 821 uli-

317 882 421 937 que
450 865 679 937 sumpsit
698 876 754 922 et
774 874 1033 930 mortem;
1063 880 1183 919 cum
1209 864 1576 934 phantasmata
1598 875 1695 916 nec
1722 859 1889 925 nasci,

320 974 418 1013 nec
446 959 580 1013 mori
610 958 795 1024 possit,
822 958 916 1013 scd
949 957 1265 1035 principium
1296 955 1413 1025 ejus
1442 950 1721 1017 deludere,
1749 950 1895 1006 linis-

320 1066 423 1120 quc
451 1050 699 1106 vanuisse
728 1050 817 1104 sit.

647 1233 746 1304 (Es
776 1231 929 1288 libris
957 1231 1154 1287 Contra
1186 1228 1555 1298 Phantasma.)

389 1308 655 1382 Abraham
697 1333 881 1379 auctor
928 1322 1207 1391 utriusque
1256 1316 1616 1387 Testamenti,
1670 1330 1801 1387 etc.,
1841 1330 1895 1373 ut

319 1418 369 1471 in
400 1418 623 1495 (epistola
658 1417 709 1485 2,
757 1410 857 1471 col.
892 1414 997 1471 000
1040 1431 1197 1485 usque
1236 1400 1303 1468 ad
1336 1412 1626 1469 multarum
1658 1411 1892 1483 gentium

320 1516 489 1576 paler.
1070 1570 1155 1630 m.

697 1670 796 1739 (Et
827 1666 978 1725 libris
1002 1666 1207 1724 Contra
1234 1667 1509 1737 Arianos.)

390 1756 917 1829 Abraham,Moysen
940 1768 994 1813 et
1014 1759 1328 1829 prophetas,
1354 1770 1460 1813 non
1489 1756 1661 1812 solum
1691 1756 1890 1822 salvos,

1998 596 2204 654 natura,
2242 588 2387 643 nullo
2419 592 2578 647 modo
2598 602 2774 660 potest
2798 611 2903 649 non
2930 588 3028 651 hoc
3052 612 3169 651 esse
3194 597 3333 667 quod
3362 601 3575 670 genitus

1995 687 2077 732 est
2114 696 2126 731 :
2167 678 2303 734 adeo
2343 692 2399 734 ut
2446 683 2757 737 substantim
2800 684 2872 738 illi
2920 682 3036 755 qua:
3078 703 3141 743 ex
3178 688 3284 745 Deo
3315 692 3573 760 procedit,

1999 783 2094 824 nec
2124 770 2235 841 ipsa
2268 786 2383 841 qua:
2405 787 2471 827 ex
2511 772 2727 829 homine
2760 786 2880 831 nata
2912 786 2989 832 est
3021 780 3418 849 prmjudicaret.

2433 860 2442 869 ”
2738 859 2825 921 VI.

2333 953 2440 1025 (Ex
2474 950 2845 1012 librisiContra
2870 954 3240 1031 Phantasrna.)

2071 1046 2126 1101 Si
2157 1045 2270 1101 haec
2302 1047 2479 1102 omnia
2512 1056 2638 1104 vera
2665 1060 2785 1105 esse
2806 1044 3093 1120 recipiunt,
3128 1064 3258 1119 etc.,
3290 1064 3344 1109 ut
3383 1059 3433 1111 in
3466 1062 3575 1129 epis

1997 1140 2127 1194 stola
2149 1140 2182 1193 5
2210 1139 2329 1211 (col.
2348 1140 2473 1206 2I6,
2493 1140 2561 1211 c),
2588 1153 2745 1212 usque
2765 1143 2832 1195 ‘ad
2857 1143 3085 1213 qualiter
3110 1160 3214 1201 non
3240 1150 3500 1219 pepercit,
3533 1148 3579 1208 si

1998 1232 2185 1285 dolore
2213 1231 2528 1300 prohibuit?

2734 1323 2824 1379 VII
2835 1366 2847 1378 .

2310 1402 2418 1488 (ei
2451 1426 2704 1473 sermone
2735 1414 2803 1472 de
2834 1417 3003 1474 Natali
3032 1419 3265 1492 colicis.)

2064 1506 2124 1562 in
2168 1504 2362 1562 affectu
2409 1520 2853 1579 quarumcunque
2901 1522 3081 1565 rerum
3129 1524 3234 1566 non
3288 1508 3443 1577 facta,
3487 1514 3582 1569 sed

1996 1607 2122 1654 vota
2151 1597 2433 1669 cogitanda
2474 1608 2629 1665 sunt;
2671 1607 2727 1655 et
2761 1600 3106 1658 abominabill
3138 1614 3203 1658 eo
3244 1608 3334 1675 qui
3380 1602 3582 1662 invitus

1997 1690 2262 1759 profuerit
2282 1690 2463 1758 bonis,
2496 1692 2609 1746 Deo
2630 1693 2802 1759 magis
2830 1694 2998 1761 gratia
3022 1694 3305 1750 referenda
3328 1704 3429 1763 est,
3476 1706 3581 1769 qua

1998 1780 2406 1850 promptissime
2434 1783 2553 1850 pius
2582 1782 2723 1837 bene
2749 1785 2915 1838 utitur
2942 1784 3116 1839 malis.
3158 1786 3289 1840 Nam
3320 1782 3449 1843 licet
3490 1786 3582 1841 lo-

323 1857 416 1909 sed
449 1865 502 1909 et
528 1854 866 1908 beatissimos
907 1868 1025 1908 esse
1056 1853 1363 1922 pronuntio,
1400 1862 1601 1920 eosque
1645 1862 1750 1904 non
1794 1826 1975 1915 nisiﬁ

329 1948 735 2017 pet-‘CliriStum
786 1948 1019 2001 salvatos
1061 1958 1183 2001 esse
1230 1941 1530 2007 convinco,
1589 1942 1802 1997 dicente
1846 1940 1898 1995 in

325 2041 613 2117 Evangelia
636 2040 748 2108 ipso
778 2038 1024 2105 Domino,
1060 2037 1317 2090 Abraham
1346 2045 1490 2105 pater
1519 2045 1679 2088 tester
1713 2050 1894 2087 concu-

322 2132 445 2199 pivit
477 2140 528 2183 ut
550 2128 743 2183 videret
764 2125 899 2182 diem
928 2140 1129 2194 meum;
1156 2125 1281 2181 vidit
1313 2138 1358 2182 et
1380 2124 1582 2197 gavisus
1600 2132 1673 2179 cst
1713 2124 1891 2196 (Imm.

320 2236 433 2287 vut,
460 2220 577 2292 56).
633 2221 706 2275 De
734 2220 934 2291 Moyse,
963 2220 1024 2275 εἰ
1050 2221 1327 2274 crederetis
1359 2218 1549 2289 Moysi,
1587 2218 1759 2288 utique
1787 2233 1895 2271 cre-

320 2312 503 2367 deretis
531 2322 578 2366 et
606 2311 751 2365 mihi.
779 2311 857 2365 De
876 2326 955 2364 me
979 2311 1114 2364 enim
1137 2309 1227 2363 ille
1252 2310 1454 2381 scripsit
1490 2308 1542 2380 (1
1551 2309 1653 2363 bid.
1686 2323 1742 2381 γ,
1779 2308 1892 2377 46).

325 2405 498 2460 Etiam
527 2404 594 2459 dc
622 2402 894 2473 prophetis
918 2402 1180 2458 similiter
1211 2419 1226 2456 :
1270 2402 1460 2470 Quanti
1503 2402 1762 2473 propheta:
1807 2416 1898 2454 cu-

326 2497 526 2565 pierunt
582 2497 749 2551 videre
791 2510 907 2566 quo:
964 2495 1178 2559 uidetis,
1223 2504 1271 2548 et
1314 2495 1494 2550 audire
1540 2510 1654 2565 qutc
1706 2493 1898 2549 auditis

322 2588 537 2657 (Matth.
571 2602 688 2653 snt,
718 2588 834 2655 l7)!
872 2587 939 2642 Et
965 2586 1071 2641 alio
1100 2585 1373 2654 Evangelii
1405 2585 1525 2641 loco
1555 2585 1672 2655 ipse
1710 2584 1894 2638 Domi-

321 2695 445 2746 nus,
470 2679 570 2733 ista
588 2692 708 2749 qua:
737 2668 1047 2748 singillatim
1076 2675 1373 2732 memoravi
1402 2686 1589 2731 cuncta
1637 2674 1897 2745 perstrin-

321 2784 470 2839 gens,
498 2769 563 2824 Ut
591 2770 902 2840 impleantur
932 2769 1102 2823 omnia
1122 2784 1238 2839 qua:
1258 2769 1449 2839 scripta
1476 2767 1668 2821 suntin
1695 2766 1822 2836 lege,
1847 2775 1896 2820 et

320 2863 600 2933 prophetis,
636 2872 683 2916 et
711 2863 765 2916 in
796 2861 1015 2931 psalmis
1057 2860 1119 2914 de
1153 2876 1230 2913 me
1272 2858 1425 2924 (Luc.
1458 2873 1602 2921 xxiv,
1625 2856 1740 2927 η).
1789 2856 1895 2911 Vos

319 2972 483 3028 porro
527 2954 779 3025 coniicito
817 2962 994 3008 utrum
1038 2951 1370 3007 crediderint
1410 2950 1706 3015 Christum,
1762 2962 1897 3019 quos

318 3058 425 3105 tam
450 3048 731 3104 manifeste
758 3054 968 3101 constat
1002 3044 1284 3113 scripsisse
1311 3044 1378 3099 de
1402 3042 1637 3099 Christo.
1686 3042 1817 3095 Nam
1841 3049 1899 3097 et

319 3139 520 3194 Paulus
538 3137 835 3207 apostolus,
855 3136 1094 3204 quiante
1116 3141 1292 3188 ortum
1313 3132 1511 3187 Christi
1538 3131 1727 3187 salvati
1750 3140 1894 3196 sunt,

2002 1977 2111 2016 non
2136 1970 2324 2017 tamen
2357 1962 2537 2017 laudat
2561 1964 2733 2031 pietas
2760 1963 3118 2021 venditorem.
3149 1967 3377 2023 Sanctus
3404 1976 3585 2027 autem

1998 2052 2201 2108 Paulos
2230 2052 2503 2123 apostolus
2536 2053 2716 2127 (Rom.
2740 2067 2820 2120 ut,
2845 2058 2921 2125 5),
2955 2058 3276 2128 simpliciter
3299 2068 3585 2118 contentus

1990 2157 2029 2199 a
2052 2144 2269 2198 Christo
2293 2145 2577 2199 anathema
2607 2158 2729 2201 esse
2757 2161 2857 2215 pro
2886 2147 3161 2217 t'rstrilms,
3206 2155 3409 2221 prater
3432 2154 3583 2210 labe

2001 2248 2088 2291 res
2119 2234 2392 2306 proprios,
2421 2237 2586 2292 etiam
2629 2250 2726 2306 pro
2751 2238 3004 2294 fratribus
3034 2252 3177 2311 quos
3202 2243 3439 2301 literatus
3466 2245 3582 2303 iue-

1988 2336 2106 2394 rat,
2148 2336 2480 2392 coronatur;
2538 2327 2703 2383 ludas
2748 2339 2992 2397 ecootra,
3046 2330 3169 2402 quis
3213 2345 3319 2389 non
3351 2336 3577 2394 Irarum

1986 2417 2283 2475 dilectione
2315 2430 2641 2489 persequens
2660 2419 2955 2491 Christum,
2989 2424 3272 2481 anathema
3295 2436 3378 2483 est
3408 2428 3582 2484 Iactus

1988 2520 2029 2565 ea
2060 2508 2295 2565 Christo.

2732 2599 2867 2657 VIII.

2318 2690 2422 2760 (Es
2457 2691 2595 2746 libro
2621 2691 2690 2747 de
2716 2692 2913 2749 Christi
2946 2694 3280 2765 Divlnitate.)

2064 2782 2255 2837 Esaias
2274 2781 2837 2838 conclamantissimus
2860 2786 3261 2853 prophetarum,
3290 2795 3423 2855 etc.,
3450 2798 3503 2843 ut
3529 2791 3584 2845 in

1996 2875 2212 2942 epistola
2232 2872 2305 2929 98
2325 2873 2453 2945 (col.
2470 2872 2599 2940 245,
2618 2873 2697 2942 b),
2716 2889 2879 2942 usque
2895 2876 2966 2929 ad
2985 2892 3144 2947 quam
3172 2876 3329 2934 habui
3349 2880 3487 2951 apud
3510 2891 3580 2948 is,

2000 2969 2309 3038 priusquam
2335 2966 2567 3023 mundus
2599 2969 2772 3024 iteret.

2740 3059 2831 3113 IX.

2384 3151 2486 3219 (Ex
2515 3151 2665 3206 libris
2688 3151 2887 3206 Contra
2928 3152 3207 3221 A'rianos.)

318 3232 371 3285 in
400 3230 618 3285 Christo
647 3228 953 3296 redemptos
980 3240 1275 3294 exponens,
1320 3224 1399 3279 sic
1438 3236 1654 3278 omnem
1680 3236 1896 3277 causam

2076 3240 2143 3307 0,
2169 3242 2365 3312 inquit,
2397 3242 2621 3295 altitudo
2647 3243 2938 3296 divitiarum
2976 3208 3237 3314 sapientia
3265 3255 3314 3301 et
3358 3251 3582 3304 scientia:

320 3324 504 3380 deﬁnit
530 3339 544 3377 :
579 3321 725 3384 Sicut
745 3321 799 3373 in
826 3319 993 3373 Adam
1021 3331 1196 3371 omnes
1225 3316 1534 3378 moriuntur,
1565 3316 1638 3370 sic
1667 3315 1720 3368 in
1741 3312 1897 3367 Chri-

322 3428 395 3472 sto
437 3430 608 3469 omncs
654 3413 976 3481 viviﬁcanlur
1022 3408 1087 3481 (I
1118 3408 1237 3464 Cor.
1270 3423 1359 3475 xv,
1402 3407 1527 3477 2‘2).
1585 3407 1737 3462 Unde
1764 3407 1904 3461 sicut

324 3522 487 3561 nemo
518 3504 653 3575 perit
674 3502 776 3558 nisi
810 3517 905 3571 per
931 3501 1103 3556 Adam
1132 3510 1390 3568 veterem,
1416 3499 1487 3554 ita
1512 3498 1687 3553 nullus
1719 3498 1902 3568 acqui-

323 3598 457 3653 ritur
493 3596 592 3650 nisi
628 3609 721 3664 per
751 3606 967 3648 novum.

1063 3680 1152 3737 IV.

696 3776 796 3847 (Ex
826 3772 976 3830 libris
1002 3772 1199 3829 Contra
1223 3773 1500 3843 Arianae.)

394 3870 530 3938 Quia
560 3868 708 3934 Quid
738 3880 962 3931 oremus,
998 3863 1131 3920 sicut
1166 3873 1398 3936 oportet,
1434 3867 1685 3922 nescimus
1722 3865 1900 3935 (Rom.

325 3978 442 4030 vm,
470 3960 588 4033 ‘26),
639 3961 848 4014 ﬁrmum
889 3958 1050 4012 debet
1092 3958 1230 4027 apud
1255 3968 1354 4012 nos
1393 3957 1662 4029 ﬁxumque
1706 3957 1899 4025 teneri,

234 4122 237 4125 δ
328 4054 471 4126 quod
509 4050 759 4123 quidquid
804 4049 1156 4119 Omnipotens
1214 4062 1321 4105 non
1377 4048 1581 4117 fecerit,
1634 4058 1802 4104 restat
1849 4058 1908 4103 ut

222 4188 230 4192 -
330 4148 484 4203 nolit.

1088 4233 1153 4289 ν.

638 4328 742 4397 (Es
771 4339 1019 4382 sermone
1048 4326 1135 4381 die
1164 4325 1613 4393 sestoPaschae.)

404 4419 531 4476 Post
560 4419 746 4474 lucidas
775 4418 929 4473 nubis
959 4419 1410 4483 coruscationern,
1439 4417 1517 4473 sic
1547 4416 1717 4472 Patris
1756 4426 1913 4473 mter-

333 4516 386 4570 ni
417 4530 576 4583 super
604 4514 792 4569 Filium
819 4514 989 4569 dulcis
1018 4512 1380 4583 terribilisque
1408 4523 1510 4566 vox
1536 4512 1761 4577 intonat,
1803 4509 1909 4563 Hic

333 4616 406 4662 est
434 4600 483 4658 ἰδ’
485 4607 604 4661 ilius
629 4622 767 4659 meus
787 4604 1022 4673 dilectus,
1054 4605 1105 4657 in
1140 4620 1238 4673 quo
1262 4604 1387 4657 mihi
1417 4604 1538 4658 bene
1575 4602 1860 4669 complacui
1891 4617 1909 4657 :

334 4704 508 4769 ipsum
526 4701 700 4754 audite
729 4699 882 4770 (bur.
909 4714 1033 4762 xvn,
1057 4699 1134 4767 5).
1169 4698 1355 4752 Omnes
1388 4699 1625 4768 quidem,
1673 4700 1810 4753 sicut
1837 4699 1913 4753 ait

336 4791 647 4861 Apostolus,
678 4791 769 4859 lilii
804 4790 896 4844 Dei
924 4806 1097 4844 sumus
1147 4787 1291 4859 (Gal.
1332 4804 1409 4855 Ill,
1448 4788 1539 4859 26)
1561 4832 1575 4857 ,
1626 4799 1681 4844 et
1712 4793 1762 4843 in
1793 4804 1914 4845 ora-

337 4887 484 4940 tione
506 4884 737 4939 clamare
769 4882 1161 4951 praesumimus,
1195 4880 1349 4935 l‘ater
1372 4892 1573 4946 noster,
1617 4880 1708 4949 qui
1753 4894 1814 4935 es
1860 4881 1913 4935 in

337 4973 509 5032 roslis.
545 4973 655 5031 Sed
681 4972 837 5029 aliter
866 4974 1006 5027 lilius
1038 4983 1120 5026 est
1150 4973 1217 5027 de
1248 4987 1353 5040 quo
1374 4972 1655 5037 clamatur,
1710 4971 1811 5025 llic
1842 4978 1914 5026 est

341 5069 513 5123 Filias
538 5085 677 5123 meus
715 5068 950 5122 dilectas.
1002 5064 1153 5119 Illum
1188 5074 1246 5118 ut
1280 5064 1476 5120 habeat
1517 5073 1668 5134 pater
1722 5065 1915 5132 lilium,

340 5178 450 5217 non
494 5158 768 5230 praecessit
807 5159 1051 5212 voluntas
1093 5156 1496 5225 generationem
1534 5174 1545 5209 ε
1596 5170 1695 5211 nos
1739 5167 1918 5213 autem

344 5268 439 5325 per
468 5269 622 5322 «,uam
654 5251 915 5307 eilieimur
946 5248 1061 5311 lilii,
1091 5247 1145 5301 iu
1169 5247 1380 5301 lavacro
1403 5248 1696 5318 accipimus
1732 5249 1922 5303 nativi—

344 5356 530 5404 tatem.
592 5346 657 5400 Et
702 5344 820 5399 ideo
881 5341 1185 5409 quicunque
1225 5340 1388 5393 homo
1437 5348 1612 5407 potest
1658 5339 1799 5394 ﬁlios
1828 5338 1930 5395 Dei‘

342 5455 487 5503 esse,
519 5447 694 5507 potest
719 5447 773 5490 et
804 5450 909 5490 non
934 5448 1075 5490 esse.
1122 5431 1275 5488 Unde
1320 5430 1449 5487 dicit
1485 5433 1720 5489 Joannes
1754 5446 1920 5488 evan-

343 5530 551 5600 gelista,
589 5526 730 5598 quod
776 5526 924 5580 Dedit
955 5527 1028 5580 eis
1066 5531 1361 5593 potestatem
1388 5523 1521 5591 filios
1552 5521 1649 5577 Dei
1677 5525 1811 5591 fieri,
1842 5524 1922 5580 Itis

345 5624 432 5693 qui
454 5622 664 5676 credunt
695 5621 745 5672 in
772 5618 971 5673 nomine
1002 5620 1113 5691 ejus
1152 5614 1328 5687 (latin.
1360 5631 1398 5679 ι,
1434 5615 1567 5684 η);
1603 5625 1658 5670 ut
1689 5624 1779 5670 aut
1800 5630 1925 5684 pcr-

347 5722 561 5770 maneat
585 5712 724 5767 ﬁlius
752 5712 887 5769 bene
916 5710 1162 5774 vivendo,
1204 5720 1297 5763 aut
1336 5717 1481 5763 certe
1521 5724 1613 5778 per
1642 5709 1918 5765 carnalem

348 5806 803 5861 conversationem
846 5802 1049 5871 rejiciat
1102 5803 1491 5872 paternitatem.
1543 5801 1783 5861 Christus
1816 5820 1913 5860 au-

2009 3333 2105 3387 Dei
2127 3348 2280 3401 quam
2312 3334 2842 3404 incomprehensibilia
2871 3344 2991 3390 sunt
3018 3337 3217 3402 iudicia
3251 3340 3381 3411 ejus,
3427 3351 3473 3393 et
3500 3343 3584 3395 itt-

2004 3424 2318 3495 uestigabiles
2365 3424 2460 3478 vim
2506 3424 2703 3493 ipsius!
2750 3426 2878 3491 Quis
2914 3429 3049 3481 enim
3097 3431 3329 3499 cognouit
3381 3448 3584 3487 sensum

2008 3516 2257 3571 Domini!
2294 3525 2383 3569 aut
2412 3516 2524 3582 quis
2552 3516 2877 3571 consiliarius
2897 3521 3012 3589 ejus
3030 3520 3136 3587 fuit
3155 3522 3179 3573 ?
3198 3531 3286 3575 aut
3309 3524 3421 3591 quis
3442 3525 3583 3593 prior

2006 3608 2147 3663 dedit
2174 3610 2244 3674 ei,
2288 3620 2343 3663 ut
2381 3608 2695 3663 retribuatttr
2736 3609 2850 3663 illi?
2881 3609 3139 3677 Quoniam
3163 3614 3376 3683 exipso,
3417 3627 3465 3669 et
3490 3632 3581 3685 per

2002 3699 2192 3767 ipsum,
2218 3708 2266 3752 et
2288 3699 2341 3751 in
2367 3699 2477 3769 ipso
2503 3709 2619 3752 sunt
2639 3700 2811 3753 omnia
2834 3716 2852 3754 :
2880 3700 2980 3771 ipsi
3003 3701 3168 3772 gloria
3195 3704 3249 3757 in
3274 3707 3465 3759 swcttla
3484 3721 3582 3760 stc-

2005 3788 2425 3861 culorum(Rom.
2441 3803 2514 3857 ru,
2539 3788 2752 3861 53-55).
2774 3790 2891 3845 Non
2914 3805 3043 3861 ergo
3066 3792 3585 3865 aititudosapicntite

2005 3883 2317 3938 etscientitc
2337 3882 2505 3937 solius
2526 3881 2717 3947 Patris,
2747 3882 2841 3939 sed
2870 3882 2983 3951 Dei,
3028 3885 3080 3940 in
3110 3900 3217 3956 quo
3241 3896 3297 3943 et
3322 3886 3444 3943 Filii
3481 3900 3583 3944 sn-

2010 3976 2171 4030 nuitis
2206 3990 2325 4032 esse
2364 3989 2682 4046 personam;
2729 3978 2882 4046 cuius
2930 3992 3031 4034 nec
3070 3981 3406 4037 consiliarius
3431 3983 3585 4052 quis-

2010 4083 2168 4137 quam
2219 4066 2352 4130 luit,
2402 4083 2503 4122 nec
2554 4081 2771 4122 sensum
2830 4069 2985 4133 ullus,
3018 4080 3285 4125 scrutator
3331 4074 3586 4142 agnovit:

2011 4168 2211 4227 quanto
2233 4158 2408 4212 minus
2437 4160 2525 4228 qui
2554 4173 2767 4214 summo
2797 4174 2894 4214 nec
2919 4170 3262 4230 augmentum
3288 4163 3588 4231 recipienti,

2013 4250 2318 4305 convicium
2365 4252 2524 4303 etiam
2578 4251 2950 4306 minorationis
3005 4252 3278 4307 intendit?
3328 4256 3594 4324 cumipse

2016 4341 2305 4413 Apostolus
2335 4340 2736 4397 lnscrutabilem
2768 4340 2860 4397 Dei
2889 4337 3221 4399 altitudinem
3264 4360 3359 4415 pro
3399 4360 3593 4413 corpo-

2016 4452 2105 4492 rea
2136 4434 2443 4490 inﬁrmitate
2487 4432 2739 4505 suspiret.
2787 4435 2918 4503 Quis
2944 4445 3121 4490 autem
3154 4436 3299 4505 prior
3328 4434 3419 4492 dat
3459 4434 3591 4506 Deo,

2016 4538 2075 4583 ut
2105 4526 2430 4583 retribuatur
2459 4525 2555 4589 illi,
2590 4525 2691 4581 nisi
2723 4526 2811 4595 qui
2858 4526 2947 4581 dat
2990 4526 3196 4582 initium
3226 4526 3488 4595 Creatori,
3538 4540 3595 4589 ut

2018 4628 2073 4674 et
2109 4619 2221 4689 ipse
2246 4616 2398 4687 quasi
2426 4618 2492 4671 ab
2539 4615 2787 4673 inchoata
2824 4618 3119 4673 substantia
3156 4617 3249 4673 Dei
3300 4618 3596 4676 inchoatio-

2022 4727 2141 4767 nem
2172 4710 2250 4765 sui
2284 4724 2631 4781 recuperasse
2653 4709 2937 4765 videatur?
2979 4710 3127 4766 Unus
3159 4710 3242 4764 hic
3282 4726 3473 4781 nempe
3502 4728 3595 4767 no-

2024 4805 2274 4868 minatur,
2307 4817 2443 4858 unus
2464 4802 2747 4873 exponitur
2775 4801 2935 4857 Deus.
2978 4799 3136 4857 Certe
3156 4800 3200 4857 si
3229 4815 3407 4869 secus,
3437 4818 3595 4873 quam

2022 4910 2085 4948 es
2119 4896 2253 4963 ipso,
2287 4902 2339 4949 et
2366 4908 2461 4963 per
2484 4893 2681 4960 ipsum,
2709 4900 2764 4946 et
2792 4892 2843 4946 in
2874 4892 2991 4961 ipso
3021 4900 3145 4947 sunt
3175 4893 3373 4960 omnia,
3406 4895 3448 4948 si
3479 4893 3596 4950 hate

2025 4996 2081 5041 ut
2104 4987 2259 5041 vultis
2282 4987 2441 5041 trium
2482 4992 2626 5050 sunt,
2674 4985 2833 5038 dicite
2883 4999 3023 5039 nunc
3072 4984 3154 5039 cui
3207 4985 3307 5057 ipsi
3353 4987 3516 5058 gloria
3545 4988 3599 5041 in

2025 5077 2222 5133 stccula
2243 5078 2581 5133 sa-eulorurn.
2605 5076 2663 5132 Si
2687 5075 2874 5141 tribus,
2899 5090 3063 5145 quare
3085 5091 3189 5131 non
3213 5079 3339 5148 ipsis
3360 5076 3383 5132 2
3404 5078 3448 5131 si
3472 5078 3594 5145 ipsi,

2026 5168 2111 5223 cui
2141 5168 2207 5222 de
2241 5168 2446 5222 tribus?
2487 5168 2665 5231 Certe,
2694 5168 2762 5221 sit
2789 5176 2846 5222 ut
2876 5167 3053 5232 vultis,
3080 5168 3342 5238 tripertita
3366 5176 3449 5223 cst
3473 5168 3596 5221 sul)-

2027 5262 2220 5315 stantia
2252 5260 2580 5330 maiestatis:
2616 5274 2709 5315 cur
2738 5275 2843 5315 non
2869 5260 3023 5328 dixit,
3066 5276 3132 5315 ex
3171 5262 3286 5329 ipso
3331 5274 3425 5327 per
3465 5259 3598 5313 alte-

2029 5367 2147 5407 rum
2177 5353 2227 5407 in
2262 5353 2439 5417 tertio,
2478 5352 2577 5407 nisi
2611 5363 2875 5422 quatenus
2908 5352 3214 5406 nominatus
3244 5351 3357 5416 ipse
3380 5360 3513 5403 unus
3545 5351 3596 5405 in

2029 5443 2199 5497 tribus
2222 5444 2341 5497 est?
2393 5442 2460 5497 de
2489 5458 2593 5512 quo
2634 5455 2685 5496 et
2730 5444 3016 5511 Apostolus
3046 5441 3153 5494 alio
3182 5439 3299 5492 loco
3331 5456 3343 5492 :
3396 5435 3463 5492 Et
3492 5440 3598 5512 ipse

2026 5548 2121 5606 est,
2150 5539 2341 5607 inquit,
2383 5545 2501 5591 ante
2532 5539 2729 5601 omnia,
2771 5544 2816 5589 et
2856 5535 3027 5589 omnia
3063 5534 3117 5585 in
3143 5531 3256 5600 ipso
3299 5526 3522 5603 (Coloss.
3558 5552 3599 5599 t,

2036 5630 2143 5700 l7).
2200 5630 2367 5683 Porro
2403 5637 2604 5695 autem,
2654 5626 2720 5692 si,
2772 5635 2828 5679 ut
2856 5622 3085 5686 dixistis,
3112 5623 3288 5676 omnia
3318 5623 3372 5678 in
3398 5622 3601 5693 Spiritu

2028 5724 2217 5777 sancto
2261 5729 2529 5785 constant,
2573 5730 2624 5773 et
2676 5718 2789 5785 ipse
2835 5724 2916 5769 est
2963 5723 3085 5768 ante
3127 5717 3323 5783 omnia,
3368 5733 3434 5772 ne
3483 5726 3601 5785 post

2031 5814 2191 5869 multa
2218 5827 2337 5867 esse
2367 5812 2576 5877 incipth
2607 5823 2618 5871 ;
2652 5822 2753 5858 non
2785 5807 2883 5860 erit
2914 5815 3180 5874 creatura,
3226 5818 3279 5863 et
3304 5823 3421 5864 cum
3453 5822 3602 5876 creac
