4092 6350
561 333 628 394 30
639 338 671 399 5,

1821 330 1877 389 S.
1921 329 2105 386 AYITI
2146 328 2574 389 VIENNENSIS.

3733 337 3836 395 ’ὀοι

560 459 681 505 tura
707 462 811 505 non
840 448 1020 516 fuerit,
1050 447 1327 505 servitium
1361 461 1465 503 non
1498 444 1737 513 debebit,
1776 452 2054 515 restatque
2086 452 2143 499 ut
2169 448 2223 507 Α
2328 445 2422 501 Vl.
2461 446 2680 501 Nescitis
2706 450 2826 517 quia
2856 431 3095 519 templum
3132 447 3226 503 Dei
3252 450 3389 516 estis,
3414 461 3460 504 et
3487 451 3715 522 Spiritus
3742 453 3842 507 Dei

562 541 633 597 sit
663 540 820 605 Deus,
848 540 893 594 si
922 553 1025 593 non
1055 548 1138 591 est
1173 551 1361 592 servus
1393 552 1406 589 :
1436 543 1490 591 et
1516 535 1609 605 qui
1642 534 1896 589 famulari
1932 534 2146 589 ratione

564 646 670 688 non
699 631 979 699 colligitur,
1010 628 1270 683 dominari
1297 628 1519 683 veritate
1544 626 1830 682 credatur.

888 833 997 904 (Ex
1021 833 1243 903 epistola
1272 832 1469 888 Contra
1496 829 1808 897 Faustum.)
1892 908 1895 911 Α

632 928 813 982 Fidem
848 942 970 983 esse
993 927 1230 982 omnium
1270 928 1529 981 bonorum
1558 922 1917 995 spiritualium
1949 918 2143 975 funda-

562 1028 824 1085 mentum,
854 1028 981 1083 etc.,
1016 1026 1070 1071 ut
1099 1019 1154 1071 in
1175 1017 1391 1087 epistola
1415 1019 1449 1071 4
1478 1016 1599 1087 (col.
1624 1015 1749 1083 221,
1783 1014 1854 1083 c),
1880 1028 2039 1082 usque
2076 1012 2145 1064 ad

564 1112 713 1168 testis
742 1119 825 1167 cst
843 1109 1012 1165 nostri
1040 1108 1279 1180 spiritus,
1310 1124 1415 1163 non
1440 1116 1654 1162 natura.

1327 1219 1417 1274 XI.

956 1312 1058 1383 (Ex
1092 1311 1241 1367 libris
1260 1310 1459 1367 Contra
1490 1310 1765 1377 Arianos.)

640 1404 832 1459 Libera
867 1403 1214 1472 responsione
1261 1404 1532 1473 proﬁteor,
1585 1399 1725 1471 quod
1758 1399 1867 1452 Deo
1917 1410 2141 1451 suorum

568 1498 775 1553 animos
833 1495 1147 1565 inSpirante,
1208 1494 1365 1563 longe
1417 1494 1583 1563 fulget
1632 1490 1849 1545 claritas
1877 1488 2140 1543 veritatis.

565 1588 703 1645 illud
726 1602 955 1661 namque
984 1586 1357 1656 apostolicum,
1388 1584 1529 1656 quod
1564 1598 1706 1653 saepe
1732 1581 1993 1651 repetitis,
2035 1578 2146 1633 suf-

569 1683 681 1738 ticit
705 1683 759 1737 in
784 1681 1121 1750 redemptore
1149 1679 1399 1749 cognosci
1429 1696 1439 1730 :
1470 1678 1592 1747 quia
1624 1678 1669 1731 si
1696 1673 2004 1730 conﬁtearis
2040 1672 2151 1725 Do-

568 1776 771 1830 minu'm
799 1772 999 1834 Jesum,
1031 1781 1086 1826 et
1118 1771 1240 1840 quia
1269 1771 1407 1825 Deus
1439 1770 1588 1825 illum
1630 1767 1908 1823 suscitavit
1934 1781 1964 1820 a
2005 1779 2149 1818 mor-

570 1867 697 1929 tuis,
726 1865 903 1920 salvus
932 1863 1038 1919 eris
1068 1863 1245 1933 (llam.
1276 1878 1327 1928 ι,
1361 1862 1439 1933 9).
1468 1861 1556 1917 Sic
1585 1869 1764 1914 tamen
1793 1868 1851 1913 ut
1880 1856 2144 1926 intelliga-

570 1966 659 2012 tur
687 1954 937 2010 divinitas
966 1968 1063 2010 sua
1086 1969 1205 2008 cum
1232 1953 1409 2018 Patre,
1456 1951 1617 2007 vitam
1656 1949 1911 2007 crucilixo
1940 1948 2145 2004 homini

566 2046 890 2103 reddidisse.
917 2045 1069 2101 Sicut
1091 2044 1204 2115 ipse
1235 2043 1515 2119 in‘Joanne
1535 2042 1868 2113 evangelista
1892 2049 2142 2097 testatur:

569 2138 883 2193 Potestatem
905 2137 1064 2191 habeo
1095 2136 1317 2205 ponendi
1352 2138 1576 2189 animam
1610 2152 1795 2203 meam,
1845 2143 1892 2188 et
1928 2141 2149 2204 potesta-

571 2242 673 2287 tem
697 2230 854 2285 habeo
882 2231 1064 2284 iterum
1087 2229 1320 2283 sumendi
1346 2245 1460 2282 eam
1512 2227 1692 2299 (Joan.
1722 2243 1776 2291 κ,
1804 2225 1916 2292 18).
1977 2225 2149 2281 Porro

570 2335 908 2391 nequaquam
934 2319 1125 2383 salvat,
1171 2319 1240 2373 de
1283 2317 1501 2373 homine
1525 2317 1740 2372 Christo
1784 2315 2151 2371 tantummodo

572 2420 783 2469 rectum
811 2411 1055 2477 credere,
1104 2410 1205 2467 nisi
1234 2411 1430 2482 jungas
1462 2410 1625 2466 etiam
1651 2409 1917 2465 catholico
1947 2408 2151 2465 intelle-

572 2515 659 2561 ctu
681 2504 1058 2561 deDivinitate
1078 2504 1298 2560 sentire.
1316 2504 1447 2560 Nam
1477 2514 1531 2560 ct
1552 2503 1855 2559 Photiniani
1881 2513 2149 2559 mortuum

573 2616 636 2655 ac
662 2598 1037 2655 remscitatum
1062 2608 1310 2654 asserunt
1337 2598 1628 2654 Christum.
1665 2597 1730 2653 Et
1755 2598 2004 2667 quoniam
2035 2611 2153 2653 sce-

500 2692 509 2701 “
572 2692 917 2750 lestissimam
960 2693 1014 2747 in
1071 2692 1172 2762 hoc
1227 2708 1412 2748 eorum
1464 2686 1873 2762 blasphemiam,
1930 2692 2152 2761 perinde

574 2785 734 2841 etiam
764 2795 956 2840 vestra:
983 2793 1040 2838 ut
1066 2792 1265 2840 nostra:
1297 2784 1429 2855 legis
1449 2784 1716 2841 sententia
1739 2783 2073 2848 detestatur;
2105 2783 2151 2838 si

574 2875 945 2931 tantummodo
969 2884 1300 2946 assumptum
1332 2876 1601 2932 hominem
1629 2876 1922 2942 interiisse,
1955 2890 2018 2930 ac
2038 2875 2152 2931 sola

574 2974 741 3042 patris
770 2970 963 3026 virtute
990 2972 1368 3026 resuscitatum
1397 2985 1517 3026 esse
1545 2970 1751 3038 dicitis,
1801 2984 1986 3040 quasso
2025 2968 2152 3039 quid

573 3068 629 3118 in
651 3064 968 3134 supradicta:
991 3064 1155 3134 pestis
1178 3063 1597 3134 professionibus
1615 3063 2008 3133 arguatis,cum
2036 3064 2153 3132 ipse

575 3158 831 3212 Dominus
859 3168 1059 3226 noster,
1111 3166 1170 3211 ut
1213 3149 1426 3227 legitur,
1476 3171 1574 3213 suo
1600 3166 1730 3212 nutu
1762 3158 1987 3213 suscitet
2017 3168 2151 3213 tem-

575 3249 720 3318 plum
750 3248 817 3303 ab
843 3248 1162 3304 adversariis
1192 3248 1547 3304 dissolutum?
1575 3248 1728 3315 Quod
1757 3258 1903 3305 certe
1944 3249 2013 3304 de
2044 3262 2151 3317 quo

576 3339 776 3407 templo
807 3339 1043 3408 dicatur,
1074 3339 1126 3394 in
1159 3350 1407 3410 promptu
1438 3349 1541 3407 est,
1570 3357 1691 3396 cum
1720 3341 1987 3411 reparatio
2018 3348 2153 3396 tem-

579 3432 672 3500 pli,
705 3431 850 3486 inter
891 3431 1130 3499 biduum,
1180 3432 1233 3487 in
1279 3441 1478 3489 Statum
1520 3434 1802 3504 pristinum
1835 3435 2154 3490 revertentis

576 3522 1027 3578 resurrectionem
1069 3523 1353 3580 dominica:
1381 3526 1560 3581 carnis
1589 3541 1749 3597 quam
1781 3526 2029 3582 divinitas
2056 3540 2153 3581 sua

578 3616 762 3685 templi
807 3616 923 3669 vice
968 3614 1324 3681 habitaverat,
1360 3617 1639 3672 evidenter
1683 3628 1939 3688 exponat.
2009 3618 2154 3674 Idem

577 3722 705 3775 ergo
731 3706 897 3760 Filius
929 3706 1023 3760 Dei
1045 3706 1184 3761 Deus
1214 3709 1303 3777 qui
1328 3710 1463 3763 mori
1494 3723 1600 3763 non
1624 3711 1816 3778 potuit,
1847 3710 2152 3766 delunctum

581 3793 853 3849 hominem
885 3797 1182 3862 suscitavit,
1230 3806 1286 3851 et
1340 3798 1595 3868 templum
1648 3800 1881 3855 inimicis
1908 3802 2155 3858 manibus

578 3886 931 3951 dissolutum,
982 3888 1036 3942 in
1084 3887 1343 3943 unitatem
1398 3904 1641 3959 persona:
1689 3892 1916 3947 solidata
1967 3908 2155 3951 rursus

579 3977 840 4035 divinitati
869 3996 1025 4050 quam
1056 3991 1417 4052 assumpserat
1442 3998 1603 4039 carne
1622 3986 1874 4044 restituit.

1135 4118 1151 4133 -
1351 4094 1413 4148 lt.

880 4183 982 4253 (Ex
1014 4200 1262 4269 sermone
1287 4093 1373 4244 (lie
1400 4187 1436 4242 9.
1464 4187 1865 4263 Rogationum.)

643 4295 779 4351 Dicit
819 4296 1163 4353 beatissimus
1200 4298 1418 4367 Paulus,
1464 4300 1605 4370 Quod
1644 4319 1733 4372 per
1772 4302 2070 4373 patientiant
2106 4312 2155 4360 et

574 4388 969 4443 consolationem
1012 4389 1399 4461 Scripturarum
1443 4393 1647 4461 ﬁrmam
1674 4411 1814 4463 spem
1845 4395 2027 4450 habere
2068 4397 2154 4451 de-

574 4484 775 4536 beamus
819 4483 995 4551 (Rom.
1024 4484 1243 4553 xv,'b);
1276 4500 1396 4538 cum
1444 4500 1632 4540 omnes
1680 4485 2005 4557 Christiani,
2040 4498 2150 4544 tum

574 4574 854 4645 specialius
894 4564 968 4629 illi
1008 4576 1202 4645 quibus
1247 4577 1403 4630 datur
1432 4578 1486 4632 in
1528 4580 1630 4633 hoc
1672 4580 1892 4649 mundo,
1925 4590 2017 4635 aut
2056 4598 2154 4652 pro
2179 4579 2235 4641 D

576 4666 684 4722 Deo
733 4667 1156 4737 persecutionem
1206 4670 1345 4736 pati,
1392 4678 1484 4722 aut
1534 4684 1632 4740 pro
1677 4670 1917 4725 veritatis
1962 4688 2149 4730 amore

575 4760 845 4829 tribulari,
882 4770 970 4816 aut
1016 4776 1112 4833 pro
1156 4762 1273 4817 vita:
1323 4762 1481 4832 hujus
1524 4765 1954 4834 peregrinatione
1992 4783 2145 4825 com-

610 4867 754 4905 unm.

719 4869 754 4905 lo

574 4864 714 4923 Μῦς
954 4944 1042 4999 AD
1067 4944 1473 5003 CORINTHIOS
1512 4946 1766 5005 PRIMIE.

649 5052 694 5107 1.
727 5051 794 5107 Et
826 5054 1066 5124 ignobilia
1092 5067 1137 5111 et
1166 5058 1565 5129 contemptibilia
1598 5062 1777 5116 mundi
1805 5062 1957 5136 elegit
1986 5065 2144 5137 Deus,

572 5157 679 5203 etc.

643 5238 728 5295 Il.
764 5214 826 5296 ίςὶ
853 5241 985 5295 enim
1019 5243 1386 5314 cegnovissent,
1418 5261 1681 5317 nunquam
1710 5246 1991 5306 Dominum
2030 5254 2146 5324 glo-

570 5334 661 5388 ria:
683 5335 1075 5403 cruciﬁxissent.

640 5426 757 5481 Ill.
791 5426 924 5483 Item
953 5430 1016 5483 de
1043 5433 1238 5484 eodem.

642 5516 670 5568 1
688 5519 746 5573 γ.
775 5520 1002 5591 Spiritus
1032 5522 1167 5577 enim
1193 5524 1364 5579 omnia
1394 5532 1676 5592 scrutatur,
1707 5527 1858 5584 etiam
1883 5532 2143 5601 profunda

574 5606 683 5659 Dei.

647 5700 726 5845 Vb
744 5701 826 5755 Ita
849 5715 894 5757 et
933 5724 1042 5774 quae
1074 5709 1169 5765 Dei
1195 5719 1341 5779 sunt,
1370 5729 1515 5770 nemo
1543 5716 1803 5785 regnavit,
1835 5719 1935 5775 nisi
1966 5720 2138 5791 Spiri-

647 5810 649 5838 :
729 5809 794 5845 et.

570 5802 649 5843 tus
679 5796 794 5848 Dei.

2178 3206 2226 3271 C

2251 538 2445 593 habitat
2470 542 2521 595 in
2546 540 2725 595 vobis?

2270 690 2279 699 ,
2332 630 2465 693 Y1].
2500 630 2698 686 Etenim
2737 631 2942 685 Pascha
2987 640 3215 686 nostrum
3252 633 3541 685 immolatus
3586 643 3654 686 πει
3694 634 3845 688 Chri-

2252 730 2381 779 stus.

2328 812 2440 868 VII
2450 812 2499 868 1.
2532 813 2657 869 Cum
2684 814 2791 868 sine
2818 813 2928 887 lege
2953 811 3050 868 Dei
3077 831 3179 868 non
3202 832 3359 869 essent
3381 856 3394 883 ,
3424 816 3513 871 sed
3543 817 3593 869 in
3625 817 3732 887 lege
3760 834 3846 871 es-

2252 922 2357 959 sem
2391 906 2602 960 Christi.

2326 996 2431 1054 ΙΧ.
2466 998 2631 1067 Caput
2661 1009 2827 1055 autem
2856 999 3048 1054 Christi
3079 1000 3235 1055 Deus.
3433 1075 3437 1079 ὓ

2331 1091 2397 1145 Χ.
2433 1091 2569 1145 Nam
2600 1102 2795 1163 oportet
2821 1103 2865 1148 et
2894 1094 3109 1149 hmeses
3132 1107 3262 1160 esse,
3284 1101 3391 1148 etc.

2336 1182 2430 1237 ⁸⁷1.
2467 1185 2596 1239 Item
2620 1189 2683 1240 de
2714 1188 2908 1242 eodem.

2327 1273 2467 1329 XII.
2506 1276 2657 1343 Deus,
2691 1280 2778 1349 qui
2807 1287 3048 1349 aperatur
3078 1280 3250 1333 omnia
3292 1281 3345 1333 iu
3376 1279 3626 1335 omnibus.
3686 1321 3691 1324 ‹

2324 1366 2375 1421 Χ
2382 1365 2439 1419 ΙΙ
2448 1367 2474 1421 1
2486 1406 2498 1419 .
2538 1367 2725 1422 Omnia
2753 1380 2922 1424 autent
2952 1372 3059 1425 Ιηιέ
3098 1378 3337 1441 operatur
3371 1388 3504 1426 unus
3532 1383 3680 1443 atque
3710 1374 3846 1428 idem

2256 1458 2509 1527 Spiritus,
2536 1462 2767 1516 dividens
2791 1463 3009 1533 singulis
3038 1472 3191 1533 prout
3214 1465 3337 1518 vult.

2324 1550 2407 1604 XI
2420 1552 2482 1605 V.
2517 1553 2644 1608 Cum
2675 1555 2941 1610 tradiderit
2975 1573 3186 1627 regnum
3215 1557 3325 1612 Deo
3351 1568 3398 1613 et
3421 1558 3588 1613 Patri.

2322 1641 2449 1697 XV.
2482 1642 2609 1698 Cum
2636 1654 2805 1701 autem
2834 1646 3063 1719 subjecta
3086 1649 3276 1717 fuerint
3304 1649 3383 1703 illi
3412 1652 3604 1716 omnia,
3629 1660 3733 1707 etc.

2325 1735 2372 1788 Χ
2390 1734 2485 1791 γι.
2520 1735 2729 1792 Primus
2757 1738 2909 1793 homo
2940 1740 3004 1795 de
3036 1750 3174 1795 terra
3203 1749 3458 1809 terrenus,
3490 1744 3741 1799 secundus
3792 1748 3853 1801 tle

2180 1825 2231 1887 Β
2258 1835 2382 1888 calo
2415 1835 2650 1888 cmlestis.

2324 1924 2517 1980 XVII.
2551 1924 2684 1980 Item
2713 1928 2775 1981 de
2801 1926 2997 1982 cadent.

2476 2111 2579 2182 (Ex
2608 2126 2861 2168 sermone
2885 2112 2938 2167 in
2965 2112 3298 2174 ordinatione
3326 2115 3615 2189 episcopi.)

2324 2222 2403 2277 Ad
2456 2224 2749 2293 magisterii
2795 2225 3160 2282 testimonium
3210 2229 3473 2285 nascendi
3528 2245 3688 2286 causa
3744 2249 3847 2290 non

2255 2316 2520 2385 pertinet;
2547 2330 2722 2385 neque
2769 2316 2858 2371 ille
2894 2318 3154 2375 caelorum
3198 2320 3403 2390 janitor
3447 2322 3662 2391 Petrus,
3690 2341 3848 2395 quem

2258 2408 2580 2478 piscatorem
2613 2408 2887 2464 hominum
2913 2410 3139 2481 (Matth.
3165 2427 3237 2480 ιν,
3264 2414 3355 2483 l5)
3379 2415 3511 2470 retia
3542 2425 3849 2489 contempta

2256 2500 2531 2571 fecerunt,
2562 2501 2769 2572 origine
2801 2503 3000 2573 placuit
3040 2506 3328 2573 natalium,
3367 2508 3465 2564 sed
3493 2510 3601 2566 ﬁne
3633 2512 3848 2569 merito-

2255 2610 2407 2661 rum;
2449 2597 2589 2651 sicut
2632 2596 2910 2651 Mattbaeus
2949 2598 3072 2669 (ιι,
3101 2600 3170 2669 9)
3212 2615 3335 2655 cum
3380 2602 3448 2657 de
3496 2605 3712 2660 teloneo
3761 2623 3849 2662 asc

2256 2695 2499 2757 sumptus
2537 2696 2649 2751 est,
2682 2688 2792 2744 illic
2834 2688 3105 2746 inchoavit
3145 2681 3352 2748 lucrum
3375 2735 3389 2759 ,
3425 2695 3513 2749 ubi
3555 2695 3740 2765 jussus
3772 2709 3850 2756 est

2257 2778 2551 2834 terminare
2592 2781 2887 2849 negoﬁum.
2934 2781 3073 2849 Quid
3110 2783 3176 2838 de
3204 2785 3430 2855 singulis
3472 2787 3700 2858 loquor?
3732 2793 3849 2847 talis

2257 2871 2493 2926 omnium
2523 2872 2818 2941 assumptio
2850 2872 2980 2939 fuit,
3013 2875 3064 2928 in
3107 2891 3335 2945 quorum
3369 2882 3615 2948 personis
3650 2882 3700 2954 (Ι
3730 2882 3848 2939 Cor.

2260 2976 2311 3029 ι,
2333 2960 2426 3030 28)
2453 2962 2704 3032 ignobilia
2728 2974 2781 3018 et
2802 2967 3225 3036 contemptibilia
3249 2971 3434 3024 mundi
3456 2972 3662 3041 eligens
3685 2976 3845 3043 Deus,

2258 3056 2549 3124 praeposuit
2601 3072 2863 3127 pauperes
2910 3060 3099 3129 spiritu
3147 3062 3402 3119 divitibus
3444 3079 3649 3135 censu,
3701 3070 3847 3125 illum

2253 3144 2375 3214 jure
2410 3146 2892 3216 locupletissimum
2926 3151 3181 3219 probans,
3209 3154 3299 3223 qui
3328 3154 3394 3209 ad
3427 3170 3606 3211 veram
3637 3169 3688 3214 et
3715 3160 3843 3215 inle-

2255 3252 2403 3308 gram
2435 3238 2800 3309 nobilitatem,
2848 3256 2954 3298 non
2990 3246 3254 3316 susceptis
3299 3247 3584 3319 bonorum,
3618 3252 3711 3308 sed
3754 3254 3844 3309 dc-

2258 3331 2446 3401 positis
2469 3333 2753 3390 criminum
2776 3335 3011 3391 fascibus
3033 3339 3386 3407 pervenisset.

2588 3562 2694 3633 (Ex
2726 3562 2877 3619 libris
2908 3474 3109 3621 Conltlra
3136 3568 3518 3639 Phantasma.)

2281 3658 2287 3665 ⁷
2330 3674 2525 3730 Nolunt
2555 3678 2695 3732 enim
2736 3693 2766 3731 a
2812 3679 2964 3735 nobis
2992 3681 3042 3735 ei
3071 3682 3160 3750 qui
3190 3683 3478 3739 cruciﬁxus
3515 3694 3599 3740 est
3643 3685 3843 3756 suppli-

2257 3767 2396 3833 cari,
2424 3778 2552 3835 etc.,
2574 3780 2627 3823 ut
2652 3770 2704 3825 in
2726 3772 2875 3840 epist.
2903 3773 2935 3828 3
2960 3773 3081 3844 (col.
3102 3775 3229 3842 212,
3247 3780 3322 3846 a),
3350 3795 3506 3849 usque
3533 3779 3603 3832 ad
3626 3795 3730 3834 non
3756 3796 3843 3835 ro-

2255 3872 2441 3928 gemus
2460 3858 2512 3914 in
2534 3862 2690 3916 coelo.
2709 3862 2774 3916 Et
2788 3866 3036 3936 mox(col.
3052 3866 3179 3935 215,
3195 3867 3269 3937 c),
3285 3868 3417 3925 Veni
3443 3871 3638 3939 potius,
3661 3882 3847 3929 sancte

2259 3946 2390 4002 Isaia
2417 3949 2692 4018 propheta,
2712 3961 2841 4019 etc.,
2866 3969 3021 4024 usque
3049 3956 3114 4009 ad
3140 3957 3281 4026 quod
3310 3958 3363 4013 in
3388 3973 3619 4029 corpore
3646 3961 3845 4017 malum

2257 4042 2510 4111 patimur,
2544 4044 2768 4115 pertulit
2792 4045 3061 4103 Christus.

2635 4229 2738 4303 (Ex
2769 4231 2919 4287 libris
2949 4140 3144 4290 Csrltltra
3176 4235 3455 4309 Arianos.)

2329 4346 2584 4402 Dominus
2627 4349 2919 4418 majestatis
2956 4351 3239 4407 crucifixus
3280 4353 3590 4424 exponitur,
3635 4370 3763 4412 cum
3796 4359 3845 4414 si

2256 4437 2481 4493 alternae
2526 4439 2841 4496 substantia:
2889 4442 3148 4513 respicias
3200 4446 3615 4515 proprietatem,
3662 4448 3846 4503 divina

2258 4528 2574 4585 celsitudine
2618 4532 2685 4586 ab
2728 4532 2979 4587 omnibus
3030 4534 3209 4589 crocis
3256 4538 3598 4593 contumeliis
3646 4554 3845 4609 seque~

2260 4629 2423 4676 strata
2442 4662 2457 4689 ,
2484 4623 2595 4678 sola
2623 4625 2853 4696 suscepti
2883 4627 3124 4695 corporis
3156 4628 3425 4699 humilitas
3462 4631 3693 4686 senserit
3722 4648 3847 4702 pas-

2258 4712 2484 4767 sionem.
2507 4712 2638 4768 Nam
2663 4725 2939 4786 postquam
2968 4715 3033 4787 (ll
3056 4717 3176 4772 Cur.
3197 4733 3254 4785 v,
3276 4719 3365 4789 l9)
3387 4720 3527 4775 Deus
3551 4722 3604 4776 in
3626 4721 3847 4780 Christo

2257 4806 2515 4863 mundum
2542 4810 2896 4866 reconcilians
2918 4811 3049 4878 sibi,
3079 4823 3339 4868 creaturas
3359 4829 3518 4884 quam
3548 4817 3846 4886 assumpsit

2256 4899 2439 4953 nnitus
2463 4909 2575 4968 est,
2607 4902 2938 4971 signiﬁcatur
2965 4904 3276 4976 plerumque
3318 4907 3478 4961 homo
3508 4922 3606 4978 per
3637 4908 3809 4965 Deum
3828 4954 3843 4978 ,

2253 4988 2502 5061 Deusque
2537 5008 2633 5062 per
2664 4995 2965 5065 hominem,
3004 4998 3144 5052 sicut
3174 5009 3257 5052 est
3288 4998 3415 5054 illud
3445 5018 3455 5052 :
3490 4998 3617 5055 Cum
3646 5005 3846 5076 veneri,

2255 5078 2425 5134 Filius
2451 5082 2667 5137 hominis
2697 5085 2747 5137 in
2780 5088 3042 5157 majestate
3063 5104 3155 5142 sua
3179 5088 3393 5161 (Matth.
3420 5100 3547 5159 xxv,
3574 5092 3688 5163 51),
3716 5110 3843 5149 cum

2253 5176 2589 5246 majestatem
2618 5179 2728 5235 Deo
2752 5182 2928 5251 potius
2951 5200 3109 5254 quam
3132 5184 3335 5241 homini
3362 5201 3521 5242 nemo
3546 5188 3846 5243 convenire

2251 5267 2488 5334 dubitet;
2515 5271 2657 5340 quod
2693 5280 2747 5328 et
2776 5272 3058 5331 Psalmista
3086 5276 3156 5337 de
3186 5277 3297 5333 Deo
3335 5293 3638 5348 exponens,
3667 5277 3735 5332 Et
3769 5280 3845 5333 ri-

2182 5362 2187 5367 ”
2252 5360 2459 5427 debitis,
2505 5362 2705 5433 inquit,
2747 5364 2799 5419 in
2841 5370 3105 5438 majestate
3147 5385 3261 5425 sua.
3294 5369 3359 5424 Et
3387 5370 3674 5425 Malacbias
3711 5386 3844 5440 pro-

2251 5450 2441 5521 pheta,
2483 5453 2552 5508 ob
2595 5454 2858 5513 dictorum
2891 5460 3329 5530 perspicuitatem
3358 5462 3594 5533 Angelus
3634 5477 3842 5534 cogno-

2249 5544 2534 5611 mento,de
2556 5548 2812 5603 cruciaria
2838 5550 3045 5606 Domini
3072 5552 3336 5622 passione.
3358 5552 3419 5609 Si
3437 5553 3611 5624 aﬁigit,
3637 5554 3835 5623 inquit,

2186 5660 2189 5661 ν
2248 5636 2398 5691 homo
2426 5636 2589 5691 Deum
2611 5656 2792 5709 suum,
2822 5643 2943 5712 quia
2972 5660 3055 5699 ros
3082 5646 3331 5715 conﬁgitis
3354 5661 3433 5699 me
3462 5643 3717 5718 (Malach.
3750 5660 3835 5711 tu,

2248 5724 2323 5798 8).
2356 5726 2488 5783 Cum
2520 5737 2725 5798 tamen,
2760 5732 2901 5801 quod
2932 5734 3110 5789 nullus
3149 5734 3493 5802 inﬁciabitur,
3526 5750 3632 5789 non
3663 5735 3832 5799 Deus.

2246 5819 2341 5876 sed
2370 5819 2530 5879 homo
2559 5824 2803 5881 confixus
2832 5826 2921 5882 sit.
