4092 6350
261 418 359 475 505

1000 524 1088 579 IV.

651 615 752 685 (Ex
782 629 1031 671 sermone
1059 616 1127 669 de
1156 612 1447 684 symbolo.)

333 706 523 763 Audite
550 707 677 778 qttid
706 708 904 762 veritas
931 706 1109 762 dicat:
1146 705 1315 760 Nemo
1345 704 1479 758 novit
1514 702 1706 756 Filium
1735 700 1834 755 nisi

264 801 442 867 Pater,
484 816 645 872 neque
684 799 893 854 Patrem
935 800 1047 868 quis
1083 799 1218 853 novit
1252 798 1350 851 nisi
1399 795 1566 850 Filius
1610 791 1829 865 (Matth.

263 910 346 959 xi,
368 891 485 962 27).
526 892 591 946 Et
627 891 673 947 si
701 905 860 947 nemo
893 889 1196 960 assequitur
1226 888 1362 943 hanc
1397 887 1450 942 in
1491 886 1689 941 saeculo
1733 883 1837 939 isto

263 986 536 1054 notitiam,
566 984 709 1041 unde
736 984 964 1040 Arianus
988 982 1218 1039 assumit
1243 983 1295 1037 in
1327 979 1640 1038 substantia:
1670 976 1835 1049 ipsius

264 1076 530 1133 divisione
573 1076 913 1132 mensuram?
950 1076 1009 1133 Si
1054 1074 1199 1131 solus
1240 1073 1396 1129 Pater
1423 1071 1572 1127 novit
1614 1070 1836 1134 Filium,

264 1167 408 1222 solus
452 1167 617 1223 Filius
660 1167 901 1233 Patrem;
934 1167 1076 1222 unde
1104 1166 1210 1221 dux
1247 1180 1420 1221 caecus
1466 1163 1721 1234 majorem
1754 1161 1840 1217 in-

268 1260 489 1329 telligit,
520 1259 604 1315 vel
633 1258 933 1315 minorem?
958 1259 1038 1313 An
1066 1257 1205 1313 forte
1236 1255 1555 1327 respondet,
1588 1264 1642 1311 et
1667 1254 1711 1309 si
1740 1252 1841 1309 sibi

267 1352 469 1408 notitia:
497 1352 651 1422 hujus
680 1360 922 1408 reservat
946 1351 1209 1406 Divinitas
1231 1351 1345 1405 sola
1367 1359 1634 1405 secretum
1652 1388 1668 1415 ,
1700 1347 1842 1402 unde

270 1454 322 1499 tu
348 1442 605 1514 aequalem
636 1443 781 1499 Patri
811 1442 1000 1498 Filium
1031 1442 1365 1513 cognovisti?
1392 1443 1459 1496 At
1485 1455 1583 1511 ego
1605 1441 1841 1509 inquam,

271 1538 811 1608 paternitatemlilius
838 1538 1095 1608 loquitur,
1125 1536 1567 1607 omnipotentiam
1598 1541 1845 1589 creatura

271 1641 494 1687 testatur
520 1650 532 1685 :
562 1631 631 1688 de
656 1631 970 1688 substantiae
996 1639 1173 1685 autem
1205 1626 1415 1694 intimo,
1443 1628 1487 1682 si
1520 1639 1679 1682 nemo
1701 1624 1848 1679 novit

271 1723 466 1778 Filium
496 1723 599 1779 nisi
645 1725 823 1792 Pater,
851 1738 1024 1793 neque
1066 1722 1275 1776 Patrem
1307 1720 1425 1790 quis
1455 1720 1603 1773 novit
1631 1716 1731 1771 nisi
1760 1715 1849 1770 Fi-

270 1814 404 1880 lius;
436 1814 527 1868 ubi
557 1814 775 1884 aequalis
802 1823 883 1869 est
913 1813 1138 1868 consilio
1165 1814 1466 1867 alternante
1494 1810 1679 1865 notitia
1701 1851 1716 1877 ,
1741 1822 1848 1862 una

1207 406 1551 465 VARIORUM
1592 400 2099 460 OPUSCULORUM
2141 403 2580 464 FRAGMENTA.

1864 518 1913 574 Δ
1944 515 2133 570 habitat
2163 521 2211 573 in
2243 520 2379 575 vobis
2411 518 2461 591 (Ι
2484 527 2605 578 Cor.
2632 538 2716 590 ιιι,
2752 523 2872 591 10')?
2905 519 3039 577 Ecce
3066 536 3194 591 ergo
3221 531 3276 577 et
3305 524 3524 593 spiritus
3572 532 3579 541 ’

1942 609 2084 665 Deus
2113 620 2229 678 est,
2270 615 2313 666 si
2358 613 2562 669 habitat
2603 614 2896 683 templum,
2943 616 3085 685 quod
3119 624 3312 685 prteter
3354 615 3523 670 Deum

1894 724 1900 730 ι
1942 701 2118 759 nullus
2161 704 2440 759 inhabitat.
2482 704 2634 760 Unde
2681 707 2886 774 inquit,
2934 705 3161 760 Membra
3195 716 3360 761 vestra
3400 716 3527 762 tem-

1943 795 2085 865 plum
2120 797 2171 848 in
2201 797 2337 851 vobis
2368 807 2440 851 est
2470 796 2697 868 Spiritus
2724 800 2923 863 sancti,
2954 817 3100 869 quem
3131 800 3326 854 habetis
3352 818 3384 853 a
3421 799 3529 854 Deo

3418 408 3521 466 306

1947 886 1998 957 (Ι
2027 887 2146 942 Cor.
2178 904 2262 953 τι,
2312 888 2433 960 I9).
2477 889 2616 959 Ergo
2658 890 2701 944 si
2755 890 2967 945 habetis
3010 908 3038 944 a
3089 893 3201 948 Deo
3244 894 3445 961 Deum,
3476 902 3532 948 et

1946 982 2201 1052 templum
2248 983 2339 1037 Dei
2382 984 2535 1049 estis,
2565 992 2620 1038 et
2663 998 2860 1054 corpus
2894 993 3131 1040 vestrum
3163 987 3418 1056 templum
3445 996 3531 1040 est

1945 1074 2176 1146 Spiritus
2205 1077 2402 1142 sancti;
2434 1091 2752 1147 quocunque
2790 1092 2897 1132 non
2934 1087 3184 1147 receptus
3224 1078 3385 1133 fuerit
3411 1078 3529 1148 Spi-

1947 1172 2109 1238 ritus,
2143 1186 2248 1225 non
2279 1170 2489 1241 capitur
2540 1171 2699 1227 Deus.
2748 1170 2912 1241 igitur
2952 1186 3075 1226 cum
3106 1171 3233 1225 talia
3277 1171 3528 1238 dicimus,

1950 1278 2056 1318 non
2112 1262 2265 1318 nobis
2312 1262 2688 1319 obirascantur
2736 1262 2929 1333 quibus
2981 1272 3226 1318 sanctum
3274 1261 3533 1331 Spiritum

1950 1358 2274 1429 persuadere
2294 1372 2553 1414 conamur
2577 1375 2590 1412 :
2613 1357 2738 1428 quia
2764 1357 2868 1413 nisi
2894 1357 3035 1412 Deus
3055 1356 3315 1419 creditur,
3345 1354 3535 1424 ignoro

1948 1450 2075 1521 quid
2105 1450 2172 1507 de
2190 1451 2452 1521 prasenti
2484 1450 2773 1506 festivitate
2801 1449 3027 1514 dicatur,
3060 1456 3152 1504 aut
3174 1447 3301 1518 quid
3331 1446 3384 1502 in
3412 1445 3530 1516 ejus

1952 1545 2183 1601 adventu
2214 1544 2435 1600 honoris
2467 1544 2750 1600 haereticus
2793 1544 3036 1607 excolat,
3077 1557 3235 1610 quem
3278 1549 3535 1609 quantum

1952 1637 2017 1692 ad
2048 1652 2107 1693 se
2131 1646 2247 1705 est,
2286 1637 2446 1692 etiam
2484 1636 2703 1692 nomine
2733 1636 3005 1692 servitutis
3031 1632 3251 1689 inclinat
3276 1648 3289 1685 :
3320 1645 3442 1685 cum
3472 1630 3535 1686 li-

1952 1739 2057 1795 cet,
2109 1727 2153 1782 si
2194 1743 2289 1784 vos
2314 1728 2479 1783 Filius
2513 1727 2843 1791 liberaverit,
2882 1737 3008 1780 tunc
3043 1738 3167 1780 vere
3217 1722 3371 1777 liberi
3420 1722 3538 1777 sitis

1955 1822 2139 1889 (Joan.
2155 1838 2269 1888 vin,
2298 1821 2411 1891 '56),
2433 1821 2522 1876 ubi
2545 1831 2720 1877 tamen
2746 1819 2978 1891 Spiritus
3001 1818 3208 1873 Domini
3226 1817 3299 1873 ibi
3318 1816 3539 1874 libertas

281 1914 365 1961 est
409 1906 592 1975 procul
622 1904 783 1960 dubio
820 1905 873 1959 in
920 1904 1231 1959 substantias
1272 1901 1600 1973 perfectione
1640 1908 1848 1954 natura.

1959 1918 2046 1989 (II
2067 1917 2190 1977 Cor.
2210 1934 2297 1987 ιιι,
2329 1918 2441 1989 17).

276 1997 461 2068 Neque
487 1999 627 2053 enim
660 1999 829 2068 major
848 1997 1132 2053 autminor
1158 2005 1272 2063 est,
1297 1998 1385 2067 qui
1416 2010 1515 2051 nec
1542 1995 1717 2049 minus
1753 2009 1850 2049 nec

273 2090 503 2159 amplius
545 2101 701 2145 notus
726 2100 823 2146 est.
853 2090 991 2157 Quid
1027 2104 1169 2145 nunc
1208 2089 1273 2144 de
1302 2089 1505 2161 Spiritu
1547 2096 1733 2143 sancto
1767 2086 1849 2142 di-

274 2195 479 2247 cemus,
513 2196 669 2251 quem
708 2181 929 2237 credere
957 2190 1318 2251 consequente
1347 2180 1576 2251 symboli
1610 2189 1763 2249 parte
1794 2177 1875 2235 in’

274 2274 532 2330 Trinitate
583 2274 954 2345 praecipimur?
994 2274 1178 2344 Neque
1228 2274 1408 2341 enim,
1451 2273 1496 2329 si
1540 2272 1752 2327 Patrem
1797 2282 1852 2327 et

276 2366 467 2421 Filium
506 2366 609 2422 sibi
632 2366 869 2423 invicem
906 2368 1117 2424 confert
1155 2367 1256 2423 ista
1300 2367 1519 2435 notitia,
1551 2367 1757 2422 alienus
1784 2367 1852 2422 ab
1894 2388 1897 2391 ν

276 2473 336 2514 ea
368 2459 469 2514 crit
493 2459 721 2528 Spiritus
750 2468 988 2526 sanctus,
1017 2460 1086 2516 de
1113 2476 1217 2530 quo
1243 2460 1493 2516 scribitur
1517 2459 1657 2530 quod
1689 2459 1854 2531 Spiri-

274 2560 355 2606 tus
392 2553 561 2606 omnia
590 2562 861 2621 scrutatur,
898 2555 1049 2607 etiam
1076 2553 1370 2609 altitudines
1411 2550 1509 2605 Dei
1557 2550 1612 2624 (I
1643 2552 1759 2606 Cor.
1784 2566 1851 2616 ιι,

277 2642 389 2713 10).
418 2643 559 2714 Ergo
592 2659 697 2698 non
740 2642 1107 2698 tantummodo
1151 2659 1209 2700 se
1249 2644 1407 2701 Pater
1443 2655 1498 2701 et
1526 2644 1714 2712 Filius,
1758 2643 1855 2699 sed

273 2736 527 2806 Spiritum
559 2751 711 2790 suum
756 2743 982 2802 norunt;
1020 2736 1103 2792 cui
1135 2736 1255 2793 ideo
1285 2739 1417 2793 nihil
1456 2738 1676 2794 omnino
1713 2737 1857 2794 cela-

278 2840 395 2898 tur,
446 2831 567 2901 quia
624 2831 755 2887 nihil
804 2833 919 2887 sine
970 2832 1062 2887 illo
1113 2831 1166 2887 in
1212 2832 1441 2889 veritate
1490 2832 1854 2903 cognoscitur.

275 2925 535 2992 Quocirca
565 2927 642 2981 sic
672 2936 756 2981 est
800 2926 1055 2996 cognitio,
1100 2925 1238 2980 sicut
1275 2926 1583 2996 cooperatio
1623 2924 1855 2981 Trinita-

275 3019 366 3072 tis.
392 3017 522 3072 Nam
556 3026 675 3087 post
722 3018 861 3072 istud
891 3019 1248 3089 generationis
1277 3019 1468 3074 divina:
1508 3020 1851 3092 mysterium,

272 3113 323 3165 si
374 3110 424 3164 in
482 3108 696 3164 Christo
752 3110 1048 3179 cogitemus
1099 3111 1367 3181 humana,
1428 3111 1568 3183 quod
1615 3112 1851 3167 celebra-

277 3217 407 3257 mus
453 3200 733 3285 Virginem-
779 3204 1080 3272 peperisse,
1131 3203 1289 3259 Pater
1338 3202 1515 3269 misit,
1560 3202 1728 3257 Filius
1765 3216 1855 3257 ve—

2697 2006 2807 2062 VII.

2277 2102 2383 2173 (Ex
2415 2117 2665 2159 sermone
2692 2101 2759 2156 de
2788 2099 2959 2155 Natali
2989 2098 3217 2170 calicis.)
3488 2160 3493 2165 ε

2029 2201 2109 2257 Eo
2156 2198 2554 2271 superstitionis
2608 2198 2711 2254 ritu
2764 2196 3013 2267 plectitur
3065 2194 3311 2264 impietas
3366 2192 3539 2261 rebel-

1959 2296 2184 2351 lantium
2205 2293 2544 2356 Judteorum,
2580 2299 2638 2345 ut
2685 2289 2882 2345 animal
2930 2286 3309 2357 corruptibile,
3359 2284 3411 2339 id
3457 2292 3542 2339 est

1957 2403 2150 2459 agnum
2170 2429 2184 2449 .
2217 2400 2339 2442 cum
2369 2383 2718 2440 veneratione
2758 2379 3073 2443 comedent,
3102 2378 3193 2448 qui
3223 2377 3334 2433 veri
3358 2384 3412 2430 ct
3440 2374 3540 2430 im-

1960 2480 2208 2537 maculati
2251 2478 2388 2550 Agni
2415 2490 2592 2533 escam
2638 2472 3088 2545 periculosissima
3127 2469 3267 2524 fame
3301 2475 3541 2522 contem-

1961 2580 2116 2628 nunt.
2152 2568 2301 2625 Unde
2329 2568 2430 2623 sibi
2458 2566 2709 2621 videntur
2739 2564 3001 2634 paschalis
3027 2561 3149 2617 festi
3177 2574 3336 2631 agere
3365 2572 3541 2613 sacra-

1960 2670 2201 2719 mentum
2224 2705 2237 2728 ,
2273 2659 2425 2729 cujus
2452 2657 2613 2712 hodie
2640 2655 2815 2711 omnis
2840 2653 3082 2709 Ecclesia
3110 2651 3322 2706 initium
3349 2648 3542 2711 sumit,

1961 2753 2274 2825 mysterium
2321 2750 2613 2820 intelligit,
2663 2747 2942 2818 praemium
2986 2742 3355 2813 concupiscit,
3398 2738 3542 2810 quod

1959 2862 2142 2904 sermo
2172 2843 2386 2900 Domini
2415 2841 2691 2911 discipulis
2732 2840 2845 2894 suis
2887 2836 3165 2893 evidenter
3200 2833 3432 2889 insinuat
3460 2832 3543 2885 di-

1959 2953 2126 2993 cens:
2162 2935 2316 2992 Scitis
2360 2934 2481 3003 quia
2526 2940 2637 3002 post
2680 2911 3141 2984 biduum'Pascha
3189 2925 3275 2993 fiet
3321 2920 3539 2993 (Matth.

1960 3045 2117 3095 xxvi,
2142 3028 2236 3099 2)?
2276 3026 2433 3083 Aliud
2480 3034 2667 3091 sonat,
2706 3024 2812 3078 erit
2845 3030 2937 3076 aut
2974 3016 3353 3082 celebrabitur,
3396 3013 3542 3069 aliud
3616 3070 3627 3083 λ

1960 3132 2137 3177 autem
2167 3121 2369 3176 Pascha
2395 3119 2507 3174 lict.
2529 3118 2784 3173 Numeret
2806 3129 2934 3186 ergo
2958 3114 3086 3169 mihi
3112 3110 3349 3175 Judmus,
3374 3122 3544 3178 usque
3620 3124 3629 3175 ί

1963 3230 2105 3270 nunc
2145 3214 2214 3269 ab
2247 3213 2394 3269 exitu
2426 3210 2620 3276 Israel,
2648 3218 2877 3280 quantos
2907 3205 3021 3261 vult
3048 3218 3256 3259 annos:
3287 3210 3541 3256 caeterum
3618 3254 3627 3262 ,

275 3294 392 3360 nit,
446 3266 675 3364 Spiritus
726 3266 947 3350 sanctus
996 3266 1202 3349 inludit.
1262 3266 1595 3365 Quapropter
1648 3309 1746 3350 nec
1800 3295 1855 3349 in
1885 3266 1934 3332 (ἶ
1963 3266 2434 3371 ᾗξᾷιιξριῖῑιηυιη
2464 3266 2638 3354 εάιιυξ
2666 3266 2799 3369 ’ροει
2841 3296 3062 3351 biduum
3103 3294 3225 3360 πίει,
3254 3308 3375 3348 cum
3407 3306 3543 3360 pm.

276 3387 581 3443 humilitate
624 3388 995 3445 minorationis
1037 3389 1381 3445 absconditur
1423 3389 1636 3446 claritas
1679 3402 1859 3458 aequa-

284 3483 469 3538 litatis.

1038 3577 1100 3633 V.

673 3668 776 3741 (Ex
810 3668 957 3725 libris
985 3677 1167 3725 contra
1193 3667 1466 3739 Arianos.)

366 3759 528 3815 Nobis
570 3770 741 3814 autent
791 3758 927 3815 Deus
975 3761 1212 3816 reuelauit
1254 3776 1343 3829 per
1388 3760 1642 3828 Spiritum
1688 3774 1855 3812 suum.

285 3856 514 3926 Spiritus
547 3856 677 3908 enim
708 3856 877 3909 omnia
905 3864 1179 3924 scrutatur,
1220 3855 1371 3907 etiam
1407 3854 1699 3907 altitudines
1740 3851 1858 3905 Dei.

288 3949 414 4014 Quis
452 3949 587 4001 enim
628 3947 887 4000 hominum
935 3948 1068 3999 novit
1099 3961 1211 4015 qua:
1248 3947 1301 3999 in
1327 3945 1530 4000 homine
1567 3954 1722 4009 sunt,
1762 3942 1860 3997 nisi

286 4040 492 4106 spiritus
530 4039 748 4092 hominis
776 4039 859 4104 qui
902 4038 953 4091 in
998 4038 1108 4107 ipso
1147 4039 1258 4090 est?
1288 4036 1377 4092 Sic
1419 4046 1465 4092 et
1503 4054 1615 4108 qua:
1663 4040 1715 4092 in
1753 4037 1861 4093 Deo

286 4141 404 4186 sunt
433 4148 580 4185 nemo
625 4133 792 4196 novit,
836 4131 934 4183 nisi
974 4130 1198 4199 Spiritus
1241 4128 1336 4182 Dei
1381 4127 1580 4200 (Ibid.,
1611 4129 1707 4195 10,
1741 4130 1861 4199 II).

287 4224 440 4294 Rogo
466 4224 802 4293 suppliciter,
838 4224 1013 4277 locum
1045 4221 1234 4286 istum,
1266 4229 1325 4275 ut
1357 4230 1481 4291 pote
1522 4220 1803 4274 illuminati
1833 4236 1862 4272 a

287 4316 400 4370 Deo
427 4314 641 4379 arbitri,
671 4316 930 4384 iudicate;
962 4323 1015 4368 et
1045 4320 1222 4366 utrum
1259 4312 1482 4382 aequalis
1510 4313 1580 4366 sit
1607 4312 1748 4367 Patri
1780 4311 1866 4367 vel

288 4408 427 4465 Filio
467 4408 697 4477 Spiritus
726 4418 961 4470 sanctus,
987 4421 1052 4460 ex
1098 4404 1210 4472 ipsa
1236 4403 1476 4459 scientia:
1504 4416 1614 4457 suae
1644 4400 1867 4473 profun-

288 4501 454 4554 ditate
502 4498 831 4569 perpendite.
861 4498 1029 4553 Nemo
1072 4497 1220 4552 novit
1270 4496 1492 4562 I'ilium,
1535 4494 1637 4550 nisi
1685 4495 1860 4562 Pater,

284 4606 465 4662 neque
492 4589 703 4645 Patrem
742 4590 863 4659 quis
894 4590 1040 4643 novit
1086 4589 1185 4644 nisi
1232 4589 1423 4644 Filius.
1468 4588 1577 4645 Sed
1604 4591 1728 4659 quia
1767 4602 1869 4644 nec

286 4685 470 4751 Pater,
513 4699 611 4739 nec
651 4684 845 4751 Filius,
893 4684 1009 4739 sine
1049 4685 1247 4755 Spiritu
1294 4683 1494 4754 aliquid
1525 4685 1702 4750 novit,
1746 4683 1867 4740 ideo

284 4789 409 4845 qua:
451 4776 506 4829 in
537 4775 647 4829 Deo
674 4784 795 4829 sunt
825 4791 982 4830 nemo
1012 4776 1144 4841 scit,
1176 4774 1277 4830 nisi
1321 4774 1553 4844 Spiritus
1584 4775 1710 4843 Dei;
1740 4777 1866 4846 quia

285 4880 391 4921 nec
415 4866 643 4936 Spiritus
672 4866 809 4921 scire
842 4865 1036 4935 aliquid
1063 4858 1177 4921 sine
1212 4866 1365 4921 Patre
1392 4867 1473 4921 vel
1505 4865 1638 4922 Filio
1668 4876 1858 4937 potest.

284 4958 428 5025 Quid
467 4968 578 5027 est,
608 4974 764 5013 nemo
795 4959 941 5013 novit
982 4969 1177 5028 praeter
1204 4958 1413 5014 Patrem
1434 5001 1451 5026 ,
1483 4976 1642 5016 nemo
1674 4972 1867 5030 praeter

284 5052 518 5116 Filium,
552 5067 709 5106 nemo
750 5061 943 5122 praeter
988 5051 1244 5121 Spiritum
1290 5061 1562 5119 sanctum,
1609 5052 1710 5107 nisi
1741 5054 1863 5123 quia

282 5148 345 5202 in
373 5144 631 5199 Trinitate
662 5155 855 5214 praeter
896 5149 1151 5197 unitatem
1203 5143 1337 5197 nihil
1380 5157 1661 5212 possumus
1710 5144 1863 5199 inve-
1910 5186 1919 5194 .

282 5237 446 5291 nire?
474 5236 717 5305 Legimus
745 5236 849 5291 alio
879 5235 1017 5299 loco,
1052 5235 1151 5301 Qui
1193 5232 1388 5288 Filium
1410 5252 1513 5289 non
1555 5236 1736 5302 habet,
1775 5252 1865 5289 nec

284 5327 506 5382 Patrem
535 5328 679 5381 habet
716 5326 767 5398 (Ι
797 5326 951 5382 Joan.
978 5343 1043 5394 ιι,
1080 5326 1192 5397 25).
1228 5325 1462 5395 Itemque
1498 5326 1604 5380 alio
1642 5328 1780 5394 loco,
1805 5328 1865 5381 Si

281 5422 402 5489 quis
425 5422 677 5493 Spiritum
694 5421 879 5475 Christi
907 5436 1004 5475 non
1026 5420 1195 5487 habet,
1217 5420 1301 5475 hic
1327 5438 1426 5475 non
1449 5432 1524 5475 est
1548 5422 1655 5491 ejus
1680 5421 1861 5493 (Rom.

282 5513 517 5583 vm,9).
545 5512 697 5578 Quod
741 5527 848 5568 non
886 5522 1058 5583 potest
1103 5527 1208 5569 non
1237 5513 1392 5569 simul
1438 5520 1603 5567 totum
1646 5511 1860 5577 haberi,

284 5606 562 5675 quomodo
589 5607 788 5677 poterit
813 5607 1016 5664 dividi?

1076 5699 1118 5753 Ι.

654 5791 753 5863 (Ex
780 5698 1119 5849 sermoneile
1144 5791 1507 5861 Pentecoste.)

367 5888 449 5944 Ατι
476 5888 673 5943 nescitis
700 5887 817 5958 quia
844 5886 1087 5957 templum
1115 5884 1212 5945 Dei
1249 5888 1396 5953 estis,
1426 5895 1473 5941 et
1509 5884 1735 5957 Spiritus
1768 5882 1871 5945 Det
1904 5953 1927 5959 Α,

1967 3398 2153 3455 teritas
2185 3396 2411 3465 implens
2441 3394 2657 3463 ﬁguras,
2698 3391 2839 3446 sicut
2879 3387 3168 3456 Apostolus
3194 3387 3303 3449 ait,
3339 3383 3546 3438 Pascha
3627 3416 3633 3424 ρ

1967 3501 2197 3546 nostrum
2224 3487 2514 3543 immolatus
2540 3493 2611 3539 est
2643 3483 2872 3537 Christus
2900 3477 2953 3551 (ι
2982 3478 3102 3534 Cor.
3126 3494 3213 3548 ιιι,
3239 3478 3349 3547 16).

2681 3574 2813 3631 VIII.

2308 3669 2409 3741 (Ex
2439 3667 2587 3723 libris
2612 3664 2809 3722 Contra
2839 3662 3217 3731 Pliantasma.)

2039 3765 2176 3833 Quid
2203 3764 2282 3819 vel
2310 3764 2399 3819 illo
2424 3761 2667 3833 Apostoli
2692 3775 2939 3817 sermone
2970 3757 3217 3825 lucidius,
3248 3764 3377 3825 ctc.,
3404 3763 3460 3810 ut
3492 3756 3545 3809 in

1968 3859 2185 3931 cpistola
2213 3858 2247 3912 2
2288 3858 2412 3931 (col.
2449 3854 2575 3924 206,
2601 3856 2677 3927 c),
2707 3871 2860 3925 usque
2899 3854 2968 3908 ad
2996 3851 3087 3925 qui
3125 3851 3297 3923 legem
3326 3849 3546 3907 dederat

1969 3957 2022 4009 in
2056 3962 2343 4024 praecepto.

2714 4038 2805 4095 IX.

2399 4136 2498 4207 (Ex
2529 4148 2779 4190 sermone
2805 4130 2872 4185 de
2897 4130 3077 4197 Jona.)
3350 4178 3362 4192 ,

2043 4226 2286 4294 Pelagus,
2320 4224 2520 4294 inquit,
2550 4222 2742 4291 Operuit
2785 4229 2935 4288 caput
2973 4232 3138 4271 meum
3182 4212 3337 4285 (Jan.
3374 4227 3441 4278 tt,
3467 4211 3550 4281 6).

1973 4320 2085 4375 Nec
2116 4318 2253 4373 istud
2286 4316 2481 4372 frustra
2511 4315 2577 4371 de
2616 4313 2735 4369 solo
2760 4312 2934 4383 capite
2960 4308 3205 4376 dicebat,
3234 4320 3391 4378 quem
3422 4304 3550 4359 abs-

1972 4428 2076 4483 que
2106 4411 2269 4466 dubio
2318 4410 2535 4480 pelagus
2579 4406 2722 4461 omni
2768 4421 2831 4459 ex
2880 4414 3029 4473 parte
3067 4408 3409 4463 contexerat;
3455 4396 3550 4454 sed

1973 4504 2170 4560 celavit
2206 4499 2527 4558 contumelia
2556 4496 2739 4553 mundi
2776 4495 3057 4551 Dominum
3085 4491 3226 4549 coeli.
3256 4489 3428 4560 Caput
3454 4488 3552 4544 viri

1974 4596 2255 4662 Christus,
2288 4602 2451 4664 caput
2488 4600 2663 4645 autem
2695 4588 2894 4644 ChriSIi
2940 4588 3081 4642 Deus
3124 4584 3178 4657 (Ι
3208 4582 3329 4639 Cor.
3354 4598 3442 4648 ιι,
3474 4580 3550 4649 3).

1988 4689 2193 4744 Velavit
2234 4684 2505 4740 humilitas
2536 4697 2654 4737 mea
2684 4681 2906 4751 gloriam
2952 4693 3155 4742 meam,
3186 4685 3241 4731 et
3283 4674 3423 4729 Deus
3450 4667 3552 4745 (II

1979 4782 2099 4838 Cor.
2124 4795 2176 4845 v,
2205 4780 2315 4849 l9),
2344 4777 2431 4847 qui
2463 4774 2610 4845 quasi
2640 4781 2802 4842 caput
2838 4774 3009 4828 inerat
3046 4767 3259 4823 Christo
3296 4764 3553 4821 mundum

1977 4869 2334 4927 reconcilians
2358 4866 2493 4930 sibi,
2524 4865 2591 4919 ah
2622 4863 2699 4917 eis
2722 4862 2810 4932 qui
2844 4862 3111 4916 hominem
3142 4857 3385 4929 patibulo
3427 4871 3553 4912 con-

1978 4966 2237 5029 tlxerant,
2271 4972 2374 5013 non
2407 4955 2579 5028 potuit
2608 4953 2893 5025 pervideri.

2176 5060 2179 5061 '
2623 5045 2801 5100 AX.

2339 5145 2443 5218 (Ex
2471 5155 2720 5198 sermone
2746 5142 2780 5194 ’5
2806 5134 3200 5208 Rogationum.)
3428 5210 3433 5213 Χ

2052 5238 2342 5296 Praesentis
2386 5233 2571 5291 sceculi
2601 5233 2762 5301 actio,
2809 5228 2987 5284 dilatis
3026 5238 3305 5283 causarum
3349 5219 3553 5274 eventi-

1981 5335 2107 5399 bus,
2136 5330 2373 5386 omnium
2406 5340 2629 5397 cperunt
2674 5322 3027 5393 perversitate
3070 5315 3287 5371 confusa
3307 5351 3322 5374 ,
3347 5323 3451 5362 non
3474 5315 3555 5360 est

1980 5396 2220 5494 tempus,
2253 5419 2346 5475 sed
2376 5396 2534 5474 causa
2576 5414 2780 5486 judicii.
2814 5412 2889 5466 Da
2918 5422 3078 5481 porro
3119 5408 3170 5460 in
3207 5396 3556 5472 prtesentihus

1975 5517 2285 5573 evidentem
2316 5512 2576 5567 bonorum
2602 5508 2969 5572 malorumque
2993 5495 3327 5557 distantiam,
3357 5498 3410 5544 rt
3438 5505 3558 5544 exa-

1973 5608 2107 5665 mini
2150 5605 2275 5677 quid
2308 5599 2597 5659 remansit?
2638 5598 2713 5653 Da
2745 5592 2931 5649 ut‘hic
2978 5589 3173 5643 malum
3218 5583 3345 5638 nulli
3400 5582 3557 5677 liceat

1976 5673 2183 5761 facere,
2201 5696 2328 5765 quid
2359 5691 2630 5749 aeternitas
2660 5688 2779 5756 plus
2810 5681 3059 5737 habebit?
3093 5679 3161 5732 Da
3192 5686 3245 5732 ut
3278 5678 3362 5730 hic
3393 5690 3419 5727 a
3454 5673 3555 5727 fide

1976 5793 2156 5848 nullus
2181 5788 2471 5850 exorbitet,
2496 5793 2550 5838 et
2575 5781 2808 5833 lncrcscs
2835 5789 2953 5830 esse
2984 5771 3033 5843 (1
3061 5772 3179 5826 Cor.
3204 5787 3253 5826 xi
3272 5811 3287 5837 ,
3316 5769 3402 5837 l9)
3429 5781 3556 5836 qua-

1933 5952 1944 5959 .
1980 5884 2107 5942 liter
2125 5880 2372 5953 oportet?
2398 5878 2580 5944 Neque
2600 5870 2741 5928 enim
2768 5882 3048 5941 possumus
3068 5865 3408 5924 dissimulare
3428 5860 3554 5931 quin
