4092 6350
502 270 604 325 507

1774 278 1833 333 S.
1881 275 2059 331 AVITI
2103 276 2504 335 VIENNENSIS

3680 290 3783 347 508

454 400 463 407 “
499 397 745 459 oporteat
772 391 915 461 quod
949 401 1198 462 oportere
1227 392 1420 445 veritas
1460 391 1676 452 clamat.
1700 393 1925 462 Oportet
1951 406 2081 451 vero
2109 394 2157 454 Α
2185 404 2404 463 patulas
2437 397 2486 449 in
2517 395 2639 453 ειηΙο
2667 404 2710 450 et
2741 397 2792 451 itt
2825 404 2957 452 terra
2989 397 3211 468 (Matth.
3246 418 3425 468 xxvtu,
3460 403 3567 473 18),
3604 414 3658 459 ιιι
3690 422 3784 475 po-

497 495 618 534 esse
661 481 957 565 hzercsem,
1000 499 1103 537 non
1150 484 1270 553 quia
1312 483 1427 552 ejus
1475 487 1796 559 commentis
1841 485 2085 543 Christus

416 568 419 571 ’
498 574 781 643 minuitur,
825 576 915 631 sed
959 577 1079 645 quia
1126 576 1242 644 ejus
1289 576 1499 633 insidiis
1544 578 1882 639 Christianus
1926 595 2084 649 auge-

499 678 604 721 tur.
638 667 728 722 Sic
768 676 893 720 sunt
920 667 1113 733 etiam,
1146 675 1341 736 praeter
1370 667 1780 729 fornicationem
1824 686 1942 746 qua:
1970 670 2083 729 sola

496 765 547 813 tu
587 773 782 829 corpus
826 759 1097 831 proprium
1149 768 1369 829 peccat,
1416 768 1609 817 eaztera
1662 762 1836 829 mala,
1888 763 1931 823 si
1979 776 2082 819 non

492 851 688 923 vestias
715 850 948 919 nudum,
973 851 1016 909 si
1044 850 1235 922 punias
1264 853 1629 919 innocentem,
1658 852 1702 906 si
1734 853 1909 922 rapias
1959 868 2084 923 pro-

488 922 656 1007 ximo,
683 939 731 994 si
761 950 948 1010 parato
977 943 1136 995 etiam
1164 941 1382 1015 pallium
1408 944 1603 999 cedere
1630 943 1862 999 tunicam
1898 942 2076 1013 tollas,

486 1031 529 1083 si
568 1030 763 1085 malam
787 1034 1065 1087 dexteram
1102 1032 1358 1088 verberes
1389 1033 1549 1088 etiam
1580 1033 1765 1088 ltevam
1795 1034 2076 1103 offerenti,

486 1120 529 1172 si
564 1136 658 1189 per
688 1122 836 1177 mille
867 1137 1055 1191 passus
1085 1136 1338 1187 onustum
1371 1124 1594 1195 dirigas,
1630 1135 1685 1182 ct
1722 1140 1815 1194 per
1847 1127 1945 1180 alia
1974 1128 2080 1185 duo

485 1212 694 1268 servire
730 1214 1095 1268 meditantem.
1129 1216 1236 1269 Aut
1273 1213 1401 1285 quid
1445 1214 1647 1271 diutius
1689 1218 1958 1276 violentia:
1987 1234 2079 1288 ge-

487 1318 613 1357 nera
654 1306 986 1374 persequar?
1027 1306 1084 1360 ltt
1114 1309 1259 1373 omni
1301 1308 1527 1378 imperio
1555 1306 1794 1364 fortioris
1827 1313 2076 1385 superbia

487 1398 838 1471 temporalem
870 1399 1030 1456 habet
1074 1400 1296 1471 iubendi
1340 1400 1600 1468 fructum,
1646 1415 1906 1477 arternutu
1952 1422 2079 1463 vero

485 1493 793 1551 innocentia
828 1494 1082 1565 patiendi.

1228 1587 1320 1645 XI.

868 1680 969 1752 (Ex
1000 1682 1150 1739 libris
1175 1685 1377 1757 Contra
1405 1690 1689 1761 Arianos.)

2190 488 2634 553 testatetn-illam,
2676 504 2833 558 quam
2880 490 2980 545 sibi
3010 490 3220 549 dit-tabat
3247 493 3447 559 datam,
3482 511 3696 564 sctttpcr
3726 500 3776 552 itt

2190 590 2375 635 natura
2417 581 2713 639 divinitatis
2772 597 2884 645 suae
2937 582 3140 641 salvam
3186 584 3348 644 fuisse
3393 598 3773 653 monstrarent,

2186 678 2607 737 commemoravi
2656 678 3011 748 apostolicum
3056 678 3186 735 illud
3226 681 3365 748 quod
3417 681 3484 739 de
3525 683 3661 739 Filio
3700 685 3778 739 di-

2186 774 2329 823 ctum
2360 776 2442 827 est
2470 785 2480 819 :
2514 766 2644 827 Cum
2689 770 2955 829 tradiderit
2998 787 3211 840 regnum.
3247 772 3353 829 1)ίό
3381 772 3529 831 Patri
3562 778 3581 847 (
3600 774 3624 828 1
3655 775 3773 832 Cor.

2186 872 2272 925 xv,
2306 859 2436 930 Ἡ),
2471 876 2591 921 cum
2625 862 2809 934 utique
2831 862 2997 927 Pater.
3020 864 3177 929 nullo.
3196 875 3439 933 tempore
3463 869 3578 925 sine
3611 886 3775 941 regno

2186 966 2308 1011 esse
2351 954 2577 1021 potuerit
2608 974 2620 1007 :
2656 970 2755 1013 nec
2783 956 2904 1021 ideo
2937 957 3175 1024 Patrem.
3203 960 3290 1029 qui
3326 969 3649 1031 potutatcm
3686 965 3774 1020 Fi~

2185 1046 2257 1100 lio
2286 1046 2433 1103 dedit
2458 1062 2579 1109 esse
2610 1050 2891 1119 majorem,
2936 1067 3056 1111 cum
3094 1062 3149 1111 ct
3197 1055 3310 1124 ipsa
3340 1054 3505 1112 Filius
3555 1072 3771 1128 regnum

2186 1136 2331 1197 Patri
2363 1139 2653 1201 traditurus
2677 1156 2799 1203 esse
2818 1142 3045 1205 dicatur.
3072 1145 3341 1205 Ultieuim
3364 1148 3772 1217 quisbencticio

2184 1226 2385 1300 aliquid
2414 1230 2661 1297 confert.
2710 1233 2833 1302 jure
2860 1234 3124 1295 censetur
3156 1238 3325 1307 maior
3367 1241 3662 1310 accipiente
3685 1246 3771 1314 qui

2183 1318 2367 1379 donat.
2400 1321 2455 1389 fu
2478 1323 2815 1384 divinitatem
2839 1336 3039 1393 autem,
3064 1343 3129 1387 ex
3152 1345 3254 1400 qua
3278 1332 3415 1401 quod
3439 1334 3779 1394 ineli‘abiliter-

2186 1410 2293 1466 filio
2335 1412 2493 1471 datur
2523 1430 2630 1472 non
2666 1426 2751 1475 est
2788 1419 2981 1488 gratia.
3012 1422 3107 1479 sed
3142 1432 3351 1490 natura,
3386 1438 3554 1482 restat
3596 1430 3772 1489 dantis

2183 1516 2231 1560 et
2262 1508 2576 1579 accipientis
2601 1512 2899 1581 aequalitas.

2272 1629 2276 1633 -
2904 1605 3045 1666 XVI.

2535 1694 2555 1765 (
2580 1693 2657 1751 Ex
2712 1696 2863 1758 libris
2890 1696 3105 1761 Contra.
3121 1701 3372 1763 Asianos

554 1772 693 1829 Dicit
718 1774 1026 1853 Apostolus,
1053 1779 1195 1851 quod
1223 1791 1450 1855 oporteat
1481 1783 1695 1839 Itazreses
1720 1798 1824 1843 esse
1855 1780 2067 1857 (Ibid).
2102 1774 2150 1843 Β
2250 1779 2377 1841 Cum
2425 1793 2594 1849 autem
2634 1786 3081 1859 sttbjsclaluesint
3106 1793 3185 1849 illi
3221 1796 3415 1860 omnia,
3445 1802 3577 1854 tunc
3619 1802 3771 1859 etiam

483 1862 706 1933 Oportet
742 1876 951 1933 autem,
997 1883 1100 1922 non
1134 1869 1402 1929 hmreticis
1443 1874 1587 1944 quod
1630 1884 1757 1935 sunt
1794 1889 1943 1949 esse,
1979 1874 2085 1939 sed,

480 1955 756 2010 catholicis
799 1957 1065 2013 sustinere
1103 1960 1245 2031 quod
1291 1977 1398 2025 non
1448 1974 1591 2018 sunt.
1640 1965 1791 2020 Sicut
1826 1956 1898 2019 de
1934 1964 2069 2019 .luda

479 2043 741 2100 traditore
766 2061 863 2100 suo
891 2047 1142 2123 Dominus
1176 2048 1349 2117 dixit,
1379 2055 1521 2122 quod
1561 2054 1744 2108 bonum
1776 2055 1943 2125 fuerat
1976 2056 2070 2109 Ito-

481 2135 607 2188 mini
636 2135 716 2190 illi
753 2154 853 2191 non
898 2141 1035 2192 nasci
1068 2138 1282 2211 (Matth.
1309 2158 1469 2208 xxvr,
1493 2144 1611 2217 2i).
1645 2145 1770 2200 lttdc
1815 2148 1957 2203 enim
1999 2148 2074 2209 ait

478 2229 591 2295 illi,
621 2231 743 2305 quia
780 2240 928 2307 tuum
976 2233 1120 2288 nasci
1156 2234 1237 2289 illi
1286 2236 1485 2293 malum
1523 2248 1641 2295 erat
1687 2240 1776 2311 qui
1820 2240 2066 2306 tradidit,

478 2320 645 2399 nobis.
684 2322 919 2393 bonum,
967 2326 1031 2379 ad
1090 2339 1226 2396 quos
1275 2327 1420 2385 salus
1470 2344 1534 2386 ex
1596 2331 1882 2403 traditione
1945 2348 2066 2411 pcr-

478 2416 648 2470 venit.
1122 2410 1129 2413 “

1217 2511 1328 2568 XII.

859 2596 968 2675 (Ex
991 2598 1143 2657 libris
1167 2600 1365 2661 Contra
1396 2605 1643 2675 AIIaDOS,
1671 2609 1689 2678 )

543 2687 677 2744 Cum
722 2684 1099 2767 apparuissent
1125 2698 1299 2767 angeli
1348 2698 1401 2754 in
1434 2710 1575 2757 terra
1597 2744 1611 2770 ,
1643 2703 2059 2779 clamaverunt:

410 2842 411 2847 η
471 2776 654 2835 Gloria
677 2781 731 2835 in
758 2784 970 2840 excelsis
1014 2783 1123 2840 Deo
1153 2786 1315 2859 (Luc.
1348 2806 1409 2857 tt,
1444 2790 1569 2863 H).
1603 2792 1656 2849 Si
1700 2794 1858 2859 Pater
1885 2806 1939 2859 et
1967 2778 2057 2854 Fi-

466 2868 575 2924 lius
601 2878 657 2926 ct
684 2871 915 2947 Spiritus
942 2878 1240 2941 sanctusjn
1261 2881 1488 2938 excelsis
1510 2894 1615 2950 est,
1644 2884 1781 2941 bene
1805 2887 2052 2960 dicimus,

466 2960 647 3016 Gloria
680 2961 819 3019 Patri
842 2973 905 3019 et.
924 2965 1055 3023 Filio
1076 2979 1128 3023 et
1148 2968 1369 3040 Spiritui
1394 2983 1609 3041 sancto;
1635 2992 1731 3032 nec
1772 2993 2055 3047 possumus

466 3049 611 3107 Patri
657 3054 776 3111 sine
826 3056 959 3112 Filio
1006 3061 1232 3135 gloriam
1284 3064 1649 3139 honoremque
1704 3070 1873 3139 dare,
1929 3088 2050 3129 cum

464 3142 581 3214 ipse
611 3145 662 3200 in
698 3146 990 3219 Evangelia
1006 3119 1236 3225 vjuheat,
1290 3155 1357 3210 Ut
1405 3119 1576 3215 omne:
1616 3162 1689 3216 sic
1718 3161 2054 3227 honoriﬁcent
2078 3119 2135 3185 Ω

464 3232 517 3285 F
520 3236 689 3302 ilium,
732 3241 858 3293 sicut
887 3241 1229 3312 honoriﬁcam
1272 3246 1481 3303 Patrem
1521 3250 1710 3323 (Joan.
1746 3271 1795 3320 ν,
1827 3255 1957 3325 25).
1990 3258 2058 3315 Et

461 3332 755 3399 Apostolus
785 3333 935 3403 dicit,
960 3339 1100 3408 quod
1130 3356 1276 3394 nemo
1297 3344 1518 3399 honorat
1553 3348 1829 3411 Dominum
1851 3350 2048 3421 Jesum,

462 3423 561 3475 nisi
593 3426 644 3478 in
675 3424 873 3496 Spiritu
902 3444 1075 3486 sancto
1106 3434 1124 3504 (
1153 3432 1177 3486 1
1208 3434 1327 3490 Cor.
1366 3454 1462 3505 xu,
1494 3440 1583 3511 5).

1177 3526 1314 3583 XIII.

782 3613 900 3682 (Ex
931 3614 1175 3684 epistolis
1208 3618 1406 3675 Contra
1440 3625 1723 3693 Ariattos.)

531 3700 605 3753 lle
654 3701 933 3759 divinitate
982 3706 1215 3776 Spiritus
1264 3714 1459 3781 saneti,
1495 3730 1651 3784 quem
1707 3733 1803 3775 nec
1853 3720 2048 3777 factum

456 3790 709 3861 legimus,
745 3810 841 3849 nec
871 3797 1133 3864 genitum,
1168 3815 1266 3854 nec
1317 3814 1577 3871 creatum,
1614 3809 1901 3877 Apostolus
1931 3814 2045 3868 ait:

454 3882 618 3950 Deus,
650 3886 739 3954 qui
767 3898 1005 3956 operatur
1033 3892 1201 3945 omnia
1229 3894 1281 3946 in
1330 3897 1563 3950 omnibus
1598 3900 1616 3968 (
1648 3898 1811 3967 lbitl.,
1859 3903 1948 3971 6).
1981 3904 2050 3959 Et

456 3974 647 4030 eodem
681 3977 797 4032 loco
832 3997 843 4031 :
882 3979 1071 4033 Omnia
1109 3993 1277 4036 autem
1324 3985 1431 4055 lucc
1457 4000 1696 4058 operatur
1739 4009 1869 4049 unus
1898 4008 2049 4065 atque

455 4068 591 4123 idem
633 4070 878 4142 Spiritus,
904 4072 1135 4130 dividens
1155 4077 1375 4149 singulis
1396 4092 1545 4150 prout
1571 4086 1673 4137 vult
1698 4088 1713 4155 (
1736 4084 1873 4142 Ibid.
1888 4129 1901 4152 ,
1934 4090 2044 4161 11).

450 4157 524 4215 Ει
572 4160 761 4218 Petrus
807 4165 857 4220 in
902 4166 1126 4223 Actibus
1169 4171 1533 4239 apostolorum
1563 4192 1582 4229 :
1626 4178 1764 4247 Quid
1791 4157 2045 4249 convenit,

451 4251 663 4324 inquit,
692 4256 824 4312 inter
846 4275 934 4315 vos
955 4263 1155 4316 mentiri
1186 4262 1409 4335 Spiritui
1424 4279 1599 4324 sancto
1626 4270 1643 4340 (
1664 4272 1775 4326 Act.
1798 4290 1850 4339 v,
1875 4275 1927 4340 5,
1952 4275 2047 4345 4)?

450 4342 523 4400 Et
552 4355 708 4416 post,
746 4349 866 4404 Non
914 4369 965 4406 es
994 4356 1232 4408 mentitus
1275 4357 1583 4425 hominibus,
1629 4365 1722 4416 sed
1758 4364 1880 4418 Deo.
1915 4342 2044 4421 Item

2178 1874 2287 1945 ipse
2311 1872 2484 1933 Filius
2513 1878 2771 1950 subiectus
2794 1883 2901 1941 erit.
2932 1884 3017 1945 illi
3032 1886 3242 1956 (μάλιὲὁό
3260 1889 3473 1962 subjecit
3495 1895 3687 1962 onmia,
3715 1914 3773 1952 ιο.

2177 1968 2242 2021 sit
2268 1966 2402 2026 Deus
2419 1970 2590 2027 omnia
2613 1971 2667 2029 in
2694 1973 2931 2037 omnibus
2959 1974 3160 2044 (Μίδα,
3188 1980 3258 2037 28
3280 1980 3319 2051 ).
3368 1981 3510 2039 Istud
3543 1986 3772 2056 Aposto-

2177 2058 2259 2121 lus
2278 2059 2347 2117 ab
2366 2062 2539 2117 octavi
2567 2064 2759 2135 psalmi
2785 2067 2962 2136 posuit
2987 2070 3256 2143 exemplo.
3279 2072 3370 2132 Sic
3388 2090 3620 2145 namque
3639 2080 3773 2135 scri-

2177 2164 2227 2222 pi
2239 2169 2324 2231 um
2348 2166 2428 2212 est
2443 2173 2459 2212 :
2482 2155 2754 2219 illinorasti
2769 2176 2883 2239 eum
2900 2164 3058 2246 paulo
3080 2166 3249 2225 minus
3268 2168 3332 2223 ab
3353 2172 3572 2242 angelis,-
3596 2178 3773 2230 omnia

2176 2248 2552 2319 subjecistisub
2592 2252 2953 2323 pedibus-ejus
2982 2255 3163 2329 (Ptol.
3200 2275 3310 2328 vttt,
3346 2262 3431 2332 ϐ).
3470 2264 3611 2336 Ergo
3652 2267 3770 2338 eius

2175 2341 2407 2411 pedibus
2442 2345 2621 2415 omnia
2653 2347 2855 2417 subdit,
2884 2365 3055 2421 quem.
3077 2355 3234 2423 paulo
3261 2356 3445 2414 minus
3466 2359 3535 2415 ab
3564 2362 3769 2432 angelis

2180 2436 2488 2507 utittct‘avil.
2517 2437 2626 2498 Nec
2674 2442 2867 2503 mirum
2908 2452 3013 2510 est.
3044 2454 3102 2503 ut
3143 2446 3194 2503 in
3225 2463 3287 2504 ea
3334 2460 3579 2508 creatura
3611 2453 3768 2511 Patre

2171 2528 2379 2589 dicatur
2422 2531 2619 2597 minor,
2672 2532 2729 2591 iu.
2769 2534 2948 2605 queui
2995 2538 3158 2595 etiam
3207 2539 3482 2598 beatitudo
3524 2545 3765 2616 angelica

2169 2622 2374 2695 exstitit
2403 2625 2592 2695 major.

2882 2700 3041 2761 XVII.

2494 2787 2513 2856 (
2531 2787 2606 2844 Ex
2640 2788 2803 2857 libris.
2818 2788 3017 2857 Contra
3045 2794 3429 2869 Phantasma.)

2238 2877 2335 2951 Ille
2382 2881 2532 2941 solus
2581 2882 2815 2953 hominis
2841 2896 3053 2947 statum.
3097 2899 3225 2959 etc.,
3259 2902 3313 2947 ut
3359 2893 3419 2949 in
3457 2894 3680 2964 epistola
3719 2897 3758 2951 ἓ

2163 2973 2286 3044 (col.
2316 2973 2444 3046 207,
2461 2974 2539 3047 a),
2558 2995 2715 3051 usque
2739 2981 2987 3054 adquam
3009 2995 3336 3058 susceperat,
3365 2988 3416 3042 in
3443 2987 3756 3047 infernade-

2159 3066 2439 3127 scandere.

2860 3144 3045 3201 XVIII.

2543 3232 2656 3303 (Ex
2684 3233 2837 3291 libris
2866 3247 3051 3294 contra
3084 3240 3337 3297 Ariauos.
3366 3272 3375 3280 -

2234 3323 2525 3391 Apostolus
2554 3324 2749 3385 Paulus
2796 3331 2863 3387 ad
2908 3331 3155 3400 Galatas,
3190 3350 3434 3408 personae
3488 3338 3752 3409 insepara-

2157 3414 2420 3473 bilitatem
2470 3418 2776 3490 designans,
2815 3423 2984 3492 ipsum
3016 3425 3144 3481 dicit
3193 3439 3371 3483 natum
3416 3430 3482 3484 de
3532 3434 3751 3491 muliere

2159 3522 2321 3577 quem
2350 3511 2497 3565 misit
2527 3510 2670 3567 Deus
2712 3513 2903 3568 Filium
2936 3532 3090 3571 suum
3118 3535 3131 3581 ;
3162 3519 3303 3574 sicut
3333 3521 3439 3575 alio
3471 3523 3610 3587 loco,
3640 3524 3751 3578 Pri»

2156 3614 2294 3664 mus,
2346 3602 2549 3670 inquit,
2604 3605 2756 3659 homo
2796 3609 2859 3662 tle
2904 3617 3039 3662 terra
3083 3619 3337 3676 terrenus,
3390 3617 3643 3670 secundus
3689 3619 3749 3672 de

2157 3691 2281 3744 cmlo
2312 3694 2527 3747 rmiestis
2556 3695 2626 3766 (l
2655 3697 2772 3753 Cor.
2822 3716 2909 3767 xv,
2957 3700 3102 3773 47);
3151 3718 3271 3757 cum
3317 3720 3453 3761 unus
3504 3707 3749 3779 idemque

2156 3784 2442 3853 mediator,
2474 3787 2540 3842 de
2582 3782 2722 3844 curio
2752 3791 2911 3857 Deus,
2944 3794 3104 3849 homo
3149 3796 3214 3852 dc
3238 3805 3379 3852 terra
3423 3800 3517 3865 sit;
3547 3801 3635 3870 qui
3684 3802 3749 3855 de

2156 3883 2312 3931 utero
2348 3877 2575 3948 Virginis
2624 3882 2819 3946 editus.
2852 3894 2976 3941 ante
3012 3902 3169 3959 quam
3217 3890 3383 3945 caelos
3410 3894 3739 3961 ascenderet,

2153 3971 2390 4028 ccciestis
2416 3988 2652 4044 congrue
2680 3975 2854 4032 dictus
2880 3988 2989 4043 est;
3017 3984 3139 4052 quia
3167 3985 3467 4042 celsitudini
3494 3988 3744 4043 suhstan-

2155 4064 2245 4118 tiae
2262 4066 2494 4122 caelestis
2516 4066 2809 4138 immixtus,
2836 4071 2959 4127 εωΙί
2986 4072 3238 4133 Dominus
3266 4076 3435 4135 factus
3462 4090 3564 4137 est.

2466 4198 2560 4255 ΑΙ)
2607 4200 3016 4263 CORINTHIOS
3056 4205 3418 4267 SECUNDIE.

2229 4335 2277 4391 1.
2322 4337 2390 4393 Ut
2445 4357 2545 4395 non
2594 4354 2795 4409 possent
2830 4347 3095 4403 intendere
3134 4350 3231 4417 lilii
3272 4350 3435 4409 Israel
3470 4355 3523 4409 in
3561 4358 3743 4427 [aciem

452 4435 560 4490 alio
587 4438 706 4493 loco
734 4457 750 4495 :
785 4440 1005 4497 Nescitis
1024 4446 1148 4513 quia
1177 4449 1422 4517 templum
1450 4449 1547 4504 Dei
1572 4455 1715 4519 estis,
1738 4464 1785 4508 et
1817 4456 2047 4526 Spiritus
2155 4427 2326 4560 May,”
2344 4444 2595 4560 ’“pmpffr
2619 4434 2837 4560 glgﬁam
2867 4442 3033 4496 "unus
3053 4445 3183 4513 eiu"

464 4524 550 4560 nn;
584 4527 775 4560 Δηιιὶιι..
802 4533 854 4560 .‘..
884 4534 1019 4560 --L:-
1053 4537 1070 4560 ι
1101 4536 1121 4560 ι
1147 4536 1246 4560 n-..
1295 4555 1348 4560 ---
1411 4541 1502 4560 ιιιὶ
1560 4544 1617 4560 πη.
1686 4546 1738 4560 μ.
1764 4548 1775 4559 .
1858 4550 1912 4560 η.
2010 4555 2021 4560 -
2399 4541 2474 4560 om
2556 4543 2581 4560 ρ
2616 4544 2671 4560 θη
2714 4546 2786 4560 Α...

453 4524 550 4581 Dei
581 4527 775 4585 habitat
802 4533 855 4585 in
884 4534 1019 4588 vobis
1051 4536 1121 4605 (Ι
1145 4536 1267 4591 Cor.
1294 4555 1371 4607 ιιι,
1407 4541 1527 4612 16).
1560 4544 1622 4599 Ει
1648 4546 1775 4601 alibi
1806 4567 1816 4601 :
1851 4520 2047 4621 quis
2076 4520 2135 4560 υ
2346 4522 2475 4621 “Am
2518 4528 2581 4621 4"
2613 4530 2806 4587 eadem-

453 4620 712 4691 Spiritum
742 4625 931 4681 Christi
983 4645 1084 4683 non
1128 4628 1298 4700 habet,
1338 4633 1418 4688 hic
1460 4652 1561 4690 non
1603 4648 1675 4691 est
1708 4642 1818 4711 ejus
1852 4620 2038 4714 (Rom.

452 4728 572 4784 vut,
601 4717 683 4786 9).

1178 4814 1314 4873 XIV.

740 4906 760 4975 (
784 4905 859 4959 Ex
891 4922 1140 4964 sermone
1173 4911 1240 4966 de
1270 4926 1498 4969 ascensu
1531 4914 1755 4991 llelim.)

523 4997 591 5051 Et
614 4996 662 5050 si
690 4997 855 5051 multa
883 5007 1007 5053 sunt
1032 5000 1172 5078 dona
1200 5018 1213 5054 :
1263 5004 1432 5063 omnia
1468 5014 1636 5063 tamen
1664 5009 1771 5065 hwc
1792 5025 2033 5081 operatur

446 5104 580 5141 unus
610 5098 761 5158 atque
789 5090 922 5144 idem
954 5090 1202 5161 Spiritus,
1234 5097 1461 5153 dividens
1490 5100 1705 5175 singulis
1749 5118 1897 5175 prout
1927 5111 2033 5165 vult

445 5185 463 5249 (
492 5182 519 5235 l
561 5182 680 5237 Cor.
731 5199 828 5251 xtt,
860 5185 916 5238 ll
940 5184 982 5257 ).
1012 5185 1125 5244 Non
1174 5189 1227 5243 in
1257 5193 1596 5262 paucioribus
1628 5198 1822 5268 minor,
1846 5218 1945 5260 nec
1975 5205 2035 5261 in

442 5275 735 5342 majoribus
766 5277 1027 5348 amplior;
1064 5295 1158 5348 per
1182 5298 1341 5354 quem
1368 5286 1529 5342 etiam
1557 5290 1601 5344 si
1633 5291 1767 5347 alius
1797 5294 1900 5352 alio
1924 5296 2029 5352 tni-

442 5383 542 5422 nus
595 5370 809 5442 accipit,
869 5368 1125 5446 intelligat
1174 5375 1373 5435 donum
1427 5382 1603 5450 potius
1655 5399 1812 5457 posse
1862 5388 2029 5445 minui

442 5475 598 5528 quant
629 5464 917 5523 donantem

820 5648 945 5719 (Ex
979 5651 1133 5708 libris
1159 5560 1355 5711 Cirim
1389 5656 1673 5729 Arianos.)

511 5735 642 5801 Quia
674 5751 956 5813 posueram
984 5744 1051 5801 de
1079 5745 1367 5817 Evattgelio
1395 5766 1407 5803 :
1444 5748 1575 5805 Data
1604 5761 1677 5808 est
1709 5754 1835 5810 mihi
1862 5762 2026 5816 omnis

2224 4612 2345 4672 III.
2375 4615 2637 4681 Quoniam
2664 4622 2785 4675 dum
2811 4640 2986 4680 sumus
3012 4627 3062 4682 in
3089 4644 3317 4701 corpore,
3353 4636 3740 4707 peregrinamur

2151 4722 2184 4758 a
2211 4705 2454 4781 Domino,
2490 4720 2596 4767 ctc.

2223 4800 2330 4856 IV.
2364 4805 2619 4870 Quoniam
2648 4810 2852 4878 quidem
2884 4811 3021 4871 Deus
3050 4827 3120 4871 est
3148 4819 3198 4871 in
3229 4818 3453 4889 Christo,
3486 4828 3736 4883 mundum

2147 4897 2485 4953 reconcilians
2526 4901 2641 4955 sibi.
3134 4914 3139 4921 '

2221 4988 2295 5043 V.‘
2318 4989 2526 5045 Audiuit
2551 5008 2745 5048 arcana
2766 4998 2915 5053 verba
2935 5017 3049 5071 qua:
3072 5019 3171 5061 non
3203 5007 3316 5061 licet
3344 5009 3539 5065 homini
3572 5014 3733 5082 loqui.

2912 5111 2951 5165 l.

2501 5217 2520 5288 (
2544 5216 2622 5274 Ex
2646 5233 2899 5281 sermone
2918 5224 3093 5286 Natali
3123 5231 3324 5289 colicis.
3352 5238 3372 5303 )

2213 5307 2507 5368 Videamus
2549 5327 2912 5386 comparatam
2944 5320 3111 5392 Moysi
3138 5335 3193 5379 et
3220 5329 3387 5383 multo
3413 5333 3727 5399 pra-cellen-

2138 5406 2271 5468 tem,
2303 5416 2421 5457 eam
2453 5419 2572 5475 qua:
2612 5408 2787 5465 nostri
2812 5421 2897 5468 est
2919 5415 3144 5483 gratiam
3176 5419 3549 5492 redemptoris.
3595 5427 3729 5483 Nam

2139 5496 2198 5543 ut
2226 5506 2367 5549 nova
2393 5494 2667 5563 paululum
2692 5502 3357 5578 veteribuseonferamtts,
3384 5515 3475 5572 ille
3500 5520 3565 5572 ad
3587 5520 3731 5577 hunc

2136 5583 2396 5649 populum
2448 5588 2597 5641 venit
2627 5592 2797 5646 velata
2851 5594 3019 5664 facie,
3055 5600 3157 5657 iste
3184 5614 3371 5673 operta
3418 5608 3725 5678 divinitate,

2135 5673 2227 5728 ille
2256 5674 2583 5735 sublimitate
2609 5694 2889 5754 cornutus,
2921 5688 3024 5748 iste
3054 5690 3355 5754 humilitate
3382 5673 3724 5769 mansuetus;

2067 5848 2085 5855 _
2136 5765 2281 5823 illius
2306 5768 2483 5827 vultus
2511 5774 2676 5831 radiis
2704 5778 2980 5841 ctdecore
3012 5785 3330 5859 luminosus,
3360 5794 3513 5852 istius
3551 5765 3727 5867 sputis

3218 5918 3241 5947 ο
