4092 6350
290 356 394 413 509

1226 362 1579 421 VARIORUM
1620 362 2123 423 OPUSCULORUM
2165 368 2604 432 FRAGMENTA.

3431 388 3532 443 510

286 482 338 528 et
360 474 505 530 caede
534 474 813 533 ftedandus
837 497 850 536 :
876 480 1016 535 illius
1043 482 1325 536 humanam
1351 481 1539 535 faciem
1561 493 1853 536 conservus
1882 479 1941 541 Α
1960 490 2015 535 ut
2055 484 2109 537 in
2131 487 2346 554 epistola
2388 492 2457 544 28
2489 495 2612 562 (cat.
2646 494 2773 564 246,
2806 498 2880 567 b),
2922 514 3076 569 usque
3110 501 3193 564 ad,
3230 502 3278 553 in
3311 517 3537 570 corpore

285 564 467 620 videre
496 580 602 621 non
630 569 839 637 meruit,
872 568 1024 625 istius
1055 572 1286 626 divinam
1316 571 1564 640 leprosos
1593 571 1819 641 aspexit.

568 753 587 824 (
610 750 686 807 Ex
711 764 957 810 sermone
982 754 1069 809 die
1110 762 1262 810 sexto
1289 753 1569 824 Pascha.)

351 840 487 897 Cum
533 855 662 897 eam
700 844 866 913 (δαν.
910 842 1142 914 ",15),
1170 843 1399 900 necdum
1443 844 1633 901 mortis
1677 858 1853 900 torna-

280 931 432 988 cibus
460 932 734 1000 deimeata,
764 943 1021 1005 aggravet
1048 949 1265 991 sensum
1297 936 1463 993 multa
1491 937 1811 1007 cogitantem
1835 974 1852 1001 ,

280 1029 334 1077 et
355 1024 606 1093 impediat
632 1026 802 1080 visum
830 1040 996 1096 pauca
1016 1037 1349 1094 cernentem,
1371 1028 1655 1084 interlucet
1676 1036 1853 1084 tamen

279 1117 334 1171 itt
359 1118 808 1189 aliquibus‘gestis
825 1120 1055 1191 dignitas
1084 1122 1411 1190 futurorum,
1442 1132 1497 1179 et
1524 1132 1852 1179 secretorum

168 1244 179 1253 .
278 1209 655 1264 immortalium
694 1210 953 1280 splendor
976 1213 1135 1267 etiam
1166 1214 1481 1269 mortalibus
1516 1215 1686 1270 oculis
1734 1230 1852 1270 rara

277 1300 602 1355 revelatione
628 1302 919 1357 subradiat.
947 1304 1053 1359 Sed
1081 1306 1184 1360 hoc
1204 1305 1311 1361 illis
1336 1314 1562 1373 tantum,
1585 1321 1720 1377 quos
1739 1308 1851 1363 sola

276 1406 423 1456 caro,
450 1407 557 1447 non
581 1392 742 1448 etiam
762 1394 1048 1449 carnalitas
1078 1403 1242 1462 tenet,
1273 1406 1328 1452 et
1345 1398 1599 1452 cordibus
1625 1399 1852 1452 mundos

275 1484 545 1539 mundana
585 1485 981 1541 cobabitatioue
1026 1500 1133 1542 non
1182 1488 1391 1556 polluit.
1434 1488 1584 1544 Sicut
1630 1497 1851 1559 praesta-

273 1573 431 1631 batur
453 1575 721 1645 quondam
749 1578 855 1631 vati
902 1577 1124 1648 legifero
1149 1580 1368 1634 moleste
1406 1579 1766 1649 colloquium;
1799 1588 1851 1633 et

272 1679 339 1721 eo
368 1681 536 1736 usque
562 1667 757 1722 divinae
790 1668 975 1737 gloria
1011 1669 1245 1736 quodam
1293 1672 1487 1726 intuitu
1526 1670 1846 1735 donabatur,

271 1756 447 1814 donec
472 1758 717 1829 quiddam
748 1760 803 1813 in
828 1760 932 1814 levi
959 1759 1134 1815 fronte
1158 1770 1461 1828 cumulum,
1496 1777 1605 1818 nou
1648 1764 1855 1833 asperi~

273 1860 354 1909 tas
372 1851 648 1907 videretur
666 1851 1002 1921 produxisse,
1026 1853 1131 1908 sed,
1149 1854 1383 1909 claritas.

661 2032 772 2102 (Ex
801 2047 1048 2089 sermone
1068 2033 1137 2089 de
1155 2034 1418 2105 symbolo.

340 2122 591 2192 Legimus
607 2123 838 2192 quodam
866 2124 1002 2189 loco,
1026 2125 1168 2193 quod
1194 2125 1316 2179 dum
1334 2140 1510 2189 sumus
1534 2126 1588 2179 in
1610 2140 1823 2196 corpore

266 2214 647 2285 peregrinamur
670 2230 703 2267 a
732 2213 950 2268 Domino
974 2212 1030 2285 (Ι
1057 2213 1174 2268 Cor.
1199 2232 1249 2281 v,
1281 2216 1375 2285 ὃ).
1405 2214 1671 2285 Quidquid
1700 2217 1843 2270 enim

267 2303 421 2359 nobis
441 2304 510 2359 de
527 2304 839 2360 cmicstibus
863 2304 1134 2375 mysteriis
1158 2304 1404 2372 traditur,
1428 2305 1727 2375 quamlibet
1762 2307 1839 2359 in.

265 2395 543 2450 dubitabili
570 2396 797 2450 veritate
837 2395 1110 2461 subsistat,
1142 2396 1367 2452 credere
1411 2396 1690 2463 debemus,
1720 2398 1841 2467 quia

266 2489 449 2547 videre
490 2504 596 2544 non
625 2502 927 2559 possumus.
958 2488 1090 2543 Nam
1131 2490 1185 2544 in
1229 2489 1331 2545 isto
1352 2491 1571 2555 saeculo,
1604 2499 1843 2546 nostrum

264 2596 425 2638 nosse
478 2582 846 2638 tantummodo
890 2582 1114 2638 credere
1137 2591 1237 2637 est.
1280 2580 1425 2636 Beati
1458 2582 1599 2638 enim
1652 2582 1844 2635 mando

264 2676 435 2743 corde,
466 2676 705 2744 quoniam
732 2676 832 2744 ipsi
860 2674 1025 2729 Deum
1056 2674 1278 2745 (Matth.
1314 2689 1377 2742 v,
1417 2676 1451 2730 8
1478 2679 1529 2739 );
1560 2690 1664 2730 non
1704 2675 1843 2729 dixit

263 2768 463 2836 vident,
508 2768 602 2824 sed
645 2768 901 2823 ridebunt.
940 2768 1093 2825 Unde
1138 2768 1226 2837 qui
1273 2768 1327 2822 in
1353 2768 1703 2838 presentibus
1745 2770 1839 2823 Ita-

263 2859 439 2916 buerit
482 2861 658 2929 fidem,
692 2862 806 2932 ipse
850 2862 903 2916 in
940 2861 1134 2917 tuturis
1161 2860 1389 2929 accipiet
1432 2860 1837 2929 contemplatio-

266 2966 412 3008 nem.

1006 3046 1095 3100 IV.

585 3136 699 3205 (Ex
734 3136 884 3190 libris
901 3136 1101 3191 Contra
1146 3136 1519 3205 Pitantasma.)

336 3226 585 3293 Intelligit
608 3227 894 3294 Apostolus
913 3241 976 3282 ac
1003 3227 1211 3293 deﬁnit,
1235 3236 1363 3289 etc.,
1401 3238 1455 3282 ut
1496 3229 1548 3280 in
1577 3226 1789 3296 epistola
1810 3224 1850 3280 2
1874 3215 1922 3279 C

255 3319 386 3386 (rei.
408 3316 531 3385 200,
548 3320 623 3387 a),
644 3334 801 3388 usque
812 3320 877 3373 ad
890 3318 1515 3389 parentalicbirograplto
1529 3318 1837 3375 sustineret.

566 3524 672 3595 (Ex
699 3539 947 3581 sermone
976 3526 1063 3581 die
1083 3533 1236 3581 sexto
1259 3527 1537 3595 Paschm.)

344 3616 583 3671 insonuit
612 3617 756 3672 Pauli
786 3614 1008 3688 apostoli
1038 3617 1278 3686 auribus,
1301 3619 1439 3688 quod
1468 3632 1573 3673 non
1605 3624 1725 3673 .tcet
1748 3618 1847 3673 lto-

256 3709 389 3764 mini
441 3705 702 3780 loqui(ll
735 3708 851 3764 Cor.
885 3723 980 3776 xtl,
1007 3710 1099 3779 4),
1132 3710 1379 3780 quodque
1426 3708 1517 3766 ille
1566 3709 1842 3779 permitte-

257 3812 408 3856 retur
432 3800 632 3864 dicere,
680 3802 721 3853 si
771 3814 867 3855 nos
912 3815 1242 3856 mererentur
1269 3800 1473 3857 audire.
1524 3801 1579 3856 Si
1613 3800 1753 3855 enim
1787 3802 1839 3855 in

257 3894 475 3956 medim
502 3894 685 3957 ﬁdele;
715 3910 816 3957 non
848 3894 1042 3971 fuistis,
1075 3896 1214 3976 quod
1257 3896 1428 3976 majus
1458 3896 1677 3977 estquis
1718 3911 1836 3961 cre-

256 4003 353 4054 dct
378 4000 522 4054 vobis
555 3998 716 4069 (Luc.
745 4015 853 4067 xw,
882 3999 1018 4071 12)?

810 4114 900 4170 AD
939 4113 1280 4171 GALATAS.
1338 4185 1343 4191 _

331 4226 356 4278 Ι
368 4267 380 4279 .
406 4226 660 4280 Mediator
675 4236 845 4281 autem
860 4226 1009 4281 unius
1028 4242 1131 4280 non
1143 4235 1239 4292 est,
1263 4224 1401 4279 Deus
1417 4234 1584 4280 autem
1597 4242 1727 4281 unus
1741 4236 1836 4282 est.

333 4315 414 4370 ΙΙ.
460 4315 602 4370 Misit
634 4316 771 4371 Deus
798 4314 991 4371 Filium
1018 4332 1164 4373 suum
1190 4358 1207 4385 ,
1238 4318 1513 4387 iactantes
1536 4319 1763 4374 muliere.

329 4406 448 4461 HI.
480 4406 611 4461 Item
635 4408 910 4462 decedent.

329 4496 433 4552 IV.
479 4496 609 4551 Mihi
637 4506 803 4552 autent
825 4497 956 4553 absit
976 4497 1189 4569 gloriari
1205 4536 1221 4565 ,
1247 4497 1346 4553 nisi
1374 4500 1427 4552 in
1455 4514 1598 4553 cruce
1630 4497 1839 4555 Domini

251 4590 418 4643 nostri
445 4587 573 4643 Iesu
595 4588 803 4644 Christi.

614 4814 691 4870 Ex
728 4812 876 4872 libris
903 4815 1098 4872 Contra
1130 4814 1467 4870 Pitantasma.
1494 4818 1510 4885 )

331 4908 439 4962 Iioe
471 4908 765 4963 remedium
793 4909 1076 4979 Apostolus
1102 4910 1229 4965 dicit
1258 4907 1592 4979 dispositum,
1623 4919 1751 4975 etc.,
1784 4917 1841 4961 ttt

249 5001 307 5052 in
336 4998 551 5067 epistola
578 5000 614 5052 '2
640 4996 762 5071 (σοι.
793 5000 917 5067 206,
954 5001 1029 5071 b),
1062 5017 1217 5072 usque
1236 5004 1301 5056 ad
1325 5014 1486 5057 unum
1517 5000 1747 5057 reddidit
1770 5013 1837 5056 ex

249 5093 517 5164 utrisque.
1657 5092 1660 5095 Δ

580 5278 598 5345 (
624 5277 696 5331 Ex
727 5277 874 5332 libris
901 5276 1095 5333 Contra
1144 5277 1515 5345 Pitantasma.)

330 5368 481 5423 Adsit
530 5384 668 5425 nunc
694 5368 926 5425 sermoni
967 5377 1147 5424 nostro
1178 5370 1510 5438 Emmanuel,
1546 5380 1669 5433 etc.,
1702 5379 1753 5421 ut
1783 5370 1840 5425 in

244 5462 469 5528 cpistola
487 5460 659 5533 2(col.
683 5459 811 5525 205,
837 5465 906 5530 tt),
932 5478 1085 5530 usque
1112 5460 1178 5514 ad
1210 5460 1292 5515 ltic
1314 5470 1365 5515 et
1388 5460 1480 5515 Dei
1507 5462 1641 5517 illius
1665 5470 1718 5517 et
1743 5462 1839 5515 lto—

245 5553 415 5608 minis
436 5553 561 5608 erit.

564 5734 676 5805 (Ex
706 5735 840 5790 libro
869 5735 936 5789 de
962 5735 1160 5790 Christi
1206 5735 1534 5806 nativitate.)

332 5826 616 5900 Apostolus
630 5828 779 5897 dicit,
802 5826 1074 5897 Postquam
1088 5844 1202 5880 vero
1215 5829 1342 5881 venit
1358 5824 1496 5900 (Gal.
1518 5841 1590 5893 tv,
1606 5826 1682 5899 ὦ),
1697 5837 1797 5886 etc.
1811 5869 1829 5898 ,

1962 576 2208 645 coepisse,
2247 578 2317 635 de
2341 590 2513 639 matre
2539 594 2643 639 est.

2696 679 2781 735 IV.

2239 765 2357 835 (Ex
2385 781 2641 826 sermone
2659 772 2746 826 die
2775 773 2809 825 5
2844 774 3258 845 negotiorum.)

2028 855 2179 911 Sicut
2209 857 2353 912 enim
2374 857 2686 915 Judmorum
2711 864 2818 927 lex,
2849 866 2918 918 ita
2934 868 3172 934 gentium
3202 869 3391 937 gloria,
3416 885 3534 938 gra-

1959 945 2030 1001 tis
2052 957 2153 1001 est.
2188 947 2257 1002 Et
2304 949 2424 1005 ideo
2469 953 2741 1020 apostolus
2774 954 2967 1009 Paulus
3002 958 3070 1010 ad
3126 973 3286 1014 unam
3331 971 3532 1030 partem

1956 1036 2105 1101 dicit,
2142 1039 2259 1091 Non
2305 1040 2437 1095 bona
2487 1042 2726 1111 gloriatio
2769 1057 2928 1099 vestra
2956 1047 2974 1116 (
3002 1047 3059 1099 Il
3096 1050 3215 1103 Cor.
3264 1066 3315 1115 ν,
3346 1053 3435 1122 6),
3468 1056 3532 1107 ad

1958 1129 2116 1184 aliam
2138 1145 2284 1195 vero,
2316 1131 2445 1185 Mihi
2462 1144 2629 1188 autem
2650 1137 2775 1189 absit
2798 1138 3027 1206 gloriari,
3052 1141 3151 1193 nisi
3168 1143 3222 1195 in
3249 1159 3395 1197 cruce
3427 1144 3503 1198 Do
3519 1175 3531 1187 -

1956 1220 2081 1273 mini
2110 1222 2267 1275 nostri
2292 1220 2416 1276 Jesu
2448 1224 2635 1278 Christi
2661 1226 2813 1295 (Gal.
2846 1244 2915 1296 tv,
2950 1231 3069 1298 M).

2502 1316 2595 1369 AD
2637 1316 2981 1376 EI’HESIOS.

2028 1400 2054 1453 Ι
2064 1439 2075 1454 .
2108 1401 2169 1455 In
2188 1419 2287 1470 quo
2304 1406 2489 1475 signati
2511 1409 2629 1461 estis
2650 1410 2703 1461 in
2721 1411 2805 1463 die
2820 1413 3172 1483 redemptionis
3194 1425 3386 1471 vestris.

2028 1491 2111 1546 II.
2150 1494 2292 1548 Unus
2324 1496 2597 1564 Dominus,
2630 1516 2732 1554 una
2760 1502 2906 1569 ﬁdes,
2938 1520 3093 1557 unum
3116 1506 3386 1573 baptisma.

2026 1581 2144 1636 111.
2173 1584 2274 1648 Qui
2294 1586 2569 1653 descendit,
2594 1591 2702 1655 ipse
2725 1600 2798 1643 est
2827 1601 2873 1645 et
2894 1594 2978 1661 qui
3000 1596 3222 1649 ascendit
3248 1613 3398 1668 super
3420 1614 3517 1652 ont-

1956 1686 2043 1726 nes
2071 1675 2241 1728 eteius.

2028 1761 2055 1814 1
2072 1762 2134 1816 V.
2164 1765 2297 1831 Quia
2322 1768 2545 1821 membra
2564 1782 2738 1825 sumus
2762 1775 2987 1837 corporis
3016 1778 3146 1849 ejus,
3171 1779 3235 1832 de
3252 1794 3406 1835 carne
3418 1785 3520 1847 eius

1875 1848 1925 1909 Β
1953 1861 2007 1905 et
2037 1853 2101 1905 de
2131 1855 2326 1908 ossibus
2359 1857 2488 1925 ejus.

2032 1943 2094 1997 V.
2134 1943 2200 1999 Et
2232 1958 2377 2001 erum
2407 1948 2511 2003 duo
2529 1964 2583 2003 tn
2604 1965 2757 2007 came
2783 1969 2906 2020 una,
2936 1964 3039 2010 etc.

2331 2130 2439 2199 (Es
2469 2131 2621 2188 libris
2638 2134 2834 2191 Contra
2864 2137 3152 2208 Arianos.)

2023 2216 2196 2271 Unum
2230 2234 2424 2275 nomen
2464 2232 2547 2277 est
2571 2222 2864 2280 Trinitatis.
2910 2225 3087 2297 Nequa
3122 2231 3255 2283 enim
3285 2240 3353 2285 est
3380 2233 3522 2287 aliud

1946 2322 2132 2361 nomen
2181 2318 2239 2363 ut
2281 2310 2335 2364 iu
2361 2310 2584 2368 Actibus
2630 2315 2988 2383 apostolorum
3044 2319 3289 2389 legimus,
3337 2322 3391 2376 in
3425 2340 3521 2390 quo

1950 2408 2175 2466 oporteat
2207 2418 2297 2455 nos
2335 2404 2502 2458 salvos
2529 2404 2643 2471 ﬁeri
2673 2406 2817 2475 (Act.
2846 2423 2917 2473 tv,
2952 2407 3017 2462 12
3037 2410 3076 2479 ).
3110 2411 3173 2466 Si'
3196 2420 3522 2481 sequestrate

1949 2488 2107 2555 Filio,
2140 2492 2207 2545 de
2228 2492 2347 2546 solo
2378 2493 2517 2547 istud
2546 2495 2761 2550 nomine
2790 2496 2959 2552 Patris
2978 2500 3231 2566 creditur,
3268 2502 3522 2557 dicendus

1948 2592 2030 2636 est
2061 2598 2163 2636 non
2192 2584 2403 2639 salvare
2428 2585 2695 2653 salvator;
2726 2604 3015 2659 rursusque
3039 2592 3085 2646 si
3113 2592 3265 2648 Patre
3292 2595 3522 2659 secluso,

1948 2674 2001 2729 id
2047 2675 2211 2730 solius'
2259 2677 2617 2749 redemptoris
2662 2682 2877 2738 nomine
2909 2686 3254 2753 acquirimur,
3298 2691 3523 2743 cessavit

1946 2767 2017 2831 ab
2040 2768 2139 2824 hac
2161 2770 2530 2840 redemptione
2552 2771 2730 2839 Pater,
2753 2774 2821 2830 de
2847 2791 2953 2846 quo
2979 2776 3238 2846 scriptum
3260 2788 3364 2845 est,
3384 2780 3523 2849 quod

1946 2863 2345 2929 redemptionem
2374 2866 2565 2919 miserit
2590 2868 2779 2935 populo
2812 2885 2903 2922 suo
2937 2868 3117 2937 (Prol.
3150 2886 3239 2937 cx,
3269 2870 3373 2942 9);
3400 2889 3521 2927 cuttt

1945 2963 2003 3011 et
2021 2955 2087 3010 de
2124 2956 2325 3025 Spiritu
2373 2966 2558 3013 saneto
2586 2959 2877 3029 Apostolus
2898 2961 3074 3016 dicat:
3120 2961 3185 3017 In
3213 2980 3311 3033 quo
3338 2966 3521 3037 signati

1947 3050 2067 3102 estis
2098 3044 2150 3103 in
2177 3050 2258 3103 die
2288 3052 2644 3122 redemptionis
2680 3063 2854 3111 vestrae
2881 3056 2900 3127 (
2923 3055 3107 3127 Ephes.
3138 3073 3214 3127 tv,
3246 3059 3315 3115 '50
3334 3062 3376 3129 ).

2311 3234 2423 3305 (Ex
2455 3235 2605 3292 libris
2648 3235 2845 3294 Contra
2880 3240 3170 3311 Asianos.)

2020 3324 2117 3381 Ubi
2163 3325 2367 3395 plurale
2395 3328 2593 3397 aliquid
2623 3328 2679 3384 in
2716 3329 2992 3387 divinitate
3037 3333 3372 3405 subresonat,
3414 3353 3519 3393 non

1947 3417 2176 3475 deditas
2215 3418 2425 3475 videtur
2454 3420 2818 3492 intelligenda,
2862 3426 2955 3481 sed
3001 3424 3250 3491 Trinitas,
3291 3429 3428 3484 sicut
3468 3432 3521 3484 in

1947 3510 2066 3578 ipso
2090 3508 2432 3567 Sodomiticm
2462 3510 2609 3567 urbis
2651 3512 2880 3569 refertur
2916 3515 3100 3569 exitio.
3140 3518 3522 3586 Apparttit,'in~

1946 3604 2083 3673 quit,
2131 3602 2380 3660 Dominus
2430 3605 2649 3661 Muttito
2673 3605 2867 3661 sedenti
2913 3606 2963 3660 in
3013 3608 3143 3661 ostio
3194 3608 3522 3677 tabernaculi,

1946 3697 2003 3752 its
2029 3699 2141 3765 ipso
2167 3699 2362 3767 fervore
2388 3700 2490 3753 diei
2516 3716 2535 3765 ;
2564 3714 2779 3769 euntque
2802 3700 3015 3756 levasset
3040 3700 3234 3771 oculos,
3265 3718 3522 3773 apparue-

1946 3800 2064 3843 runt
2095 3790 2139 3843 ei
2169 3800 2271 3844 tres
2312 3791 2435 3852 viri;
2464 3807 2590 3860 quos
2624 3806 2739 3846 cum
2768 3792 2974 3847 uidisset
3007 3794 3228 3846 cucurrit
3256 3795 3310 3847 in
3348 3812 3523 3848 occur-

1944 3894 2057 3939 sum
2101 3897 2295 3955 carina,
2331 3892 2376 3944 tt
2420 3883 2650 3945 adoravit
2693 3894 2743 3944 in
2772 3893 2980 3956 tenam,
3006 3895 3050 3942 et
3082 3885 3211 3941 dixit
3238 3900 3257 3948 ε
3288 3884 3520 3959 Domine,

1942 3989 1988 4035 si
2028 3984 2193 4036 inveni
2232 3985 2444 4054 gratiam
2485 3987 2537 4038 in
2584 3984 2745 4038 oculis
2788 3988 2918 4052 tuis,
2966 4002 3027 4039 ne
3074 3996 3299 4040 tremens
3324 4002 3522 4039 servum

1943 4086 2088 4129 tuum
2117 4074 2277 4146 (Gen.
2322 4088 2474 4143 xvut,
2504 4079 2552 4144 l,
2580 4077 2670 4145 5).
2707 4078 2866 4133 Certe
2910 4095 3012 4134 non
3046 4080 3096 4133 in
3128 4081 3302 4147 aliquo
3331 4080 3521 4134 horum

1944 4170 2141 4237 trium,
2192 4178 2279 4222 aut
2336 4170 2528 4223 cultior
2576 4169 2805 4233 habitus,
2859 4180 2947 4224 aut
2997 4172 3315 4226 eminentior
3352 4173 3519 4226 forma

1940 4262 2251 4332 praestabat.
2306 4261 2371 4314 Et
2421 4270 2595 4315 tamen
2646 4260 2951 4325 Abraham,
3002 4269 3392 4316 sacramentum
3446 4264 3522 4315 in-

1942 4353 2130 4407 diviste
2173 4349 2449 4407 Trinitatis
2483 4350 2810 4421 intelligens,
2853 4365 2959 4406 uno
3001 4352 3217 4408 nomine
3266 4362 3373 4409 tres
3407 4368 3522 4423 prc-

1942 4453 2130 4507 catur,
2181 4445 2303 4512 quia
2362 4444 2495 4497 trina
2549 4445 2598 4499 in
2655 4444 2853 4498 unitate
2903 4460 3167 4514 persona,
3211 4453 3263 4501 et
3305 4462 3403 4501 una
3446 4457 3523 4503 est

1949 4540 2001 4591 in
2042 4534 2303 4591 Trinitatc
2345 4536 2670 4599 substantia;
2716 4536 2783 4589 de
2819 4550 2919 4605 qua
2953 4544 3007 4591 et
3034 4538 3320 4607 Apostolus
3355 4538 3478 4593 dicit
3512 4562 3517 4591 :

1955 4629 2111 4686 Unus
2139 4628 2405 4696 Dominus,
2434 4644 2534 4682 una
2552 4629 2698 4696 ﬁdes,
2726 4644 2879 4682 unum
2911 4630 3157 4701 baptisma
3186 4632 3204 4702 (
3227 4630 3413 4701 Ephcs.
3452 4646 3521 4701 tv,

1951 4726 2031 4795 5).
2083 4723 2213 4790 Quis
2243 4729 2528 4791 prtesumat
2568 4729 2750 4776 contra
2796 4735 2889 4774 vas
2943 4721 3217 4778 electionis
3268 4724 3521 4779 unitatem

1955 4816 2112 4871 istam
2138 4813 2444 4884 pluralitate
2466 4810 2833 4889 confundere?
2862 4810 3087 4866 Noverat
3130 4824 3356 4883 namque
3402 4832 3521 4871 cum

1954 4905 2113 4958 Patre
2144 4904 2222 4957 vel
2256 4900 2391 4955 Filio
2417 4900 2680 4954 dominari
2704 4900 2958 4968 Spiritum
2983 4905 3345 4968 sanctum,cui
3373 4908 3522 4973 quasi

1954 4999 2172 5053 domum
2198 5008 2422 5063 corpora
2456 5001 2632 5047 nostra
2661 4991 2905 5047 sacrabat
2923 4992 3107 5049 dicens
3129 5011 3139 5045 :
3162 4992 3377 5049 Nescitis
3404 4999 3524 5065 quia

1952 5088 2199 5157 templum
2226 5087 2317 5139 Dei
2342 5086 2482 5151 estis,
2510 5094 2555 5138 et
2578 5082 2802 5154 Spiritus
2826 5082 2920 5137 Dei
2955 5084 3146 5138 habitat
3183 5085 3236 5139 in
3274 5085 3410 5139 vobis
3449 5088 3463 5153 (
3496 5083 3521 5135 Ι

1951 5181 2073 5235 Cor.
2102 5195 2183 5247 ιιι,
2202 5180 2317 5249 l6)?
2336 5178 2454 5243 Quo
2478 5190 2709 5245 unquam
2738 5175 2905 5246 magis
2926 5176 3229 5231 testimonio
3250 5176 3387 5231 Deus
3404 5190 3523 5244 pro-

1953 5272 2167 5329 babitur
2194 5271 2426 5341 Spiritus
2457 5276 2704 5337 sanctus,
2759 5282 2919 5337 quam
2975 5268 3114 5339 quod
3165 5267 3523 5322 habitaculum

1949 5365 2118 5435 ipsius
2142 5377 2345 5428 sumus,
2378 5370 2431 5417 et
2454 5362 2591 5417 Deus
2622 5361 2826 5417 habitat
2855 5362 2906 5415 in
2933 5360 3119 5415 nobis?
3148 5358 3251 5413 Sed
3288 5358 3397 5427 jam
3428 5356 3524 5410 du-

1955 5456 2081 5514 dum
2114 5454 2417 5525 itujusmodi
2438 5452 2806 5509 credulitatem
2834 5452 3026 5506 divina:
3048 5449 3307 5503 vocationi
3336 5446 3524 5503 Paulus

1957 5550 2204 5607 debebat.
2231 5546 2287 5602 Si
2315 5546 2508 5616 quippe
2538 5546 2591 5598 in
2618 5544 2977 5615 apostolorum
3010 5538 3226 5595 Actibus
3243 5539 3488 5593 scribitur

1960 5638 2361 5698 Deseruientibus
2394 5646 2564 5690 autem
2589 5634 2694 5689 illis
2722 5642 2766 5687 et
2785 5630 3157 5701 jeinnantibtts,
3191 5631 3326 5685 dixit
3359 5632 3521 5699 Spiri-

1962 5742 2043 5787 tus
2071 5739 2291 5795 sanctus,
2329 5727 2603 5797 Segregate
2624 5723 2747 5776 mihi
2797 5718 3021 5773 Paulum
3058 5728 3101 5773 et
3145 5720 3429 5776 Barnabam
3458 5724 3521 5775 ml

1963 5842 2090 5895 opus
2118 5824 2185 5877 ad
2211 5821 2344 5892 quod
2366 5818 2535 5874 vocavi
2562 5830 2646 5869 eos
2675 5814 2809 5879 (Act.
2845 5826 2957 5879 xut,
2981 5811 3058 5882 Ξ).
3092 5811 3202 5869 Non
3250 5832 3312 5869 ex
3364 5832 3519 5882 δυνο.
