4092 6350
576 472 669 533 δη

1823 472 1879 527 S.
1921 465 2105 524 AVITI
2144 464 2539 527 VIENUENSIS

3716 450 3825 513 Si!

575 560 731 644 rioris
757 595 1038 658 praecepto,
1074 585 1168 640 sed
1209 592 1500 653 spontanea
1548 593 1649 647 est,
1684 594 1741 638 ut
1788 582 1997 652 opinor,
2040 583 2140 636 ista
2168 582 2223 642 Α
2249 582 2437 650 gelista
2466 579 2644 651 (Joau.
2677 595 2787 644 xix,
2817 579 2907 645 5t,
2937 578 3310 649 32)quomodo
3326 577 3577 631 crucitiso
3594 576 3819 631 Domino

573 681 797 735 vocatio.
825 678 934 734 Sibi
964 678 1286 748 sequestrari
1313 677 1579 747 praecipit,
1613 676 1716 731 sibi
1757 675 1887 730 dicit
1916 672 2138 729 assumi.

571 772 709 826 Deus
735 779 816 825 est
842 767 957 824 sine
982 767 1233 839 ambiguo
1261 768 1351 839 qui
1383 768 1641 837 inSpirat,
1682 768 1832 837 eligit
1858 766 1946 821 vel
1975 764 2139 820 mittit

569 860 855 929 apostolos.
888 859 956 913 Et
985 869 1161 914 tamen
1193 858 1333 913 idem
1360 865 1577 912 sanctus
1604 856 1799 911 Paulus
1824 898 1838 922 ,
1884 872 2005 911 cum
2054 856 2138 911 di-

567 950 757 1005 stincte
785 949 1067 1021 aliquoties
1097 950 1331 1015 Patrem,
1365 948 1556 1003 Filium
1596 948 1682 1003 vel
1712 947 1971 1017 Spiritum
2013 962 2139 1002 san-

568 1052 706 1096 etum
736 1041 1014 1097 Dominum
1038 1055 1157 1096 esse
1199 1040 1424 1105 doceat,
1480 1038 1603 1094 fidei
1656 1040 1865 1094 culmen
1920 1053 1981 1093 ea
2032 1053 2136 1108 qua

567 1148 727 1204 supra
753 1133 860 1187 dixi
890 1131 1199 1187 deﬁnitione
1225 1141 1563 1186 consummat
1596 1148 1609 1184 :
1652 1130 1797 1186 Unus
1846 1129 2135 1195 Dominus,

568 1241 671 1278 una
697 1224 843 1293 ﬁdes,
870 1240 1027 1277 unum
1053 1224 1299 1294 baptisma
1321 1221 1535 1294 (Ephes.
1561 1238 1631 1289 tv,
1648 1223 1723 1292 5).
1750 1222 1840 1277 Sic
1870 1237 2001 1291 ergo
2030 1237 2136 1275 non

570 1330 851 1383 possumus
880 1315 1012 1369 duos
1038 1315 1194 1378 Deos,
1227 1316 1364 1369 sicut
1393 1328 1489 1369 nec
1516 1312 1648 1368 duas
1676 1312 1808 1368 ﬁdes
1830 1354 1846 1379 ,
1889 1327 1989 1367 nec
2028 1313 2135 1365 duo

570 1406 886 1475 baptismata
915 1406 1112 1461 dicere.
1146 1406 1282 1461 Deos
1309 1406 1587 1460 nominare
1612 1404 1883 1475 gentilitas
1912 1402 2135 1472 appetit,

570 1495 760 1550 crebro
789 1512 848 1552 se
876 1498 1089 1551 lavacro
1113 1512 1142 1550 a
1171 1497 1403 1567 peccatis
1458 1496 1601 1551 ablui
1644 1494 1866 1552 Judaeus
1919 1493 2091 1549 credit
2122 1533 2138 1559 ,

571 1588 701 1643 ﬁdes
723 1590 912 1658 plurali
941 1604 1163 1645 numero
1192 1589 1341 1660 quasi
1365 1590 1558 1643 multas
1586 1587 1692 1642 dici
1725 1588 1921 1642 veritas
1947 1585 2132 1655 prohi-

572 1681 680 1746 bet,
715 1696 814 1737 nec
839 1681 1098 1737 Latinitas
1129 1682 1274 1738 sinit.
1312 1682 1457 1737 Unus
1486 1681 1742 1736 Dominus
1771 1688 1885 1744 est,
1929 1694 2033 1734 non
2062 1678 2141 1733 di-

571 1773 833 1839 vidimus;
865 1790 967 1829 una
999 1774 1147 1841 ﬁdes,
1183 1791 1288 1829 non
1309 1774 1636 1839 scindimus;
1672 1788 1833 1828 unum
1855 1773 2139 1842 baptisma,

571 1880 673 1919 non
705 1867 979 1921 iteramus.
1003 1867 1099 1921 (lui
1124 1867 1380 1921 honorem
1403 1881 1558 1920 suum
1586 1866 1747 1920 etiam
1800 1866 1854 1919 in
1888 1863 2141 1919 Bonosia-

2246 687 2367 727 cum
2396 673 2607 729 duobus
2632 672 2950 735 latronibus,
2998 672 3203 727 scilicet
3232 669 3628 725 sexta-sabbati
3676 669 3815 725 circa

2243 779 2544 835 vesperam,
2578 765 2653 819 uti
2699 780 2766 819 ne
2817 762 3161 833 pendentium
3209 776 3434 831 corpora
3475 760 3663 816 feriata
3711 760 3813 815 diei

2243 858 2555 914 solemnitas
2579 857 2860 922 inveniret,
2889 856 3069 911 fractis
3117 871 3214 923 pro
3260 852 3601 910 acceleranda
3644 861 3813 907 morte

2242 950 2509 1004 latronum
2540 948 2807 1013 cruribus,
2838 961 2957 1001 cum
3010 946 3121 1014 jam
3174 945 3476 1014 exspirasse
3526 942 3805 998 Dominum

2243 1041 2656 1109 cognovissent,
2722 1038 3064 1093 adverterunt
3118 1053 3147 1090 a
3192 1036 3431 1106 supplicii
3470 1034 3813 1090 similitudine

2243 1134 2649 1203 temperandum
2674 1150 2687 1197 ;
2712 1133 2834 1202 quia
2857 1124 3016 1187 etiam
3044 1132 3087 1186 si
3112 1140 3384 1202 prematur
3410 1130 3606 1185 veritas
3628 1129 3805 1183 inimi-

2243 1242 2425 1282 corum
2456 1226 2847 1295 conjuratione,
2880 1240 2987 1280 non
3018 1225 3311 1296 frangitur:
3344 1224 3575 1278 maxime
3603 1236 3724 1277 cum
3760 1231 3813 1276 ct

2244 1321 2309 1374 de
2339 1322 2472 1389 Agni
2499 1327 2647 1375 esset
2676 1318 3043 1373 immolatione
3070 1316 3407 1387 praedictum,
3440 1316 3508 1369 οι
3546 1332 3648 1369 non
3685 1330 3809 1367 eon-
3904 1348 3916 1354 -

2249 1410 2479 1479 {ringetis
2505 1426 2643 1464 exeo
2668 1408 2865 1480 (Exod.
2891 1425 2960 1464 sn
2985 1450 3000 1473 ,
3042 1408 3156 1478 46).
3202 1409 3270 1463 Ει
3310 1417 3486 1464 tamen
3538 1407 3625 1462 hic
3670 1408 3811 1462 circa

2245 1500 2553 1570 Dominum,
2587 1502 2664 1555 sic
2687 1516 2900 1571 quoque
2946 1500 3086 1570 quod
3135 1514 3240 1555 non
3300 1498 3397 1554 fuit
3449 1498 3810 1554 necessarium

2244 1590 2359 1645 ﬁcri
2391 1605 2487 1661 pro
2511 1591 2695 1655 exitio,
2723 1605 2817 1660 pro
2846 1598 3179 1646 sacramento
3204 1589 3500 1660 perfectum
3530 1599 3632 1644 est.
3664 1587 3812 1644 Unus

2243 1701 2472 1755 namque
2495 1686 2561 1741 de
2583 1686 2841 1743 militibus
2868 1696 3083 1753 arrepto
3137 1684 3323 1741 missili
3352 1727 3366 1751 ,
3412 1695 3471 1741 ut
3508 1700 3813 1741 sermonem

2244 1777 2416 1846 ipsum
2443 1790 2660 1846 ponam,
2686 1777 2820 1831 latus
2849 1777 2961 1841 eius
2986 1776 3187 1846 aperuit
3204 1773 3385 1846 (Joan.
3412 1791 3522 1840 xu,
3541 1774 3814 1845 34).qu

2243 1884 2349 1923 non
2368 1868 2671 1938 rupitynon
2702 1866 3008 1933 transfodit,
3035 1881 3142 1921 non
3168 1865 3430 1936 iugulavit
3450 1865 3514 1920 ad
3543 1866 3814 1935 ultimum,

569 1971 752 2011 eorum
779 1958 1113 2029 aliorumque
1138 1961 1445 2027 receptione
1493 1966 1771 2013 servantes
1796 1996 1811 2022 ,
1863 1958 1907 2011 si
1963 1971 2022 2010 se
2080 1956 2132 2010 in
2162 1956 2210 2017 B
2237 1959 2332 2015 sed
2354 1959 2543 2029 inquit,
2562 1958 2792 2023 aperuit;
2821 1967 2877 2011 ut
2896 1957 3128 2027 patentis
3159 1957 3326 2026 plagae
3350 1965 3554 2025 portam
3573 1956 3816 2023 vitalem,

569 2048 784 2102 nomine
818 2048 990 2103 Patris
1020 2059 1073 2103 et
1096 2048 1217 2103 Filii
1244 2058 1298 2102 et
1343 2049 1574 2117 Spiritus
1622 2046 1791 2101 sancti
1841 2045 2137 2115 baptizatos

570 2156 689 2197 esse
720 2143 1098 2213 reSpondeant,
1133 2146 1273 2212 quod
1306 2143 1441 2197 bene
1462 2143 1693 2198 confessi
1716 2151 1861 2210 sunt,
1876 2141 2137 2197 servando

570 2233 887 2301 recipimus;
917 2223 1059 2303 quod
1086 2248 1367 2303 perperam
1392 2233 1753 2299 crediderant,
1775 2232 2139 2288 benedicendo

571 2339 819 2379 sanamus
846 2342 859 2391 ;
891 2336 944 2380 et
974 2326 1114 2396 quod
1158 2326 1333 2379 minus
1374 2326 1545 2380 fuerat
1588 2326 1955 2381 nominatione
2002 2339 2138 2394 prato

570 2416 751 2480 missa,
783 2417 1057 2487 suppletur
1086 2417 1395 2472 credulitate
1426 2416 1653 2471 ﬁrmata.

947 2602 1050 2674 (Ex
1084 2602 1235 2657 libris
1255 2600 1453 2656 Contra
1486 2600 1760 2671 Arianos.)

639 2695 880 2751 Psalntus
902 2694 1027 2751 dicit
1058 2711 1075 2750 :
1101 2696 1144 2746 Α
1168 2710 1364 2748 summo
1392 2694 1502 2748 caeli
1531 2694 1749 2765 egressio
1772 2698 1879 2766 ejus
1904 2736 1918 2759 ,
1960 2702 2007 2748 rt
2051 2709 2138 2748 re-

568 2807 748 2844 cursus
774 2792 882 2860 ejus
904 2804 1061 2858 usque
1085 2788 1151 2841 ad
1172 2803 1424 2841 summum
1467 2791 1575 2859 ejus
1625 2788 1643 2857 (
1668 2785 1817 2841 Psal.
1849 2804 1974 2843 xvm
1993 2830 2007 2854 ,
2053 2790 2136 2859 7).

568 2882 735 2937 Nemo
766 2896 926 2950 porro
952 2883 1199 2942 recurrit.
1234 2881 1334 2934 nisi
1378 2897 1485 2950 quo
1523 2881 1644 2945 fuit;
1682 2881 1775 2936 sed
1812 2885 2137 2939 ascendente

568 2973 802 3038 Christo,
823 2972 986 3026 Filius
1015 2972 1245 3026 hominis
1270 2972 1498 3026 recurrit
1528 2974 1576 3027 in
1608 2973 1799 3028 caelum
1820 3014 1836 3040 ,
1884 2975 1999 3056 qui.
2020 2987 2139 3031 erat

571 3066 719 3133 prius
750 3065 802 3117 in
831 3064 989 3120 caelo.
1027 3065 1117 3121 Sic
1154 3064 1313 3119 etiam
1355 3074 1572 3123 sanctus
1622 3066 1816 3121 Paulus
1864 3083 2136 3139 exponens

569 3156 643 3208 ait
672 3172 686 3207 :
719 3154 1004 3210 Ascendens
1032 3161 1084 3209 in
1104 3156 1267 3209 altum
1290 3160 1539 3225 captivam
1582 3158 1729 3211 duxit
1756 3160 2093 3229 captivitatem
2118 3201 2133 3226 ,

567 3248 704 3299 dedit
734 3251 867 3301 dona
882 3248 1167 3302 hominibus
1189 3247 1401 3319 (Ep/ms.
1432 3264 1501 3317 tv,
1528 3250 1583 3317 8,
1609 3249 1683 3319 9).
1710 3250 1773 3305 Et
1803 3252 1957 3319 paulo
1978 3262 2095 3321 post
2118 3271 2129 3305 :

2240 2069 2346 2110 non
2372 2063 2478 2108 tam
2510 2051 2789 2121 vestigium
2820 2051 3075 2115 vulneris,
3107 2065 3265 2120 quam
3297 2050 3483 2106 salutis
3503 2066 3624 2106 esse
3652 2050 3814 2106 intel-

2239 2143 2466 2213 ligamus
2497 2143 2815 2211 ingressum.
2843 2142 2971 2196 Nam
2995 2150 3049 2197 et
3076 2155 3254 2197 arcam
3279 2142 3421 2196 illam
3456 2141 3609 2212 (Gen.
3648 2157 3720 2207 vt,
3753 2142 3812 2210 6)

2239 2236 2392 2304 cujus
2436 2235 2674 2289 claustro
2710 2243 2855 2289 tutus
2906 2232 3019 2288 Noe
3074 2244 3341 2290 tumentes
3393 2235 3573 2290 saeculi
3621 2235 3812 2291 fluctus

2239 2336 2576 2398 mortemque
2604 2326 2977 2393 bacchantem,
3001 2325 3221 2395 impune
3245 2326 3391 2383 solus
3437 2328 3647 2383 cunctis
3688 2344 3810 2398 per-

2239 2421 2489 2478 euntibus
2519 2419 2986 2486 enatavit,ostium
3016 2433 3122 2489 quo
3153 2418 3239 2475 vel
3262 2418 3329 2473 ad
3351 2418 3576 2474 salutem
3607 2420 3811 2489 ingres-

2237 2530 2350 2581 sus,
2379 2513 2463 2570 vel
2494 2528 2771 2584 regressus
2802 2512 2866 2568 ad
2888 2512 3059 2568 lucem
3087 2521 3169 2569 est
3198 2556 3213 2580 ,
3274 2511 3327 2567 in
3374 2512 3539 2569 latere
3587 2511 3811 2582 legimus

2239 2604 2511 2660 habuisse.
2544 2605 2788 2674 Agnosco
2821 2604 2981 2671 igitur
3004 2612 3060 2658 et
3089 2602 3247 2657 hodie
3296 2602 3346 2656 in
3396 2602 3623 2658 Domino
3649 2644 3665 2669 ,
3718 2604 3810 2674 qui

2237 2695 2405 2765 surgit
2434 2711 2528 2766 per
2555 2710 2771 2751 crucem
2798 2692 2965 2764 (Psat.
2991 2708 3177 2759 cxxxt,
3206 2692 3261 2762 8)
3293 2692 3345 2747 in
3364 2693 3602 2763 requiem
3631 2707 3807 2761 suam,

2238 2787 2354 2857 ipse
2382 2795 2437 2841 et
2456 2801 2602 2851 arca,
2635 2786 2687 2841 id
2717 2793 2801 2841 est
2824 2800 2971 2848 caro,
3004 2783 3437 2840 sanctiﬁcationis
3466 2798 3577 2839 sua:
3603 2803 3615 2836 :
3647 2798 3809 2854 agno-

2238 2895 2353 2945 sco,
2382 2881 2624 2950 inquam,
2660 2878 2716 2934 in
2740 2879 2908 2934 latere
2935 2892 3073 2933 arcae
3098 2876 3249 2932 istius
3294 2877 3494 2932 aditum
3542 2886 3806 2933 nostrum.

2237 2973 2529 3029 Videamus
2556 2974 2786 3043 primum
2818 2970 2944 3043 quid
2991 2970 3114 3025 inde
3151 2969 3423 3040 procedit,
3464 2971 3810 3026 adhertamus

2238 3073 2423 3135 postea
2445 3062 2712 3133 quomodo
2762 3062 2831 3117 ibi
2875 3061 3208 3117 Christianus
3263 3060 3484 3116 introiit.
3535 3060 3809 3115 Patefacto

2235 3172 2361 3227 ergo
2390 3157 2555 3211 latere
2586 3154 2817 3218 Domini,
2867 3154 3132 3223 processit
3183 3153 3414 3208 ubertim
3470 3152 3810 3208 manantibus

2236 3250 2365 3304 rivis
2388 3264 2522 3319 aqua
2548 3248 2631 3302 vel
2663 3246 2899 3316 sanguis.
2927 3245 3063 3313 Quid
3106 3244 3470 3300 admirabilius
3500 3244 3590 3299 tali
3633 3244 3809 3300 facto?

568 3338 669 3401 Qui
698 3338 973 3401 descendit,
1028 3338 1218 3409 inquit,
1267 3342 1373 3409 ipse
1418 3351 1489 3393 est
1538 3349 1582 3395 et
1605 3343 1693 3411 qui
1719 3344 1944 3396 ascendit
1980 3320 2133 3415 super
2160 3320 2207 3383 (ἶ
2236 3340 2360 3411 quid
2392 3338 2617 3394 lucidius
2640 3337 2872 3393 indicio?
2899 3335 3026 3407 quid
3044 3335 3300 3407 mysterio
3325 3336 3565 3407 plenius?
3591 3338 3808 3394 Certum

563 3444 736 3481 omnes
758 3430 929 3495 caelos,
954 3438 1009 3481 ut
1032 3430 1262 3500 impleret
1283 3433 1473 3487 omnia.
1500 3431 1742 3503 Cumque
1778 3449 1875 3504 per
1917 3449 2130 3491 omnem

559 3519 752 3590 eloquii
784 3522 866 3575 sui
894 3522 1065 3576 locum
1091 3524 1253 3577 Deum
1280 3523 1494 3579 venisse
1524 3524 1811 3594 praedicet,
1851 3526 2123 3583 hominem

559 3614 765 3668 redisse
792 3613 1139 3679 concludens,
1165 3614 1248 3668 hic
1278 3624 1451 3670 tamen
1481 3616 1652 3683 ipsum
1684 3616 1811 3671 dicit
1838 3618 2129 3672 ascendere

557 3709 643 3775 qni
667 3708 970 3773 descendit;
1002 3709 1124 3777 quia
1152 3709 1202 3762 in
1233 3708 1447 3762 Christo
1473 3710 1612 3764 Deus
1664 3722 1720 3765 et
1768 3711 1966 3775 homo;
2020 3727 2127 3765 non

557 3796 706 3861 alter,
741 3797 834 3851 sed
865 3798 977 3866 ipse
1003 3814 1018 3862 ;
1043 3813 1146 3853 non
1179 3799 1283 3853 dno
1308 3814 1371 3855 ex
1416 3799 1675 3867 diversis,
1717 3803 1811 3856 sed
1860 3804 2000 3858 idem
2047 3820 2116 3859 ex

556 3892 779 3953 utroque
810 3888 1090 3943 mediator.
1122 3888 1340 3944 Gemina
1391 3890 1604 3961 quidem
1651 3893 1981 3962 substantia,
2029 3894 2122 3951 sed

558 3989 657 4028 una
692 3976 859 4032 forma
887 3988 986 4033 est.
1296 4052 1359 4107 Iv

824 4143 928 4212 (Ex
957 4157 1205 4199 sermone
1228 4145 1296 4199 de
1323 4147 1569 4216 passione
1599 4148 1855 4218 Domini.)

616 4233 901 4303 Apostolus
934 4233 1152 4307 (Ep/tes.
1176 4253 1231 4305 v,
1263 4240 1360 4305 3i,
1390 4239 1479 4310 52)
1515 4255 1704 4296 somno
1735 4243 1863 4298 Adae
1890 4244 2121 4302 domini-

547 4338 663 4376 cam
693 4334 921 4379 mortem
953 4337 1227 4395 coaptans,
1254 4331 1306 4381 in
1330 4333 1443 4399 ipso
1473 4333 1656 4388 mundi
1700 4335 1960 4406 principio
1988 4339 2118 4393 azdi-

546 4413 843 4469 ticationem
866 4416 1103 4471 mulieris
1126 4418 1193 4472 de
1221 4432 1367 4475 casm
1394 4422 1707 4481 dormientis
1739 4428 1859 4495 viri,
1891 4443 2117 4485 nascen-

546 4505 613 4558 tis
642 4506 885 4560 ecclesize
922 4507 1051 4561 dicit
1087 4508 1328 4575 signasse
1360 4526 1689 4583 compagem.
1720 4516 1958 4587 Namque
1993 4535 2114 4574 cum

544 4597 767 4653 formato
795 4600 861 4654 de
884 4608 1021 4654 terra
1054 4601 1277 4667 homini,
1301 4604 1343 4657 si
1369 4604 1502 4661 lecta
1550 4610 1865 4674 recolimus,
1917 4614 2113 4683 conjux

2236 3440 2323 3486 est
2345 3428 2561 3501 quidem
2594 3428 2735 3498 quod
2768 3426 2938 3482 doluit
2960 3424 3229 3494 Christus,
3252 3428 3391 3497 quod
3436 3429 3639 3484 interiit
3683 3444 3807 3485 cer-

2232 3530 2343 3575 tum
2371 3536 2386 3585 ;
2416 3518 2509 3573 sed
2543 3527 2722 3575 servat
2752 3518 2804 3573 in
2829 3533 2896 3573 eo
2920 3517 3229 3587 dignitatem
3249 3532 3397 3573 suam
3420 3520 3579 3575 etiam
3610 3520 3807 3576 veritas

2231 3613 2441 3669 mortis.
2457 3613 2585 3680 Qua:
2615 3610 2853 3667 conditio
2871 3626 3104 3681 unquam
3123 3612 3339 3667 humani
3355 3613 3599 3685 corporis
3621 3614 3807 3672 habuit

2230 3717 2380 3772 aqua:
2409 3701 2495 3756 vel
2524 3700 2795 3772 sanguinis
2819 3700 3051 3758 fluxum?
3101 3701 3248 3770 Esto,
3300 3704 3442 3774 quod
3490 3713 3665 3761 tamen
3716 3707 3805 3760 vix

2227 3791 2627 3848 consuetudinis
2677 3792 2885 3849 ratione
2952 3792 3316 3863 permittitur,
3377 3804 3433 3848 ut
3474 3795 3804 3850 continuerit

2226 3899 2472 3941 cruorem
2510 3898 2667 3939 suum
2707 3884 3167 3950 caradefuncta;
3222 3885 3311 3941 ubi
3362 3886 3517 3941 latuit
3573 3886 3804 3943 viventis

2226 3992 2375 4045 aqua:
2407 3977 2697 4033 fonticulus
2728 3977 2783 4033 in
2814 3993 3038 4048 corpore
3060 3977 3370 4033 morientis?
3388 3978 3536 4034 Uude
3561 3980 3802 4049 procedit

2222 4068 2421 4141 duplex
2449 4069 2603 4127 rivus
2628 4082 2868 4127 arentem
2900 4071 3154 4126 mundum
3187 4071 3600 4140 fecundatnrus,
3632 4088 3799 4144 purus

2222 4162 2415 4230 laticis,
2445 4164 2709 4233 pretiosus
2737 4164 2987 4219 cruoris?
3016 4162 3166 4219 Unde
3188 4165 3356 4219 sancti
3386 4165 3619 4219 fluminis
3650 4167 3793 4221 unda

2222 4258 2544 4325 prorumpit,
2568 4258 2681 4313 sola
2715 4256 3113 4327 restinguendis
3151 4256 3407 4327 gehennae
3450 4257 3794 4315 satisfactum

2219 4348 2546 4417 vaporibus?
2575 4346 2710 4403 Ecce
2730 4348 2920 4403 videtis
2946 4346 3013 4403 de
3055 4348 3221 4403 latere
3250 4349 3417 4404 Adam
3455 4350 3626 4404 nostri
3660 4366 3796 4405 con-

2214 4440 2391 4507 jugem
2423 4454 2571 4493 suam
2597 4438 2756 4495 strui.
2788 4438 2925 4493 Ecce
2956 4453 3209 4508 sponsam
3238 4439 3463 4506 victuro,
3503 4441 3628 4496 dum
3677 4457 3798 4495 mo-

2218 4530 2371 4595 ritur,
2396 4530 2705 4599 prieparari.
2738 4529 2879 4585 Ecce
2905 4529 3190 4585 dormienti
3220 4530 3435 4601 praecipi
3466 4531 3604 4598 quod
3651 4532 3793 4586 laeti-

2223 4622 2705 4692 ﬁcetvigilaturum
2733 4640 2747 4689 ;
2779 4621 2954 4677 omnis
2999 4630 3175 4677 autem
3224 4621 3457 4677 Ecclesia
3511 4623 3616 4677 duo
3664 4634 3795 4679 sunt

542 4686 774 4785 d°_esse!o
807 4699 860 4744 εί
885 4704 1183 4785 (ιυίξξιιιυειιη
1217 4692 1501 4785 ίηεκρθτιίν
1537 4707 1710 4755 “lmen
1755 4702 1928 4757 801³1ίὶ
1977 4719 2110 4760 εοη-
2135 4686 2192 4750 D
2220 4686 2740 4785 generaltominum.
2762 4713 2935 4769 Unum
2961 4722 3064 4778 est,
3087 4712 3226 4783 quod
3256 4713 3395 4768 ﬁdeli
3425 4723 3613 4780 morte,
3643 4715 3791 4770 aliud

541 4779 844 4833 tubernium
884 4780 1033 4835 rudis
1069 4784 1281 4838 animus
1332 4784 1626 4855 ﬂagitaret,
1690 4792 1881 4861 ligatur
1937 4794 2105 4851 Adam

496 4863 501 4869 ’
542 4884 724 4936 sensu,
754 4871 979 4926 solvitur
1003 4887 1213 4939 somno,
1242 4878 1620 4949 celebratoque
1651 4881 1807 4951 hujus
1854 4885 2104 4941 similitu-

539 4960 677 5013 dinis
698 4970 1055 5030 sacramento,
1089 4973 1192 5019 tam
1225 4982 1466 5035 pressum
1494 4970 1613 5023 novi
1651 4973 1859 5041 saporis
1899 4975 2104 5044 pondus

536 5049 793 5131 incubuit,
826 5061 877 5105 ιιι
899 5053 1090 5109 merito
1117 5065 1340 5111 mortem
1363 5058 1689 5126 significasse
1732 5080 1796 5117 ex
1844 5065 1962 5134 ipso
2006 5068 2105 5121 im-

534 5139 715 5193 mobili
742 5149 901 5211 atque
931 5145 1223 5225 insensibili
1246 5148 1425 5215 quiete
1456 5150 1723 5207 videatur.
1774 5154 1974 5212 Taliter
2010 5172 2105 5211 au-

532 5243 641 5287 tem
685 5233 883 5302 jacenti
931 5236 1228 5292 detrahitur
1266 5256 1364 5294 una
1412 5252 1677 5298 costarum
1705 5284 1723 5311 ,
1770 5256 1929 5316 atque
1978 5249 2103 5304 inde

531 5326 758 5382 formata
785 5329 1029 5395 muliere,
1060 5333 1389 5389 reviviscenti
1445 5337 1731 5394 admodum
1792 5343 1911 5398 viro
1938 5344 1975 5408 ,‘
2008 5359 2103 5414 pro

529 5417 810 5488 dispendio
833 5423 1081 5488 membri,
1107 5436 1457 5494 repensantur
1479 5431 1625 5483 lucra
1670 5431 1923 5503 conjugii.
1960 5435 2098 5491 Ecce

531 5516 587 5560 et
609 5508 695 5565 hic
724 5512 883 5570 hodie
910 5515 1076 5571 Adam
1104 5532 1319 5582 novum,
1337 5520 1517 5589 culpas
1540 5533 1743 5580 veteres
1764 5537 2095 5594 sanaturum,

529 5614 838 5670 oppressum
870 5623 1060 5664 somno
1119 5612 1360 5681 impacta:
1417 5615 1590 5669 crucis
1642 5619 1864 5687 Suscipit
1919 5621 2091 5689 quies.

528 5689 678 5746 Nunc
705 5694 982 5753 videndum
1016 5712 1099 5756 est
1126 5704 1252 5772 quid
1283 5706 1371 5768 sit,
1399 5706 1540 5775 quod
1573 5707 1639 5763 de
1683 5710 1798 5763 solo
1846 5712 1962 5779 ejus
2017 5714 2095 5767 la.

530 5789 641 5836 tere
669 5782 907 5839 Ecclesia
937 5788 1152 5845 formari
1175 5794 1386 5858 dicitur,
1417 5810 1538 5850 cum
1580 5806 1721 5852 totus
1767 5801 1880 5867 ipse
1935 5804 2093 5859 homo

524 5884 625 5947 pro
652 5872 904 5933 Ecclesia:
924 5880 1091 5937 salute
1114 5883 1389 5953 moriatur.
1419 5886 1598 5944 Refert
1650 5889 1879 5947 Joannes
1928 5910 2089 5952 cvan-

2215 4806 2353 4879 quod
2378 4808 2589 4862 sublimi
2611 4806 2857 4876 passione
2878 4806 3145 4871 salvatur;
3172 4821 3333 4861 unum
3356 4806 3495 4876 quod
3518 4822 3613 4875 pro
3631 4805 3791 4861 Chr:-

2212 4907 2297 4954 sto
2320 4897 2747 4964 occubuit,aliud
2774 4896 2916 4966 quod
2939 4897 3150 4952 Christo
3182 4898 3327 4952 vixit.
3356 4896 3462 4951 Nos
3486 4912 3611 4968 ergo
3633 4899 3789 4953 exci-

2214 4990 2422 5058 piamus
2444 5004 2635 5059 aquam
2648 4989 2713 5043 de
2736 4988 2908 5043 latere
2926 4988 3155 5053 Domini,
3176 4999 3435 5058 martyres
3449 4990 3786 5059 sanguinem.

2212 5081 2337 5137 Illos
2366 5082 2594 5149 pretiosa
2623 5082 2897 5151 sanguinis
2920 5095 3155 5151 purpura
3195 5082 3387 5136 vestiat
3416 5122 3431 5147 ,
3488 5096 3583 5135 nos
3629 5080 3787 5137 nivea

2214 5173 2541 5242 baptismatis
2564 5172 2704 5227 unda
2729 5182 3023 5242 respergat.

2951 5262 3014 5316 ν.

2596 5354 2697 5422 (Ex
2724 5352 2868 5407 libris
2900 5352 3099 5407 Contra
3134 5352 3407 5421 Arianos.)

2276 5445 2565 5499 Consultns
2590 5446 2640 5498 in
2670 5444 2963 5513 Evangelio
2997 5444 3276 5512 Dominus,
3301 5445 3426 5515 quid
3472 5445 3539 5500 de
3580 5442 3786 5498 vinculi

2212 5534 2615 5589 tnatrimonialis
2636 5532 2905 5589 soliditate
2927 5532 3260 5598 decerneret,
3295 5533 3413 5588 Non
3428 5546 3568 5600 sunt,
3586 5536 3785 5603 inquit,

2198 5631 2315 5697 jam
2340 5628 2460 5691 duo,
2492 5628 2577 5681 sed
2602 5644 2705 5680 una
2733 5644 2871 5681 caro.
2901 5626 3120 5697 Propter
3143 5629 3277 5695 quod
3299 5628 3417 5680 dira
3439 5624 3598 5689 robis,
3627 5629 3785 5691 Qum]

2206 5719 2343 5774 Deus
2363 5721 2564 5791 junxit,
2589 5722 2740 5774 homo
2769 5738 2868 5775 non
2891 5730 3085 5789 separet
3114 5719 3324 5791 (Matth.
3362 5736 3469 5785 xix,
3518 5720 3593 5785 6).
3640 5720 3785 5773 Ecce

2202 5812 2341 5883 quod
2365 5813 2438 5867 ait
2462 5814 2747 5883 Apostolus
2791 5813 2855 5867 de
2909 5812 3196 5883 coniugio,
3242 5812 3629 5866 Sacramentttm
3678 5810 3785 5863 hoc

2205 5923 2441 5975 magnum
2466 5923 2484 5970 ;
2525 5922 2614 5975 ego
2638 5914 2802 5960 autem
2834 5907 2946 5959 dico
2966 5907 3128 5973 vobis,
3156 5906 3210 5959 in
3239 5903 3443 5960 Christo
3488 5915 3534 5959 et
3582 5905 3632 5957 in
3666 5900 3782 5958 Ec-
