4092 6350
320 448 424 505 3‘15

318 648 546 718 exempli
570 644 793 700 altitudo
821 641 1075 714 mysterii.
1101 639 1157 694 Si
1180 653 1248 692 ex
1273 636 1482 691 duobus
1503 633 1699 689 dicitur
1722 648 1887 688 unum

319 740 497 794 facere
525 736 713 806 copula
742 732 1033 803 corporalis
1058 772 1074 799 ,
1127 743 1292 800 quare
1348 734 1513 782 totam
1567 724 1889 780 Trinitatem

1251 432 1602 490 VARIURUI
1641 430 2138 488 OPUSCULORUM
2179 428 2614 487 FRAGMENTA.

319 561 468 615 rlesia
492 558 705 629 (Ephes.
741 572 795 622 v,
828 552 939 622 32).
965 551 1206 606 Nascitur
1240 561 1427 615 nempe
1476 546 1545 598 ab
1589 544 1885 599 humilitate
1915 546 1967 606 Α

3456 422 3561 486 3M
3594 470 3601 477 .

2373 637 2475 708 (Ex
2506 636 2656 691 libris
2684 543 2882 691 C(liltllra
2910 633 3183 703 Arianos.)

2063 720 2143 784 An
2173 726 2310 784 forte
2338 727 2483 784 solus
2537 727 2696 781 Pater
2732 724 2993 781 dicendus
3030 731 3113 779 est
3165 723 3457 777 Dominus?
3507 724 3563 779 In

319 843 427 886 non
454 826 761 883 solidaverit
781 840 881 879 una
899 820 1189 879 substantia
1215 820 1238 873 ?
1265 827 1356 873 aut
1394 832 1517 873 cum
1544 816 1807 883 dicamus,
1837 817 1891 872 in
1994 819 2283 889 Evangelio
2306 817 2553 873 Christus
2574 817 2850 886 discipulis
2879 814 2953 869 ait
2980 832 2993 869 :
3052 812 3257 867 Vacalis
3292 828 3371 866 me
3402 812 3567 881 Magi-

320 919 549 976 terrenis
577 915 814 988 separari
862 929 966 969 non
1009 913 1171 968 licere
1204 909 1346 981 quod
1388 908 1531 963 Deus
1577 906 1755 976 iunxit
1799 921 1894 977 per
1994 920 2154 965 strum
2174 918 2221 963 et
2247 908 2545 976 Dominum,
2570 908 2692 962 bene
2720 908 2920 973 dicitis;
2949 922 3063 959 sum
3090 904 3224 959 enim
3255 902 3431 973 (Joan.
3454 918 3566 970 χιιι,

321 1009 692 1073 concordiam,
741 1014 937 1077 quanto
985 1002 1224 1073 periculo
1269 1001 1323 1055 in
1370 997 1615 1068 supernis
1657 996 1892 1067 separari

323 1101 547 1158 velimus
574 1098 715 1170 quod
768 1098 909 1153 Deus
943 1096 1156 1166 junctus
1197 1102 1278 1149 est
1316 1107 1413 1162 per
1462 1090 1749 1145 naturam?
1778 1088 1895 1144 Jam

323 1201 382 1248 ut
400 1191 531 1248 illud
555 1200 761 1247 taceam
784 1187 924 1259 quod
946 1187 1200 1255 scriptum
1228 1192 1334 1248 est,
1360 1180 1501 1251 quod
1548 1178 1895 1234 multitudinis

322 1283 629 1340 credentium
654 1289 763 1335 erat
791 1280 965 1332 anima
989 1293 1114 1343 una,
1140 1286 1184 1329 et
1212 1290 1299 1328 cor
1320 1289 1477 1326 unum
1504 1270 1641 1339 (Act.
1673 1287 1744 1336 Iv,
1764 1268 1853 1337 5‘2)
1876 1282 1891 1321 :

322 1390 546 1447 quorum
576 1371 784 1441 singula
811 1368 973 1425 corda
1002 1382 1164 1422 unum
1189 1379 1285 1421 cor
1328 1362 1587 1418 reddebat
1634 1360 1897 1416 unanimi-

325 1476 426 1533 tas,
449 1465 585 1521 sicut
610 1462 854 1534 proprias
884 1462 936 1515 in
984 1458 1245 1515 Trinitalc
1290 1469 1552 1526 personas
1601 1452 1794 1510 solidat
1844 1458 1899 1506 et

322 1569 524 1614 exnnat
553 1556 849 1627 aequalitas.

796 1687 883 1743 AP
919 1683 1422 1741 PHILIPPENSES.

399 1808 449 1860 l.
494 1805 593 1873 Qui
629 1820 743 1859 eum
772 1804 828 1857 in
858 1803 1021 1869 forma
1051 1800 1143 1854 Dei
1183 1808 1338 1865 esset,
1366 1796 1687 1867 semetipsum
1727 1793 1903 1848 exina-

329 1902 474 1979 nivit.

405 1994 487 2048 ll.
519 1993 710 2047 Factus
740 1992 972 2046 obediens
994 2005 1151 2059 usque
1174 1988 1242 2042 ad
1265 1995 1495 2041 mortem.
1588 1967 1619 1980 ν’

401 2084 518 2140 III.
551 2085 771 2156 Propter
793 2083 928 2154 quod
954 2081 1092 2136 Deus
1114 2081 1261 2135 illum
1286 2078 1554 2141 exultavit,
1603 2083 1650 2130 et
1696 2073 1903 2128 donavit

330 2181 405 2235 illi
433 2196 614 2235 nomen
633 2179 769 2249 quod
791 2186 862 2232 est
884 2193 1039 2247 super
1068 2191 1218 2229 omne
1247 2188 1451 2228 nomen.

402 2271 503 2325 IV.
530 2270 597 2325 Ut
628 2272 679 2323 in
701 2270 904 2324 nomine
921 2267 1045 2322 Jesu
1065 2282 1214 2321 omne
1237 2280 1370 2337 genu
1395 2266 1652 2333 ﬂectatur.

1662 1958 1851 1979 #3.!"

405 2363 467 2417 V.
503 2362 567 2416 Et
599 2364 759 2416 omnis
790 2361 968 2431 lingua
990 2359 1295 2431 conﬁteatur
1313 2358 1435 2431 quia
1476 2353 1726 2412 Dominus
1753 2351 1901 2410 Iesus

330 2457 381 2513 in
412 2457 575 2529 gloria
604 2465 678 2511 est
712 2455 802 2510 Dei
831 2452 1023 2510 Patris.
1788 2446 1789 2451 “

406 2550 505 2607 VI.
537 2550 670 2607 Item
692 2552 754 2607 de
782 2551 977 2606 eodem.

648 2760 745 2832 (Ex
776 2758 925 2815 libris
953 2756 1153 2814 Contra
1175 2754 1547 2827 Phantasma.)

402 2894 530 2948 Cum
549 2895 603 2948 iu
633 2896 797 2965 [arma
823 2892 918 2948 Dei
956 2902 1102 2961 esset,
1130 2892 1454 2961 semetipsum
1480 2888 1761 2963 eainanivit
1798 2889 1907 2959 for-

337 3003 467 3042 mam
508 2988 633 3041 servi
662 2986 909 3055 accipiens
933 3026 949 3051 ,
979 2996 1026 3040 et
1070 2983 1352 3038 humiliavit
1397 2984 1719 3053 semetipsum
1747 2997 1905 3052 usque

334 3079 405 3131 ad
431 3088 664 3141 mortem,
694 3085 900 3130 mortem
924 3086 1092 3131 autem
1117 3076 1281 3130 crucis
1303 3074 1564 3147 (Philipp.
1618 3090 1656 3128 ιι
1682 3115 1699 3140 ,
1747 3072 1901 3143 8,“9).

336 3169 512 3224 Verus
545 3170 683 3225 Deus
705 3178 787 3224 est
810 3169 900 3238 qui
929 3169 1174 3237 dignatur
1212 3167 1502 3231 inclinari;
1544 3181 1704 3223 verus
1748 3167 1908 3222 homo

334 3270 436 3325 est,
471 3261 559 3331 qui
588 3260 760 3330 potuit
789 3259 946 3315 mori.
977 3258 1195 3330 PrOpter
1213 3261 1369 3329 quod,
1419 3260 1629 3330 inquit,
1672 3269 1722 3312 et
1772 3258 1908 3314 Deus

335 3361 474 3424 pater
503 3351 934 3418 exaltavitillum,
963 3361 1010 3405 et
1050 3351 1253 3404 donavit
1294 3351 1377 3405 illi
1430 3338 1610 3405 nomen
1657 3349 1793 3419 quod
1837 3355 1913 3404 est

336 3461 488 3514 super
514 3459 664 3498 omne
691 3458 893 3497 nomen.
923 3442 1072 3497 Inter
1113 3456 1234 3498 eum
1274 3443 1366 3513 qui
1395 3442 1522 3508 dat,
1569 3451 1622 3498 et
1662 3456 1784 3497 eum
1821 3442 1912 3512 qui

337 3534 531 3608 accipit
553 3536 833 3604 honorem,
864 3536 1024 3591 trium
1053 3544 1136 3591 est
1164 3550 1325 3591 omne
1354 3550 1571 3590 nomen.
1615 3533 1783 3590 lmum
1827 3544 1911 3591 est

338 3633 514 3695 homo,
544 3628 777 3686 medium
805 3629 1048 3698 angelus,
1080 3642 1349 3684 summum
1380 3627 1545 3683 Deus.
1571 3625 1683 3682 Hoc
1713 3641 1911 3683 nomen

336 3722 552 3784 donavit
579 3721 717 3793 quod
740 3736 901 3791 super
924 3734 1083 3776 omne
1114 3734 1308 3776 nomen
1340 3728 1454 3785 est,
1512 3732 1616 3773 non
1661 3718 1711 3773 ei
1750 3732 1911 3788 quem

339 3816 540 3888 genuit,
571 3814 665 3870 sed
696 3813 773 3869 illi
795 3828 952 3883 quem
978 3813 1158 3876 misit,
1205 3814 1295 3883 qui
1333 3811 1506 3867 factus
1537 3820 1621 3867 est
1654 3810 1913 3867 obediens

341 3922 507 3977 usque
534 3907 599 3961 ad
630 3915 876 3961 mortem.
924 3904 1030 3959 Aut
1064 3904 1189 3974 quid
1227 3919 1423 3959 novum
1455 3912 1560 3969 est,
1588 3903 1733 3959 credi
1764 3903 1819 3957 in
1846 3917 1915 3958 co

342 3999 567 4055 formam
597 3998 759 4063 servi,
790 3997 880 4067 qui
910 4011 1008 4052 nec
1029 3995 1299 4051 maledicti
1328 3994 1614 4065 opprobria
1650 3995 1791 4050 ferre
1808 3993 1910 4049 de-

341 4094 561 4164 spexit?
584 4092 845 4162 Apostolo
874 4097 1242 4159 protestante,
1271 4104 1384 4142 eum
1424 4089 1511 4159 qui
1557 4104 1658 4142 non
1707 4096 1917 4141 noverat

345 4196 625 4257 peccatum,
659 4202 753 4253 pro
780 4183 923 4237 nobis
947 4183 1276 4239 maledictum
1302 4183 1419 4253 fecit
1445 4180 1529 4251 (ll
1552 4180 1671 4235 Cor.
1696 4195 1772 4245 νι,
1798 4181 1917 4248 2|).

344 4278 479 4351 Quia
502 4277 758 4349 scriptum
788 4282 891 4346 est,
924 4277 1112 4348 inquit,
1143 4275 1448 4329 Maledictus
1476 4273 1636 4327 omnis
1668 4272 1756 4342 qui
1795 4287 1921 4342 pen-

347 4381 431 4431 det
452 4377 507 4429 in
536 4376 672 4445 ligno
704 4372 849 4445 (Gal.
897 4387 977 4436 ιιι,
1028 4370 1140 4439 lli).
1190 4368 1412 4437 Propter
1463 4366 1603 4439 quod
1658 4366 1922 4421 exaltatus

344 4477 452 4535 est,
485 4477 539 4523 ut
566 4467 618 4521 in
642 4466 856 4521 nomine
885 4464 1035 4528 Jesu,
1067 4477 1246 4530 omne,
1273 4461 1324 4516 id
1356 4468 1438 4517 est
1480 4476 1585 4515 non
1627 4458 1798 4515 solum
1826 4458 1922 4513 ho—

347 4558 529 4624 minis,
558 4572 739 4613 vcrum
767 4557 924 4611 etiam
953 4554 1150 4624 angeli,
1174 4568 1312 4624 genu
1339 4552 1580 4607 ﬂectatur
1604 4568 1617 4605 :
1642 4552 1690 4605 ei
1718 4550 1923 4606 scilicet

348 4650 438 4721 qui
460 4650 750 4705 secundum
781 4647 1021 4717 ejusdem
1049 4646 1292 4717 Apostoli
1315 4646 1514 4701 dictum
1541 4686 1555 4710 ,
1602 4655 1813 4715 propter
1836 4660 1921 4699 vos
1948 4668 2005 4732 ι)

350 4758 542 4813 pauper
565 4744 727 4812 [actus
755 4750 827 4795 est
850 4755 965 4793 cum
993 4739 1127 4792 dives
1149 4748 1275 4793 esset
1314 4735 1399 4809 (ll
1438 4738 1557 4792 Cor.
1597 4752 1716 4800 vut,
1752 4737 1816 4800 8,
1840 4734 1921 4805 9),

352 4829 501 4885 dives
529 4830 596 4885 ab
622 4828 938 4890 mternitate.
974 4841 1173 4898 pauper
1201 4841 1266 4880 ex
1298 4834 1483 4880 ventre
1511 4842 1525 4889 ;
1555 4824 1704 4881 dives
1733 4825 1785 4879 in
1814 4839 1923 4880 εω-

352 4924 442 5001 li_s,
475 4937 672 4993 pauper
702 4922 754 4977 in
788 4922 996 4992 pannis.

741 5145 841 5214 (Ex
866 5142 1017 5197 libris
1041 5140 1241 5196 Contra
1266 5140 1536 5208 Arianos.)

427 5254 539 5311 Non
571 5271 665 5327 per
688 5255 789 5310 hoc
816 5255 1008 5309 minuit
1051 5252 1405 5323 aequalitatem
1450 5251 1569 5307 Filii
1610 5252 1744 5317 Dei,
1787 5253 1929 5323 quod

1936 3298 1984 3364 C

1999 1002 2110 1072 15).
2143 1000 2521 1069 EtAposlolus
2548 1001 2624 1055 ait
2644 998 2901 1070 (Philipp.
2939 1014 2995 1063 ιι,
3022 996 3075 1062 8,
3123 996 3215 1069 9),
3266 995 3405 1066 quod
3454 1004 3571 1065 post

1998 1103 2225 1150 mortem
2259 1092 2481 1156 Christi,
2513 1102 2740 1147 mortem
2772 1102 2948 1146 autem
3003 1090 3198 1153 crucis,
3254 1088 3573 1145 exaltaverit

1998 1201 2120 1243 eum
2151 1184 2329 1249 Pater,
2354 1193 2409 1239 ct
2426 1184 2635 1240 dederit
2664 1185 2711 1239 ei
2738 1198 2953 1250 nomen,
2980 1192 3038 1237 nt
3087 1184 3138 1237 in
3188 1181 3403 1236 nomine
3444 1181 3571 1235 Jesu

1999 1296 2158 1336 omne
2183 1295 2320 1350 genu
2345 1279 2613 1344 ﬂectatur,
2636 1278 2958 1343 emlestium,
2986 1275 3313 1331 terrestrium
3336 1283 3389 1329 et
3411 1272 3571 1328 inl‘er-

2001 1389 2213 1441 norum,
2247 1374 2297 1427 id
2323 1382 2408 1429 est
2433 1373 2645 1438 adoret,
2674 1370 2887 1426 dicente
2913 1370 3037 1425 alibi
3070 1370 3184 1438 ipso
3206 1367 3449 1432 Domino,
3468 1366 3569 1421 Da-

2000 1468 2196 1523 minum
2225 1464 2387 1522 Deum
2417 1478 2557 1521 tuum
2583 1464 2842 1528 adorabis,
2866 1472 2913 1517 et
2937 1462 3015 1517 illi
3040 1462 3136 1516 soli
3155 1461 3335 1515 servies
3359 1458 3568 1531 (Matth.

2005 1576 2076 1625 tv,
2107 1560 2219 1631 10).

2734 1651 2825 1707 ιν.

2361 1744 2459 1816 (Ex
2494 1757 2743 1799 sermone
2764 1742 2832 1798 de
2864 1741 3194 1797 Pentecoste.

2076 1835 2223 1891 Crux
2256 1834 2343 1889 illa
2367 1835 2419 1889 in
2447 1848 2549 1905 qua
2579 1834 2690 1888 vita
2718 1832 2982 1903 pendente
3015 1846 3159 1887 mors
3202 1829 3357 1901 periit
3381 1871 3395 1893 ,
3440 1828 3571 1884 sicut

1931 1921 1981 1981 B
2007 1929 2058 1985 in
2086 1928 2333 2000 passione
2361 1927 2684 1997 evangelista
2710 1925 2944 1981 Joannes
2968 1932 3185 1980 enarrat
3221 1921 3413 1995 (Joan.
3446 1938 3533 1976 xix
3557 1964 3573 1988 ,

2002 2020 2122 2091 20),
2145 2021 2269 2091 quia
2294 2018 2648 2088 multiplicem
2684 2032 2876 2087 capere
2924 2031 3030 2071 non
3087 2015 3299 2085 potuit,
3355 2013 3577 2084 triplicis
3652 2076 3655 2079 Α

2005 2114 2203 2183 lingua:
2227 2110 2417 2181 pagina
2443 2110 2541 2164 luit
2573 2126 2587 2163 :
2617 2118 2726 2163 uta
2757 2116 2869 2163 toto
2902 2108 3103 2163 mundo
3152 2104 3577 2161 incunctabiliter

2004 2204 2340 2272 crederetur,
2370 2201 2511 2273 quod
2544 2201 2821 2257 Hebraicis
2846 2199 3058 2267 litteris,
3092 2214 3191 2255 nec
3231 2214 3336 2254 non
3376 2196 3579 2253 Latinis

2006 2296 2319 2365 Griecisque
2346 2292 2729 2362 conscriptum,
2760 2292 2910 2362 quasi
2936 2292 2990 2346 in
3035 2305 3129 2347 ore
3173 2290 3331 2345 trium
3364 2290 3578 2344 testium

2007 2389 2347 2452 ﬁrmaretur;
2380 2399 2442 2440 ac
2464 2384 2719 2454 deinceps
2747 2385 2913 2438 omnis
2939 2383 3116 2454 lingua
3137 2382 3440 2451 conﬁteatur
3460 2381 3580 2451 quia

2007 2478 2259 2534 Dominus
2288 2476 2438 2531 Iesus
2458 2477 2511 2530 in
2530 2476 2787 2547 gloriaest
2808 2474 2903 2529 Dei
2934 2473 3110 2529 Patris
3163 2474 3184 2545 (
3210 2472 3445 2543 Philipp.
3499 2487 3536 2526 ιι
3559 2512 3575 2536 ,

2009 2574 2122 2644 Η),
2158 2570 2209 2626 id
2240 2569 2394 2626 estin
2422 2582 2521 2623 una
2566 2582 2687 2623 cum
2730 2566 2911 2623 Patre.
2945 2566 3096 2634 Quod
3144 2564 3433 2636 quamlibet
3478 2563 3579 2617 ali-

2007 2677 2237 2735 quorum
2269 2660 2496 2718 intentio
2524 2673 2722 2730 negare
2751 2658 3025 2729 persistat,
3057 2666 3110 2713 et
3136 2657 3179 2712 si
3212 2672 3316 2712 non
3341 2654 3578 2712 omnium

2008 2768 2209 2822 sermo,
2233 2760 2380 2809 certe
2401 2752 2576 2807 omnis
2607 2750 2797 2819 lingua
2811 2747 3121 2820 proclamat.

2770 2842 2834 2899 ν.

2389 2936 2494 3010 (Ex
2526 2936 2678 2991 libris
2707 2934 2906 2991 Contra
2932 2934 3205 3004 Arianos.)

2084 3027 2201 3082 Dixi
2223 3041 2345 3083 cum
2372 3028 2528 3082 Patre
2546 3028 2677 3084 Filio
2696 3026 2954 3097 aequalem
2971 3025 3194 3097 gloriam
3219 3025 3582 3095 honoremque

2011 3121 2318 3191 nosdicere
2344 3138 2356 3175 :
2389 3121 2512 3190 quia
2538 3121 2779 3191 legimus,
2800 3119 2866 3175 Ut
2888 3122 3048 3174 omnis
3081 3121 3256 3191 lingua
3284 3120 3582 3187 confiteatur

2009 3215 2149 3285 quod
2176 3215 2421 3270 Dominus
2449 3212 2599 3269 Iesus
2630 3214 2860 3269 Christus
2882 3216 2933 3267 in
2965 3214 3129 3284 gloria
3168 3223 3239 3267 est
3268 3212 3363 3267 Dei
3410 3211 3582 3265 Patris

2015 3308 2228 3380 (Ibid)
2257 3311 2312 3365 Si
2344 3309 2712 3364 tantummodo
2730 3308 2955 3363 dixisset
2982 3307 3034 3361 iu
3064 3306 3181 3372 Dei,
3212 3306 3345 3360 forte
3373 3314 3583 3375 putare-

2018 3414 2125 3473 tur,
2157 3414 2275 3461 esto
2303 3406 2355 3459 in
2398 3402 2517 3469 Dei,
2553 3411 2699 3457 certe
2746 3400 2996 3465 minoris;
3030 3408 3085 3453 at
3132 3414 3251 3453 eum
3310 3399 3361 3453 in
3415 3396 3584 3451 Patris

2015 3498 2206 3569 gloria,
2238 3497 2361 3568 quid
2392 3494 2686 3566 inmquale?
2714 3492 2839 3564 quid
2860 3490 3141 3560 exiguum?
3169 3489 3295 3560 quid
3320 3487 3585 3543 divisum?

2015 3591 2133 3647 Non
2160 3591 2305 3646 enim
2337 3591 2390 3645 in
2422 3588 2659 3660 angelica
2688 3587 2770 3642 vel
2799 3586 3050 3651 humana,
3074 3584 3165 3638 sed
3205 3584 3255 3637 in
3290 3582 3458 3653 gloria
3503 3589 3585 3635 est

2017 3684 2109 3739 Dei
2137 3682 2329 3738 Patris.
2355 3681 2503 3737 Alias
2532 3690 2733 3747 autem,
2762 3678 2864 3735 nisi
2890 3676 3111 3749 aequalis
3141 3674 3308 3746 gloria
3338 3675 3436 3729 ista
3467 3687 3585 3729 cre—

2014 3775 2192 3840 datur,
2224 3783 2410 3829 contra
2436 3772 2599 3842 ipsius
2624 3770 2835 3826 Domini
2855 3770 3149 3853 iussionem
3175 3768 3354 3841 (Joan.
3384 3783 3434 3835 v,
3466 3764 3582 3837 25),

2015 3881 2121 3921 non
2150 3880 2339 3922 omnes
2370 3864 2448 3919 sic
2480 3862 2908 3920 honoriﬁcabunt
2933 3861 3149 3929 Filium,
3199 3862 3337 3917 sicut
3373 3860 3586 3917 honori-

2014 3955 2174 4012 ﬁcant
2200 3956 2433 4011 Patrem.
2456 3953 2611 4010 Nulla
2638 3955 2782 4011 enim
2813 3955 3021 4011 ratione
3047 3955 3125 4010 sic
3155 3952 3407 4009 honorari
3434 3962 3586 4022 pote-

2017 4048 2088 4102 rit
2121 4046 2291 4115 major
2321 4056 2379 4101 ut
2408 4047 2605 4102 minor.
2629 4046 2735 4102 Sed
2766 4048 3071 4117 quicunque
3094 4060 3199 4099 non
3227 4045 3305 4099 sic
3336 4043 3588 4098 honoriﬁ-

2018 4140 2221 4195 cavcrit
2247 4138 2441 4194 Filium
2480 4139 2617 4194 sicut
2667 4138 2985 4194 lionorilicat
3020 4137 3230 4192 Patrem
3263 4174 3279 4201 ,
3335 4134 3588 4203 quidquid

2017 4230 2201 4301 glorias
2232 4229 2546 4300 dempserit,
2569 4229 2906 4285 contumeliae
2935 4228 3234 4297 deputavit.

2767 4342 2851 4397 Vl.

2020 4437 2123 4508 (Ex
2148 4451 2396 4493 sermone
2424 4435 2478 4491 in
2516 4433 2852 4559 dedicatliggﬁ
2873 4445 3113 4574 et):c.esue
3141 4426 3449 4499 archangeli
3496 4426 3592 4482 Mi-

2682 4520 2748 4560 ci
2839 4520 2902 4559 IS.

2682 4520 2902 4560 cnaeus.

2099 4601 2204 4657 Iste
2242 4600 2311 4655 sit
2339 4598 2463 4665 ille,
2509 4590 2667 4669 quam
2694 4595 2887 4663 dulcis,
2919 4603 3025 4649 tam
3058 4592 3315 4650 terribilis
3345 4592 3511 4654 locus,
3544 4591 3596 4647 in

2026 4707 2135 4765 quo
2161 4691 2323 4747 Jacob
2350 4689 2505 4761 (Gen.
2533 4705 2721 4758 xxvm,
2750 4687 2840 4759 il)
2869 4675 3094 4745 ceruchis
3135 4685 3413 4765 Dominum
3443 4682 3599 4739 scalis

2028 4762 2305 4852 innixum,
2354 4799 2555 4856 perque
2599 4797 2692 4839 eas
2721 4780 3072 4838 ascendentes
3111 4762 3625 4847 descendentesque'

2028 4879 2246 4951 angelos
2291 4878 2515 4943 videns,
2565 4875 2784 4931 domum
2834 4872 3132 4929 Divinitatis
3185 4872 3477 4942 intelligit:
3515 4870 3603 4925 ubi

2028 4984 2216 5043 parato
2262 4970 2532 5043 mysteriis
2584 4968 2758 5038 lapide
2802 4975 2960 5038 caput
3007 4966 3257 5032 ellultus,
3305 4965 3604 5020 futurorum

2030 5066 2206 5120 causis
2233 5063 2435 5134 aptavit
2479 5068 2807 5130 unguentum
2833 5076 2847 5113 :
2872 5060 2984 5114 sive
3012 5073 3132 5113 cum
3164 5056 3369 5128 passuri
3398 5054 3604 5111 Media-

2036 5158 2166 5212 toris
2197 5154 2484 5225 pendulum
2511 5153 2711 5207 crinem
2734 5196 2749 5220 ,
2780 5150 3083 5221 iustiﬁcata:
3113 5147 3423 5220 peceatricis
3451 5144 3606 5199 οῦδε-

2038 5248 2168 5319 quio
2194 5288 2209 5313 ,
2254 5247 2538 5317 fragrantis
2582 5245 2834 5301 alabastri
2877 5242 3019 5299 unda
3066 5241 3337 5311 perfudit:
3369 5246 3425 5291 ut
3466 5233 3608 5302 quod

361 5349 498 5406 Illius
530 5348 764 5404 hominis
787 5346 1042 5403 obedivit.
1075 5344 1353 5414 Quomodo
1379 5345 1520 5399 enim
1553 5360 1659 5399 non
1686 5344 1932 5400 obediret
2035 5340 2303 5412 lapidibus
2328 5340 2463 5394 vivis
2494 5340 2545 5393 in
2590 5338 2920 5409 spiritualem
2966 5334 3217 5388 fabricam
3256 5333 3607 5399 congruenter

361 5440 522 5507 Patri,
552 5440 641 5511 qui
680 5439 921 5494 subditus
963 5446 1078 5494 erat
1118 5436 1312 5491 matri?
1349 5435 1564 5490 dicente
1612 5435 1931 5504 evangelista
2039 5435 2398 5489 necessarium
2422 5431 2712 5496 llueret,cx
2741 5430 2941 5499 irriguo
2966 5423 3233 5497 angularis
3258 5419 3447 5490 lapidis
3467 5417 3611 5475 fonte

363 5532 430 5588 de
444 5509 752 5601 parentibus
778 5532 892 5599 ejus
918 5550 929 5583 :
955 5528 1019 5584 Et
1042 5531 1171 5584 venit
1198 5529 1482 5594 Nazareth,
1506 5537 1554 5581 et
1577 5539 1684 5582 erat
1705 5528 1933 5583 subditus
2041 5533 2282 5579 manaret
2308 5563 2323 5589 ,
2371 5524 2553 5594 sicque
2579 5521 2809 5601 Abrahae
2835 5519 2926 5574 lilii
2966 5531 3059 5587 per
3088 5516 3349 5569 lavacrum
3380 5525 3446 5565 ex
3476 5509 3611 5581 lapi-

366 5623 637 5692 illis(Luc.
666 5640 724 5687 ιι,
757 5594 869 5691 5i).
896 5622 986 5677 Sic
1009 5623 1148 5677 enim
1178 5621 1346 5676 lactus
1371 5629 1453 5675 est
1475 5661 1489 5684 ,
1526 5620 1738 5676 dicente
1785 5622 1930 5690 Apo-
2037 5616 2197 5671 dibus
2228 5615 2490 5682 suscitati,
2524 5624 2579 5669 ut
2605 5594 2907 5669 ari'ditatein
2944 5604 3174 5675 contagii
3205 5604 3460 5658 naturalis
3487 5618 3613 5659 eva-

350 5717 515 5775 stolo,
541 5714 775 5767 obeiliens
797 5730 953 5782 usque
980 5714 1047 5766 ad
1069 5721 1276 5766 mortem
1310 5711 1565 5782 (Philipp.
1598 5726 1655 5776 ιι,
1693 5710 1769 5781 8),
1797 5714 1937 5767 sicut
2041 5705 2191 5773 dant,
2222 5705 2474 5761 odoriferi
2502 5703 2810 5759 chrismatis
2836 5710 3054 5753 munere
3089 5694 3256 5766 gratia
3300 5693 3613 5749 fecundanta

360 5797 473 5870 ipse
493 5801 751 5856 Dominus
779 5803 930 5869 dixit,
959 5802 1141 5855 Tristis
1180 5813 1252 5856 est
1292 5806 1462 5855 anima
1510 5819 1620 5856 mea
1666 5819 1825 5872 usque
1865 5804 1934 5859 ad
2042 5800 2469 5867 pinguescerent.
2521 5794 2665 5849 lstud
2710 5789 2874 5847 Jacob
2923 5788 3127 5858 sopitus
3151 5786 3285 5843 vidit
3314 5786 3365 5841 in
3397 5784 3614 5852 Spiritu,

358 5903 571 5953 mortem
590 5893 803 5965 (Matth.
838 5910 979 5961 xxw,
1014 5893 1121 5964 58).

2044 5888 2448 5961 expergefactus
2477 5886 2639 5955 gessit
2672 5885 2723 5940 in
2753 5883 2928 5954 signo.
2958 5881 3092 5939 Cum
3117 5879 3269 5938 nobis
3298 5876 3421 5935 inde
3449 5874 3618 5967 oratis!

1922 5961 1997 5975 Ἠ
