4092 6350
255 304 361 360 517
1168 304 1529 365 VARIORUM
1569 305 1871 365 OPUSCUI

1938 308 2085 367 nun
2123 312 2565 377 FRAGMENTA.
3439 316 3554 390 διε

254 418 427 474 stolus
472 416 690 488 praemia
740 417 1037 474 futurorum
1064 459 1079 487 ,
1134 434 1255 475 cum
1301 420 1595 490 sponderet
1628 420 1733 476 illis
1775 419 1840 474 ad
1873 421 1922 481 Α
1951 426 2135 484 ciliare
2166 433 2472 501 praevaleat.
2519 433 2689 507 Junge
2737 451 2896 507 porro
2924 447 2981 495 ut
3007 441 3076 496 sit
3103 440 3189 511 (ll
3218 443 3412 512 Conv,
3452 448 3541 517 l9)

254 527 390 582 quos
429 511 699 570 scribebat
731 508 991 583 (Philipp.
1024 527 1107 584 ιιι,
1130 511 1246 583 20),
1291 513 1436 583 quod
1486 524 1636 571 recte
1663 513 1847 569 viven-
1951 521 2093 577 Deus
2144 523 2194 578 in
2238 523 2455 583 Christo
2478 569 2493 594 ,
2524 538 2579 585 et
2605 538 2688 586 est
2730 534 2988 590 mundum
3023 508 3377 593 reconcilians
3399 508 3537 596 sibi.

254 606 391 662 tium
420 605 760 662 conversatio
784 604 897 676 jam
939 621 1083 665 nunc
1112 616 1258 665 esset
1288 609 1341 665 in
1371 608 1529 665 cmlis
1555 650 1571 676 ,
1604 624 1710 678 quo
1738 608 1843 665 uti-
1950 613 2071 684 ipse
2119 615 2367 674 videlicet
2414 636 2577 687 penes
2626 639 2785 696 quem
2831 627 3094 698 agendum
3145 640 3255 695 est,
3289 634 3404 703 ipse
3449 635 3541 704 qui

252 712 360 767 que
403 707 524 767 post
574 697 1024 756 resurrectionem
1069 700 1313 770 corporis
1349 709 1405 756 et
1436 699 1697 758 habitatio
1725 716 1846 757 ser—
1947 718 2071 779 agat
2111 727 2123 763 :
2166 711 2245 766 sic
2293 712 2432 771 idem
2479 718 2715 785 missus,
2768 731 2823 777 et
2874 721 3017 779 idem
3048 697 3361 797 regressus;
3402 697 3541 785 sicut

252 796 470 846 veretur
496 804 511 843 :
535 793 675 845 sicut
717 796 774 846 et
814 788 1071 847 Dominus
1101 800 1288 848 noster
1325 791 1602 864 discipulis
1634 794 1750 850 suis
1784 793 1839 849 in
1948 801 2063 871 ipse
2089 802 2379 873 judicatus,
2413 815 2468 863 et
2497 807 2613 879 ipse
2645 810 3000 880 judicaturus.

250 879 546 951 Evangelia
572 881 792 939 Joannis
821 881 1055 941 insith
1079 882 1293 941 dicens:
1314 884 1464 941 Vada
1489 902 1673 956 parare
1700 887 1838 942 vobis
2650 879 2656 880 ί
2709 905 2773 961 ll.

249 973 439 1029 locum.
484 972 550 1029 Et
575 975 619 1028 si
643 972 814 1030 abiero
837 1012 855 1040 ,
981 992 1224 1076 pravae
1246 976 1383 1076 nobis
1414 979 1604 1044 locutu,
1645 979 1834 1076 ueritus
2161 991 2264 1058 (Ex
2295 1007 2546 1050 sermone
2574 995 2642 1051 de
2668 997 3010 1056 ordinatione
3038 1003 3326 1076 episcopi.)

248 1066 416 1131 senio,
439 1074 487 1119 et
513 1081 713 1121 accerso
743 1082 831 1123 vos
862 1066 931 1121 ad
958 1082 1059 1135 me,
1085 1077 1140 1122 ut
1170 1068 1257 1123 ubi
1287 1084 1379 1140 ego
1400 1085 1513 1124 sum
1537 1080 1585 1125 et
1617 1086 1701 1125 vos
1725 1070 1836 1125 sitis

2019 1082 2280 1153 Superest
2307 1100 2480 1153 nunc,
2532 1095 2588 1143 ut
2618 1088 2866 1146 lectionis
2898 1092 3056 1161 hujus
3098 1066 3318 1165 semper
3345 1097 3536 1152 memi-

249 1156 456 1229 (Joan.
500 1175 607 1225 xlv,
638 1158 738 1232 ἓ).
782 1159 942 1217 Juxta
991 1176 1150 1232 quam
1202 1163 1617 1231 promissionem
1663 1164 1835 1219 sancti

1945 1177 2104 1243 nerit,
2138 1192 2257 1248 quae
2286 1180 2629 1249 peculiariter
2659 1182 2707 1238 ei
2741 1198 2882 1240 nunc
2912 1184 3050 1240 lecta
3082 1196 3187 1254 est,
3218 1188 3537 1244 inclamante

247 1250 303 1306 in
334 1252 472 1308 casio
498 1251 663 1350 futuri
692 1260 839 1350 sunt.
866 1252 1113 1350 Nun‘lilid
1144 1254 1262 1311 δίηθ
1297 1268 1525 1311 350003“
1559 1255 1837 1350 φοΙσῘωάί·
1943 1270 2202 1339 Apostoio
2224 1312 2239 1336 ,
2274 1273 2607 1331 acclamante
2650 1278 2867 1348 populo,
2903 1250 3272 1335 conclamante
3308 1281 3533 1350 judicio,

247 1358 373 1400 nem
421 1347 571 1446 regni
609 1348 847 1446 omlestis
881 1347 1199 1446 intrabunt?
1342 1349 1616 1446 αιιοωοᾷι)
1659 1350 1832 1446 Ὕεηιο
1943 1362 2143 1433 Siquis
2188 1366 2538 1437 episcopatum
2581 1369 2871 1438 desiderat,
2898 1371 3083 1429 bonum
3114 1392 3239 1446 Opus
3280 1347 3536 1431 desiderat

246 1438 484 1494 ascendet
510 1440 566 1493 in
592 1440 793 1507 caelum,
838 1441 939 1495 nisi
973 1442 1062 1511 qui
1105 1441 1168 1495 de
1203 1441 1328 1497 calo
1356 1441 1617 1498 descendit
1647 1442 1830 1515 (Joan.

1941 1456 1994 1529 (Ι
2032 1455 2165 1515 Tim.
2200 1475 2278 1525 ιιι,
2308 1459 2330 1513 l
2359 1459 2401 1531 ).
2449 1462 2641 1518 Solent
2670 1473 2849 1519 antem
2884 1466 3123 1537 plerique
3145 1438 3390 1539 'pr0priaa
3420 1484 3533 1523 am-

244 1543 324 1598 ιιι,
358 1530 488 1603 ιδῃ
516 1532 623 1590 Sed
649 1535 772 1606 quia
805 1534 1255 1591 incommutabilis
1284 1535 1504 1601 veritas,
1539 1543 1647 1591 tam
1677 1536 1748 1592 de
1775 1550 1835 1592 se

1939 1552 2160 1610 bitionis
2199 1530 2519 1612 incendium
2556 1556 2683 1613 dicti
2738 1530 2899 1628 hujus
2935 1530 3214 1631 apostolici
3260 1530 3416 1632 quasi
3450 1577 3534 1618 re-

243 1621 360 1679 [alli
402 1638 527 1680 eum
568 1634 921 1695 protestetur,
968 1642 1129 1699 quam
1177 1626 1247 1682 de
1294 1627 1451 1683 nobis
1500 1627 1686 1684 fallere
1726 1642 1832 1683 non

1940 1644 2158 1715 lrigerio
2203 1656 2522 1720 temperare,
2559 1651 2699 1721 quod
2735 1621 2846 1720 jam
2883 1661 2935 1708 et
2972 1621 3225 1709 libertate
3272 1621 3531 1724 permissa

144 1721 165 1738 ⁶
243 1722 423 1785 potest
468 1731 590 1773 cum
636 1718 954 1788 pollicetur;
994 1719 1291 1790 quamlth
1340 1720 1449 1775 illic
1477 1735 1597 1775 cum
1632 1720 1760 1775 illol

1940 1752 2028 1793 res
2075 1737 2201 1795 boni
2247 1742 2429 1809 operis
2472 1744 2900 1815 concupiscatur.
2952 1746 3057 1801 Sed
3090 1747 3266 1801 statim
3296 1757 3531 1805 cessaret

245 1812 353 1867 turi
384 1811 494 1867 sint
517 1812 607 1883 qui
653 1812 855 1869 iuerint
894 1814 1250 1884 gloriﬁcandi,
1283 1814 1373 1871 ille
1400 1814 1548 1871 solus
1592 1814 1837 1871 ascendit

1911 1810 2049 1888 itale
2074 1832 2395 1891 desiderium
2423 1878 2437 1903 ,
2488 1837 2531 1892 si
2576 1801 2853 1906 sequentia
2885 1848 3259 1895 tractarentur.
3297 1839 3527 1911 Oportet,

241 1901 338 1972 qui
383 1902 551 1959 levari
596 1903 817 1961 alterius
844 1918 947 1975 ope
978 1920 1082 1962 non
1132 1906 1352 1977 indiget.
1385 1905 1481 1962 Cui
1518 1920 1640 1962 cum
1669 1906 1838 1963 voluit

1944 1924 2152 1995 inquit,
2206 1901 2505 1998 hujusmodi
2532 1901 3024 2000 irreprehensibilem
3068 1947 3175 1985 esse
3206 1901 3410 2001 (lbid.,
3439 1901 3526 1989 2i;

242 1992 422 2050 solide
452 1994 754 2052 substratus
799 2006 882 2053 est
908 1998 1049 2055 aeris
1078 2001 1296 2070 gradus.
1328 1998 1496 2069 Cujus
1538 2015 1646 2071 quo
1676 2016 1831 2057 vene-

1942 2017 2039 2073 llic
2067 2032 2247 2074 secum
2292 2034 2423 2091 rogo
2450 2036 2700 2077 crescens
2738 2022 2973 2078 ambitus
2996 2031 3050 2078 et
3077 2024 3317 2079 animosa
3358 2024 3527 2079 bono-

241 2091 333 2139 rat'
352 2088 701 2152 revertentis,
735 2086 803 2145 de
826 2102 1060 2159 superno
1088 2091 1272 2160 vigore
1298 2090 1563 2147 vibratum
1582 2132 1599 2160 ,
1628 2092 1698 2175 de
1729 2104 1833 2151 ter-

1939 2125 2059 2167 rum
2090 2120 2212 2167 vota
2260 2112 2535 2170 decertent
2581 2133 2593 2169 :
2638 2115 2725 2171 bic
2770 2116 3083 2185 permissam
3131 2117 3233 2172 sibi
3278 2116 3526 2173 desiderii

241 2178 402 2233 restri
448 2178 746 2236 substantia
796 2183 1168 2253 corpulentum
1196 2226 1210 2250 ,
1261 2184 1361 2240 via:
1409 2186 1661 2243 famulata
1695 2203 1829 2258 pen-

1936 2204 2281 2260 securitatem
2323 2206 2513 2262 merita
2555 2210 2840 2279 semetipsa
2885 2220 3117 2265 scrutata
3150 2210 3522 2277 considerent;

241 2269 388 2324 denti
433 2271 689 2327 sustinuit
739 2287 866 2328 aura
908 2274 1209 2347 vestigium.
1258 2275 1463 2334 Praeter
1516 2278 1659 2335 hunc
1701 2296 1829 2352 ergo

1936 2295 1980 2349 si
2014 2296 2080 2350 ab
2111 2298 2255 2351 omni
2309 2298 2607 2355 interdicuc
2649 2301 3088 2371 reprehensionis
3118 2318 3269 2357 nmvo
3300 2302 3523 2358 candida

240 2360 437 2427 solum,
468 2363 574 2429 cui,
608 2373 668 2421 ut
694 2380 839 2437 sape
860 2366 970 2436 jam
1016 2367 1149 2437 disi,
1183 2383 1280 2439 per
1307 2370 1574 2442 duplicem
1604 2388 1829 2444 genera-

1936 2387 2132 2443 divintn
2180 2389 2428 2460 imaginis
2472 2360 2751 2463 integritas
2802 2394 3136 2459 custoditur;
3190 2393 3234 2448 si
3284 2398 3523 2464 quando-

240 2454 440 2509 tionem
490 2456 745 2526 suppetiit
776 2457 892 2514 haec
922 2466 1163 2530 potestas
1188 2501 1203 2528 ,
1234 2462 1385 2517 multi
1415 2463 1469 2519 in
1496 2464 1634 2520 caelo
1665 2464 1828 2521 futuri

1936 2495 2148 2549 cunque
2196 2482 2393 2537 mentis
2440 2483 2670 2553 impetus
2716 2486 3097 2541 moderationis
3147 2487 3364 2543 limitem
3417 2504 3522 2543 non

240 2555 385 2613 sunt,
411 2547 503 2602 scd
529 2549 704 2605 nullus
723 2550 999 2608 ascendet.
1025 2554 1157 2633 Quia
1185 2562 1243 2609 ut
1265 2553 1549 2625 impleatur
1580 2556 1828 2612 ﬁdelibus

1936 2547 2197 2638 excessit;
2241 2576 2284 2631 si
2332 2547 2743 2648 quibuscunque
2795 2581 3155 2653 indigentibus
3195 2583 3522 2654 superﬂuum

238 2638 416 2695 divina
441 2644 743 2712 promissio,
771 2659 881 2719 noq
901 2648 1228 2716 ascensuris,
1249 2649 1345 2705 sed
1366 2652 1707 2706 assumendis
1729 2652 1825 2706 da-

1935 2666 2200 2737 quispiam
2251 2684 2442 2725 manus
2474 2686 2578 2726 non
2628 2675 2825 2739 tenuit;
2868 2673 2911 2728 si
2941 2690 3209 2744 nunquam
3260 2676 3521 2731 sermonis

237 2728 386 2788 bitur
410 2732 651 2789 altitudo.
688 2735 851 2803 Quod!
873 2737 1205 2807 praevidebat
1234 2741 1527 2810 Apostolus
1554 2740 1608 2810 (I
1641 2741 1816 2797 Thess.

1931 2759 2226 2827 petulantia
2260 2760 2597 2817 honestatem
2645 2765 2844 2820 silentii
2874 2766 3189 2822 salubrioris
3222 2768 3443 2838 irrupit;
3478 2769 3518 2821 si

235 2839 308 2893 tv,
345 2824 458 2895 l5),
489 2842 608 2882 eum
638 2829 924 2885 sociandos
957 2846 1054 2887 nos
1100 2832 1350 2901 Domino,
1401 2840 1455 2889 et
1481 2835 1619 2904 apud
1647 2835 1822 2907 ipsum

1930 2824 1954 2921 ξ
1978 2849 2172 2922 Ephes.
2204 2870 2276 2919 tv,
2306 2854 2376 2910 26
2401 2855 2418 2925 )
2456 2858 2723 2913 calentem
2755 2859 2858 2914 diei
2907 2859 3160 2915 ferventis
3191 2824 3519 2917 iracundiam

234 2934 451 2992 semper
482 2922 690 2979 futurus
714 2964 730 2992 ,
782 2938 879 2994 per
906 2924 1103 2980 nubem
1133 2925 1420 2998 rapiendos
1450 2924 1503 2983 in
1530 2942 1654 2983 aera
1684 2944 1822 3000 pra:—

1930 2944 2091 2999 limes
2114 2946 2321 3002 occidui
2352 2948 2481 3004 solis
2510 2950 2766 3015 absolvit;
2807 2952 2853 3006 si
2901 2968 3173 3022 nunquam
3223 2951 3387 3007 corde
3425 2954 3520 3007 dus

232 3023 503 3069 moneret.
538 3014 707 3071 Porro
735 3014 957 3086 intelligi
1004 3027 1308 3088 promptum
1336 3026 1435 3085 est,
1465 3020 1605 3091 quod
1644 3020 1821 3077 alieno

1932 3033 2055 3101 plici
2079 3035 2346 3093 diversum
2365 3043 2605 3096 sonantis
2626 3044 3016 3115 cogitantisquc
3035 3014 3175 3100 aliud
3192 3044 3519 3115 verba'quam

229 3106 540 3208 Subvea“3_
569 3106 791 3208 τπδξίτῖο
832 3122 945 3208 [οη
999 3109 1242 3208 gradui":
1288 3112 1502 3208 Propria
1552 3112 1820 3208 {munitis
1848 3183 1895 3208 Α
1929 3135 2053 3184 vota
2105 3131 2431 3199 moliuntur;
2476 3134 2520 3187 si
2570 3135 2637 3189 ad
2687 3106 3121 3208 ultimumdigna
3166 3106 3521 3193 olmervantite

228 3205 427 3266 sponte
453 3197 541 3266 qui
571 3197 793 3267 rapitur.
832 3198 941 3271 Nec
973 3214 1184 3272 semper
1228 3202 1426 3259 invitos
1462 3204 1578 3273 rapi
1607 3205 1775 3260 rearis
1801 3223 1814 3261 :

1977 3183 1984 3184 η
2109 3183 2134 3184 η
2169 3183 2268 3186 κη
2318 3183 2388 3187 ___
2419 3183 2431 3199 ,
2477 3183 2520 3187 _-
2570 3183 2637 3189 η
2691 3183 2933 3193 _.-...._...
2969 3183 3121 3208 ...οη-
3168 3183 3518 3193 -...s.._..-...

1926 3238 2052 3279 cura
2079 3265 2094 3290 ,
2130 3234 2185 3279 ut
2234 3226 2300 3279 de
2327 3227 2648 3295 juramentis
2682 3238 2911 3293 taceam,
2946 3232 3027 3285 vel
3072 3231 3304 3301 perjuria
3337 3231 3518 3285 formi-

227 3290 543 3359 frequenter
572 3299 754 3361 raptos
783 3305 909 3348 suos
938 3301 1199 3348 monstrat
1228 3304 1279 3349 et
1311 3295 1504 3363 gratia.
1542 3295 1818 3365 Siquidem

1925 3319 2143 3373 dantur.
2176 3318 2291 3374 Non
2323 3321 2466 3389 quod
2493 3322 2560 3375 ab
2592 3322 2675 3377 his
2707 3324 2956 3377 omnibus
2988 3324 3136 3380 liberi
3183 3340 3302 3379 esse
3333 3338 3520 3378 omnes

229 3390 365 3437 teste
399 3382 689 3453 Evangelio
717 3383 898 3455 (Joan.
934 3402 1007 3453 νι,
1036 3389 1150 3457 46),
1178 3396 1230 3444 ει
1258 3388 1415 3443 Pater
1442 3388 1607 3444 trahit
1634 3391 1722 3460 qui
1752 3391 1817 3445 ad

1926 3414 2198 3481 possimus
2222 3454 2238 3479 ,
2288 3414 2382 3469 scd
2414 3415 2553 3484 quod
2586 3417 2945 3485 periculosum
2987 3417 3057 3470 sit
3088 3432 3519 3487 unumquemque

226 3471 420 3578 Fili‘m‘
449 3475 689 3540 *θηῖυηιν
710 3486 760 3531 ει
791 3493 818 3531 ³
838 3478 1084 3534 νίοίθηῑίδ
1116 3481 1319 3550 ralma"
1346 3497 1567 3552 regnum
1598 3484 1821 3539 εωῘθείθ
1925 3506 2119 3560 merita
2152 3520 2249 3561 sua
2279 3521 2385 3560 non
2418 3507 2682 3574 recolere,
2718 3517 2772 3563 et
2800 3508 2943 3578 quod
2973 3508 3101 3561 solis
3133 3508 3520 3575 irrcpreltensi-

227 3564 244 3633 (
262 3563 457 3671 fa}!!!-
505 3582 575 3633 κι,
613 3567 737 3637 12).
770 3570 1004 3671 (ἐπιτελεῖς
1034 3574 1219 3671 rapina
1250 3575 1502 3631 desiderii
1536 3577 1618 3632 sui
1644 3578 1817 3632 εηιιοιί
1924 3598 2124 3653 bilibus
2172 3597 2418 3666 debetur,
2453 3563 2680 3654 ambire:
2730 3563 2849 3655 ιειὲι
2880 3600 3007 3671 quid
3052 3600 3121 3655 de
3154 3563 3258 3654 ιιιιὲ
3286 3599 3513 3665 dicatur,

226 3654 392 3761 θίίίθξῑ
423 3668 723 3766 “minue”:
749 3704 764 3729 ρ
808 3673 865 3766 ‘fl
892 3664 985 3721 θεῖ
1028 3668 1112 3722 ευῖ
1146 3667 1246 3725 hoc
1278 3671 1543 3727 Vio'emc"
1570 3672 1813 3743 ετίρῖῑυνν
1923 3707 2059 3762 quos
2102 3654 2491 3763 pretiositatcm
2523 3694 2707 3765 gratia:
2740 3654 2913 3766 pretii.
2939 3695 3142 3751 vilitate
3193 3704 3516 3757 mercantes.

226 3751 394 3820 magis
423 3764 677 3822 provocet
709 3756 1030 3827 largitatem.
1925 3751 2185 3857 usquead
2212 3785 2473 3855 jacturam
2506 3751 2756 3857 pecunia;
2778 3786 3121 3852 verecundiae
3155 3787 3363 3856 jaclul'a
3398 3802 3517 3855 1)Γο-

604 3912 695 3968 AD
732 3912 1140 3973 ΉΜΟΤΗΕΗΜ
1178 3916 1436 3975 pium.
1922 3877 2111 3975 ducit?
2161 3879 2406 3975 _Quorum
2452 3879 2949 3975 acclamationibus
2978 3877 3211 3975 militant
3258 3877 3516 3975 conducta

1920 3971 2233 4037 mendacia,
2254 3987 2481 4042 quorum
2505 3974 2812 4041 prurientes
2841 3971 3205 4043 scalpentibus
3236 3970 3517 4039 prmconiis

308 4042 358 4096 Ι.
407 4043 549 4100 Unus
580 4047 829 4103 mediator
873 4046 968 4104 Dei
996 4060 1042 4107 et
1065 4049 1351 4121 hominum,
1402 4054 1554 4109 homo
1583 4055 1813 4131 Christus
1924 4078 2087 4119 ames
2135 4066 2505 4119 mercenarius
2553 4065 2757 4119 clamor
2799 4042 3127 4127 inﬂammat;
3169 4062 3367 4133 quique
3409 4076 3513 4113 non

218 4133 394 4192 Ῐεεηεο
1922 4154 2337 4212 reminiecentes
2367 4154 2642 4209 Simonem
2672 4156 2881 4225 Magum
2914 4155 3053 4225 (Act.
3082 4168 3198 4216 vnt.
3232 4152 3322 4218 18)
3350 4147 3515 4203 divini

208 4228 217 4291 |
291 4227 377 4283 11.
422 4230 482 4286 Si
509 4233 621 4302 quis
644 4235 992 4309 episcopatu»:
1028 4238 1305 4309 desiderat,
1344 4241 1531 4298 bonum
1563 4261 1690 4314 apns
1722 4246 1811 4297 de-
1919 4246 2169 4303 muneris
2220 4246 2677 4316 dispensationem
2730 4245 2903 4315 pretio
2963 4244 3201 4298 voluisse
3247 4239 3511 4305 mercari,

215 4320 433 4386 siderat,
462 4332 565 4376 etc.

1920 4356 2043 4397 cum
2090 4339 2315 4410 pecunia
2347 4354 2441 4396 sua
2474 4354 2581 4395 non
2614 4341 2665 4394 in
2693 4337 3077 4405 sacerdotium,
3114 4336 3210 4393 sed
3242 4337 3295 4393 in
3326 4336 3509 4391 interi-

203 4406 211 4479 !
288 4411 408 4467 ΙΙΙ.
452 4413 579 4472 Cum
607 4418 741 4471 enim
767 4422 1041 4478 luxuriata:
1068 4425 1254 4494 fuerint
1283 4427 1334 4481 in
1368 4426 1594 4499 Christo,
1624 4430 1810 4484 nubere
1918 4445 2031 4489 tum
2080 4406 2427 4505 deputantur.
2481 4432 2677 4489 Libere
2723 4446 2852 4502 ergo
2921 4430 3039 4487 lucc
3081 4444 3264 4486 coram
3312 4426 3512 4484 ambitu

216 4511 412 4573 "’"m'v
443 4514 549 4564 θίε·
844 4587 853 4595 ,
1330 4526 1338 4532 ’
1832 4565 1891 4625 D
1924 4528 2103 4584 electo
2148 4528 2533 4597 compulsoque
2582 4525 2857 4582 detester:
2887 4522 3101 4593 placere
3150 4523 3258 4579 Deo
3302 4520 3512 4591 penitus

300 4598 315 4625 !
332 4599 371 4625 υ
446 4600 592 4625 λῖἕιέι
614 4602 849 4625 ἔμιμιΞνμμ
866 4623 875 4625 -
912 4608 925 4620 ο
995 4608 1009 4625 Ι
1301 4614 1313 4625 ι
2069 4621 2081 4625 -
2237 4605 2254 4625 _'
2533 4620 2546 4625 -
2641 4619 2651 4625 .
2718 4619 2730 4625 -
2826 4617 2838 4625 .
3065 4616 3099 4625 ..
3123 4615 3137 4625 ι
3164 4616 3176 4625 .
3336 4615 3347 4625 ι

294 4598 391 4652 ιγ.
439 4600 592 4656 Nihil
612 4587 880 4664 intulimus
905 4608 957 4661 in
988 4608 1125 4665 hunc
1156 4614 1420 4681 mundum,
1455 4627 1557 4672 etc.
1836 4587 1891 4625 υ
1923 4621 2130 4694 nequit,
2161 4605 2254 4692 qui
2276 4587 2460 4692 usque
2483 4620 2549 4675 ad
2572 4619 2655 4677 sui
2682 4587 3005 4675 electionem
3036 4615 3138 4673 sibi
3164 4616 3277 4687 ipse
3298 4587 3512 4687 placue-

986 4701 1026 4756 Ι·
1922 4717 2012 4768 rit.
2066 4716 2206 4783 Quin
2258 4715 2441 4784 potius
2482 4714 2550 4771 de
2600 4714 2943 4769 innocentum
2991 4710 3287 4767 antistitum
3328 4710 3513 4767 labore

595 4789 713 4860 (Ex
746 4790 899 4848 libris
926 4802 1113 4850 contra
1138 4797 1425 4871 Arianos.)
1919 4806 2183 4863 dicamus.
2216 4808 2402 4878 Neque
2442 4806 2585 4865 enim
2617 4806 2750 4862 levis
2792 4814 2874 4863 est
2902 4803 3321 4860 administraturi
3352 4817 3514 4859 causa

287 4878 342 4931 ln
366 4881 577 4938 (iliristo
610 4884 749 4941 Deus
778 4896 832 4945 et
857 4886 1039 4957 homo,
1066 4906 1171 4946 non
1202 4894 1362 4960 alter,
1387 4894 1480 4951 sed
1509 4896 1665 4965 ipse:
1695 4913 1803 4956 non
1921 4902 2190 4971 pontificis
2215 4942 2232 4968 ,
2277 4916 2438 4972 quem
2484 4908 2668 4955 manet
2695 4898 3002 4968 dupliciter,
3028 4912 3207 4955 sermo
3235 4906 3296 4953 ut
3330 4896 3513 4968 populi

206 4972 323 5027 duo
350 4988 415 5028 ex
446 4973 695 5047 diversis,
726 4979 825 5036 sed
853 4995 988 5036 unus
1028 4996 1093 5037 ex
1128 4993 1352 5057 utroque
1384 4988 1669 5045 mediator.
1693 4990 1799 5048 Geo
1916 4992 2262 5064 magistrum,
2295 5000 2446 5047 actus
2471 5000 2530 5047 ut
2555 4990 2757 5047 Christi
2789 4990 3110 5062 discipulum
3139 5008 3151 5042 :
3179 4991 3268 5062 qui
3298 4989 3510 5060 plebem

203 5068 356 5124 mina
388 5069 604 5140 quidem
634 5071 949 5137 substantia,
978 5074 1071 5128 scd
1106 5090 1205 5130 una
1240 5092 1466 5146 persona
1498 5093 1599 5137 est.
1630 5083 1801 5150 Quam
1917 5101 2029 5140 non
2092 5084 2268 5140 minus
2326 5084 2524 5156 pietate
2573 5099 2737 5154 quam
2777 5086 3069 5142 severitate
3116 5095 3361 5140 recturus
3405 5093 3508 5138 est.

201 5157 537 5215 soliditatem
602 5162 645 5215 si
695 5163 815 5232 quis
871 5161 1117 5219 scindere
1165 5166 1417 5225 dunlitale
1461 5186 1801 5240 praesumat,
1921 5180 2099 5245 Quem
2149 5177 2341 5234 timere
2380 5178 2634 5233 convenit
2681 5177 2974 5249 dispendiis
3002 5178 3138 5245 suis,
3171 5192 3331 5246 quem
3359 5190 3507 5230 com-

202 5250 446 5320 primunt
495 5262 576 5311 est
621 5254 771 5327 quod
813 5256 1027 5325 publice
1072 5267 1259 5314 contra
1292 5261 1534 5331 Aposmli
1583 5276 1801 5323 senten-
1918 5271 2198 5328 municare
2229 5286 2335 5327 non
2364 5270 2615 5327 convenit
2642 5271 2958 5329 criminibus
2982 5267 3316 5335 alienis..Qui
3343 5266 3507 5319 alium

200 5342 341 5397 tiam
371 5346 667 5414 proﬁtetur,
699 5347 966 5404 dicentem
992 5367 1005 5405 :
1040 5349 1185 5406 Unus
1216 5354 1463 5409 mediator
1506 5356 1601 5411 Dei
1633 5368 1679 5413 et
1708 5360 1803 5414 ho-
1914 5374 2109 5422 onerat
2141 5380 2200 5421 se
2229 5374 2592 5432 contestante,
2625 5364 2717 5436 qui
2739 5364 2997 5421 damnum
3027 5362 3226 5431 patitur
3254 5358 3359 5412 alio
3391 5370 3508 5426 per-

198 5434 407 5489 minum
448 5438 673 5493 Christus
711 5438 865 5505 Jesus
907 5443 925 5514 (
955 5442 983 5495 Ι
1010 5443 1138 5497 Tim.
1175 5461 1233 5515 ιι,
1267 5447 1300 5502 5
1323 5447 1362 5517 ).
1393 5447 1596 5505 Deinde
1640 5452 1805 5523 eligat
1917 5469 2104 5517 eunte.
2136 5459 2361 5527 Quando
2389 5459 2557 5526 audit,
2586 5434 2688 5515 non
2715 5460 2877 5529 turpis
2925 5456 3057 5512 lucri
3088 5451 3352 5521 cupidum,
3378 5460 3505 5504 tem-

197 5543 434 5585 nere~se
479 5539 562 5587 est
608 5533 678 5589 de
726 5533 934 5590 duobus
957 5579 970 5601 ,
1022 5536 1071 5593 id
1103 5547 1187 5595 est
1216 5538 1393 5594 divina
1433 5540 1799 5613 humanaque,
1919 5565 2207 5626 pentum;
2237 5564 2319 5611 est
2349 5566 2409 5612 ut
2436 5557 2505 5612 sit
2537 5553 2797 5627 cupidus,
2840 5562 2894 5607 et
2940 5548 3155 5620 quidem
3187 5545 3318 5601 lucri
3348 5586 3365 5612 ,
3412 5560 3508 5599 nec

194 5636 367 5694 quam
400 5635 644 5684 naturam
676 5628 1015 5687 mediationis
1042 5631 1201 5703 hujus
1233 5635 1355 5691 velit
1399 5640 1651 5707 mysteria
1680 5654 1803 5696 sus-
1919 5660 2101 5706 tamen
2135 5651 2303 5719 ιυτρίε
2346 5668 2364 5704 ε
2405 5652 2457 5706 id
2503 5661 2607 5718 ρει,
2636 5659 2696 5705 ιιι
2722 5646 2936 5703 εωάωι
2977 5641 3265 5698 commissa
3296 5640 3394 5697 sibi
3430 5647 3507 5693 me

195 5718 436 5787 cepisse.
470 5719 526 5777 Si
563 5721 709 5779 solus
739 5723 879 5781 Deus
913 5726 1193 5794 mediator,
1225 5745 1330 5787 non
1380 5743 1463 5788 est
1492 5733 1629 5787 alius
1655 5736 1793 5804 apud
1919 5743 2064 5799 lenta
2107 5718 2336 5800 assiduae
2365 5741 2761 5813 prmdicationis
2788 5734 3129 5801 sermonibus
3157 5734 3422 5806 expolire,
3452 5738 3506 5784 et

196 5825 365 5886 quem
394 5813 693 5873 intercedat
720 5838 729 5870 :
756 5818 798 5873 si
846 5818 990 5878 solus
1017 5819 1201 5895 homo,
1236 5838 1344 5883 non
1372 5834 1455 5885 est
1483 5827 1575 5898 qui
1603 5842 1795 5888 recon-
1918 5835 2181 5907 acquisita
2212 5836 2664 5905 multiplicateque
2696 5831 2874 5902 gregis
2900 5830 2985 5890 sui
3010 5832 3185 5897 salute
3205 5826 3505 5903 geminare.
3538 5886 3541 5893 .

1842 5923 1885 6006 ι
