4092 6350
493 380 595 435 519

1750 374 1803 429 3.
1851 378 1890 429 Α
1905 372 2033 429 Vl'l‘l
2079 372 2472 429 VIENNENSIS

3633 368 3741 433 510
3772 422 3776 425 Α

496 495 716 550 Jubetur
764 510 880 549 esse
928 505 1134 546 ornatus
1155 512 1169 555 ;
1212 506 1307 544 nec
1339 492 1478 544 istud
1521 491 1877 560 corporaliter
1923 489 2062 543 acci-
2093 491 2147 554 Α
2173 487 2420 556 ferimus,
2448 493 2676 544 animam
2705 501 2880 545 tamen
2908 489 3111 543 arbitrii
3142 498 3438 558 compotem
3466 501 3738 558 capacem-

499 586 746 655 pieudum
777 596 876 640 est.
923 584 1238 654 Episcopum
1271 583 1355 637 cui
1398 582 1632 651 injuncta
1680 582 1875 638 merito
1910 592 2066 635 orna-

499 686 675 730 menta
716 673 1088 743 suppeditent,
1143 687 1246 728 non
1276 673 1439 727 comit
1470 686 1658 742 pompa
1685 711 1702 738 ,
1750 670 1844 726 sed
1874 671 2059 740 gratia.

499 766 586 822 Sic
615 767 790 834 itaque
815 763 1157 819 sacerdotalis
1189 764 1340 819 locus
1360 804 1375 828 ,
1428 771 1634 818 arctam
1666 761 1813 817 illam
1845 770 1897 816 et
1940 775 2070 815 con-

501 856 801 911 tribulatum
833 854 1106 925 Evangelii
1136 856 1378 910 semitam
1408 864 1595 910 tenens
1619 894 1636 920 ,
1669 866 1869 923 perque
1906 866 2071 922 angu-

501 947 628 1002 stias
656 946 772 1015 ejus
802 955 921 1016 post
949 961 1009 1001 se
1036 946 1196 1001 etiam
1229 946 1481 1017 populum
1530 946 1766 1013 trahens,
1798 944 2069 999 sinistram

503 1038 725 1108 fugiens,
759 1038 1033 1093 dexteram
1060 1054 1166 1094 non
1210 1053 1541 1110 prtesumens
1562 1079 1577 1105 ,
1620 1038 1977 1108 periculosum
2006 1052 2073 1093 ex

504 1142 729 1202 utraque
778 1142 927 1213 parte
976 1133 1233 1187 lubricum
1283 1133 1655 1202 pertimescat,
1710 1141 1764 1187 et
1808 1129 2111 1187 sermonis

506 1223 782 1294 apostolici
833 1224 1021 1278 libram
1050 1224 1357 1295 aequalitate
1387 1223 1851 1295 consideratiouis
1876 1236 2075 1292 appen-
2114 1252 2115 1255 η

508 1317 663 1381 dens,
699 1318 744 1371 si
773 1316 1047 1372 districtus
1077 1332 1195 1372 esse
1222 1317 1474 1382 voluerit,
1506 1317 1647 1386 legat
1672 1331 1772 1370 non
1814 1329 2078 1383 percusso-

509 1424 654 1473 rem;
693 1408 736 1463 si
769 1408 1030 1463 luunanus
1053 1447 1071 1476 ,
1103 1424 1204 1462 non
1242 1408 1589 1471 vinolentum;
1627 1407 1670 1463 si
1711 1406 1944 1471 sobrius,
1976 1420 2078 1458 non

510 1514 754 1564 avarum;
792 1500 837 1554 si
868 1500 1142 1567 subditus,
1180 1516 1281 1554 non
1315 1500 1603 1572 abjectum;
1640 1499 1685 1554 si
1715 1513 1939 1563 servus,
1979 1513 2081 1551 non

512 1592 730 1656 elatum;
767 1592 811 1645 si
854 1593 1193 1655 misericors,
1226 1608 1326 1646 non
1370 1594 1676 1659 remissumj;
1714 1591 1760 1647 si
1805 1590 2081 1654 terribilis,

513 1697 612 1734 non
639 1692 938 1745 cruentum;
976 1682 1019 1735 si
1051 1682 1256 1736 domum
1283 1699 1429 1735 suam
1450 1683 1572 1737 bene
1594 1690 1867 1753 regentem,
1902 1681 2084 1751 utique

512 1771 848 1827 ordinantem
877 1773 1083 1837 omnia,
1129 1773 1486 1843 negligentem
1517 1773 1680 1842 nulla,
1720 1773 2081 1843 acquirentem

2170 598 2275 653 que
2297 583 2542 649 rationis,
2567 582 2632 637 ad
2664 582 2964 653 eligendum
2996 581 3193 636 bonum
3214 620 3230 648 ,
3266 581 3309 634 si
3342 582 3479 635 Deus
3516 580 3739 649 inspira-

2172 677 2330 741 verit,
2359 675 2691 733 exhibemus.
2722 674 2962 745 Cumque
2992 670 3244 745 processu
3276 673 3533 742 temporis
3557 672 3740 727 Volun-

2172 768 2296 823 tatis
2348 777 2544 822 nostra:
2584 766 2811 837 qualitas
2841 766 3205 829 confirmatur,
3255 764 3345 819 Dei
3390 764 3637 817 voluntas
3662 771 3739 817 est

2173 866 2232 913 ut
2268 858 2401 913 bene
2431 858 2720 926 faciamus,
2755 857 2849 913 sed
2889 865 3128 912 nostrum
3160 864 3243 911 est
3266 854 3407 925 quod
3440 854 3737 910 fecerimus.

2173 947 2257 1003 An
2294 948 2430 1005 forte
2456 949 2583 1004 dicit
2609 949 2798 1018 aliquis
2824 989 2839 1014 ,
2875 957 2929 1004 et
2960 948 3096 1003 hanc
3130 948 3299 1019 ipsam
3332 946 3454 1003 boni
3481 945 3739 1002 actionem

2178 1050 2352 1112 potest
2378 1042 2540 1097 homo
2567 1034 2851 1096 insidiante
2872 1040 3086 1095 diabolo
3116 1039 3354 1109 perdere.
3388 1038 3583 1094 Verum
3627 1046 3741 1105 est,

2177 1132 2317 1202 quod
2345 1133 2589 1189 amittere
2619 1132 2778 1187 homo
2805 1131 3003 1187 bonum
3034 1130 3303 1200 proprium
3331 1129 3541 1184 furante
3558 1129 3743 1183 adver-

2179 1224 2320 1279 sario
2341 1234 2539 1294 potest.
2572 1223 2676 1279 Sed
2709 1224 2832 1278 hinc
2861 1224 3027 1293 magis
3058 1231 3298 1278 nostrum
3326 1220 3513 1291 conjici
3534 1221 3742 1287 ,debet,

2181 1319 2303 1388 quia
2325 1332 2432 1372 non
2459 1317 2721 1373 violenter
2749 1317 3004 1373 aufertur.
3046 1315 3161 1370 Non
3204 1315 3345 1371 enim
3380 1313 3553 1369 taliter
3580 1312 3744 1383 perdi-

2182 1423 2301 1463 mus
2332 1409 2630 1464 mercedem
2649 1450 2663 1473 ,
2695 1408 2926 1477 qualiter
2956 1406 3281 1460 facultatem.
3305 1404 3455 1472 Quod
3488 1404 3629 1459 enim
3654 1418 3748 1459 ex-

2186 1508 2264 1555 tra
2293 1514 2389 1557 nos
2420 1509 2533 1567 est,
2565 1500 2797 1555 carnalis
2836 1499 3085 1554 inimicus
3128 1496 3382 1567 rapiendo
3407 1494 3619 1551 auferre
3658 1510 3749 1565 po-

2187 1599 2286 1646 test
2316 1609 2331 1647 :
2363 1594 2501 1661 quod
2529 1605 2653 1646 vero
2676 1591 2809 1645 intra
2834 1604 2929 1645 nos
2949 1632 2964 1657 ,
2997 1604 3104 1644 non
3134 1598 3308 1658 potest
3330 1586 3622 1657 spiritualis
3650 1586 3753 1641 nisi

2188 1682 2487 1738 insidiando
2510 1682 2695 1737 furari.
2729 1682 2794 1735 Et
2822 1681 2971 1748 ideo,
3017 1680 3061 1734 si
3094 1680 3244 1734 sciret
3263 1677 3631 1750 paterfamilias
3657 1692 3755 1745 qua

2186 1776 2313 1830 hora
2343 1776 2427 1843 fur
2460 1776 2616 1841 venit,
2656 1774 2882 1845 vigilaret
2915 1774 3108 1844 utique,
3144 1782 3317 1826 etnon
3354 1771 3533 1825 sineret
3560 1772 3756 1841 perfodi

511 1862 673 1917 multa
700 1907 713 1931 ,
772 1864 996 1933 plurima
1041 1866 1459 1937 dispensantem.
1496 1866 1637 1937 Ergo
1666 1876 1721 1921 et
1749 1866 1871 1921 huic
1900 1879 1966 1920 ex
1991 1866 2083 1920 ad-
2112 1861 2159 1921 Β
2189 1867 2395 1920 domum
2440 1883 2584 1922 suam
2631 1864 2792 1938 (Luc.
2849 1881 2955 1932 xu,
3000 1864 3122 1934 59).
3168 1864 3262 1917 illa
3303 1877 3431 1933 ergo
3464 1872 3545 1917 est
3569 1861 3761 1917 domus

514 1954 825 2012 ministrata:
874 1958 1065 2014 domus
1092 1959 1315 2030 probato
1358 1970 1623 2031 rectoque
1651 1959 1852 2031 judicio
1877 2004 1892 2029 ,
1924 1975 2086 2031 super

514 2048 803 2117 evangelici
842 2049 984 2105 illius
1034 2051 1375 2106 nummularii
1402 2066 1641 2108 mensam
1672 2055 1895 2122 pecunia
1922 2052 2087 2107 multa

517 2140 879 2209 committitur,
912 2157 1033 2212 quae
1080 2143 1431 2214 multiplicato
1460 2143 1729 2201 reddenda
1772 2144 2089 2214 compendio

518 2246 617 2288 vos
642 2234 812 2290 eritis.

1263 2331 1347 2386 Ill.

846 2422 866 2491 (
890 2421 965 2476 Ex
996 2423 1219 2493 epistola
1240 2431 1425 2479 contra
1451 2423 1763 2494 Faustum.)

589 2508 780 2567 Fateor
807 2512 859 2567 in
899 2515 1216 2570 necessitate
1247 2516 1451 2586 positis,
1490 2526 1621 2573 etc..
1650 2527 1705 2572 ut
1732 2518 1788 2571 in
1815 2517 2028 2589 epistola
2054 2519 2090 2574 4

526 2601 782 2671 (601321,
796 2604 877 2676 a),
900 2623 1055 2677 usque
1068 2609 1135 2661 ad
1155 2607 1207 2663 in
1228 2622 1389 2665 carne
1410 2625 1516 2666 non
1535 2611 1733 2671 vicerat
1754 2610 2087 2683 conjugatos.

1260 2699 1345 2754 IV.

803 2788 919 2858 (Ex
948 2805 1196 2847 sermone
1225 2792 1309 2849 die
1339 2794 1373 2849 2
1403 2794 1810 2867 Rogationum.)

593 2878 703 2947 Age
733 2894 892 2945 ttunc,
926 2882 978 2935 in
1002 2894 1256 2952 quantum
1287 2894 1461 2955 potest
1482 2886 1596 2942 fieri
1618 2929 1631 2953 ,
1656 2887 1934 2955 videamus
1972 2904 2093 2960 qua:

526 2976 704 3021 nostra
759 2985 943 3039 quaeve
987 2974 1158 3027 aliena
1208 2975 1334 3029 sint.
1384 2976 1475 3031 Ait
1519 2977 1715 3033 Paulus
1756 2979 2028 3048 apostolus
2074 2996 2087 3034 :

526 3057 675 3114 Nihil
701 3063 968 3141 intulimus
990 3067 1042 3119 in
1074 3067 1204 3120 hunc
1226 3068 1492 3136 mundum,
1522 3070 1610 3123 sed
1637 3087 1727 3124 nec
1754 3072 1957 3141 auferre
1975 3088 2093 3143 pos-

525 3168 695 3205 sumus
743 3155 791 3225 (l
826 3154 957 3209 Tim.
1001 3173 1080 3223 vt,
1116 3156 1201 3229 7).
1237 3159 1300 3213 Et
1323 3160 1451 3231 quid
1484 3170 1720 3216 nostrum
1747 3162 1850 3220 dici
1881 3171 2088 3233 potest,

2193 1968 2395 2025 n0stra,
2423 1974 2563 2029 qum,
2591 1958 2634 2012 si
2664 1957 2943 2028 vigilamus
2967 1999 2981 2023 ,
3015 1972 3117 2013 non
3150 1963 3323 2028 potest
3348 1954 3484 2011 dirui
3517 1972 3529 2006 :
3564 1952 3648 2006 illa
3671 1967 3760 2007 νας

2193 2066 2253 2107 ro
2278 2064 2497 2121 prorsus
2536 2050 2705 2105 aliena
2731 2058 2813 2105 est
2834 2088 2849 2116 ,
2890 2063 3010 2119 quas
3040 2057 3212 2118 potest
3240 2047 3579 2118 vigilantibus
3609 2042 3761 2101 nobis

2192 2142 2464 2213 occupari.

2513 2233 2604 2289 AD
2640 2233 3045 2289 TIMOTHEUM
3085 2232 3445 2290 SECUNDAS.

2195 2327 2247 2383 I.
2290 2326 2355 2382 In
2397 2343 2581 2397 magna
2621 2334 2791 2380 autem
2820 2327 2969 2380 domo
2994 2341 3097 2380 non
3121 2326 3288 2380 solum
3316 2335 3433 2379 sunt
3460 2341 3578 2379 vasa
3605 2338 3761 2377 aurea

2479 2430 2525 2475 et
2552 2430 2809 2492 argentea,
2840 2420 2927 2476 sed
2948 2430 2993 2475 et
3020 2420 3185 2491 lignea
3214 2429 3260 2475 et
3288 2420 3484 2488 ﬁctilia.

2398 2606 2403 2609 ’
2488 2604 2599 2676 (E'x
2629 2617 2875 2659 sermone
2901 2602 2989 2657 die
3016 2600 3048 2654 3
3078 2600 3477 2676 Rogationum.)

2268 2675 2550 2764 Quomodo
2578 2695 2658 2760 si,
2692 2694 2861 2765 inquit
2888 2692 3052 2765 (lsai.
3084 2675 3241 2762 vai,
3265 2692 3391 2762 20),
3424 2690 3767 2747 inferanttilii

2196 2790 2358 2847 ferae!
2403 2804 2597 2844 munus
2627 2790 2680 2842 in
2709 2802 2834 2843 vase
2864 2788 3061 2843 mundo
3090 2787 3143 2840 in
3176 2785 3392 2840 domum
3423 2783 3663 2849 Domini;
3692 2785 3768 2837 le-

2194 2882 2370 2952 gimus
2399 2882 2452 2936 in
2482 2879 2759 2951 Apostolo,
2790 2879 2845 2932 in
2869 2878 3019 2932 demo
3054 2894 3239 2950 magna
3268 2893 3369 2931 non
3392 2875 3559 2931 solum
3587 2888 3767 2946 argen-

2194 2984 2275 3028 tea
2293 2974 2370 3027 vel
2390 2988 2579 3041 aurea,
2608 2971 2697 3026 sed
2722 2971 2875 3026 etiam
2900 2970 3069 3042 lignea
3096 2985 3213 3024 vasa
3234 2978 3279 3024 et
3302 2968 3483 3037 ﬁctilia
3509 2964 3604 3037 (ΙΙ
3630 2964 3767 3021 Tim.

2194 3078 2275 3133 ll,
2325 3064 2426 3135 20)
2477 3062 2719 3133 reperiri.
2758 3062 2885 3130 Qua:
2926 3061 2982 3116 in
3019 3062 3131 3132 ipsa
3171 3060 3430 3132 graduum
3459 3060 3767 3115 diversitate

2195 3156 2374 3212 omnia
2407 3165 2631 3225 possunt
2654 3170 2774 3212 esse
2802 3156 2950 3222 usui,
2995 3153 3205 3210 etiamsi
3247 3169 3351 3208 non
3379 3159 3505 3207 sunt
3544 3150 3766 3222 aequalia

524 3242 663 3311 quod
693 3260 795 3299 non
828 3247 1135 3316 intulimus,
1178 3250 1424 3322 quodque
1466 3269 1571 3308 non
1611 3253 1828 3310 relaturi
1870 3256 2093 3312 sumus?
2118 3240 2165 3306 C
2196 3248 2461 3319 dignitati.
2493 3246 3010 3305 Cuilibetdistantiac
3056 3240 3203 3300 uitor’
3225 3259 3357 3313 opus
3377 3253 3479 3299 est.
3505 3243 3684 3298 Potest
3712 3242 3765 3295 in

526 3331 736 3405 Nudus,
768 3337 937 3407 inquit
964 3338 1083 3404 Job,
1116 3341 1243 3394 exivi
1282 3342 1345 3396 de
1375 3352 1516 3396 utero
1544 3345 1717 3400 matris
1743 3361 1894 3414 metu,
1925 3347 2092 3401 nudus

527 3438 746 3481 revertar
784 3432 837 3483 in
870 3443 1054 3484 terram
1081 3432 1209 3504 (Job
1242 3449 1286 3502 ι,
1328 3435 1391 3491 21
1492 3437 1642 3493 Patet
1680 3454 1835 3509 quam
1868 3439 2093 3495 infidelis

526 3519 593 3574 sit
623 3534 751 3574 usus
772 3521 1094 3593 divitiarum,
1130 3524 1220 3595 qui
1252 3540 1348 3583 nos
1378 3542 1473 3583 nec
1501 3528 1552 3582 in
1584 3529 1843 3599 principio
1872 3538 2055 3585 nostro
2074 3569 2090 3596 ,

528 3628 624 3669 nec
647 3615 698 3668 iu
730 3616 833 3671 fine
859 3619 1161 3673 comitatur.
1187 3618 1321 3686 Quid
1349 3636 1535 3676 aurum
1559 3630 1613 3676 et
1636 3632 1910 3692 argentum
1933 3638 2094 3678 avare

528 3704 883 3774 multiplicas?
910 3709 1035 3776 quid
1063 3717 1208 3763 tuum
1239 3711 1393 3777 dicis,
1425 3712 1489 3765 ad
1511 3713 1650 3781 quod
1674 3714 1844 3768 nudus
1865 3701 2096 3769 venisti?

529 3795 705 3851 Mundi
729 3809 811 3852 est
841 3800 1060 3855 facultas
1089 3816 1245 3870 quam
1276 3813 1455 3873 tuam,
1496 3807 1793 3859 communis
1831 3815 1913 3862 est
1938 3823 2094 3878 quam

531 3889 799 3958 propriam
825 3899 996 3959 putas.
1032 3892 1124 3946 Via
1152 3893 1355 3948 itineris
1384 3897 1745 3967 cujuscunque
1773 3914 1929 3968 quam
1973 3914 2096 3969 gra-

530 3980 726 4047 dimur,
761 3980 995 4037 breviter
1026 3983 1129 4037 dici
1158 3994 1334 4039 nostra
1365 3996 1564 4056 potest,
1589 3987 1711 4043 dum
1743 4005 1772 4043 a
1802 3990 1957 4047 nobis
1984 4006 2100 4046 am-

529 4072 740 4128 bulatur
786 4090 800 4128 :
851 4074 1004 4131 nobis
1030 4090 1157 4131 vero
1197 4080 1621 4149 prtetcrgrcssis,
1666 4081 1872 4135 illorum
1899 4089 1980 4137 est
2006 4083 2097 4153 qui

529 4175 843 4235 sequuntur.
876 4167 1151 4235 Quomodo
1182 4178 1354 4239 potest
1383 4181 1561 4226 nostra
1603 4187 1721 4227 esse
1762 4174 1980 4229 facultas
2009 4189 2098 4229 ca-

528 4257 658 4311 duca
685 4268 842 4329 atque
862 4267 1099 4328 terrena,
1122 4261 1164 4314 si
1193 4277 1297 4315 non
1318 4274 1496 4329 pascat
1518 4279 1762 4334 egenum,
1790 4280 1908 4320 cum
1931 4266 2096 4336 possit

529 4363 746 4416 pascere
776 4351 1099 4405 violentum?
1143 4352 1419 4419 Quomodo
1449 4367 1688 4410 nostrum
1730 4368 1845 4423 est,
1891 4357 1943 4409 in
1993 4371 2100 4426 quo

530 4454 627 4495 nec
656 4441 912 4509 capiendo
933 4442 1155 4506 innoxii,
1183 4459 1279 4498 nec
1304 4445 1626 4501 continendo
1647 4446 1814 4516 justi,
1845 4463 1942 4503 nec
1971 4463 2098 4517 pos-

531 4533 755 4587 sidendo
798 4533 962 4599 certi,
1012 4550 1109 4589 nec
1155 4537 1521 4591 conservando
1564 4538 1740 4593 securi
1783 4542 2003 4595 sumus?
2033 4540 2101 4596 Et

532 4638 689 4690 quam
721 4639 817 4693 pro
844 4635 991 4679 certo
1021 4634 1258 4680 tenemus
1280 4667 1295 4692 ,
1348 4642 1445 4683 nos
1487 4630 1656 4683 nudos
1704 4630 1757 4684 iu
1786 4640 1983 4687 terram
2010 4648 2099 4689 ve-
2128 4614 2181 4676 Ῑ)

533 4716 701 4780 uisse,
731 4725 835 4770 tam
857 4728 1004 4779 certo
1027 4717 1276 4786 sciamus,
1308 4718 1374 4773 de
1397 4722 1736 4776 terrestribus
1765 4737 1863 4776 nos
1891 4724 2100 4781 auferre

533 4805 662 4861 nihil
692 4820 867 4876 posse.
897 4809 1181 4878 Apostolus
1200 4826 1259 4866 se
1289 4812 1475 4867 recolit
1504 4812 1635 4867 nihil
1666 4814 1936 4880 intulisse,
1969 4817 2099 4871 nihil

534 4900 827 4955 ablaturum
860 4917 996 4957 esse.
1032 4901 1131 4957 Joh
1180 4905 1371 4959 fatetur
1399 4905 1597 4961 nudum
1641 4922 1700 4963 se
1744 4917 1953 4975 uatum,
2005 4925 2103 4965 nu-

535 4995 763 5064 dumque
786 4994 1120 5049 moriturum.
1147 4997 1399 5053 Salomon
1427 5000 1672 5055 omnibus
1696 5016 1874 5068 parem
1905 5002 2097 5057 clamat

535 5086 803 5139 interitum
854 5094 909 5139 et
960 5087 1187 5141 similem
1233 5089 1455 5143 exitum.
1492 5091 1891 5157 Quantumlibet
1935 5096 2104 5150 ambi-

534 5177 675 5232 tione
705 5178 832 5232 velit
859 5181 1081 5247 quisque
1100 5179 1328 5234 discerni
1352 5221 1366 5245 ,
1396 5183 1653 5252 principio
1675 5196 1728 5238 et
1758 5184 1860 5240 fine
1880 5187 2103 5256 conjun-

532 5271 688 5338 gitur.
723 5269 853 5324 Nam
877 5256 1017 5340 quod
1044 5272 1202 5337 dixit,
1236 5271 1316 5326 Un
1339 5289 1379 5325 :s
1419 5275 1654 5329 introitus
1676 5278 1907 5332 omnibus
1933 5280 2000 5331 ad
2023 5280 2098 5331 vi-

535 5370 667 5424 tam,
700 5373 745 5415 et
774 5369 867 5433 par
894 5378 1122 5433 egressus
1153 5364 1220 5415 ad
1256 5373 1467 5419 mortem
1509 5364 1679 5436 (Sap.
1715 5384 1784 5423 vn
1811 5410 1825 5432 ,
1859 5368 1946 5437 6),
1995 5385 2101 5424 non

537 5453 842 5507 meritorum
872 5453 1224 5524 aequalitatem
1244 5494 1260 5521 ,
1297 5455 1391 5511 sed
1421 5459 1675 5526 mqualem
1706 5458 1890 5519 docuit
1919 5461 2098 5515 condi-

541 5542 754 5595 tionem.
785 5544 931 5599 Undc
971 5547 1016 5600 si
1055 5556 1302 5616 apparet,
1330 5556 1387 5601 ut
1410 5548 1618 5615 opinor,
1649 5564 1748 5603 nec
1784 5550 1940 5604 infida
1970 5550 2105 5607 fide-

542 5634 668 5688 lium
692 5676 705 5697 ,
738 5650 832 5688 nec
860 5638 1089 5704 peritura
1119 5655 1235 5695 esse
1265 5639 1558 5705 salvorum,
1603 5655 1719 5710 qua:
1765 5643 1871 5696 siut
1922 5654 2101 5698 nostra

542 5726 809 5797 paululum
840 5729 1222 5787 disceruamus.
1254 5734 1417 5799 Ecce,
1452 5743 1506 5786 ut
1536 5747 1696 5801 supra
1721 5735 1862 5798 dixi,
1895 5749 2012 5789 cum
2046 5735 2099 5791 in

541 5821 679 5875 hunc
724 5821 973 5878 mundum
1007 5828 1278 5882 veniente.
1304 5828 1431 5881 nihil
1464 5839 1685 5882 terrenae
1722 5827 1984 5884 facultatis
2013 5829 2094 5883 in-

2194 3340 2446 3397 fictilibus
2497 3340 2761 3404 vasculis,
2816 3337 3105 3394 dummodo
3150 3336 3407 3393 munditia
3450 3350 3557 3390 non
3597 3334 3764 3397 desit,

2194 3434 2389 3489 divina:
2423 3432 2603 3488 domui
2633 3446 2826 3487 munus
2847 3430 3059 3495 offerri,
3090 3431 3133 3486 si
3166 3443 3258 3485 vas
3284 3444 3348 3483 ex
3378 3428 3564 3483 eadem
3594 3440 3766 3482 massa

2196 3528 2412 3593 tictum,
2457 3526 2578 3597 quia
2623 3525 2896 3596 peccando
2943 3524 3208 3580 ceciderat
3253 3524 3306 3577 in
3353 3520 3765 3584 contumeliam,

2197 3618 2505 3688 paenitendo
2535 3617 2720 3673 redeat
2748 3618 2813 3672 ad
2855 3616 3133 3672 honorem.
3176 3615 3439 3671 Habemus
3468 3613 3611 3669 enim
3652 3610 3770 3665 the-

2199 3724 2414 3764 saurum
2451 3709 2610 3764 istum
2640 3709 2692 3764 in
2721 3709 2862 3763 vasis
2892 3708 3139 3764 fictilibus
3170 3705 3262 3777 (II
3288 3706 3403 3760 Cor.
3434 3721 3507 3770 tv,
3537 3705 3621 3773 7).
3648 3702 3772 3759 [Luc

2199 3819 2328 3875 ergo
2359 3804 2574 3859 vascula
2593 3849 2607 3873 ,
2638 3813 2697 3858 ut
2724 3803 2861 3869 dixi,
2891 3802 3255 3871 pmnitentium
3280 3807 3492 3855 teneant
3513 3809 3773 3867 compun-

2198 3895 2453 3950 ctionem.
2478 3894 2850 3965 Porrolignea
2883 3894 3169 3963 legitimam
3200 3890 3603 3961 conjugatorum
3636 3904 3771 3958 prae-

2202 3989 2379 4045 ferant
2400 3989 2795 4059 simplicitatem
2823 4006 2836 4042 :
2858 4003 3049 4044 cruore
3070 3988 3317 4059 martyris
3336 4002 3496 4043 aurea
3516 3986 3735 4041 rubeant
3756 4001 3771 4050 ;

2202 4080 2526 4151 virginitatis
2567 4079 2714 4134 radio
2768 4091 3019 4148 argentea
3073 4079 3459 4149 perlucescant.
3511 4077 3777 4133 Vasormu

2202 4172 2387 4228 talium
2418 4172 2683 4243 capacitas
2711 4182 2825 4240 est,
2860 4172 2999 4241 quod
3039 4172 3369 4226 rationabilis
3412 4180 3615 4225 natura:
3639 4177 3778 4224 cm.-

2202 4264 2297 4319 diti
2327 4278 2535 4319 sumus.
2568 4264 2623 4319 In
2666 4263 2777 4318 haec
2806 4262 2965 4317 modo
2999 4264 3273 4332 provideat
3314 4263 3382 4317 de
3424 4272 3521 4316 Suo
3549 4262 3777 4331 quisque

2203 4356 2344 4425 quod
2373 4355 2563 4412 oﬂ'erat
2599 4373 2611 4409 :
2646 4370 2743 4425 pro
2778 4354 3033 4425 qualitate
3062 4370 3339 4409 munerum
3386 4353 3440 4407 fit
3474 4353 3778 4422 pretiositas
3869 4334 3877 4345 ’

2203 4449 2565 4504 vasculorum.
2607 4446 2929 4506 lstis.credo
2966 4447 3190 4501 vasculis
3228 4445 3468 4499 Heliseus
3500 4440 3613 4514 (ιγ
3647 4445 3775 4510 Meg.
3816 4500 3819 4501 ν

2206 4542 2295 4613 iv)
2322 4543 2589 4612 quondam
2622 4541 2881 4611 liquorem
2905 4540 3005 4593 olei
3030 4536 3465 4602 vivacis-infudit,
3490 4534 3628 4607 quod
3654 4550 3778 4589 cum

2208 4633 2395 4689 ﬂueret
2426 4634 2700 4703 irriguum,
2735 4649 2838 4687 non
2867 4648 2897 4686 e
2922 4631 3075 4685 ﬂuxit
3102 4630 3398 4699 impletum.

2744 4766 2834 4819 AD
2874 4762 3236 4819 IIEBRIEOS.

2280 4901 2330 4954 Ι.
2374 4899 2544 4953 Filius
2573 4915 2711 4952 meus
2734 4915 2785 4951 es
2814 4909 2866 4950 tu
2884 4940 2899 4964 ,
2930 4913 3022 4969 ego
3049 4897 3199 4951 hodie
3220 4896 3369 4967 genui
3396 4904 3459 4952 te.

2283 4989 2366 5045 ΙΙ.
2410 4990 2675 5044 Miuorasti
2702 5006 2815 5042 eum
2840 4989 2997 5056 paulo
3024 4990 3189 5042 minus
3214 4989 3280 5041 ab
3304 4984 3499 5057 angelis

2283 5080 2403 5135 III.
2448 5081 2543 5134 Ubi
2580 5081 2710 5135 enim
2741 5089 3121 5149 testamentum,
3148 5095 3287 5134 more
3313 5091 3512 5132 necesse
3531 5084 3602 5129 est
3627 5074 3761 5128 inter

2212 5175 2357 5229 cedat
2388 5174 2658 5228 testatoris.

2282 5268 2310 5321 I
2328 5268 2387 5323 ν.
2432 5266 2560 5321 Fide
2590 5268 2766 5320 obtulit
2799 5267 3050 5320 Abraham
3082 5265 3249 5332 Isaae,
3282 5281 3396 5319 eum
3428 5270 3725 5318 tentaretur.

2291 5360 2352 5411 ν.
2394 5358 2633 5428 Lapidati
2660 5368 2800 5424 sunt,
2832 5359 2953 5411 secti
2981 5368 3117 5411 sunt.

2518 5561 2627 5632 (Ex
2662 5563 2799 5617 libro
2825 5564 2891 5617 dc
2920 5560 3115 5617 Christi
3146 5562 3442 5617 divinitate.
3470 5564 3488 5630 )

2283 5654 2451 5710 Filius
2480 5674 2619 5710 meus
2650 5674 2698 5710 es
2731 5666 2814 5723 tu,
2840 5672 2931 5728 ego
2958 5656 3107 5709 hodie
3139 5658 3291 5727 genui
3322 5666 3368 5708 te
3393 5652 3565 5727 (Psal.
3600 5668 3633 5705 ll
3655 5695 3669 5715 ,
3701 5653 3768 5719 7)

2212 5749 2376 5804 Ilodic
2395 5748 2477 5802 hic
2498 5750 2789 5810 aeternitas,
2806 5757 2932 5810 etc.,
2949 5757 3000 5799 ut
3026 5749 3075 5800 in
3101 5745 3317 5817 epistola
3340 5745 3407 5799 9.8
3433 5744 3553 5815 (col.
3569 5742 3768 5811 946,11)

2208 5857 2363 5911 usque
2382 5842 2449 5894 ad
2470 5854 2663 5895 nomen
2695 5838 2787 5893 lilii
2817 5839 2952 5907 ejus,
2976 5839 3020 5893 si
3047 5838 3213 5893 nosti.
