4092 6350
286 305 379 364 '52!

670 540 778 613 (Ex
802 541 953 598 libris
975 551 1158 598 contra
1183 542 1461 613 Arianos.)

348 651 623 706 Minorasti
642 668 757 707 eum
780 654 931 721 paulo
952 654 1118 707 minus
1138 654 1201 707 ab
1221 655 1415 726 angelis
1439 655 1457 723 (
1468 654 1609 709 Psal.
1635 670 1745 720 vm,
1772 655 1847 726 6).

278 744 425 812 Quod
456 745 743 815 Apostolus
772 746 838 801 de
868 745 1081 801 Christo
1110 749 1330 818 exponit
1374 748 1573 803 dictum
1597 790 1612 814 ,
1645 765 1765 805 cum
1798 750 1852 807 in

279 844 463 890 natura
505 835 797 893 divinitatis
841 853 951 893 su:e
997 838 1169 909 major
1196 854 1314 893 esse
1346 840 1548 908 angelis
1578 856 1606 894 a
1639 842 1853 898 nemine

277 925 566 981 dubitetur.
600 926 673 982 De
697 941 802 998 quo
830 927 963 984 dicit
984 929 1270 999 Apostolus
1296 930 1362 983 ad
1390 931 1565 985 Titum
1586 931 1847 1003 scribens,

278 1030 329 1078 tit
350 1024 654 1094 abnegantes
688 1025 1021 1096 impietatem,
1053 1036 1098 1078 et
1127 1026 1394 1079 swcularia
1421 1027 1702 1097 desideria,
1730 1045 1852 1100 pru-

278 1117 449 1171 tlenter
472 1128 519 1171 et
539 1119 680 1188 juste
709 1127 755 1171 et
785 1121 866 1186 pie
892 1119 1111 1171 vivamus
1134 1120 1183 1172 in
1211 1119 1303 1171 hoc
1328 1119 1534 1184 saeculo,
1559 1130 1852 1191 exspectan-

278 1219 348 1262 tes
391 1209 589 1261 beatam
628 1225 767 1279 spem
790 1249 803 1273 ,
849 1218 895 1263 et
925 1209 1194 1262 adventum
1232 1211 1409 1281 gloria:
1456 1210 1626 1281 magni
1672 1210 1767 1265 Dei
1804 1221 1851 1266 et

277 1305 560 1359 Saluatoris
589 1305 749 1359 nostri
769 1304 895 1359 Jestt
920 1304 1143 1369 Christi,
1186 1306 1273 1374 qui
1312 1306 1449 1359 dedit
1486 1322 1580 1374 pro
1604 1306 1745 1360 nobis
1774 1322 1851 1361 se-

276 1400 539 1468 metipsum
571 1397 711 1467 (Tit.
758 1415 823 1465 ιι,
866 1397 988 1468 12).
1033 1397 1108 1453 De
1140 1413 1245 1467 quo
1284 1398 1389 1452 alio
1429 1398 1547 1453 loco
1576 1399 1848 1469 Scriptura

274 1500 454 1547 nostra
484 1490 614 1545 dicit
647 1508 660 1544 :
697 1490 797 1557 Qui
830 1499 935 1556 est,
973 1490 1058 1556 qui
1101 1498 1240 1556 erat,
1283 1490 1468 1559 quique
1510 1500 1746 1544 uenturus
1778 1500 1850 1545 est

273 1585 589 1652 omnipotens
617 1582 802 1653 (Apoc.
828 1597 914 1649 ιι,
948 1582 1013 1635 l7
1029 1582 1069 1651 ).
1096 1581 1150 1637 Si
1184 1581 1553 1651 omnipotens,
1582 1582 1724 1636 unde
1754 1582 1851 1636 mi-

272 1678 407 1732 nor?
451 1675 583 1730 Nam
608 1684 661 1730 et
688 1673 817 1728 illud
859 1674 1204 1742 omnipotens
1232 1673 1361 1728 dicit
1386 1673 1494 1741 jam
1526 1683 1643 1743 post
1673 1688 1851 1729 resur-

272 1767 567 1823 rectionem
590 1780 740 1819 suam
771 1764 1066 1820 secundum
1097 1765 1401 1819 Matthmum
1423 1806 1439 1829 ,
1473 1766 1608 1819 Data
1631 1777 1704 1820 est
1725 1768 1851 1821 mihi

269 1861 434 1912 omnis
468 1866 687 1927 potestas
723 1858 777 1909 in
817 1856 941 1909 coelo
971 1865 1016 1910 et
1050 1856 1102 1908 in
1142 1865 1278 1910 terra
1306 1855 1518 1927 (Matth.
1544 1873 1701 1924 xvm,
1733 1859 1849 1929 28).

268 1950 426 2019 Quod
455 1952 499 2005 si
530 1952 649 2021 quis
677 1952 937 2006 minorem
971 1959 1121 2021 putat
1147 1952 1497 2021 accipientem
1526 1967 1592 2008 eo
1613 1952 1709 2023 qui
1738 1954 1849 2021 dat,

268 2047 410 2115 legat
436 2055 489 2100 et
517 2046 585 2099 de
610 2044 825 2100 Christo
862 2059 957 2114 per
985 2045 1302 2115 Apostolum
1330 2030 1485 2101 dici':
1520 2045 1647 2100 Cum
1689 2046 1849 2101 tradi-

264 2138 401 2192 derit
430 2124 642 2209 regnum
668 2137 777 2192 Deo
806 2146 853 2193 et
882 2136 1031 2192 Patri
1062 2136 1158 2210 (II
1183 2136 1301 2193 Cor.
1334 2154 1428 2205 xv,
1460 2140 1591 2209 24);
1621 2155 1741 2195 cum
1771 2142 1847 2197 sic

264 2244 370 2284 non
397 2229 556 2299 possit
589 2244 711 2285 esse
738 2238 889 2299 pater
928 2229 1046 2285 sine
1077 2245 1275 2300 regno,
1304 2230 1445 2300 quod
1476 2230 1525 2286 ei
1556 2230 1694 2287 ﬁlius
1713 2232 1848 2287 dici-

263 2330 353 2377 tur
382 2336 504 2378 esse
534 2322 855 2390 traditurus,
887 2323 1026 2379 sicut
1052 2338 1153 2378 nec
1190 2323 1329 2378 ﬁlius
1361 2324 1478 2381 sine
1506 2326 1651 2380 omni
1691 2336 1843 2396 pote-

259 2424 401 2482 state
427 2430 585 2486 quam
618 2416 718 2471 sibi
744 2417 871 2472 dicit
913 2416 1090 2472 datam
1136 2418 1187 2472 in
1232 2417 1370 2473 coelo
1400 2426 1454 2473 et
1482 2418 1535 2473 in
1570 2428 1733 2475 terra.
1765 2420 1844 2476 De

260 2521 367 2576 quo
396 2507 454 2563 S.
487 2508 680 2561 Paulus
716 2507 783 2563 ad
813 2508 1188 2574 Colossenses,
1236 2508 1529 2578 prohibens
1558 2526 1626 2566 ne
1652 2511 1843 2567 creda-

259 2612 382 2652 mus
440 2598 733 2653 secundum
784 2599 1122 2656 traditionem
1174 2600 1481 2671 hominum,
1546 2602 1840 2658 secundum

258 2690 523 2747 elementa
553 2690 710 2760 hujus
734 2693 951 2760 mundi,
980 2704 1034 2748 et
1065 2708 1170 2748 non
1202 2694 1494 2749 secundum
1523 2694 1788 2751 Christum
1822 2712 1837 2750 :

262 2782 535 2849 Quoniam,
572 2783 772 2852 inquit,
803 2785 856 2837 in
886 2785 995 2853 ipso
1019 2786 1213 2838 habitat
1238 2786 1403 2841 omnis
1429 2786 1691 2856 plenitudo
1710 2788 1840 2842 divi-

255 2874 428 2930 nitatis
455 2878 787 2947 corporaliter
816 2876 1049 2948 (Coloss.
1086 2894 1151 2943 ιι,
1181 2878 1269 2949 9).
1344 2909 1366 2928 ο

570 3103 684 3173 (Ex
714 3118 967 3159 sermone
995 3104 1062 3159 de
1094 3104 1263 3160 Natali
1294 3106 1523 3176 calicis.)

322 3218 644 3288 [inpleturus
675 3215 1000 3287 Redemptor
1023 3226 1205 3274 noster
1233 3226 1622 3275 sacramentum
1655 3219 1829 3275 carnis

247 3321 560 3380 assumptae,
592 3311 730 3366 sicut
757 3320 989 3383 teternus
1015 3320 1069 3368 et
1109 3312 1379 3382 piissimus
1423 3323 1593 3382 pater,
1639 3320 1832 3371 creatis

246 3420 273 3458 a
312 3399 372 3460 se
421 3402 827 3474 redemptisque
884 3404 1004 3459 ﬁliis
1061 3419 1211 3474 spem
1261 3405 1831 3477 indultaivadoptionis

245 3494 528 3565 aperiens,
560 3494 1021 3565 substantiamque
1052 3495 1206 3551 nobis
1235 3495 1509 3553 caelestem
1537 3506 1661 3553 ante
1689 3497 1829 3554 diem

246 3603 353 3643 sure
398 3588 595 3643 mortis
626 3588 938 3658 assignans,
972 3596 1346 3646 testamentum
1396 3590 1547 3659 fecit,
1580 3608 1686 3662 quo
1732 3607 1831 3647 nos

245 3676 489 3734 bmredes
538 3678 606 3733 ab
643 3678 727 3734 his
753 3695 871 3750 quae
901 3680 1226 3749 largiebatur
1276 3682 1538 3748 instituit,
1594 3682 1827 3740 humana

244 3770 455 3839 quidem
488 3772 890 3840 comparatione
913 3815 927 3839 ,
960 3772 1053 3827 sed
1078 3789 1182 3828 non
1212 3773 1443 3829 humana
1474 3777 1825 3843 necessitate,

242 3874 342 3916 non
374 3864 681 3918 amissurus
710 3864 852 3935 quod
884 3864 1007 3919 ﬁliis
1050 3865 1371 3935 deputabat,
1411 3868 1503 3922 sed
1548 3867 1826 3923 habiturus

242 3955 403 4025 magis
445 3955 589 4009 ﬁlios
614 3969 737 4010 cum
766 3955 1081 4011 hereditate
1110 3973 1267 4027 quam
1298 3959 1608 4027 scripserat.
1640 3960 1825 4015 Testa-

241 4054 477 4102 mentum
508 4046 611 4101 hoc
638 4047 972 4117 appellamus
995 4057 1367 4103 testamentum
1400 4066 1615 4106 novum.
1642 4052 1698 4105 ln
1720 4067 1827 4121 quo

240 4137 599 4195 exharedatis
629 4137 911 4203 omnibus,
941 4139 1089 4194 solus
1120 4140 1292 4194 hmres
1333 4141 1629 4195 instituitur
1661 4157 1826 4211 popu-

240 4228 319 4283 lus
354 4229 718 4285 Christianus.
763 4229 877 4285 Non
910 4241 1090 4286 autem
1116 4231 1268 4301 juxta
1301 4241 1571 4288 terrenum
1620 4248 1823 4288 morem

240 4320 529 4378 hereditas
578 4322 679 4377 ista
726 4321 1006 4389 dividitur,
1052 4338 1150 4378 nec
1194 4324 1527 4394 corruptibili
1575 4325 1825 4381 distribu-

170 4403 187 4423 ⁸
238 4414 378 4472 tione
422 4417 476 4471 in
525 4415 704 4485 plures
751 4416 990 4486 dispersa
1043 4426 1309 4472 tenuatur.
1343 4418 1542 4473 Omnes
1594 4420 1821 4488 recepit,

1203 311 1555 371 VARIORUM
1595 313 2103 375 OPUSCULORUM
2144 320 2584 379 FRAGMENTA.

1885 432 1941 493 Α
1966 433 2090 488 bitis
2124 436 2281 492 valde
2310 437 2519 494 idoneis
2551 438 2800 505 testibus,
2829 439 3101 512 discipulis
3130 445 3272 509 suis,
3304 452 3539 505 conscri-

1858 3172 1906 3238 Ω

3434 338 3537 393 52%

1957 530 2063 598 psit
2096 529 2353 597 traditus,
2385 531 2617 602 signavit
2643 547 2830 602 passus
2852 576 2865 600 ,
2901 536 3108 605 aperuit
3128 540 3432 595 suscitatus.
3469 542 3538 598 Et

1954 620 2079 690 quia
2105 631 2297 677 cuncta
2328 623 2431 678 rite
2462 635 2675 694 peracta
2705 637 2852 694 sunt,
2883 630 3076 684 merito
3098 632 3371 699 apostolus
3401 635 3536 691 Pau-

1955 715 2037 769 lus
2076 714 2206 769 dicit
2255 733 2265 767 :
2321 717 2471 783 Quod
2515 718 2735 773 hominis
2774 722 3131 789 conﬁrmatum
3185 734 3535 781 testamentum

1955 823 2100 861 nemo
2124 807 2327 861 irritum
2354 813 2508 879 facit,
2534 819 2624 863 aut
2646 813 3009 879 superordinat
3036 813 3190 882 (Gal.
3223 832 3299 880 ιιι,
3329 818 3449 889 15).
3481 819 3533 874 id

1952 908 2036 954 est
2062 907 2250 954 mutat.
2284 901 2652 969 Agnoscamus
2684 917 2824 956 nunc
2859 903 3091 959 ﬁdeliter
3132 922 3391 963 summam
3425 909 3534 965 ha:-

1954 993 2197 1049 reditatis
2220 992 2471 1063 indeptae.
2499 994 2630 1048 Illud
2650 1002 2735 1049 est
2758 994 3007 1051 videlicet
3028 997 3169 1066 quod
3197 1001 3534 1057 coenantibus

1953 1087 2213 1156 apostolis
2245 1086 2430 1141 aeterni
2473 1086 2742 1141 libaminis
2772 1088 3013 1144 ordinem
3043 1094 3395 1147 consecravit.
3431 1094 3534 1149 Ita-

1953 1194 2057 1249 que
2081 1179 2357 1244 videmus,
2387 1179 2526 1250 quod
2556 1180 2687 1233 nihil
2726 1180 2878 1235 nobis
2914 1181 2983 1237 de
3011 1183 3321 1239 substantiae
3353 1187 3530 1255 pleni-

1954 1271 2138 1325 tudine
2163 1271 2376 1335 minuit,
2408 1272 2497 1342 qui
2526 1272 2667 1342 quod
2700 1288 2797 1341 pro
2827 1273 2983 1329 nobis
3012 1276 3329 1345 assumpsit,
3363 1285 3531 1333 totum

1952 1364 2107 1419 nobis
2135 1364 2374 1434 reliquit.
2406 1364 2506 1419 Alii
2542 1365 2843 1420 lueredibus
2870 1366 2980 1421 suis
3006 1381 3101 1421 sua
3133 1368 3401 1435 tribuunt,
3444 1371 3533 1426 ille

1952 1460 2333 1529 semetipsum,
2374 1459 2426 1514 id
2460 1469 2542 1515 est
2576 1475 2793 1515 carnem
2825 1460 2910 1516 vel
2940 1462 3251 1533 sanguinem
3287 1464 3533 1534 corporis

1953 1553 2058 1607 sui.
2652 1572 2655 1573 '

2702 1644 2789 1701 IV.

2341 1736 2362 1807 (
2377 1736 2453 1790 Ex
2483 1750 2732 1792 sermone
2759 1738 2848 1795 die
2879 1737 3141 1801 Paschas.)

1880 1801 1928 1861 Β
2028 1827 2302 1882 Universis
2339 1801 2497 1897 igitur
2539 1827 2674 1883 l‘erte
2719 1844 2839 1899 qua:
2882 1830 3108 1883 sumitis.
3142 1830 3292 1897 Quod
3335 1846 3532 1887 mensae

1952 1922 2209 1990 apposui,
2247 1922 2444 1976 mundo
2468 1922 2737 1977 transmisi
2768 1938 2782 1977 :
2811 1922 2950 1976 calix
2983 1938 3139 1991 quem
3171 1938 3267 1978 vos
3291 1924 3532 1994 gaudetis

1949 2024 2196 2085 gustasse
2217 2058 2231 2082 ,
2263 2025 2579 2071 cunctorum
2608 2026 2708 2071 est.
2745 2016 2875 2072 Novi
2915 2024 2970 2071 et
2995 2016 3178 2071 :cterni
3226 2019 3529 2073 testamenti

1949 2123 2148 2179 paucos
2171 2117 2332 2164 testes
2361 2107 2621 2174 adhibuit,
2650 2109 2849 2164 multos
2886 2109 3148 2164 haeredes.
3172 2108 3323 2164 Nulla
3354 2118 3529 2166 tamen

1946 2199 2111 2253 sortis
2131 2199 2369 2255 conditio
2397 2199 2629 2255 admittit
2656 2200 2914 2255 alienum.
2949 2201 3137 2257 Certos
3167 2217 3410 2272 quosque
3444 2218 3529 2257 re-

1946 2291 2075 2362 cipit
2099 2293 2333 2348 ctelestis
2354 2293 2588 2364 cognitio
2620 2309 2634 2348 :
2669 2294 2897 2365 populus
2924 2302 3008 2350 est
3034 2295 3250 2365 quidem
3285 2294 3527 2365 adoptio-

1946 2398 2015 2440 ne
2040 2424 2055 2449 ,
2085 2384 2178 2440 sed
2209 2385 2416 2439 unicus.

2702 2480 2766 2534 Υ.

2249 2573 2361 2644 (Ex
2388 2586 2638 2629 sermone
2663 2574 2733 2630 de
2763 2573 2991 2629 Ezecbia
3022 2577 3204 2644 rege.)

2016 2663 2109 2719 Ille
2139 2666 2405 2735 quondam
2437 2666 2862 2735 patriarcharum
2892 2667 3154 2723 maximus
3186 2677 3338 2737 pater
3362 2667 3519 2739 (Cen.

1946 2758 2117 2829 χιιι),
2149 2758 2236 2828 qui
2267 2757 2651 2814 immolandum
2683 2760 2847 2815 ﬁlium
2874 2762 3055 2831 jussus
3087 2761 3280 2817 ollerre
3304 2806 3317 2828 ,
3350 2762 3522 2818 virili-

1944 2858 2027 2903 ter
2056 2850 2427 2919 praesumpsit,
2473 2866 2571 2907 nec
2602 2852 2866 2922 maiestati
2900 2853 3170 2907 hominem
3201 2868 3359 2925 posse
3388 2857 3522 2910 resis-

1941 2949 2120 3010 stere,
2162 2955 2261 2997 nec
2306 2942 2488 3011 pietati
2540 2954 2862 3015 praeceptum
2911 2944 3180 3015 parricidii
3212 2947 3517 3003 convenire.

1941 3034 2008 3088 Et
2043 3045 2217 3089 tamen
2240 3078 2254 3102 ,
2295 3053 2414 3091 cum
2461 3037 2704 3109 mysterii
2755 3038 3025 3108 ignoraret
3053 3048 3333 3105 eventum,
3366 3040 3519 3095 altari

1941 3127 2106 3183 ﬁlium
2137 3130 2287 3199 quasi
2312 3130 2648 3199 jugulaturns
2678 3130 2931 3200 imposuit
2967 3147 2981 3184 :
3014 3146 3175 3186 unum
3218 3131 3518 3188 certissime

1939 3228 2154 3287 tenens,
2189 3222 2234 3275 si
2276 3221 2431 3291 hujus
2473 3220 2660 3277 hostiae
2699 3221 2809 3277 Deo
2841 3222 3239 3277 irrevocabilem
3274 3223 3517 3279 libuisset

1938 3322 2122 3368 tenere
2154 3314 2492 3379 sententiam,
2526 3328 2630 3368 non
2663 3312 3006 3369 homicidium
3026 3358 3041 3382 ,
3074 3313 3165 3369 sed
3197 3316 3513 3370 sacriﬁcium

1937 3404 2049 3460 lore
2075 3405 2216 3477 quod
2243 3406 2544 3461 obedientia
2576 3406 2955 3460 commisisset.

2686 3497 2772 3553 Vl.

2232 3589 2340 3660 (Ex
2373 3604 2623 3645 sermone
2652 3589 2738 3644 die
2763 3589 2799 3643 Ξ
2823 3588 3223 3660 Rogationum.)

2003 3682 2109 3737 Nos
2139 3683 2307 3753 magis
2332 3683 2598 3737 instruunt
2624 3682 2711 3736 isti
2737 3683 3033 3752 prophetm,
3066 3691 3121 3736 et
3149 3682 3513 3738 inﬁrmitatem

1932 3785 2169 3833 nostram
2200 3777 2350 3847 quasi
2374 3776 2475 3831 sub
2501 3791 2612 3832 sua:
2642 3776 2989 3846 impatientia:
3018 3756 3358 3831 sermonibus
3387 3789 3513 3830 cou-

1930 3868 2191 3940 solantur.
2225 3868 2441 3923 Illorum
2473 3884 2634 3939 porro
2663 3868 2974 3937 patientiam
3026 3876 3291 3923 testantur
3334 3867 3512 3921 multi-

1931 3961 2096 4032 plices
2126 3963 2180 4016 in
2210 3963 2517 4019 inﬁrmitate
2546 3964 2793 4020 virtutes.
2842 3964 3078 4032 Quorum
3102 3973 3159 4018 ut
3187 3964 3268 4017 vel
3298 3963 3508 4028 paucis-

1930 4052 2117 4115 simos,
2151 4061 2367 4120 propter
2404 4053 2561 4107 istum
2589 4054 2679 4123 qui
2710 4055 2853 4109 dolet
2877 4055 3081 4123 justum
3126 4055 3192 4108 ab
3222 4055 3384 4123 impio
3414 4056 3510 4110 de-

1931 4142 2143 4205 vorari,
2180 4142 2418 4210 exempli
2446 4144 2610 4212 gratia
2652 4142 2987 4211 proferamus
3011 4183 3025 4207 ,
3073 4144 3261 4210 probat
3306 4144 3404 4196 hoc
3443 4146 3510 4198 de

1929 4232 2158 4289 Jeremia
2182 4232 2467 4302 gloriosior
2496 4234 2548 4287 in
2579 4233 2889 4302 captivitate
2926 4233 3177 4297 libertas,
3212 4248 3387 4301 neque
3418 4243 3511 4301 p‘er

1927 4325 2156 4395 ligamen
2197 4323 2439 4393 corporis
2486 4323 2699 4377 licentia
2750 4324 2927 4378 vincta
2977 4322 3259 4377 sermonis.
3315 4322 3510 4377 Probat

1931 4417 2149 4485 Esaias,
2192 4433 2349 4489 quem
2381 4419 2451 4473 ob
2498 4419 2821 4487 praeconium
2865 4418 3134 4483 veritatis,
3185 4418 3509 4475 divaricante

238 4518 419 4564 omnes
458 4508 656 4564 invitat
688 4524 700 4559 :
741 4522 841 4564 nec
879 4507 949 4563 de
992 4495 1239 4577 portione
1289 4517 1560 4565 tenentum
1614 4511 1821 4565 tollitur
1849 4551 1902 4612 Β
1930 4528 2077 4569 serra
2110 4512 2314 4589 obtusis
2336 4512 2584 4569 dentibus
2605 4554 2619 4579 ,
2650 4513 2926 4568 doloribus
2955 4514 3152 4580 acutis,
3184 4515 3411 4567 saeviens
3436 4514 3508 4569 ci-

237 4602 372 4669 quod
398 4603 529 4658 aliis
558 4602 901 4658 nascentibus
939 4603 1243 4673 deputetur.
1297 4604 1515 4659 Crescat
1561 4616 1815 4676 quantum

236 4694 377 4759 vult,
426 4704 481 4750 et
539 4693 923 4763 multiplicetur
975 4695 1291 4752 renascendi
1337 4696 1530 4766 cupida
1582 4700 1815 4754 liliorum

236 4785 502 4855 voluntas,
538 4785 785 4840 omnibus
805 4800 861 4841 se
884 4787 1354 4843 incontaminatam
1382 4802 1619 4845 reservat
1644 4792 1815 4847 luere-

236 4874 389 4932 ditas.
421 4876 548 4936 Sed
568 4878 710 4933 istud
741 4886 1115 4935 testamentum
1148 4874 1342 4937 novum
1366 4894 1548 4939 vetere
1568 4886 1814 4954 suppleto

236 4971 418 5027 ordine
454 4986 561 5028 suo
587 4970 780 5041 agitur,
814 4980 866 5026 et
897 4974 1058 5027 totius
1086 4972 1350 5029 ﬁrmitatis
1383 4977 1654 5046 mysteriis
1677 4977 1818 5032 cele-

236 5060 435 5120 bratur.
464 5062 623 5132 Quod
654 5062 768 5132 ipse
796 5060 1079 5119 inell'abilis
1100 5064 1408 5135 redemptor
1430 5075 1641 5134 noster,
1663 5067 1816 5121 adhi-

1928 4607 2077 4661 vicus
2128 4605 2294 4672 furor,
2326 4616 2581 4675 quantum
2622 4604 2689 4659 ad
2730 4618 2941 4674 ptenam
2995 4604 3292 4659 mortaliter
3321 4603 3503 4665 torsit.

1923 4708 2124 4754 tantum
2152 4700 2219 4754 ad
2250 4700 2472 4768 gloriam
2504 4698 2733 4753 vitaliter
2762 4698 2979 4753 occidit.
3022 4696 3263 4766 Cumque
3298 4696 3506 4752 victore

1921 4794 2173 4849 defuncto
2194 4835 2208 4859 ,
2233 4794 2404 4848 victus
2421 4802 2694 4862 superstes
2720 4790 2957 4856 doleret,
2988 4778 3082 4859 per
3110 4790 3360 4844 laniatam
3390 4804 3506 4844 car-

1923 4900 2043 4940 nem
2076 4892 2307 4940 mentem
2334 4883 2635 4953 nequivisse
2672 4882 2926 4948 lacerari,
2958 4896 3080 4936 cum
3113 4882 3307 4938 multas
3336 4885 3505 4935 metu-

1925 4977 2142 5032 brornm
2196 4986 2372 5046 partes
2432 4989 2565 5043 quas
2609 4974 2945 5044 disjunxerat
2999 4981 3337 5038 numeraret,
3388 4971 3507 5041 plus

1922 5082 2080 5138 quam
2108 5082 2266 5123 unam
2297 5066 2455 5122 ﬁdem
2488 5066 2727 5121 invenire
2758 5082 2862 5121 non
2899 5068 3088 5136 potuit.

1569 5316 1677 5387 (Ex
1710 5315 1877 5373 veteri
1907 5317 2114 5375 codice.
2133 5319 2180 5401 )j

670 5446 749 5501 Ea:
776 5447 921 5503 dictis
957 5447 1163 5503 Patrum
1190 5449 1396 5504 diuersis
1417 5450 1800 5507 catholicorum.
1838 5453 1966 5507 Ηωε
1997 5453 2350 5525 Lugdunensis
2385 5456 2571 5513 Florus
2600 5460 2802 5530 collegit
2827 5462 2879 5514 in
2907 5475 3083 5513 unttm.
3168 5494 3173 5498 ι

1561 5700 2187 5742 π’
