4092 6350
1812 366 1870 423 S.
1912 364 2093 420 AVITI
2136 359 2539 419 VIENNENSIS

3706 349 3813 412 3‘21

552 472 3779 528 μ

1187 582 1831 703 ALGIMI
1880 571 2562 693 EGDIGII
2625 568 3185 691 Am!

1870 778 1895 803 ¹¹
1917 777 2477 857 POEMATUM

1024 970 1198 1083 DE
1286 960 1944 1079 MOSAlC/E
2035 957 2752 1072 HISTORI/E
2840 956 3339 1136 GESTIs

1902 1160 2081 1215 [.iBRI
2122 1153 2451 1226 QUINQUE.

1140 1411 1518 1470 PROLOGUS.

553 1584 569 1614 ’
593 1580 806 1637 Dotttino
823 1584 997 1631 sancto
1023 1576 1075 1627 in
1098 1572 1299 1625 Christo
1323 1569 1555 1640 piissimo
1574 1583 1633 1619 ac
1655 1566 1945 1640 beatissimo
1973 1566 2131 1632 Apot-

655 1651 808 1705 linari
833 1649 1067 1718 episcopo
1099 1637 1330 1697 Alcimus
1352 1640 1596 1695 Ecdicius
1637 1637 1813 1690 Avitus
1844 1640 2021 1705 frater.

617 1806 795 1875 Nuper
846 1802 1103 1873 quidem,
1151 1798 1341 1869 paucis
1392 1795 1729 1849 homiliarum
1778 1808 2017 1848 mearum
2079 1794 2129 1846 in

550 1913 713 1954 unum
746 1909 942 1965 corpus
971 1891 1225 1957 redactis,
1260 1890 1473 1942 hortatu
1512 1885 1805 1940 amicorum
1841 1884 2130 1939 discrimen

550 1988 796 2045 editionis
825 1984 1041 2040 intravi.
1074 1982 1182 2036 Sed
1229 1980 1405 2034 adhuc
1433 1988 1483 2033 te
1528 1977 1733 2046 majora
1760 1976 2042 2042 suadente,
2077 1976 2131 2030 in

550 2083 869 2138 cothurnum
893 2073 1267 2145 petulantioris
1296 2071 1531 2126 audaciae
1560 2069 1782 2124 edurata
1809 2067 1983 2123 fronte
2011 2080 2133 2138 pro-

551 2173 705 2229 cedo.
740 2168 973 2238 lnjungis
1010 2179 1264 2234 namque,
1300 2172 1356 2217 ut
1399 2161 1443 2215 si
1473 2160 1760 2231 quidquam
1810 2158 1876 2214 de
1906 2158 2134 2229 quibus-

552 2276 762 2333 cuuque
792 2259 967 2315 causis
994 2256 1169 2311 -metri
1211 2255 1327 2326 lege
1354 2251 1714 2322 conscriptum
1745 2260 1846 2320 est,
1877 2251 1976 2307 sub
2006 2265 2131 2321 pro-

554 2356 785 2411 fessione
830 2351 1074 2422 opusculi
1117 2355 1299 2404 vestro
1340 2344 1541 2400 nomini
1592 2342 1890 2401 dedicetur.
1930 2343 2132 2400 Recolo

553 2447 801 2516 equidem
835 2442 1088 2500 nonnulla
1122 2456 1207 2495 me
1254 2454 1410 2495 versu
1443 2438 1643 2493 dixisse
1674 2454 1689 2493 :
1724 2438 1856 2493 adeo
1884 2447 1941 2492 ut
1968 2435 2013 2492 si
2041 2452 2129 2494 or.

558 2538 894 2602 dinarentur,
951 2547 1056 2588 non
1097 2532 1317 2586 minimo
1358 2530 1626 2584 volumine
1667 2530 1853 2601 stringi
1900 2530 2133 2599 potuerit

554 2629 992 2697 epigrammatum
1023 2621 1327 2678 multitudo.
1359 2616 1509 2690 Quod
1542 2620 1668 2676 dum
1697 2619 1875 2678 facere
1916 2632 2131 2678 servato

552 2732 829 2775 causarum
883 2715 968 2772 vel
1014 2726 1314 2785 temporum
1363 2713 1551 2768 ordine
1588 2710 1896 2782 meditarer,
1946 2714 2127 2769 omnia

2155 1411 2277 1472 Asi
2314 1410 2554 1479 religiosi
2605 1413 2870 1482 propositi
2917 1410 3115 1483 stylum
3152 1429 3256 1469 non
3296 1414 3472 1469 minus
3502 1414 3625 1470 fidei
3660 1431 3814 1487 quam

2224 1501 2356 1568 styli
2407 1501 2520 1571 lege
2564 1503 2879 1567 servaverit,
2918 1502 3004 1556 vis
3034 1510 3191 1571 aptus
3228 1516 3350 1559 esse
3377 1506 3607 1575 poemati
3633 1517 3813 1575 queat.

2220 1592 2437 1663 Quippe
2481 1608 2601 1649 cum
2648 1594 2862 1649 licentia
2919 1592 3232 1659 mentiendi,
3261 1608 3380 1666 qua:
3422 1597 3715 1667 pictoribus
3754 1614 3814 1655 ae

2208 1676 2407 1757 poetis
2434 1702 2585 1757 mque
2608 1687 2949 1751 conceditur,
2982 1689 3112 1743 satis
3141 1689 3326 1759 procul
3357 1702 3386 1743 a
3415 1703 3697 1746 causarum
3728 1706 3816 1749 se-

2233 1780 2424 1835 rietate
2459 1780 2703 1849 pellenda
2756 1781 2845 1835 sit.
2899 1780 2957 1834 In
3002 1780 3243 1835 εποιετὶ
3282 1794 3514 1852 namque
3560 1797 3813 1840 versuum

2234 1885 2399 1940 opere
2455 1871 2777 1934 condendo.
2836 1879 2987 1927 tanta
3032 1874 3150 1942 quis
3202 1873 3430 1943 peritior
3470 1879 3813 1947 appellatur,

2235 1974 2447 2035 quanto
2478 1966 2797 2039 elegantius,
2845 1967 2974 2033 imo,
3014 1975 3072 2020 ut
3101 1978 3230 2023 vere
3276 1967 3535 2036 dicamne,
3584 1971 3816 2042 ineptius

2232 2057 2362 2111 falsa
2396 2058 2646 2112 tenuerit.
2676 2054 2853 2111 Taceo
2869 2057 2977 2125 jam
3010 2057 3175 2113 verba
3207 2058 3299 2114 illa
3321 2058 3407 2115 vel
3437 2060 3673 2127 nomina,
3695 2078 3815 2133 qua:

2236 2150 2390 2205 nobis
2432 2163 2531 2203 nec
2570 2148 2620 2202 in
2665 2148 2857 2203 alienis
2892 2148 3107 2219 quidem
3155 2150 3405 2217 operibus
3442 2151 3807 2225 frequentare,

2222 2256 2303 2297 ne
2330 2241 2502 2296 dicam
2532 2240 2583 2295 in
2624 2241 2827 2294 nostris
2846 2240 3196 2296 conscribere
3226 2240 3351 2297 licet
3376 2260 3387 2296 :
3417 2257 3537 2312 quas
3565 2244 3632 2299 ad
3658 2259 3811 2301 com-

2234 2335 2426 2406 pendia
2440 2344 2742 2403 poetarum,
2766 2332 2912 2388 aliud
2936 2348 3001 2389 ex
3025 2334 3128 2388 alio
3148 2335 3506 2404 signiﬁcantia
3529 2337 3817 2406 plurimum

2233 2428 2431 2481 valent.
2460 2426 2721 2493 Quocirca
2762 2425 3105 2481 seculariurn
3146 2425 3370 2496 judicio,
3400 2430 3490 2497 qui
3516 2438 3611 2483 aut
3650 2432 3817 2501 irnpe-

2237 2521 2375 2577 ritiaa
2400 2530 2493 2575 aut
2520 2521 2743 2591 ignaviae
2764 2520 2995 2588 dabunt,
3028 2535 3133 2576 non
3162 2522 3238 2576 uti
3273 2536 3368 2577 nus
3395 2524 3610 2581 licentia
3633 2538 3816 2597 poeta-

2235 2629 2375 2680 rum,
2401 2616 2521 2683 plus
2560 2615 2787 2669 arduum
2817 2628 2977 2685 quam
3008 2615 3347 2671 fructuosum
3391 2631 3526 2688 opus
3555 2624 3813 2691 aggressi,

2228 2708 2471 2762 divinam
2499 2705 2657 2773 longe
2685 2706 3038 2761 discrevimus
3065 2708 3131 2764 ab
3163 2705 3392 2763 humana
3419 2706 3815 2768 existimatione

554 2827 690 2879 pene
722 2811 775 2865 in
807 2804 891 2865 illa
920 2809 1213 2864 notissima:
1250 2807 1663 2878 perturbationis
1694 2808 2018 2864 necessitate
2048 2808 2129 2861 di-
2159 2793 2537 2855 Bcensuram.
2569 2800 2835 2868 Quoniam
2869 2801 2921 2854 in
2953 2800 3259 2856 assereudls
3297 2802 3595 2875 quibusque
3620 2805 3811 2871 rebus,

554 2918 734 2972 spersa
785 2912 930 2957 sunt.
977 2900 1107 2968 Quae
1142 2899 1393 2969 quoniam
1438 2897 1746 2969 singillatim
1787 2910 1876 2954 aut
1928 2899 2131 2970 requiri

554 2980 793 3060 dil‘tieile,
828 3004 917 3047 aut
946 2992 1171 3047 inveniri
1215 2989 1547 3059 impossibile
1579 2988 1736 3058 foret,
1770 2989 1939 3061 abjeci
1971 3005 2034 3045 ea
2065 2990 2131 3046 de

555 3089 732 3140 animo
755 3098 896 3152 meo,
919 3097 1146 3154 quorum
1172 3080 1300 3135 mihi
1330 3080 1409 3135 vel
1436 3078 1703 3135 ordinatio
1723 3081 2016 3145 salvorum,
2047 3082 2133 3136 vel

556 3178 918 3247 dispersorum
960 3171 1227 3244 reparatio
1260 3171 1391 3226 dura
1422 3170 1711 3225 videretur.
1746 3170 1972 3243 Aliqnos
2002 3185 2132 3227 sane

554 3268 762 3323 libellos
789 3265 925 3336 apud
948 3262 1231 3336 quemdam
1267 3261 1583 3317 familiarem
1620 3276 1797 3317 meum
1827 3272 2012 3333 p05tea
2044 3277 2129 3318 re-

556 3361 667 3431 peti
694 3378 707 3416 :
739 3358 977 3429 qui~liect
1008 3354 1316 3412 nominibus
1349 3352 1580 3426 propriis
1612 3355 1881 3425 titulisque
1910 3372 2132 3425 respon-

557 3453 736 3517 deant,
769 3458 824 3505 et
861 3450 991 3503 alias
1014 3457 1191 3503 tamen
1214 3462 1402 3502 causas
1432 3445 1649 3501 inventa
1676 3446 1913 3503 materia:
1939 3462 2133 3518 appor-

560 3546 783 3601 tunitate
826 3544 1208 3615 perstringunt.
1254 3541 1315 3597 iii
1355 3558 1507 3611 ergo,
1549 3544 1673 3613 quia
1695 3544 1872 3613 jubes,
1904 3545 2002 3599 etsi
2038 3545 2133 3599 ob-

558 3640 697 3693 scuri
732 3644 859 3702 sunt
896 3650 1059 3704 opere
1101 3649 1241 3701 meo,
1274 3642 1366 3687 tuo
1410 3634 1598 3688 saltem
1632 3635 1848 3689 nomine
1896 3635 2133 3690 illustra-

558 3733 773 3787 buntur.
815 3728 1133 3797 Quanquam
1162 3725 1383 3795 quilibet
1427 3740 1550 3778 acer
1594 3725 1682 3780 ille
1711 3726 2007 3795 doctusque
2043 3727 2134 3792 sit,

635 3875 660 3902 α
684 3866 759 3919 De
788 3863 871 3916 his
900 3861 1259 3916 libris‘Avitus
1290 3861 1404 3929 ipse
1433 3862 1498 3914 ad
1536 3862 1900 3929 Apollinarem
1926 3862 2128 3919 Sidonii

562 3936 729 3991 ﬁlium
765 3932 1011 3990 scribens
1041 3931 1196 4002 epist.
1230 3932 1300 3986 45
1334 3949 1347 3985 ι
1384 3931 1777 4002 Magniﬁcentiw
1806 3943 1999 3995 vestrae.
2050 3935 2129 3989 iu-

561 4007 693 4078 quit,
722 4003 1057 4078 litterasvidi,
1080 4001 1587 4078 guibusscribebatis
1614 4002 1865 4078 placuisse
1891 4004 2028 4078 t'obis
2062 4004 2128 4058 li-

2239 2894 2317 2947 vel
2349 2892 2507 2947 etiam
2543 2901 2712 2961 prout»
2746 2892 2981 2961 suppetit
3018 2894 3372 2964 explicandis,
3404 2896 3449 2950 si
3495 2909 3813 2969 quacunque

2237 3002 2301 3041 ex
2337 2996 2483 3055 parte
2528 2986 2849 3054 peccandum
2894 2995 2998 3055 est,
3048 2987 3316 3043 salubrius
3356 2976 3565 3045 dicente
3614 2993 3813 3049 clerico

2237 3093 2342 3133 non
2366 3078 2614 3147 impletur
2636 3091 2825 3148 pompa
2848 3092 3006 3149 quam
3026 3079 3230 3149 regula,
3256 3089 3310 3136 et
3337 3083 3498 3137 tutius
3519 3083 3649 3138 artis
3674 3085 3812 3154 pede

2236 3186 2394 3242 quam
2437 3168 2681 3225 veritatis
2718 3170 2941 3241 vestigio
2990 3170 3341 3226 claudicatur.
3385 3172 3499 3227 Non
3542 3177 3683 3230 enim
3734 3190 3813 3232 est

2238 3269 2487 3316 excusata
2513 3260 2909 3330 perpetratione
2939 3261 3142 3330 peccati
3174 3261 3395 3318 libertas
3429 3263 3647 3335 eloquii.
3683 3266 3813 3321 Nam

2236 3360 2279 3413 si
2324 3372 2419 3427 pro
2455 3358 2597 3411 omni
2630 3356 2795 3411 verbo
2825 3356 2997 3412 otioso
3024 3357 3165 3427 quod
3192 3358 3353 3412 locuti
3403 3358 3599 3414 fuerint
3636 3358 3811 3415 homi-

2237 3465 2353 3514 nes,
2396 3449 2656 3505 rationem
2700 3448 2980 3504 redhibere
3028 3458 3284 3519 cogentur
3314 3448 3525 3519 (Matth.
3573 3464 3665 3518 xu,
3698 3453 3811 3521 36),

2243 3542 2459 3613 agnosci
2500 3542 2550 3595 in
2593 3548 2841 3611 promptu
2882 3549 2992 3605 'esl,
3030 3539 3160 3595 illud
3207 3540 3562 3611 periculosius
3592 3543 3812 3611 laedere,

2243 3631 2383 3703 quod
2409 3640 2690 3687 tractatum
2726 3640 2887 3701 atque
2914 3628 3223 3687 meditatum
3251 3641 3304 3687 et
3343 3636 3698 3703 antepositam
3732 3637 3812 3690 vi-

2243 3723 2400 3779 vendi
2425 3723 2655 3793 legibus,
2684 3722 2938 3793 loquendi
2970 3723 3087 3795 lege
3109 3722 3472 3795 praesumitur.

2241 3864 2380 3919 1556
2404 3872 2587 3917 secuta
2612 3874 2715 3927 est,
2744 3863 3118 3933 Lugdunensis
3136 3861 3357 3919 Joannis
3381 3864 3625 3933 Gagneii.
3660 3864 3814 3921 Innu-

2240 3936 2402 4005 meris
2427 3935 2621 4003 quippe
2653 3935 2808 3997 locis,
2851 3933 3140 4005 utpraefati
3170 3948 3378 4005 sanius,
3418 3935 3729 4005 depravata,
3761 3946 3815 3992 et

2238 4001 2540 4075 quingentis
2570 4020 2733 4074 prope
2770 4001 3033 4075 versibus,
3058 4001 3336 4075 inaudito,
3390 4019 3451 4059 ac
3491 4001 3596 4060 nisi
3629 4014 3813 4061 auctor

560 4072 713 4155 hellus
733 4090 860 4155 quos
877 4074 953 4155 de
977 4072 1485 4155 spirifqlis___hi_storiw
1505 4076 1655 4155 gestis
1690 4074 1842 4127 etiam
1883 4077 1989 4155 tege
2003 4090 2139 4155 _poc-
2162 4076 2210 4139 ο
2245 4072 2358 4155 ipse
2376 4072 3284 4155 ’proderet,‘_incredibillnfacinore
3314 4075 3653 4155 interpolata.
3685 4077 3817 4155 Quae

560 4150 707 4205 ntuli:
735 4143 855 4201 lusi.
877 4143 1084 4199 Titulus
1105 4144 1193 4198 hic
1210 4143 1360 4198 libris
1386 4143 1633 4199 omnibus
1657 4143 1979 4199 communis.
2003 4145 2135 4200 Nam

558 4219 747 4290 singuli
774 4216 1078 4290 peculiares
1118 4228 1245 4270 suos
1290 4213 1507 4290 habent.
1556 4216 1657 4270 Pro
1691 4216 1921 4290 spiritali
1949 4226 2129 4290 autem

560 4286 779 4346 historia
801 4302 918 4357 qua:
944 4288 1097 4357 latius
1122 4294 1286 4357 patet,
1306 4286 1549 4357 Mosaiete
1575 4301 1767 4341 nomen
1786 4303 1811 4338 a
1840 4286 1992 4340 nobis
2014 4288 2139 4342 sub-

561 4354 832 4423 stitutum,
865 4372 962 4411 nec
1003 4354 1185 4411 Avitus
1230 4357 1420 4424 opinor
1459 4354 1575 4426 ipse
1624 4357 1971 4427 improbaret.
2005 4358 2134 4421 Quae

562 4430 737 4497 operis
760 4428 917 4493 hujus
938 4426 1123 4497 prima:
1144 4427 1359 4479 inerunt
1387 4428 1671 4497 editiones,
1706 4429 1954 4493 princeps
1983 4429 2136 4484 vide-

564 4494 687 4554 licet
713 4497 949 4552 omnium
980 4494 1445 4566 Argentoratensis
1475 4513 1614 4552 anno
1651 4498 1805 4559 1507,
1834 4508 1887 4551 et
1912 4513 2033 4566 qua:
2062 4499 2137 4552 al-

566 4580 680 4625 tero
710 4582 772 4622 ac
802 4567 958 4619 tertio
980 4558 1100 4636 post
1125 4558 1264 4633 ann?»
1285 4566 1521 4620 Colonia:
1550 4576 1601 4620 et
1633 4558 1853 4621 Parisiis
1871 4558 2134 4636 prodiere,

567 4656 682 4693 rum
716 4635 1089 4703 manuscriptis
1118 4637 1535 4700 consentientes,
1584 4636 1713 4690 nih'l
1744 4635 2029 4691 admodum
2059 4640 2137 4691 in-

565 4721 644 4764 tt-r
670 4724 727 4764 se
755 4708 1081 4774 discrepant,
1128 4705 1227 4759 nisi
1265 4714 1518 4772 quantum
1554 4707 1762 4761 variare
1790 4709 2001 4762 diversa
2046 4723 2135 4763 so-

568 4785 671 4835 lent
700 4776 1047 4846 exemplaria.
1097 4776 1168 4831 At
1205 4774 1362 4845 longe
1389 4776 1668 4831 dissimilis
1712 4794 1828 4847 qua:
1858 4779 1955 4833 has
1998 4796 2140 4836 anno

641 4900 651 4926 '
688 4896 831 4946 lianc
859 4891 1136 4961 epistolam
1175 4890 1350 4949 minus
1384 4890 1721 4945 emendatam
1764 4900 1922 4947 antea
1958 4893 2142 4948 edide-

568 4978 648 5020 rat
672 4964 986 5021 Sirmondus
1016 4964 1152 5017 inter
1182 4971 1334 5016 notas
1363 4961 1430 5017 ad
1463 4961 1692 5017 Enuodii
1727 4966 2040 5033 opusculum
2069 4968 2136 5019 de

2241 4156 2295 4199 et
2318 4148 2368 4199 in
2400 4155 2624 4200 caeteras
2669 4146 2921 4213 deinceps
2949 4144 3214 4200 editiones
3239 4147 3434 4214 passim
3464 4144 3709 4213 recepta,
3742 4151 3817 4203 sic

2241 4231 2333 4271 cas
2363 4216 2566 4281 iniecit,
2591 4226 2647 4270 ut
2675 4216 2851 4271 fucum
2881 4218 2986 4282 pati
3011 4230 3232 4271 necesse
3263 4216 3421 4271 fuerit
3446 4218 3589 4271 viros
3618 4219 3817 4273 littera-

2246 4296 2349 4349 tos,
2373 4296 2427 4341 et
2459 4302 2554 4356 pro
2588 4287 2726 4342 Aviti
2760 4286 3002 4341 versibus
3038 4284 3374 4355 Gagueianos
3416 4285 3553 4341 haud
3586 4305 3707 4342 raro
3736 4289 3817 4342 le-

2240 4371 2366 4424 gere
2416 4368 2467 4411 ct
2514 4372 2788 4427 usurpare.
2842 4357 2952 4411 iloc
3000 4356 3161 4426 igitur
3204 4357 3450 4427 contagio
3493 4365 3550 4411 ut
3588 4358 3723 4414 liber
3751 4361 3818 4415 sit

2243 4418 2429 4483 Avitus
2474 4431 2527 4481 iu
2563 4418 2858 4497 posterum,
2906 4418 3219 4481 sum'illum
3257 4418 3449 4494 origini
3478 4430 3818 4496 geminoque
3872 4430 3884 4441 '

2245 4500 2403 4553 nitori
2436 4498 2659 4553 reddere
2699 4501 2874 4553 conati
2921 4508 3127 4562 sumus,
3170 4512 3272 4566 ope
3311 4500 3420 4551 nixi
3450 4508 3689 4554 veterum
3719 4500 3818 4555 ali—

2249 4579 2375 4638 quot
2404 4569 2813 4637 exemplarium.
2858 4584 2978 4639 cum
3006 4567 3213 4639 quibus
3243 4566 3341 4621 IIOS
3372 4568 3535 4623 libros
3570 4570 3819 4639 religiose

2246 4637 2587 4701 c'ontulimus,
2619 4643 2791 4694 varias
2826 4637 3079 4693 lectiones
3110 4637 3277 4709 nullas
3307 4639 3596 4707 aspernati,
3626 4637 3818 4709 printer

2249 4712 2482 4766 inutiles.
2513 4720 2603 4764 aut
2627 4726 2761 4778 quas
2794 4710 3022 4764 aliorum
3057 4708 3302 4764 codicum
3337 4708 3637 4765 consertus
3664 4712 3819 4767 refel-

2249 4782 2399 4837 leret.

2254 4895 2359 4948 vita
2393 4897 2451 4950 8.
2485 4894 2763 4963 Epiphanii
2796 4892 3030 4961 episcOpi
3061 4891 3379 4945 Ticinensis.

1608 5165 2071 5271 LIBER
2164 5164 2799 5273 PRIMUS.

1860 5376 1889 5403 ,
1918 5326 2003 5381 oe
2042 5326 2243 5383 th'l‘lO
2281 5327 2514 5382 MUNDI.

640 5443 903 5515 Quidquid
931 5442 1040 5511 agit
1067 5442 1243 5496 varios
1272 5441 1497 5495 humana
1531 5440 1581 5493 in
1602 5449 1763 5509 gente
1797 5439 2028 5501 labores.

577 5541 723 5595 Unde
751 5539 976 5593 brevem
994 5544 1219 5605 carpunt
1260 5534 1507 5588 mortalia
1540 5541 1781 5601 tempora
1816 5534 1998 5599 \itam,

580 5633 667 5685 Vel
696 5616 831 5699 quod
858 5632 1036 5699 polluti
1069 5629 1319 5683 vitiantur
1348 5626 1556 5694 origine
1587 5639 1788 5689 mores,

575 5726 719 5789 Quos
749 5720 915 5775 aliena
946 5730 1190 5790 premunt
1220 5721 1512 5789 priscorum
1541 5716 1675 5772 facta
1707 5726 2011 5785 parentum,

578 5811 813 5871 Addatur
840 5825 1134 5883 quanquam
1160 5822 1339 5869 nostra
1365 5814 1427 5868 de
1459 5819 1605 5880 parte
1638 5818 1840 5878 reatus,

2256 5440 2403 5506 Quod
2436 5451 2610 5496 tamen
2634 5441 2833 5496 amisso
2862 5442 3062 5498 dudum
3089 5454 3339 5514 peccatur
3360 5446 3586 5510 honore,

2257 5536 2529 5587 Ascribam
2564 5536 2679 5601 tibi,
2716 5536 2883 5603 prime
2914 5545 3084 5604 pater,
3111 5540 3197 5607 qui
3233 5540 3439 5595 semine
3467 5541 3655 5596 mortis

2255 5626 2421 5681 'Follis
2450 5630 2714 5684 ευωὶἀιιω
2743 5630 2919 5684 vitalia
2954 5631 3193 5699 germina
3220 5631 3372 5698 proli.

2257 5719 2317 5772 Et
2347 5720 2469 5774 licet
2500 5720 2597 5776 hoc
2630 5730 2797 5777 totum
2825 5722 3067 5777 Christus
3105 5724 3422 5791 persolverit
3448 5723 3497 5776 in
3530 5738 3609 5787 so,

2254 5812 2532 5867 Contraxit
2562 5822 2815 5881 quantum
2844 5826 3095 5881 percussa
3126 5816 3178 5870 lu
3209 5814 3374 5884 stirpe
3403 5830 3639 5885 propago
3666 5832 3679 5869 :
