4092 6350
297 332 404 393 325

297 450 545 504 Attamen
571 445 804 501 auctoris
834 443 985 511 vitio,
1013 443 1105 515 qui
1135 441 1314 499 debita
1338 441 1471 498 lethi

297 539 550 605 Instituit,
579 537 904 607 morbosque
933 537 1046 592 suis
1068 550 1130 590 ac
1161 535 1347 591 funera
1370 534 1540 600 misit,

299 633 438 689 Vivit
461 631 664 703 peccati
689 629 1006 684 moribunda
1041 629 1093 683 in
1125 643 1287 683 carne
1312 628 1554 682 cicatrix.

255 746 287 774 θ
365 726 482 780 .iam
514 723 672 778 Pater
700 724 1043 791 omnipotens
1069 719 1317 774 librantis
1349 719 1593 790 pondere
1627 718 1772 774 verbi

297 818 542 886 Undique
572 815 810 871 collectis
840 814 1177 870 discreverat
1208 813 1358 868 arida
1389 812 1644 882 lymphis,

297 911 590 966 Littoribus
623 915 843 979 pontum
873 907 1270 977 constringens,
1302 906 1527 961 ﬂumina
1555 904 1688 973 ripis
1713 923 1724 954 :

297 1003 409 1057 iam
443 1000 685 1072 proprias
715 999 938 1070 pulchro
968 998 1305 1054 monstrabat
1334 998 1541 1053 lumine
1571 997 1790 1061 formas,

296 1098 536 1152 Ubscuro
564 1095 785 1151 sedente
815 1093 922 1160 die,
954 1094 1212 1165 varioque
1243 1094 1426 1150 colore

296 1184 532 1241 Plurima
566 1185 879 1240 distinctum
913 1184 1164 1255 pingebat
1187 1186 1356 1256 gratia
1390 1186 1672 1241 mundum.

297 1278 652 1349 Temporibus
681 1279 867 1334 sortita
893 1277 1044 1332 vices
1070 1287 1181 1332 tum
1209 1277 1410 1333 lumina
1443 1278 1581 1334 coelo

297 1373 520 1429 Fulsere
542 1373 753 1427 alterno
785 1371 914 1427 solis
939 1370 1187 1441 lunteque
1219 1381 1440 1427 meatu.‘

295 1465 429 1534 Quin
461 1476 515 1521 et
541 1465 783 1520 sidereus
809 1471 1075 1519 nocturno
1105 1473 1352 1535 tempore
1383 1465 1586 1520 candor

294 1560 583 1629 Temperat
610 1558 895 1613 horrentes
925 1567 1193 1612 astrorum
1229 1559 1348 1614 luce
1375 1561 1625 1617 tenebras

294 1659 544 1708 Actutum
568 1652 720 1707 suavi
751 1651 1050 1722 producens
1080 1651 1262 1705 omnia
1287 1651 1426 1718 fetu,

295 1747 524 1802 Pulchra
550 1744 838 1814 repentino
858 1747 1049 1800 vestita
1074 1753 1158 1798 est
1185 1746 1427 1815 gramine
1460 1746 1636 1802 tellus.

296 1842 573 1908 Accepere
599 1852 768 1908 genus
794 1837 911 1891 sine
932 1837 1173 1907 germine
1195 1837 1343 1906 jussu
1368 1840 1566 1904 creari,

297 1932 364 1985 Et
383 1928 568 1985 semen
601 1929 857 1993 voluisse,
884 1927 997 1983 fuit.
1028 1927 1115 1983 Sic
1134 1927 1298 1983 ubere
1320 1929 1467 1984 verbi

298 2021 670 2078 Frondescunt
700 2021 880 2085 silvae;
914 2021 1114 2086 teneris
1143 2019 1412 2076 radicibus
1443 2023 1604 2078 arbor

295 2115 518 2170 Duravit
554 2123 735 2169 vastos
760 2129 926 2184 parvo
952 2113 1050 2168 sub
1081 2121 1323 2184 tempore
1352 2131 1552 2171 ramos.

365 2209 618 2264 Protinus
650 2209 700 2261 in
716 2209 893 2261 varias
923 2204 1173 2260 animalia
1201 2207 1370 2262 multa
1405 2207 1600 2276 figuras

297 2302 554 2372 Surgunt,
587 2309 639 2354 et
665 2314 890 2353 vacuum
922 2297 1232 2353 discurrunt
1258 2298 1414 2353 bruta
1441 2314 1534 2368 per
1552 2299 1735 2355 orbem
1760 2320 1774 2364 ;

295 2393 462 2447 Elatae
484 2391 536 2445 in
560 2390 726 2444 altum
757 2390 1026 2456 volucres,
1060 2397 1319 2458 motuque
1346 2389 1511 2444 citato

295 2483 596 2539 Pcndentes
625 2495 845 2535 secuere
877 2479 1012 2544 vias,
1036 2488 1091 2534 et
1111 2479 1162 2533 in
1195 2493 1323 2535 aere
1352 2480 1488 2534 sudo

294 2575 621 2647 Praepetibus
648 2573 806 2629 librat
828 2573 1189 2628 membrorum
1227 2572 1464 2645 pondere
1496 2577 1709 2644 pennis.

294 2667 420 2722 Post
449 2667 608 2722 etiam
635 2666 802 2721 clausi
829 2675 982 2721 vasto
1007 2663 1108 2726 sub
1127 2664 1340 2736 gurgite
1363 2666 1537 2738 pisces

297 2760 583 2830 Respirant
617 2759 868 2829 lymphis,
902 2758 1292 2831 ﬂatusque‘sub
1316 2775 1532 2830 tequore
1563 2759 1784 2816 ducunt.

294 2853 526 2924 Quteque
554 2863 752 2924 negant
784 2851 959 2923 nobis,
985 2851 1089 2907 illis
1120 2853 1251 2908 adnt
1282 2854 1496 2910 humida
1527 2855 1707 2912 vitam.

292 2945 399 3002 Nec
432 2947 608 3001 minus
630 2946 681 3001 in
716 2947 902 3018 pelago
925 2946 1185 3003 viviscont
1210 2948 1430 3021 grandia
1454 2959 1590 3019 cete,

289 3039 680 3109 Accipiuntque
713 3040 858 3094 cavis
889 3039 1188 3095 habitacula
1214 3039 1372 3112 digna
1397 3043 1614 3100 latebris
1648 3063 1657 3096 :

287 3131 359 3186 Et
383 3128 504 3202 qua:
535 3139 774 3184 monstra
804 3131 942 3187 solet
971 3147 1123 3186 rarus
1155 3148 1297 3188 nunc
1331 3134 1559 3204 prodere
1585 3147 1801 3206 pontus,

283 3230 455 3295 Aptat
483 3224 551 3279 ad
585 3223 840 3279 informes
865 3223 1103 3280 condens
1134 3226 1353 3282 solertia
1381 3227 1604 3284 formas.

286 3317 550 3388 Quodque
581 3315 858 3371 hominum
885 3317 1018 3372 falso
1048 3315 1219 3373 credit
1251 3334 1404 3374 meus
1436 3321 1617 3375 nescia
1653 3320 1876 3389 foedum,

287 3413 392 3469 Per
421 3410 694 3482 propriam
724 3409 962 3480 speciem
985 3421 1173 3464 natura
1196 3409 1379 3481 judice
1402 3410 1824 3482 pulchrum-est.

361 3506 501 3576 Ergo
531 3503 621 3558 ubi
647 3502 931 3574 completis
962 3501 1226 3556 fulserunt
1257 3503 1434 3558 omnia
1467 3505 1646 3570 rebus,

287 3601 599 3669 Urnatuqne
627 3612 728 3653 suo
760 3595 1028 3667 perfectus
1057 3597 1300 3652 constitit
1327 3597 1498 3662 orbis,

288 3691 423 3746 Tum
452 3689 986 3760 Pateretnnipotens
1019 3700 1221 3744 aeterno
1250 3689 1452 3746 lumine
1483 3692 1660 3748 lzetum

289 3782 526 3839 Contulit
555 3781 621 3838 ad
649 3791 820 3837 terras
847 3781 1064 3836 sublimi
1094 3799 1160 3837 ex
1190 3783 1393 3839 aethere
1422 3784 1656 3855 vultum,

290 3877 567 3932 lilustrans
590 3875 948 3946 quodcunque
975 3874 1117 3930 videt
1146 3893 1157 3926 :
1196 3876 1369 3945 placet
1393 3877 1504 3948 ipsa
1535 3880 1702 3934 tuenti

289 3967 493 4024 Ατίίῐίοἰ
522 3963 723 4023 factura
745 3983 862 4034 suo,
895 3966 1183 4037 laudatque
1213 3967 1439 4024 Creator

291 4061 619 4131 llispositum
646 4061 874 4131 pulchro
898 4075 1057 4130 quem
1091 4060 1330 4114 condidit
1374 4061 1566 4117 ordine
1595 4061 1873 4120 mundum.

286 4157 425 4211 Tum
452 4150 782 4212 demutn'tali
808 4153 1068 4224 sapientia
1097 4168 1228 4210 voce
1253 4155 1426 4210 locuta
1460 4165 1541 4210 est
1569 4173 1581 4209 ;

287 4247 370 4302 En
398 4247 654 4317 prmclara
690 4247 822 4301 nitet
853 4246 1122 4300 mundano
1151 4247 1397 4301 machina
1423 4248 1600 4315 cultu;

286 4340 353 4394 Et
384 4349 560 4395 tamen
587 4339 864 4408 impletum
897 4337 1147 4408 perfectis
1170 4338 1419 4393 omnibus
1441 4338 1628 4395 orbem

285 4432 424 4499 Quid
447 4432 594 4501 juvat
621 4429 847 4485 ulterius
878 4429 1026 4484 nullo
1052 4429 1258 4486 cultore
1291 4429 1496 4486 teneri?

285 4523 392 4580 Sed
423 4538 490 4576 ne
518 4522 674 4591 longa
703 4536 892 4575 novam
917 4524 1237 4576 contristent
1266 4521 1372 4575 otia
1407 4531 1630 4588 terram,

284 4617 437 4672 Nunc
469 4617 629 4670 homo
662 4614 939 4682 formetur,
973 4613 1168 4668 summi
1205 4627 1364 4683 quem
1397 4623 1577 4686 tangat
1604 4613 1781 4670 imave

282 4709 549 4774 Numinis,
583 4718 638 4762 et
663 4714 920 4772 nostram,
956 4706 1102 4762 celso
1132 4703 1364 4761 donatus
1391 4704 1618 4773 honore,

283 4803 474 4857 Induat
506 4801 729 4856 interius
760 4798 993 4854 formosa
1037 4797 1088 4852 in
1121 4806 1301 4853 mente
1331 4798 1577 4869 figuram.

282 4895 438 4950 Hunc
479 4893 608 4948 libet
646 4899 885 4948 erectum
916 4889 1063 4946 vultu
1093 4905 1411 4960 prteponere
1445 4891 1652 4960 pronis,

279 4987 383 5054 Qui
409 4994 560 5057 regat
582 4994 787 5041 aeterno
808 4981 1109 5050 subjectum
1141 4981 1346 5038 foedere
1369 4982 1652 5048 mundum,

280 5081 444 5135 Bruta
472 5077 677 5144 domet,
707 5075 877 5146 legem
900 5074 1108 5128 cunctis
1129 5089 1192 5128 ac
1215 5073 1428 5128 nomina
1465 5085 1648 5143 ponat,

283 5172 441 5226 Astra
468 5177 636 5236 notet,
667 5167 896 5237 ccelique
923 5163 1036 5220 vias
1062 5173 1116 5219 et
1145 5165 1321 5220 sidera
1349 5165 1525 5230 norit;

279 5264 467 5320 Discat
486 5273 540 5319 et
564 5261 820 5332 inspectis
851 5259 1161 5315 discernere
1189 5265 1430 5329 tempora
1460 5259 1623 5329 signis
1653 5278 1663 5312 :

278 5359 545 5428 Subjiciat
577 5355 797 5430 pelagus
817 5368 1039 5420 saevum,
1070 5351 1396 5423 ingenioque
1426 5351 1600 5407 tenaci

277 5452 563 5510 Possideat
587 5463 916 5519 quazcunque
943 5445 1120 5511 videt;
1145 5446 1230 5501 cui
1261 5444 1430 5500 bestia
1454 5445 1704 5502 frendens

275 5548 519 5612 Serviat,
547 5553 603 5600 et
629 5543 806 5615 posito
837 5541 1045 5596 discant
1071 5548 1349 5598 mansueta
1380 5539 1562 5597 furore

275 5639 566 5709 Imperium
592 5636 834 5706 iumenta
860 5633 986 5702 pati,
1018 5634 1255 5703 iussique
1280 5632 1433 5702 ligari

276 5726 560 5789 Festinent
593 5729 780 5800 trepidi
805 5737 1058 5784 consueta
1089 5728 1141 5781 in
1171 5727 1340 5783 vincla
1368 5727 1606 5796 juvenci.

275 5825 504 5896 Quoque
531 5825 699 5894 magis
729 5812 915 5876 natura
941 5820 1170 5874 hominis
1203 5818 1479 5874 sublimior
1507 5830 1704 5886 exstet,

1595 329 1978 391 POEMATUM
2019 331 2220 390 LIBER
2260 334 2297 391 1.

1920 444 1977 506 Λ
2000 444 2246 514 Accipiat
2266 455 2448 502 rectos
2475 446 2528 502 in
2554 448 2754 505 caelum
2789 442 2980 508 tollere
3009 453 3195 510 vultus
3221 472 3232 508 :

3487 338 3592 404 δυξὸ

1999 536 2280 593 Factorem
2311 549 2518 610 quaerat
2545 543 2844 614 proprium,
2869 547 2957 602 cui
2989 555 3169 603 mente
3199 547 3342 602 ﬁdeli

2000 630 2276 699 lmpeudat
2305 631 2560 689 famulam
2585 635 2834 707 longaevo
2862 637 2917 695 in
2947 650 3190 712 tempore
3220 641 3406 696 vitam.

2069 721 2193 777 llaec
2222 723 2316 791 ait,
2348 731 2402 778 et
2425 723 2665 796 fragilem
2691 728 2942 800 dignatus
2971 740 3191 803 tangere
3219 742 3440 798 terram,

1998 813 2286 885 Temperat
2306 816 2615 875 bumentem
2646 833 2944 894 consperso
2971 825 3027 881 in
3055 828 3280 897 pulvere
3309 829 3516 897 limum,

1999 908 2327 978 Moliturque
2355 924 2552 966 novum
2574 912 2728 969 dives
2756 916 3022 985 sapientia
3044 932 3262 990 corpus.

1997 1001 2112 1056 Non
2137 1001 2298 1057 aliter
2323 1017 2485 1073 quam
2508 1017 2650 1060 nunc
2679 1005 2857 1077 opifex
2886 1009 2975 1064 cui
2997 1010 3129 1066 artis
3161 1011 3216 1066 in
3244 1027 3341 1067 usu
3379 1021 3464 1068 est

2000 1092 2248 1149 Flectere
2290 1093 2495 1152 laxatas
2522 1110 2619 1165 per
2656 1107 2849 1153 cuncta
2877 1100 3140 1170 sequacia
3167 1115 3346 1169 ceras,

1999 1183 2066 1240 Et
2090 1185 2267 1242 vultus
2291 1187 2518 1258 implere
2545 1203 2728 1259 manu,
2765 1205 2862 1246 seu
2891 1205 3120 1263 corpora
3152 1203 3324 1265 gypso

1997 1277 2250 1350 Fingere,
2283 1281 2366 1336 vel
2393 1281 2543 1353 segni
2568 1284 2804 1354 speciem
2830 1298 3158 1356 componere
3189 1300 3388 1343 massa.

1996 1371 2088 1427 Sic
2120 1371 2284 1427 Pater
2315 1373 2654 1444 Omnipotens
2675 1376 2940 1432 victurum
2965 1380 3210 1449 protinus
3241 1393 3430 1436 arvum

1995 1464 2232 1530 Tractat,
2263 1471 2318 1520 et
2349 1466 2400 1520 in
2427 1465 2576 1522 lento
2607 1467 2895 1524 meditatur
2917 1469 3124 1525 viscera
3155 1485 3330 1526 (ωηο.

1997 1555 2133 1611 Hinc
2163 1571 2343 1612 arcem
2373 1558 2565 1628 capitis
2591 1559 2811 1615 sublimi
2833 1561 2884 1614 in
2908 1562 3116 1617 vertice
3142 1565 3340 1633 signat,

1998 1647 2323 1718 Septiforem
2358 1651 2563 1705 vultum
2593 1652 2818 1706 rationis
2856 1653 3104 1710 sensibus
3135 1663 3349 1725 aptans,
3391 1638 3399 1645 ’

1996 1741 2230 1806 Olfactu,
2262 1740 2469 1808 aud-itu,
2499 1743 2640 1809 visu,
2669 1752 2936 1813 gustuque
2963 1755 3260 1814 potentem.

1923 1819 1972 1878 Β
1998 1834 2194 1888 Tactus
2217 1836 2320 1890 erit
2343 1835 2509 1899 solus,
2535 1845 2649 1890 toto
2681 1837 2770 1906 qui
2809 1851 3039 1906 corpore
3063 1837 3223 1908 judcx

1996 1928 2224 1993 Sentiat,
2267 1935 2320 1982 et
2349 1928 2623 1998 proprium
2665 1937 2885 2000 spargat
2915 1944 3012 2000 per
3039 1931 3285 1986 membra
3319 1932 3576 2004 vigorem.

1997 2019 2217 2074 Flexilis
2239 2029 2478 2075 arctatur
2507 2035 2698 2076 recavo
2728 2021 2809 2076 sic
2831 2021 3020 2092 lingua
3045 2023 3267 2093 palato,-

1995 2113 2221 2166 Prrssus
2248 2122 2304 2166 ut
2334 2113 2384 2166 in
2411 2125 2620 2168 camera
2651 2113 2912 2182 pulsantis
2942 2114 3170 2170 verbero
3191 2115 3381 2186 plectri

1995 2200 2261 2259 Percussa
2289 2216 2507 2260 resonet
2547 2205 2855 2260 modulatus
2894 2205 2945 2261 in
2975 2219 3104 2261 aere
3131 2219 3333 2262 sermo.

1995 2299 2126 2352 Exin
2156 2297 2472 2352 succiduunt
2507 2308 2757 2366 porrecto
2780 2298 2832 2352 in
2855 2312 3087 2368 corpore
3109 2306 3297 2367 pectus

1992 2391 2206 2461 Spargit
2229 2403 2474 2444 ramosas
2505 2400 2625 2460 post
2654 2389 2876 2445 brachia
2907 2390 3064 2445 fortia
3094 2391 3316 2460 palmas.

1990 2483 2240 2539 Succedit
2268 2482 2548 2537 stomacho
2579 2481 2811 2548 medi-us,
2831 2481 2926 2551 qui
2956 2483 3193 2552 tegmine
3223 2481 3364 2538 molli

1993 2580 2133 2632 inter
2165 2589 2450 2646 utrumque
2484 2578 2620 2631 latus
2651 2575 2827 2631 foveat
2855 2575 3060 2640 vitalia,
3093 2586 3302 2631 venter.

1993 2671 2270 2726 Dividuom
2303 2681 2504 2742 partem
2537 2671 2712 2726 femur
2742 2671 2960 2739 excipit,
2994 2671 3167 2740 aptius
3199 2679 3256 2724 ut
3287 2684 3347 2724 se

1988 2764 2240 2820 Alternus
2269 2773 2476 2821 moveat
2507 2764 2782 2834 duplicato
2815 2764 3016 2834 poplite
3043 2777 3285 2833 gressus.

1989 2860 2057 2913 At
2088 2867 2240 2930 parte
2269 2875 2335 2913 cx
2369 2859 2496 2925 alta,
2525 2857 2674 2926 ﬁngit
2702 2872 2860 2927 quam
2891 2855 3140 2910 conditor
3167 2869 3325 2921 unus,

1987 2952 2210 3020 Urcipiti
2243 2949 2506 3006 submissa
2535 2964 2634 3005 suo
2662 2947 2996 3003 descendere
3025 2946 3204 3001 cervix

1991 3044 2197 3114 lncipit,
2234 3052 2286 3098 ct
2316 3051 2499 3097 vastos
2525 3040 2874 3110 compagibus
2900 3039 3100 3094 addere
3127 3049 3349 3093 nervos.

1987 3137 2152 3208 Spina
2185 3136 2364 3202 rigens
2392 3135 2600 3190 crebris
2625 3136 2766 3188 inter
2785 3133 3109 3187 commercia
3141 3130 3298 3187 nodis

1910 3205 1959 3270 (ἶ
1991 3205 2247 3285 Diffundit
2273 3229 2540 3299 duplicem
2562 3238 2837 3283 costarum
2869 3243 2933 3280 cx
2961 3225 3148 3281 ordine
3173 3234 3393 3280 cratera.

1986 3323 2119 3377 Pars
2151 3323 2355 3376 interna
2387 3334 2556 3376 novos
2588 3322 2707 3374 vitae
2737 3319 2998 3372 forma'ur
3027 3318 3093 3372 ad
3123 3331 3277 3384 usus,

1988 3415 2242 3469 Naturale
2274 3422 2465 3484 parant
2495 3421 2706 3483 tegmen
2735 3412 2918 3466 vitalia
2948 3409 3116 3476 cordi,

1985 3509 2262 3578 Massaque
2293 3507 2562 3577 congestis
2591 3504 2834 3575 pendens
2863 3503 3208 3559 absconditur
3233 3504 3388 3558 extis.

1987 3600 2214 3662 Additur
2244 3599 2324 3653 his
2358 3597 2502 3654 tenui
2539 3597 2838 3667 pascendus
2871 3595 2938 3650 ab
2969 3610 3094 3650 aere
3121 3593 3321 3665 pulmo,
3392 3604 3398 3610 '

1985 3693 2082 3760 Qui
2111 3700 2368 3762 concepta
2397 3689 2615 3745 trahens
2643 3689 2771 3744 lenti
2801 3687 3091 3758 spiramina
3123 3685 3300 3752 flatus,

1987 3785 2225 3857 Accipiat
2257 3783 2514 3852 reddens,
2540 3782 2727 3838 reddat
2758 3796 2890 3854 quas
2922 3782 3214 3850 sumpserit
3238 3795 3416 3848 auras,

1985 3879 2147 3948 Inque
2178 3878 2348 3934 vicem
2377 3877 2571 3932 crebro
2604 3877 2830 3945 pellatur
2857 3873 3127 3929 anhelitus
3151 3873 3393 3928 haustus.

1986 3970 2180 4025 Dextra
2213 3978 2354 4024 tenet
2381 3968 2579 4039 jecoris
2609 3966 2964 4038 vegetandum
2992 3967 3252 4036 sanguine
3277 3965 3496 4032 fontem,

1984 4062 2100 4127 Quo
2131 4063 2370 4116 clausum
2400 4076 2553 4116 vena:
2583 4070 2839 4129 spargunt
2865 4073 2962 4128 per
2989 4059 3196 4114 viscera
3223 4058 3440 4114 flumen.

1987 4153 2164 4208 Lienis
2192 4153 2387 4206 lrcvum
2418 4152 2640 4206 sortitur
2673 4150 2854 4220 regula
2885 4158 3116 4220 partem,

1979 4247 2097 4310 Qua
2125 4243 2300 4298 crines
2328 4241 2614 4312 perhibent
2639 4253 2950 4310 unguesque
2979 4252 3284 4295 re-crescere
3318 4245 3517 4306 sectos,

1985 4335 2093 4391 Nec
2117 4333 2329 4389 concisa
2358 4331 2542 4388 dolent
2571 4349 2584 4386 :
2614 4330 2737 4386 hinc
2762 4345 2905 4386 nunc
2931 4337 3216 4402 augmenta
3243 4338 3523 4384 resumunt

1985 4429 2115 4495 utne
2143 4429 2327 4481 vivunt
2355 4437 2623 4494 sensuque
2651 4430 2838 4479 carent
2869 4423 2920 4477 in
2942 4423 3198 4492 corporis
3221 4435 3338 4478 usu.

2058 4519 2344 4589 Postquam
2381 4515 2629 4588 perfectae
2654 4516 2822 4586 jacuit
2853 4514 3104 4570 novitatis
3135 4515 3330 4585 imago,

1899 4587 1956 4649 D
1983 4587 2400 4682 Formatumque
2431 4609 2599 4664 lutum
2629 4610 2866 4678 speciem
2901 4607 3146 4678 pervenit
3175 4605 3227 4661 in
3255 4621 3466 4664 omnem
3495 4627 3507 4664 τ

1982 4708 2218 4764 Vertitur
2243 4704 2294 4760 in
2325 4719 2543 4759 carnem
2574 4703 2756 4768 limus,
2779 4702 3073 4773 durataque
3101 4700 3293 4756 molles

1982 4799 2288 4853 Visceribus
2319 4797 2508 4852 mediis
2541 4803 2819 4850 traxerunt
2848 4807 2968 4847 ossa
3005 4793 3287 4849 medullas.

1981 4891 2235 4946 Inseritur
2266 4889 2417 4943 venis
2446 4887 2686 4956 sanguis,
2724 4887 2953 4954 vivoque
2979 4885 3160 4939 colore

1978 4983 2148 5038 luﬁcit
2177 4995 2269 5036 ora
2298 4981 2461 5036 rubor
2490 4998 2502 5034 :
2532 4987 2645 5033 toto
2680 4988 2789 5032 tum
2822 4992 3050 5048 corpore
3075 4979 3248 5049 pallor

1980 5077 2220 5139 Pellitur,
2253 5083 2306 5129 et
2332 5074 2518 5128 niveos
2547 5071 2783 5142 depingit
2815 5085 3049 5142 purpura
3078 5073 3270 5126 vultus.

1979 5168 2104 5224 Inde
2135 5167 2222 5221 ubi
2251 5164 2507 5236 perfectis
2536 5165 2844 5219 consuescit
2874 5165 3055 5218 vivere
3080 5163 3335 5218 membris

1977 5263 2144 5315 Totus
2173 5259 2355 5321 homo,
2391 5267 2444 5312 ct
2474 5267 2689 5312 sumant
2717 5256 2978 5312 calefaeta
3007 5266 3062 5310 ut
3085 5256 3292 5310 viscera
3321 5254 3489 5307 solam

1980 5352 2305 5419 Εχερθειειιιι
2334 5349 2590 5412 animam,
2618 5362 2752 5419 puro
2780 5363 2939 5418 quam
2975 5349 3121 5402 fonte
3149 5353 3360 5400 creator

1979 5446 2215 5509 Promat,
2245 5451 2297 5497 ct
2324 5450 2534 5498 erectos
2565 5453 2830 5498 recturum
2863 5444 3035 5495 mittat
3063 5443 3111 5493 in
3145 5449 3308 5492 artus.

1973 5538 2172 5594 Lenem
2206 5529 2462 5608 perpetuo
2491 5538 2674 5592 flatum
2705 5535 2975 5606 profundit
3003 5533 3067 5585 ab
3097 5547 3212 5597 ore,

1974 5627 2538 5699 lnspiratque'homini
2565 5644 2580 5683 :
2607 5642 2762 5696 quem
2795 5623 3036 5693 protinus
3069 5621 3153 5675 ille
3187 5633 3458 5692 receptum

1971 5724 2221 5790 Attrahit,
2252 5733 2304 5778 et
2333 5723 2507 5779 crebri
2540 5721 2699 5775 discit
2722 5715 3030 5787 spiraminis
3056 5733 3233 5771 auras.

2041 5818 2324 5887 Postquam
2351 5826 2658 5872 nascentem
2691 5811 2861 5867 sulers
2886 5809 3166 5876 prudentia
3196 5828 3410 5866 sensum
