4092 6350
604 236 710 299 597

604 353 813 421 Imbuit,
839 360 895 409 et
921 366 1053 425 puro
1074 351 1294 408 rationis
1323 350 1521 405 lumine
1550 349 1715 413 fulsit,

602 444 803 515 Surgit,
830 453 886 499 et
913 444 1105 500 erectis
1130 444 1304 497 ﬁrmat
1328 441 1546 511 vesﬁgia
1580 441 1790 509 plantis.

603 537 737 593 Tum
763 538 934 592 varias
960 535 1143 591 mundi
1170 536 1395 606 Species,
1428 535 1656 605 caelique
1682 537 1875 604 ﬁguras

600 628 899 695 Mirantem,
934 626 1023 681 tali
1050 627 1338 696 compellat
1368 641 1496 681 voce
1526 627 1746 681 Creator
1772 644 1786 681 :
1882 690 1887 691 ί

599 718 725 774 Ilaec
748 732 864 786 quae
892 716 1172 773 mundanis
1194 717 1371 773 cernis
1403 717 1753 787 pulcherrima
1790 718 1948 773 rebus

596 811 923 866 Incrementa
951 812 1122 879 novis,
1155 820 1399 865 ornatum
1431 819 1581 865 tensa
1614 826 1708 881 per
1732 810 1941 875 orbem,

595 900 753 957 Solus
782 900 936 967 habe,
968 901 1199 971 totisque
1224 901 1367 970 prior
1395 900 1671 956 dominare
1706 901 1954 957 fruendo.

595 991 671 1047 Tu
702 993 851 1059 mihi,
884 1000 1073 1048 cuncta
1104 991 1198 1047 tibi
1228 990 1583 1047 famulentur:
1610 991 1871 1047 maximus
1903 995 2165 1061 0rd0.est,

595 1084 671 1140 'I‘e
698 1100 884 1156 parere
907 1086 992 1156 pio
1019 1087 1106 1156 qui
1136 1085 1370 1141 subdidit
1396 1086 1573 1140 omnia
1605 1086 1769 1155 patri.

572 1170 579 1237 Γ
594 1175 712 1231 Non
733 1177 939 1247 species
970 1178 1111 1244 ullae,
1152 1192 1251 1234 nec
1281 1178 1495 1232 numina
1525 1193 1659 1233 vana
1687 1178 1953 1244 colantur,

570 1254 571 1261 “
594 1269 711 1325 Non
741 1270 787 1325 si
818 1270 942 1341 quid
968 1270 1105 1327 caelo
1134 1270 1361 1325 sublime
1383 1285 1686 1340 novumque
1712 1279 1983 1336 coruscat,

562 1428 563 1431 η
595 1362 711 1418 Non
733 1379 851 1433 qua:
874 1363 956 1418 vel
988 1363 1141 1417 terris
1173 1363 1354 1418 vivunt
1384 1364 1630 1428 formata,
1660 1364 1743 1418 vel
1777 1363 1954 1430 undis,

595 1454 705 1510 Nec
733 1454 873 1525 quod
904 1454 1039 1510 forte
1059 1469 1307 1524 premens
1337 1456 1587 1525 prohibet
1615 1464 1803 1511 natura
1835 1457 2022 1513 videri.

595 1544 793 1601 Usibus
820 1544 919 1600 ista
947 1545 1070 1613 tuis,
1106 1560 1211 1600 non
1239 1544 1490 1612 cultibus,
1524 1560 1644 1602 esse
1666 1556 1972 1603 memento:

596 1637 919 1693 Praacellens
945 1637 1098 1693 factis
1125 1638 1378 1693 factorem
1406 1653 1600 1707 pronus
1625 1639 1811 1696 adora.

665 1729 873 1784 Interea
901 1737 1083 1783 sextus
1111 1729 1283 1783 noctis
1313 1728 1600 1798 primordia
1630 1744 1821 1800 vesper

591 1821 836 1888 Rettulit,
868 1806 1373 1891 alterno'depellens
1405 1830 1643 1892 tempore
1671 1822 1879 1888 lucem;

591 1920 830 1990 Dumque
859 1927 1044 1989 petunt
1065 1918 1279 1973 dulcem
1304 1917 1561 1988 spirantia
1588 1929 1781 1973 cuncta
1803 1918 2060 1989 quietem,

588 2013 824 2069 Solvitur
845 2019 901 2068 et
928 2026 1118 2067 somno
1147 2011 1308 2065 laxati
1328 2011 1570 2081 corporis
1598 2011 1791 2078 Adam,

588 2105 686 2161 Cui
711 2105 869 2159 Pater
895 2104 1238 2173 omnipotens
1270 2117 1512 2172 pressum
1541 2118 1635 2173 per
1663 2105 1825 2159 corda
1853 2119 2097 2175 soporem

586 2198 745 2264 Jeeit,
770 2205 825 2253 et
847 2197 1109 2251 immenso
1138 2196 1368 2251 tardavit
1392 2195 1625 2266 pondere
1650 2211 1863 2264 sensus,

587 2287 683 2343 Vis
716 2294 775 2342 ut
802 2286 947 2342 nulla
985 2293 1146 2353 queat
1168 2285 1396 2356 sopitam
1424 2286 1632 2343 solvere
1662 2297 1919 2343 mentem.

585 2381 702 2437 Non
731 2382 777 2437 si
799 2381 935 2438 forte
961 2382 1140 2454 fragor
1164 2396 1383 2439 securas
1410 2385 1657 2439 verberet
1686 2398 1862 2450 aures,

587 2476 698 2531 Nec
727 2475 772 2530 si
802 2484 1070 2531 commoto
1095 2476 1288 2532 caelum
1321 2486 1447 2532 tunc
1475 2477 1677 2532 intonet
1702 2493 1823 2544 axe,

583 2567 692 2624 Sed
741 2584 841 2625 nec
881 2584 1064 2641 pressa
1106 2583 1264 2625 manu
1311 2569 1578 2639 rupissent
1622 2571 1858 2625 membra
1897 2569 2151 2639 quietem.

585 2662 721 2718 Tum
754 2677 887 2719 vero
907 2662 1409 2719 cunctiscostarum
1440 2677 1511 2717 ex
1542 2662 1751 2718 ossibus
1783 2677 1940 2718 unam

580 2753 840 2810 Subducit
869 2754 1004 2809 laevo
1032 2753 1207 2820 lateri,
1236 2767 1560 2823 carnemque
1584 2754 1813 2823 reponit.

580 2847 813 2917 Erigitur
842 2845 1062 2916 pulchro
1088 2844 1314 2915 genialis
1341 2844 1508 2900 forma
1538 2846 1751 2910 decore,

581 2939 743 3008 Inque
771 2951 970 2993 novum
990 2936 1167 2992 subito
1198 2936 1437 3007 procedit
1458 2935 1652 2992 femina
1682 2937 1905 3001 vultum.

578 3030 747 3098 Quam
779 3029 919 3085 Deus
952 3037 1151 3084 aeterna
1174 3028 1505 3098 conjungens
1535 3029 1650 3099 lege
1677 3030 1890 3095 marito,

578 3122 823 3193 Conjugii
853 3123 1027 3178 fructu
1052 3129 1241 3193 pensat
1268 3121 1543 3191 dispendia
1568 3122 1815 3177 membri.

476 3260 483 3287 ἶ
648 3213 804 3268 Istius
834 3213 1083 3269 indicium
1113 3212 1289 3268 somni
1318 3228 1462 3268 mors
1485 3213 1572 3269 illa
1603 3223 1786 3270 secuta
1814 3223 1917 3279 est,

484 3352 489 3359 .
576 3304 775 3374 Sponte
799 3319 892 3359 sua
917 3302 1079 3358 subiit
1101 3314 1314 3374 sumpto
1342 3319 1501 3376 quam
1533 3320 1760 3375 corpore
1786 3306 2044 3363 Christus.

575 3396 813 3462 Quicum
844 3409 1094 3466 passurus
1123 3394 1264 3465 ligno
1288 3395 1536 3451 sublimis
1562 3395 1615 3450 in
1645 3397 1751 3451 alto

574 3490 841 3546 Penderet
868 3505 1057 3556 nexus,
1082 3489 1269 3559 culpas
1293 3489 1419 3545 dum
1455 3490 1708 3559 penderet
1738 3491 1902 3556 orbis,

574 3584 627 3639 In
660 3584 798 3639 latus
824 3584 1028 3638 extensi
1051 3582 1235 3636 deﬁxit
1260 3582 1460 3637 missile
1491 3583 1667 3636 lictor.
1952 3582 1957 3591 ‘

574 3671 821 3728 Protinus
849 3672 1102 3727 exsiliens
1130 3672 1365 3725 manavit
1393 3672 1615 3727 vulnere
1658 3670 1894 3741 lympha,

573 3769 683 3832 Qua
714 3766 890 3820 vivum
916 3765 1126 3836 populis
1144 3765 1256 3834 jam
1282 3774 1393 3820 tum
1424 3765 1721 3835 spondente
1758 3766 2046 3835 lavacrum,

576 3859 750 3915 Fluxit
778 3859 1087 3930 martyrium
1117 3860 1333 3931 signans
1358 3869 1413 3915 et
1442 3861 1714 3932 sanguinis
1742 3862 1902 3918 unda.
2122 3848 2135 3853 Ὠ

574 3950 701 4007 Inde
722 3951 1017 4022 quiescenti
1043 3951 1253 4023 gemina
1281 3951 1405 4007 dum
1436 3962 1593 4008 nocte
1617 3953 1842 4023 jaceret,

572 4043 647 4100 De
675 4043 856 4099 lateris
882 4044 1122 4099 membro
1145 4058 1369 4113 surgens
1392 4044 1629 4101 Ecclesia
1660 4046 1856 4117 nupsit.

640 4135 906 4206 Principio
934 4144 1110 4191 rector
1140 4136 1273 4191 tanti
1301 4150 1517 4193 sacrare
1544 4139 1766 4207 figuram

572 4228 868 4299 Disponens
888 4228 1072 4293 vincli,
1099 4231 1261 4284 nectit
1288 4229 1550 4284 connubia
1578 4231 1740 4285 verbo
1772 4248 1783 4282 :

572 4319 743 4374 Vivite
767 4317 1019 4373 concordi
1050 4319 1250 4387 studio,
1280 4320 1642 4392 mundumque
1665 4322 1889 4389 replete,

572 4411 788 4464 Crescat
812 4408 1106 4477 Iongtevum
1132 4409 1273 4464 felici
1303 4412 1509 4465 semine
1532 4427 1754 4480 germen
1779 4429 1793 4467 :

571 4500 686 4556 Non
715 4501 872 4555 annis
900 4516 1174 4569 numerus,
1206 4501 1331 4555 vita:
1361 4519 1459 4558 nec
1489 4505 1748 4561 terminus
1776 4515 1913 4562 este.

571 4591 887 4662 Progeniem
914 4592 1031 4646 sine
1056 4592 1162 4649 ﬁne
1186 4593 1331 4659 dedi,
1353 4610 1509 4663 quam
1545 4606 1784 4667 tempore
1822 4609 1933 4657 toto

570 4682 831 4751 Aspieies,
860 4683 1041 4752 generi
1071 4683 1273 4755 primus
1299 4687 1386 4754 qui
1419 4688 1632 4755 ponetis
1658 4699 1863 4747 auctor.

570 4773 841 4843 Pronepos
867 4775 1084 4830 eductos
1112 4789 1368 4847 spargens
1390 4793 1484 4847 per
1510 4782 1669 4836 saacla
1700 4793 1921 4855 nepotes

572 4864 821 4920 Viventes
848 4875 1091 4920 numeret
1120 4882 1376 4936 proavos;
1402 4870 1560 4941 inque
1588 4886 1680 4928 ora
1712 4885 1987 4945 parentum

567 4955 988 5035 Ducant‘annosi
1020 4966 1263 5013 natorum
1295 4961 1513 5032 pignora
1542 4966 1672 5019 nati.

552 5062 556 5079 λ
636 5046 771 5101 Τυιιι
802 5045 885 5101 lex
915 5047 1166 5118 coniugii,
1200 5058 1308 5105 toto
1338 5055 1654 5109 venerabilis
1684 5071 1819 5125 aevo,

568 5141 884 5195 lntemcrata
905 5154 1002 5195 suo
1030 5141 1329 5198 servabitur
1362 5145 1550 5201 ordine
1574 5150 1800 5205 cunctis.

565 5232 781 5288 Femina
810 5237 1057 5301 persistat
1079 5233 1145 5288 de
1172 5234 1373 5291 viscere
1401 5248 1608 5306 sumpta
1637 5240 1796 5304 virili,

561 5324 821 5393 Conjugio
845 5338 1057 5378 servare
1081 5325 1268 5390 ﬁdem;
1300 5342 1398 5382 nec
1424 5339 1635 5398 separet
1665 5331 1799 5386 alter

562 5414 712 5481 Quod
738 5414 911 5483 jungit
931 5419 1200 5485 sociatque
1231 5404 1404 5483 Deus;
1438 5429 1744 5489 patremque
1776 5424 2041 5493 relinquat

563 5506 627 5558 Et
658 5515 877 5560 matrem
903 5506 1047 5575 justo
1068 5510 1386 5564 constrictus
1412 5526 1596 5567 amere
1621 5515 1859 5572 maritus.

562 5597 661 5649 Ista
695 5597 991 5663 parentales
1023 5612 1126 5653 non
1156 5609 1402 5670 rumpant
1441 5603 1649 5657 vincula
1680 5619 1841 5671 curre,

568 5684 681 5741 Vita
712 5685 805 5740 sed
833 5687 1109 5745 amborum
1135 5706 1347 5749 carnem
1375 5701 1616 5751 teneatur
1641 5696 1705 5751 ad
1732 5714 1911 5763 unam.

1884 239 1939 295 s.
1982 235 2163 295 avm
2202 224 2600 296 VIENNENSIS

2186 347 2263 425 Α
2280 347 2481 405 Taliter
2505 360 2707 406 aeterno
2729 353 3056 424 eonjungens
3082 354 3287 413 findere
3309 364 3450 423 veta,

2216 504 2219 505 ν
2274 440 2545 496 Festivum
2572 441 2783 499 dicebat
2814 445 3033 515 hymen,
3061 457 3315 519 castoque
3346 449 3532 519 pudori

3759 250 3850 328 sea

2270 532 2521 589 Concinit
2549 534 2846 605 angelicum
2870 536 3058 607 juncto
3088 539 3456 596 modulamine
3481 556 3722 599 carmen.

2271 626 2376 680 Pro
2404 626 2635 706 thalamo
2660 629 2939 699 paradisus
2960 640 3098 698 erat,
3127 634 3467 704 mundusque
3487 636 3715 692 dabatur

2270 717 2327 773 In
2358 718 2560 788 dotem,
2593 730 2647 776 et
2676 722 2811 777 laetis
2835 723 3139 793 gaudebant
3163 727 3341 783 sidera
3365 727 3612 785 flammis.

2346 809 2441 866 Est
2464 810 2612 867 locus
2638 826 2738 867 eoo
2761 812 2944 869 mundi
2973 828 3215 873 servatus
3241 819 3293 872 in
3323 833 3422 873 axe

2270 901 2531 967 Secretis,
2564 911 2775 969 natura,
2807 903 2932 972 tuis,
2966 905 3057 960 ubi
3084 907 3215 962 solis
3242 908 3309 963 ab
3337 919 3457 963 ortu

2272 992 2491 1049 Vicinos
2522 1008 2749 1050 nascens
2773 1010 2965 1051 aurora
2988 999 3279 1067 repercutit
3301 999 3481 1054 Indos.

2272 1083 2369 1139 IIie
2395 1100 2527 1154 gens
2550 1085 2827 1141 ardentem
2851 1088 2973 1143 caeli
3001 1089 3324 1159 subterjacet
3352 1105 3526 1157 axem,

2268 1176 2438 1242 Quam
2465 1176 2665 1231 candor
2690 1176 2903 1233 fervens
2931 1177 3133 1234 albenti
3156 1194 3221 1236 ex
3249 1181 3451 1237 aethere
3478 1182 3666 1238 fuscat.

2269 1267 2363 1323 llis
2392 1282 2607 1340 semper
2638 1270 2727 1326 lux
2752 1285 2885 1341 pura
2907 1271 3070 1337 venit,
3099 1272 3346 1344 caeloque
3374 1275 3671 1346 propinquo

2267 1357 2513 1415 Nativam
2541 1370 2758 1417 servant
2785 1363 3047 1433 nigrantia
3078 1378 3305 1435 corpora
3334 1376 3570 1422 noctem.

2268 1452 2515 1508 Attamen
2543 1454 2595 1507 in
2629 1454 2779 1510 tetris
2800 1454 3140 1525 splendentia
3167 1455 3364 1512 Iumina
3395 1458 3650 1514 membris

2266 1541 2489 1612 Captivo
2514 1542 2719 1614 fulgore
2746 1545 2966 1614 micant,
2995 1546 3216 1616 visuque
3243 1547 3447 1603 nitente

2267 1632 2477 1691 Certior
2501 1639 2762 1693 accrescit
2792 1637 3003 1708 pullatis
3032 1639 3266 1693 vultibus
3295 1636 3525 1709 horror:

2194 1715 2244 1776 Β
2269 1724 2531 1784 Caesaries
2558 1728 2825 1799 incompta
2846 1729 3005 1799 riget,
3031 1745 3149 1800 quae
3177 1730 3325 1785 crine
3344 1732 3535 1801 supino

2262 1819 2574 1890 Stringitur,
2599 1829 2658 1876 ut
2681 1821 2865 1892 refugo
2892 1830 3075 1877 careat
3101 1821 3250 1878 frons
3277 1824 3416 1879 nuda
3444 1825 3661 1895 capillo.

2260 1911 2368 1968 Sed
2398 1926 2646 1983 magnum
2675 1924 2889 1968 nostros
2919 1912 3175 1983 quidquid
3203 1913 3443 1971 defertur
3467 1916 3532 1971 ad
3565 1932 3715 1985 usus,

2261 2003 2356 2059 His
2386 2012 2552 2059 totum
2582 2013 2769 2059 natura
2797 2003 2946 2060 dedit
2974 2005 3176 2062 telluris
3200 2007 3413 2077 opimae.
3504 2010 3507 2013 ’

2258 2094 2525 2165 Quidquid
2554 2095 2834 2150 odoratum
2866 2096 3256 2168 pulchrumque
3285 2098 3552 2168 allabitur,
3586 2101 3711 2156 inde
3734 2112 3815 2159 est

2257 2185 2523 2243 Concolor
2552 2188 2636 2243 Itis
2661 2189 2818 2245 ebeni
2849 2190 3000 2261 piceo
3027 2191 3095 2247 de
3124 2190 3309 2247 fomite
3340 2209 3520 2249 ramus

2257 2278 2458 2351 Surglt,
2485 2288 2540 2337 et
2563 2280 2668 2347 hic,
2699 2280 2878 2336 eboris
2908 2297 3103 2337 munus
3130 2298 3248 2354 qua:
3275 2283 3498 2354 porrigit
3519 2285 3658 2352 orbi,

2257 2370 2501 2429 Informis
2529 2372 2777 2442 pulchros
2802 2372 3023 2444 deponit
3044 2374 3217 2430 bellua
3245 2375 3456 2433 dentes.

2256 2464 2395 2534 Ergo
2426 2466 2513 2519 ubi
2543 2466 2870 2521 transmissis
2897 2468 3080 2522 tnundi
3107 2479 3266 2539 caput
3291 2472 3474 2541 incipit
3496 2471 3663 2539 Indis,

2254 2558 2370 2626 Quo
2400 2558 2679 2627 perhibent
2704 2569 2901 2614 terram
2928 2561 3154 2615 conﬁnia
3178 2563 3402 2633 jungere
3431 2567 3589 2634 caelo,

2254 2649 2429 2704 Lucus
2458 2650 2729 2706 inaccessa
2759 2652 2966 2707 cunctis
2996 2655 3308 2710 mortalibus
3334 2672 3461 2714 arce

2254 2743 2557 2808 Permanet,
2580 2751 2789 2799 aeterno
2818 2745 3103 2801 conclusus
3132 2746 3324 2816 limite,
3357 2760 3635 2820 postquam

2254 2833 2464 2889 Decidit
2488 2836 2741 2905 expulsus
2766 2837 3003 2906 primum
3030 2838 3269 2893 criminis
3294 2851 3493 2908 auctor,

2252 2929 2427 2997 Atque
2452 2928 2557 2983 reis
2583 2928 2743 3001 digne
2769 2929 2910 2986 felici
2939 2945 2968 2984 a
2994 2931 3122 2987 sede
3144 2934 3391 3001 revulsis,

2252 3019 2510 3077 Ctelestes
2536 3020 2651 3077 hmo
2677 3033 2858 3077 sancta
2888 3026 3031 3093 capit
3061 3040 3201 3081 nunc
3228 3029 3347 3081 aula
3377 3027 3669 3085 ministros.

2173 3082 2219 3145 θ
2249 3113 2365 3169 Νοη
2398 3114 2484 3170 hic
2512 3115 2705 3171 alterni
2735 3082 2973 3174 succedit
3002 3120 3257 3187 temporis
3285 3136 3517 3191 unquam

2249 3211 2466 3277 Bruma,
2498 3226 2596 3266 nec
2624 3210 2793 3265 aestivi
2821 3211 3048 3267 redeunt
3080 3222 3200 3282 post
3229 3213 3424 3285 frigora
3453 3215 3615 3281 soles,

2142 3306 2143 3311 ‘
2176 3334 2177 3337 η
2248 3303 2511 3358 Excelsus
2539 3302 2771 3358 calidum
2799 3318 2919 3358 cum
2953 3304 3130 3360 reddit
3159 3307 3391 3361 circulus
3415 3322 3631 3373 annum,

2164 3407 2187 3423 ν
2247 3395 2343 3451 Vel
2370 3395 2631 3451 densante
2655 3394 2775 3465 gelu
2797 3406 3089 3452 canescunt
3112 3411 3236 3451 arva
3265 3398 3489 3468 pruinis.

2110 3500 2113 3503 '
2156 3530 2165 3559 ‘7
2246 3486 2342 3542 Hic
2371 3501 2463 3541 ver
2487 3486 2757 3541 assiduum
2785 3488 2905 3543 caeli
2935 3489 3215 3545 clementia
3243 3499 3456 3546 servat:

2164 3610 2169 3615 -
2244 3578 2508 3633 Turbidus
2540 3580 2738 3635 Auster
2785 3580 2958 3650 abest,
3000 3596 3319 3652 semperque
3366 3584 3466 3638 sub
3511 3600 3634 3641 aere
3684 3586 3817 3643 sudo

2122 3672 2127 3679 ‘
2172 3734 2183 3739 _
2244 3668 2437 3724 Nubila
2465 3669 2749 3741 diffugiunt
2767 3671 2879 3742 jugi
2909 3670 3125 3729 cessura
3154 3690 3368 3731 sereno.
3798 3668 3799 3671 “

2242 3760 2355 3817 Nec
2387 3761 2560 3832 poscit
2586 3773 2772 3817 natura
2803 3765 2905 3820 loci
2930 3780 3067 3841 quos
3098 3782 3203 3821 non
3232 3767 3392 3824 habet
3418 3768 3632 3836 imbres,

2248 3853 2356 3909 Sed
2389 3862 2637 3909 contenta
2667 3869 2764 3909 suo
2794 3856 3045 3911 dolantur
3072 3859 3310 3927 germina
3342 3876 3481 3916 rore.

2243 3946 2507 4014 Perpetuo
2538 3946 2677 4001 viret
2706 3960 2866 4003 omne
2895 3949 3087 4015 solum,
3120 3958 3379 4020 terraque
3403 3954 3630 4022 tepentis

2244 4035 2443 4091 Blanda
2470 4037 2603 4091 nitet
2627 4038 2822 4103 facies;
2849 4047 2995 4093 stant
3018 4055 3230 4110 semper
3256 4042 3483 4098 collibus
3514 4044 3718 4112 herbae,

2243 4128 2645 4199 Arboribusque
2674 4143 2871 4195 comze;
2900 4146 3018 4200 quae
3047 4145 3167 4186 cum
3198 4146 3257 4187 se
3289 4132 3418 4190 ﬁore
3446 4134 3707 4206 frequenti

2250 4221 2580 4288 Dillundunt,
2609 4222 2771 4278 celeri
2803 4223 3105 4279 confortant
3134 4227 3371 4296 germina
3401 4243 3581 4283 succo.

2243 4312 2375 4368 Nam
2402 4315 2657 4385 quidquid
2690 4314 2843 4369 nobis
2874 4324 2986 4371 toto
3016 4332 3155 4372 nunc
3182 4320 3419 4374 nascitur
3444 4335 3602 4387 anno,

2242 4403 2509 4461 Menstrua
2540 4414 2747 4460 maturo
2776 4405 2903 4460 dant
2932 4406 3041 4461 illic
3069 4417 3309 4478 tempora
3334 4410 3525 4465 fructu.

2238 4497 2372 4552 Lilia
2404 4497 2676 4567 perlucent
2700 4498 2844 4551 nullo
2870 4497 3141 4553 ﬁaeeentia
3172 4502 3305 4566 Sole,

2238 4591 2345 4645 Nec
2376 4600 2544 4646 tactus
2575 4591 2735 4646 violat
2763 4591 2949 4659 violas,
2976 4607 3293 4664 roseumque
3322 4595 3566 4650 ruborem

2238 4687 2470 4741 Servans
2499 4694 2752 4755 perpetuo
2775 4684 3026 4740 suffundit
3050 4687 3215 4755 gratia
3246 4688 3411 4743 vultu.

2238 4780 2327 4835 Sic
2357 4795 2475 4833 eum
2499 4779 2636 4833 desit
2666 4778 2854 4843 hiems,
2888 4794 2985 4834 nec
3014 4780 3211 4834 torrida
3242 4780 3441 4836 ferveat
3469 4790 3647 4848 testas,

2240 4875 2520 4930 Fructibus
2540 4884 2843 4939 autumnus,
2879 4889 2971 4929 ver
3000 4874 3218 4929 ﬁoribus
3248 4886 3470 4947 occupat
3492 4892 3716 4932 annum.

2240 4966 2334 5021 llic
2361 4981 2480 5036 qua:
2507 4964 2693 5020 donari
2724 4966 2978 5020 mentitur
3008 4965 3145 5020 fama
3178 4966 3379 5023 Sabaeis

2236 5058 2488 5112 Cinnama
2518 5056 2826 5123 nascuntur,
2856 5057 3010 5111 vivax
3039 5072 3157 5127 quze
3182 5059 3387 5129 colligit
3412 5061 3545 5126 ales,

2236 5148 2407 5206 Natali
2435 5163 2554 5203 cum
2583 5148 2687 5202 ﬁne
2717 5148 2877 5218 perit,
2911 5148 3142 5219 nidoque
3171 5154 3385 5220 perusta

2236 5241 2539 5299 Succedens
2565 5240 2781 5296 sibimet
2805 5241 3028 5311 quatsita
3055 5250 3229 5298 morte
3258 5244 3487 5314 resurgit
3513 5263 3525 5297 :

2234 5334 2341 5390 Nec
2367 5344 2616 5390 contenta
2647 5349 2743 5389 suo
2768 5344 2972 5389 tantum
3001 5335 3166 5391 semel
3188 5326 3375 5392 ordine
3396 5339 3568 5403 nasci;

2236 5427 2410 5496 Longa
2435 5426 2700 5482 veternosi
2730 5434 3015 5481 renovatur
3045 5429 3285 5498 corporis
3307 5442 3460 5497 actas,

2233 5517 2614 5589 Incensamque
2645 5519 2821 5574 levant
2849 5519 3069 5575 exordia
3093 5521 3280 5576 crebra
3310 5532 3599 5579 senectam.

2234 5609 2344 5664 Illic
2371 5608 2636 5665 desudans
2667 5609 2953 5682 fragrantia
2985 5612 3219 5669 balsama
3252 5629 3431 5670 ramus

2230 5701 2547 5769 Perpetuum
2575 5702 2773 5770 promit
2802 5703 2981 5775 pingui
3008 5705 3074 5760 de
3101 5704 3277 5775 stipite
3303 5706 3523 5762 ﬁuxum.
