4092 6350
322 328 428 384 529
1628 319 2003 378 POEMATUM
2044 319 2246 375 LIBER
2289 320 2351 377 II.
3496 327 3596 384 530

323 443 458 500 Tum
489 440 535 499 si
565 442 703 497 forte
726 438 860 496 levis
890 439 1057 496 movit
1085 438 1377 511 spiramina
1406 445 1621 505 ventus,

321 535 565 591 Flatibus
594 532 822 604 exiguis,
856 532 1069 603 lenique
1092 532 1318 603 impulsa
1351 524 1595 595 susurro,

322 624 483 681 Dives
512 625 646 679 silva
681 623 860 679 tremit
884 624 1046 691 foliis,
1076 639 1141 679 ao
1165 623 1300 678 ﬂore
1323 623 1551 689 salubri,

328 718 429 785 Qui
457 730 678 789 sparsus
703 716 809 772 late
838 732 1035 773 suaves
1062 716 1340 786 dispensat
1376 715 1591 772 odores.

322 809 420 866 llic
450 810 569 866 fons
592 808 872 881 perSpicuo
898 808 1253 887 resplendens
1281 808 1493 878 gurgite
1523 806 1712 879 surgit.

320 905 466 960 Talis
494 905 548 961 in
577 915 801 976 argento
828 920 933 960 non
964 904 1126 975 fulget
1159 904 1349 975 gratia,
1387 911 1588 958 tantam

319 996 429 1054 Nec
455 998 706 1068 crystalla
730 997 949 1053 imbuat
975 995 1145 1052 nitido
1169 995 1237 1051 de
1267 995 1465 1065 frigore
1494 995 1689 1052 lucem.

319 1089 559 1160 Margine
586 1090 825 1161 riparum
856 1088 1056 1145 virides
1078 1092 1317 1145 micuere
1345 1087 1532 1158 lapilli,

318 1180 385 1237 Et
411 1197 544 1252 quas
574 1182 800 1237 miratur
827 1180 1015 1237 mundi
1043 1180 1305 1251 jactautia
1333 1194 1593 1251 gemmas,

262 1350 266 1354 _
318 1272 431 1329 Illic
451 1288 579 1328 saxa
605 1272 788 1343 jacent
811 1289 827 1332 :
849 1273 1028 1328 varios
1058 1272 1194 1327 dant
1218 1286 1343 1326 arva
1366 1270 1597 1337 colores,
1666 1286 1757 1357 ,γ

315 1364 381 1419 Et
414 1364 644 1420 naturali
668 1379 889 1436 campos
918 1364 1221 1420 diademate
1247 1364 1492 1435 pingunt.
1588 1414 1597 1445 ἲ
1614 1430 1617 1439 5
1728 1377 1747 1441 λ

315 1456 575 1514 Eductum
608 1459 715 1515 leni
749 1456 912 1514 fontis
937 1456 1007 1512 de
1035 1457 1235 1512 vertice
1265 1456 1464 1512 ﬂumen
1596 1466 1599 1471 '
1740 1492 1769 1535 ξι

315 1549 578 1616 Quattuor
605 1552 658 1605 in
684 1551 862 1620 largos
888 1548 1174 1605 confestim
1201 1549 1463 1604 scinditur
1490 1564 1698 1605 amnes.

314 1639 667 1711 Euphratem,
696 1640 1008 1712 Tigrimque
1033 1650 1249 1706 vocant,
1280 1642 1367 1711 qui
1400 1642 1570 1698 limite
1596 1652 1747 1698 certo

315 1732 495 1804 Longa
524 1733 840 1804 sagittiferis
867 1732 1069 1788 faciunt
1094 1733 1323 1787 confinia
1356 1733 1591 1789 Parthis.

314 1825 530 1885 Tertius
560 1805 686 1881 inde
717 1825 889 1892 Geou,
922 1823 1072 1879 Latio
1096 1823 1185 1893 qui
1219 1823 1436 1878 nomine
1464 1824 1613 1880 Nilus

319 1915 525 1971 Dicitur
552 1916 737 1987 ignoto
766 1919 975 1973 cunctis
1003 1916 1123 1988 plus
1154 1916 1348 1973 nobilis
1377 1926 1531 1981 ortu;

316 2008 484 2077 Cujus
510 2011 561 2065 in
591 2011 883 2082 [Egyptum
912 2011 1052 2065 lenis
1084 2011 1378 2079 perlabitur
1411 2012 1570 2076 unda,

316 2099 556 2155 Ditatura
586 2116 737 2166 suam
765 2110 915 2167 certo
938 2101 1037 2156 sub
1062 2112 1303 2170 tempore
1335 2110 1554 2155 terram.

312 2190 446 2246 Nam
474 2192 687 2261 quoties
715 2194 921 2249 tumido
953 2194 1249 2262 perrumpit
1272 2192 1493 2247 ﬂumine
1524 2193 1667 2262 ripas

312 2282 532 2348 Alveus,
563 2293 618 2339 et
641 2284 808 2352 nigris
831 2298 1052 2354 campos
1080 2282 1399 2353 perinundat
1422 2285 1622 2351 arenis,

312 2373 541 2431 Ubertas
572 2385 784 2431 taxatur
810 2392 964 2446 aqua,
996 2374 1243 2446 cmloque
1271 2385 1492 2430 vacante

281 2506 288 2529 ι
313 2463 648 2521 Terrestrem
683 2465 913 2535 pluviam
943 2464 1172 2520 diﬂ'usus
1196 2464 1418 2535 porrigit
1447 2467 1642 2522 amnis.

314 2556 466 2614 Tunc
496 2559 699 2614 inclusa
733 2558 862 2614 latet
892 2560 1000 2613 lato
1027 2558 1126 2612 sub
1153 2558 1362 2627 gurgite
1390 2556 1670 2627 Memphis,

315 2650 385 2706 Et
414 2666 577 2722 super
599 2651 851 2707 absentes
878 2665 1159 2721 possessor
1189 2650 1399 2719 navigat
1430 2664 1607 2719 agros.

316 2741 602 2799 Terminus
637 2744 813 2799 omnis
838 2744 1011 2809 abest,
1050 2750 1292 2811 mquatur
1315 2741 1493 2811 judice
1523 2741 1682 2799 ﬂuctu

314 2835 504 2889 Annua
533 2834 871 2904 suspendens
902 2833 1379 2911 contectusjurgia
1412 2832 1588 2888 limes.

314 2924 567 2982 Gramina
598 2936 721 2981 nota
754 2925 897 2981 videt
923 2925 1077 2981 laetus
1103 2925 1382 2980 subsidere
1413 2934 1613 2996 pastor,

278 3070 290 3079 ε
312 3017 479 3090 Inque
503 3018 679 3074 locum
705 3032 960 3089 pecorum
987 3016 1268 3089 viridantis
1285 3017 1475 3086 jugerc
1498 3018 1669 3086 campi

308 3110 619 3167 Succedunt
646 3119 837 3165 nantes
865 3109 1038 3163 aliena
1070 3125 1166 3177 per
1189 3124 1402 3179 aequora
1434 3109 1628 3179 pisces.

308 3204 410 3257 Ast
438 3211 720 3272 postquam
750 3202 894 3272 largo
926 3200 1217 3256 fecundans
1246 3201 1488 3270 germina
1522 3210 1646 3268 potu

309 3292 556 3365 Lympha
586 3292 857 3347 maritavit
886 3292 1117 3348 sitientis
1139 3293 1343 3347 viscera
1376 3302 1558 3356 terra},

310 3385 633 3457 “egreditur
660 3384 832 3449 Nilus,
868 3398 1192 3455 sparsasque
1220 3384 1485 3455 recolligit
1517 3384 1683 3439 undas
1712 3401 1726 3438 :

311 3477 397 3533 Fit
428 3476 623 3533 ﬂuvius
652 3485 910 3548 pereunte
931 3476 1048 3530 lacu
1074 3493 1087 3529 :
1114 3484 1223 3530 tum
1255 3476 1497 3531 redditur
1526 3477 1676 3532 alveo

312 3568 541 3625 Pristina
568 3570 806 3640 riparum
834 3568 1102 3623 conclusis
1130 3569 1384 3624 ﬂuctibus
1416 3571 1577 3635 obex,

311 3658 495 3717 Donec
523 3659 795 3716 dividuum
821 3674 1081 3730 spargens
1105 3675 1199 3729 per
1227 3660 1380 3714 devia
1406 3659 1565 3715 linear
1619 3709 1624 3713 .

312 3750 534 3824 Gurgite
553 3760 778 3822 septeno
805 3750 1042 3820 patulum
1077 3760 1354 3820 percurrat
1380 3752 1431 3805 iu
1460 3767 1662 3822 aequor.

311 3843 416 3897 Sed
438 3835 537 3898 cur
561 3842 769 3899 dicatur
798 3849 1004 3897 tantum
1032 3843 1300 3897 mundana
1332 3843 1497 3898 latere
1684 3832 1689 3839 ’

319 3936 507 3992 Verte:
535 3936 659 3993 Nile
686 3937 842 3993 tuus?
870 3952 989 3993 nam
1019 3937 1110 4010 qui
1141 3939 1366 3993 nesciris
1392 3940 1458 3991 ab
1487 3951 1626 4006 ortu,

311 4025 423 4081 Non
447 4026 619 4096 solus,
646 4029 741 4085 sed
766 4038 990 4100 quartus
1018 4044 1162 4095 eras,
1188 4030 1409 4085 diﬂusus
1435 4030 1502 4084 ab
1530 4031 1643 4098 illo,

316 4175 1923 4202 Μ

1916 441 1984 509 ,Α
2016 436 2251 506 Despicit
2275 439 2490 495 excelso
2513 441 2605 511 qui
2638 440 2855 496 ﬂumina
2879 447 3069 496 cuncta
3094 450 3294 508 meatu,

2012 529 2185 601 Ipsius
2212 539 2373 602 atque
2405 543 2557 605 pater
2587 535 2757 604 pelagi
2788 535 3155 604 supereminet
3178 550 3387 603 omnes,

2012 623 2156 692 Quas
2187 632 2420 691 montes,
2449 640 2581 696 quas
2610 626 2766 696 plana
2797 640 3044 696 vomunt,
3072 642 3206 698 quas
3232 630 3433 695 nubila,
3465 630 3589 701 lyrn-

3346 723 3521 794 [phas.

1990 776 2242 874 Quartus
2270 807 2484 879 Physou
2508 810 2627 876 erit,
2661 788 2819 881 quem
2852 814 3091 881 possidet
3118 813 3267 871 ludia
3296 776 3557 888 Gangem.

2009 896 2184 954 Motus
2202 898 2478 955 odorifero
2504 904 2715 970 quoties
2746 903 2835 972 qui
2866 906 3067 961 vertice
3092 909 3283 977 crevit,
3366 946 3369 953 π

2010 988 2275 1045 Deciduas
2302 994 2526 1061 pulchro
2552 1007 2685 1062 quas
2715 1007 2973 1065 spargunt
2998 997 3218 1052 ﬂumina
3248 1000 3370 1056 luco

2008 1077 2369 1137 Prmlambens
2396 1083 2599 1138 furatur
2626 1098 2780 1153 opes,
2811 1096 2865 1141 et
2894 1088 3102 1157 gurgite
3128 1098 3369 1148 nostrum

2009 1169 2169 1241 Ducit
2190 1173 2242 1227 in
2267 1174 2535 1229 exsilium.
2566 1175 2698 1230 Nam
2731 1178 2844 1247 ripa
2875 1177 3055 1249 largus
3083 1188 3331 1253 utraque,

2009 1262 2273 1319 Amnibus
2304 1272 2360 1319 ut
2382 1266 2581 1322 nostris
2604 1267 2811 1345 enodes
2834 1268 2977 1326 ferre
2998 1286 3253 1343 papyros,

2010 1354 2115 1408 Aut
2144 1356 2351 1424 scirpos
2376 1356 2634 1427 algasque
2666 1358 2814 1414 leves
2842 1359 3111 1418 deducere
3140 1377 3257 1419 mos
3283 1374 3387 1433 est,

2010 1443 2363 1500 Excrementa
2402 1448 2624 1503 trahens
2646 1464 2872 1521 magnus
2898 1452 2973 1506 sic
3000 1453 3130 1508 ditia
3154 1454 3366 1526 Ganges

2008 1534 2122 1591 Iloc
2149 1539 2309 1593 etiam
2336 1539 2498 1594 donat
2530 1542 2753 1609 mundo,
2785 1544 2929 1614 quod
2958 1546 3169 1616 projicit
3189 1547 3369 1605 alveo.

2086 1628 2293 1684 Interea
2322 1632 2500 1699 primi,
2532 1647 2775 1688 summus
2797 1650 2930 1707 quos
2955 1637 3207 1706 junxerat
3233 1650 3444 1707 auctor,

2010 1719 2067 1775 In
2092 1723 2423 1791 paradisiaca
2454 1738 2727 1795 ponuntur
2757 1730 2887 1783 sede
2914 1740 3184 1799 parentes.

1935 1829 1985 1890 Β
2010 1813 2144 1870 Τιιηι
2173 1827 2350 1871 rector
2380 1819 2469 1872 tali
2503 1822 2756 1890 proponit
2782 1825 2999 1891 prmmia
3032 1824 3183 1894 lege:

2009 1907 2053 1959 0
2079 1920 2345 1962 summum
2376 1908 2595 1964 factoris
2624 1927 2778 1982 opus,
2813 1929 2948 1984 quos
2978 1916 3092 1969 sola
3123 1920 3325 1973 creavit

2006 1996 2200 2052 Nostra
2230 2014 2441 2065 manus,
2475 2004 2619 2056 nasci
2657 2017 2778 2057 cum
2805 2012 3000 2060 caetera
3029 2022 3160 2062 voce
3183 1996 3473 2077 jubt-retnp

2004 2089 2258 2158 Aspicitis
2288 2101 2489 2160 quanto
2521 2094 2912 2163 pulcherrimus
2946 2097 3109 2154 ubere
3138 2098 3291 2154 lucus

2008 2181 2111 2236 Per
2140 2182 2334 2238 multas
2365 2184 2655 2241 famuletur
2685 2190 2852 2253 Opes?
2881 2188 2995 2244 lure
3024 2205 3217 2247 cuncta
3246 2194 3515 2253 dabuntur

2004 2272 2086 2327 Ad
2116 2283 2327 2329 vestros
2350 2276 2468 2331 sine
2495 2278 2601 2333 line
2627 2278 2798 2346 cibos,
2832 2279 2958 2336 hinc
2985 2296 3109 2336 esca
3140 2293 3387 2352 petatur:

2002 2365 2208 2422 Sumite
2232 2382 2519 2423 concessas
2544 2369 2745 2439 fruges,
2770 2380 2825 2424 et
2853 2372 3057 2441 carpite
3086 2389 3264 2443 poma.

2006 2456 2101 2511 llic
2129 2459 2307 2527 operis
2338 2458 2485 2514 dulci
2532 2461 2710 2515 studio
2757 2476 2945 2517 secura
2987 2465 3229 2534 quiescat

2007 2549 2325 2620 Deliciisque
2349 2551 2533 2607 fruens
2563 2554 2802 2622 longaevo
2832 2554 2885 2609 in
2919 2563 3157 2627 tempore
3184 2560 3307 2615 vita.

2008 2645 2104 2701 Est
2132 2657 2309 2702 tamen
2339 2647 2391 2700 iu
2423 2647 2601 2701 medio
2634 2648 2869 2705 nemoris
2898 2666 3058 2719 quam
3090 2654 3310 2709 cernitis
3338 2656 3497 2711 arbor

2003 2735 2256 2792 Notitiam
2290 2740 2421 2793 recti
2452 2740 2709 2810 pravique
2734 2740 2787 2796 in
2816 2746 3057 2811 germine
3085 2755 3304 2831 portans
3329 2766 3339 2798 :

2007 2828 2174 2899 Hujus
2204 2831 2271 2885 ab
2295 2846 2517 2887 accessu
2540 2834 2764 2887 vetitum
2794 2828 3103 2905 restringite
3135 2847 3354 2894 tactum.

2002 2920 2114 2977 Nec
2143 2937 2238 2976 vos
2268 2924 2405 2977 forte
2438 2934 2645 2992 premat
2675 2927 2957 2981 trmeraria
2986 2927 3196 2985 discere
3222 2946 3349 2985 cura

2003 3005 2156 3083 Quod
2185 3016 2375 3071 doctor
2404 3016 2653 3085 prohibet
2680 3036 2691 3071 :
2724 3019 2916 3074 melius
2948 3019 3158 3077 nescire
3186 3021 3360 3081 beatis

2004 3109 2155 3176 Quod
2189 3113 2447 3179 qumsisse
2477 3119 2669 3174 nocet;
2705 3121 2871 3167 testor
2901 3128 3059 3182 quem
3093 3113 3317 3171 fecimus
3346 3116 3555 3184 urbem,

1923 3211 1970 3274 ο
2004 3201 2157 3268 Quod
2188 3202 2232 3255 si
2259 3201 2380 3269 quis
2409 3206 2630 3256 vetitqu
2664 3204 3066 3272 praesumpserit
3094 3204 3287 3261 arbore
3312 3222 3553 3277 pomum,

2002 3290 2193 3347 Audax
2223 3292 2572 3347 commissum
2606 3294 2797 3347 mortis
2819 3293 3131 3350 discrimine
3161 3298 3377 3365 pendet.

2003 3383 2120 3439 Non
2149 3384 2410 3439 immensa
2439 3385 2663 3454 loquor;
2694 3384 2864 3439 facilis
2894 3388 3136 3441 custodia
3169 3392 3299 3445 recti
3330 3401 3446 3447 est:

2003 3474 2262 3530 Servatur
2290 3475 2477 3542 vitam,
2508 3476 2668 3530 finem
2696 3485 2989 3530 temerator
3014 3478 3248 3533 habebit.

2004 3565 2290 3636 Accipiunt
2314 3566 2542 3637 juvenes
2569 3567 2795 3630 dictum,
2829 3568 3045 3638 Letique
3074 3582 3391 3639 sequuntur,

2003 3659 2340 3728 Spondentes
2363 3672 2560 3714 cuncto
2588 3659 2906 3715 servandam
2940 3670 3182 3730 tempore
3214 3662 3409 3731 legem.

2003 3751 2093 3808 Sic
2121 3750 2303 3821 ignara
2334 3751 2456 3805 mali
2484 3751 2718 3818 novitas,
2749 3766 2848 3805 nec
2877 3754 3098 3808 conscia
3128 3754 3347 3818 fraudis,

2003 3842 2247 3899 Incautas
2277 3844 2420 3898 nulla
2452 3844 2618 3913 tetigit
2656 3842 2941 3898 formidine
2971 3854 3204 3899 mentes.

2001 3939 2071 3993 At
2102 3948 2252 4007 pater
2274 3938 2562 3991 instructo:
2592 3946 2800 3989 sacrata
2830 3937 2881 3989 in
2910 3936 3041 3991 sede
3064 3937 3394 4007 relinquens,

2002 4030 2180 4085 Lmtus
2207 4032 2258 4085 iu
2285 4030 2599 4099 astrigeram
2626 4028 2751 4083 caeli
2777 4044 2837 4082 se
2866 4029 3081 4083 sustulit
3108 4031 3305 4085 aulam.

1936 4182 3568 4208 Μ

1235 4288 1699 4396 LIBER
1794 4284 2620 4397 SECUNDUS.

1538 4451 1625 4504 DE
1662 4449 2010 4507 ORIGINALI
2048 4446 2377 4505 PECCATO.

382 4598 559 4661 Utitur
586 4597 811 4660 interea,
843 4592 1053 4648 venturi
1080 4590 1260 4647 nescia
1288 4604 1465 4663 casus,

313 4687 554 4745 Libertas
584 4701 771 4742 secura
795 4685 975 4749 bonis,
1007 4682 1315 4753 fruiturque
1344 4680 1497 4735 beata

316 4779 567 4835 Ubertate
596 4779 720 4833 loci.
745 4777 943 4847 Largus
975 4776 1099 4830 hinc
1117 4774 1339 4845 porrigit
1368 4773 1473 4828 illis

311 4872 496 4927 'l'cl‘us
530 4881 777 4941 prompta
807 4870 957 4924 cibos
988 4885 1002 4921 :
1035 4866 1240 4921 fruticis
1266 4866 1394 4936 quin
1422 4865 1562 4919 altor
1585 4864 1750 4934 opimi

310 4967 552 5021 Sumitur
581 4964 831 5019 assiduus
857 4960 1004 5018 tenui
1036 4960 1105 5015 de
1125 4959 1329 5030 cespite
1361 4958 1586 5014 fructus.

314 5062 378 5110 At
402 5060 443 5115 si
470 5073 498 5112 c
523 5056 680 5111 irvati
709 5052 945 5110 fecundo
976 5050 1217 5122 pondere
1244 5051 1379 5104 rami

312 5150 455 5203 Miiia
488 5149 811 5205 submittunt
834 5144 1051 5200 sublimi
1078 5160 1141 5198 ex
1171 5143 1363 5198 arbore
1396 5157 1573 5211 poma,

314 5242 565 5297 Protinus
595 5241 648 5293 in
678 5240 861 5292 ﬂorem
893 5250 1095 5289 vacuus
1122 5243 1431 5304 turgescere
1458 5233 1662 5303 palmes

256 5402 257 5405 η
310 5326 521 5403 Incipit,
558 5334 716 5403 inque
743 5331 895 5387 novis
929 5330 1095 5386 fetum
1129 5329 1443 5396 promittere
1474 5327 1718 5398 gemmis.

282 5430 430 5485 ‘Jam
462 5430 504 5481 si
539 5424 833 5495 prtedulces
861 5423 1096 5478 delectat
1121 5435 1346 5489 carpere
1375 5433 1624 5488 somnos,

311 5520 561 5576 Mollibus
592 5517 647 5584 in
672 5516 863 5585 pratis,
893 5514 1140 5583 pictaque
1173 5510 1505 5567 recumbitur
1527 5509 1713 5565 herba.

310 5614 556 5681 Cumque
587 5607 844 5664 voluntati
868 5623 1079 5663 sacrum
1110 5621 1300 5662 nemus
1328 5603 1522 5661 offerat
1542 5619 1729 5660 omnes

314 5702 567 5765 Delicias,
600 5696 899 5771 opibusque
932 5698 1087 5753 novis
1110 5713 1170 5753 se
1195 5695 1434 5769 prmbeat
1463 5696 1701 5766 amplum
1738 5715 1750 5749 :

311 5795 407 5852 Sic
434 5794 616 5865 epulas
641 5802 815 5845 tamen
845 5790 896 5844 hi
925 5790 1163 5858 capiunt,
1191 5805 1477 5860 escamque
1506 5790 1784 5860 requirunt
1804 5831 1818 5856 ,

558 5886 834 5948 Ρηιιοι.
879 5884 1043 5948 LIX.

2004 4586 2292 4655 Compellit
2315 4585 2453 4656 quod
2482 4584 2623 4640 nulla
2646 4582 2835 4647 fames,
2865 4597 2964 4638 nec
2995 4582 3133 4639 lassa
3156 4581 3390 4639 fovendo

2001 4678 2214 4749 ludigus
2239 4679 2482 4733 hortatur
2507 4676 2769 4749 compleri
2795 4679 2997 4732 viscera
3030 4687 3236 4732 venter.

2002 4772 2068 4827 Et
2091 4772 2190 4825 nisi
2223 4784 2538 4825 concessum
2571 4746 2817 4824 libuisset
2848 4783 3072 4823 noscere
3106 4776 3339 4838 pastum,

1923 4899 1980 4960 Β
2007 4861 2258 4917 Esuriens
2288 4862 2461 4931 ignota
2485 4860 2633 4915 cibos
2656 4876 2762 4916 non
2787 4868 3036 4929 posceret
3056 4862 3214 4923 ullos,

2003 4953 2262 5021 Nullaque
2291 4960 2627 5006 constantem
2651 4951 2905 5005 fulcireut
2933 4947 3125 5019 pabula
3155 4952 3341 5007 vitam.

2002 5042 2242 5114 Corpora
2274 5043 2412 5096 nuda
2445 5042 2649 5105 vident,
2676 5051 2729 5096 et
2759 5051 2941 5096 mutua
2967 5056 3194 5097 cernere
3220 5045 3458 5100 uembra

2002 5138 2120 5193 Non
2143 5138 2304 5206 pudet
2324 5128 2524 5205 ,‘atqno
2549 5134 2696 5190 rudis
2720 5135 2918 5191 foedum
2942 5136 3016 5191 nil
3048 5137 3213 5191 sentit
3244 5137 3518 5192 honestas.

2004 5231 2119 5287 Non
2142 5238 2330 5284 natura
2362 5227 2614 5291 hominis,
2648 5226 2838 5282 vitium
2869 5227 2964 5282 sed
2987 5242 3149 5282 causa
3179 5228 3368 5297 pudori
3392 5239 3474 5280 est
3503 5246 3515 5293 ;

2004 5321 2136 5377 Nam
2163 5334 2495 5391 quacunque
2524 5319 2700 5376 bonus
2732 5320 2981 5374 formavit
3004 5322 3243 5374 membra
3272 5318 3516 5383 Creator,

2004 5412 2075 5469 Ut
2107 5414 2408 5485 pudibunda
2437 5412 2637 5481 forent,
2660 5416 2842 5469 carnis
2869 5420 2989 5482 post
3017 5409 3273 5479 compulit
3296 5424 3443 5465 usus.

2004 5509 2047 5564 Τ
2054 5524 2155 5564 unc
2186 5523 2338 5563 mens
2367 5509 2599 5563 intactos
2618 5506 2873 5563 servabat
2893 5503 3120 5560 candida
3144 5502 3312 5565 visus,

2004 5602 2274 5672 Augelica:
2295 5600 2465 5670 qualis
2494 5584 2741 5656 narratur
2771 5598 2940 5668 gloria
2965 5596 3087 5649 vitae

2002 5696 2251 5752 Sidereas
2278 5694 2516 5748 habitare
2549 5692 2774 5753 domos;
2805 5689 3125 5759 qualemque
3156 5685 3449 5757 redemptis

2004 5787 2242 5858 Spondet
2266 5782 2592 5844 reddendam
2626 5780 2816 5835 mortis
2845 5786 2969 5849 post
2994 5784 3235 5848 tetnpora
3259 5777 3503 5835 Christus
3527 5792 3543 5832 :

3158 5868 3230 5928 11
