4092 6350
533 351 626 406 751
1841 341 1896 396 S.
1940 338 2122 396 AVITI
2165 335 2566 394 VIENNENSIS

2149 457 2204 516 Α
2227 453 2378 511 Tunc
2404 455 2604 509 mixtus
2633 468 2752 508 eum
2783 452 2904 508 felle
2933 451 3215 522 pudor-sie
3247 459 3464 520 pectore
3497 456 3722 520 questus

536 464 698 532 Queis
729 475 904 536 neque
928 465 1233 533 conjugtum
1265 474 1407 515 cura:
1434 474 1532 513 nec
1563 458 1763 513 foedere
1792 457 1934 526 turpi

537 556 781 616 Miscebit
800 559 998 614 calidos
1029 556 1254 611 carnalis
1283 553 1472 622 copula
1503 568 1686 607 sexus.

536 651 777 709 Cessabit
803 650 1052 721 gemitus,
1077 649 1250 708 luxus,
1285 647 1479 708 metus,
1512 646 1612 711 ira,
1648 643 1918 712 voluptas,

538 748 727 813 Fraus,
755 745 924 810 dolor,
957 753 1116 812 atque
1148 742 1325 805 dolus,
1359 754 1581 801 maeror,
1627 735 1920 798 discordia,
1965 734 2123 788 livor.

537 839 723 894 Nullus
745 851 928 906 egens,
959 834 1140 888 nullus
1168 832 1413 900 cupiens,
1444 829 1535 884 sed
1569 843 1702 899 pace
1732 829 1832 881 sub
1864 841 1969 879 una

536 929 778 986 Sufﬁciet
807 927 1016 983 eunetis
1041 935 1347 980 sanctorum
1379 923 1552 994 gloria
1583 921 1855 976 Christus.

618 1024 710 1078 His
739 1022 1193 1093 protoplastorum
1225 1034 1440 1074 sensum
1472 1016 1762 1086 primordia
1796 1029 1945 1068 sacra

536 1115 865 1170 Continuere
891 1113 1063 1177 bonis,
1089 1111 1259 1167 donec
1281 1110 1573 1166 certamine
1600 1108 1772 1178 primo

541 1210 792 1263 \lineeret
823 1221 1112 1277 oppressos
1138 1205 1379 1258 fallacem
1411 1203 1563 1270 culpa
1590 1216 1686 1271 per
1709 1199 1946 1253 hostem.

538 1302 774 1371 Angelus
802 1300 885 1354 hic
911 1299 1113 1352 dudum
1145 1301 1336 1363 fuerat,
1366 1295 1458 1350 sed
1491 1295 1719 1350 crimine
1753 1302 2032 1361 postquam

541 1393 846 1447 Succensus
873 1389 1112 1460 proprio,
1146 1387 1379 1442 tumidos
1410 1387 1611 1441 exarsit
1634 1385 1685 1439 in
1713 1399 1892 1447 ausus,

541 1487 614 1538 Sc
649 1494 819 1538 semet
847 1482 1037 1536 fecisse
1072 1489 1281 1550 putans,
1307 1493 1431 1533 suus
1464 1479 1577 1547 ipse
1606 1477 1832 1530 Creator

545 1576 696 1642 Quod
730 1553 909 1639 fuerit,
944 1573 1130 1626 rabido
1161 1573 1407 1639 Concepit
1436 1568 1597 1623 corde
1623 1569 1878 1631 furerent,

538 1672 936 1733 Auctoremque
969 1676 1188 1728 negans,
1225 1661 1472 1714 Divinum
1505 1673 1829 1726 consequar,
1861 1656 2054 1725 inquit,

539 1759 766 1822 Nomen,
791 1767 844 1810 et
872 1765 1126 1810 :eternam
1161 1767 1351 1822 ponam
1375 1766 1537 1821 super
1559 1749 1758 1804 :nthera
1783 1751 1985 1813 sedem,

539 1853 766 1908 Excelso
795 1848 1004 1911 similis,
1033 1848 1258 1902 summis
1291 1860 1390 1900 nec
1421 1844 1625 1898 viribus
1651 1843 1840 1912 impar.

537 1949 682 2008 'l‘alja
705 1945 996 2015 jactantem
1033 1942 1283 2008 praecelsa
1311 1940 1555 2008 petentia
1587 1938 1726 1992 coalo

538 2040 695 2107 Jecit,
729 2049 781 2093 et
806 2038 1034 2105 ejectum
1061 2036 1237 2104 prisco
1266 2034 1516 2102 spoliavit
1547 2032 1775 2085 honore.

539 2134 744 2201 Quique
773 2139 1036 2184 creatura:
1063 2126 1324 2195 [vacfttlsit
1348 2127 1397 2178 in
1432 2123 1621 2178 ordine
1649 2122 1878 2192 primus,

541 2225 749 2277 Primas
773 2233 1002 2275 venturo
1033 2219 1231 2287 pendet
1261 2217 1362 2270 sub
1386 2215 1569 2284 judice
1602 2229 1810 2285 pinnas.

540 2313 987 2382 Quandoquidem
1020 2311 1234 2381 gravior
1264 2309 1418 2363 talem
1443 2307 1710 2361 sententia
1743 2304 1914 2375 punit,

541 2409 710 2474 Quem
743 2407 934 2460 mirum
959 2403 1217 2457 cecidisse
1242 2401 1432 2469 putes?
1456 2411 1576 2454 nam
1605 2400 1807 2453 crimen
1840 2397 2058 2452 acerbat

539 2503 760 2563 Auctor,
795 2500 845 2552 in
875 2499 1060 2567 ignaro
1101 2496 1274 2548 minor
1294 2508 1374 2548 εει
1401 2503 1654 2562 peccante
1680 2502 1882 2558 reatus,

539 2595 737 2648 Durius
761 2599 918 2662 atque
951 2591 1145 2643 malum
1170 2587 1311 2658 quod
1335 2587 1507 2654 major
1536 2585 1661 2640 fecit
1686 2585 1925 2642 habetur.

538 2685 639 2740 Sed
663 2685 803 2754 quod
828 2683 1042 2736 vivaces
1072 2678 1361 2750 prietendit
1383 2679 1434 2731 in
1463 2677 1639 2730 abdita
1666 2691 1883 2739 sensus,

540 2776 799 2845 Quodque
822 2772 1192 2837 futura,videt.,
1220 2771 1509 2838 rerumque
1542 2781 1734 2822 arcana
1761 2768 2016 2836 resignat,

540 2867 780 2938 Angeliei
805 2867 1013 2919 fervens
1045 2872 1289 2930 superest
1321 2871 1508 2914 natura
1549 2861 1766 2924 vigoris.

541 2957 875 3015 Horrendum
903 2957 1066 3023 dictu,
1104 2954 1376 3026 signisque
1409 2953 1644 3008 notabile
1673 2941 1993 3007 monstrum.

541 3051 673 3105 Nam
704 3048 961 3121 quidquid
993 3058 1103 3102 toto
1135 3047 1310 3101 dirum
1340 3047 1692 3101 committitur
1713 3047 1862 3112 orbe,

543 3144 646 3197 Iste
672 3141 851 3209 docet,
887 3141 1258 3208 scelerumque
1286 3154 1475 3193 manus
1499 3153 1561 3193 ac
1587 3139 1688 3191 tela
1713 3138 1994 3208 gubernat,

544 3233 747 3304 Pugnat
777 3243 828 3286 et
859 3233 1102 3287 occultus
1129 3247 1220 3299 per
1251 3231 1462 3300 publica
1491 3229 1714 3284 crimina
1735 3210 1904 3284 latro.

501 3368 515 3375 -
544 3325 608 3382 Et
639 3341 780 3379 nunc
810 3339 956 3394 saepe
987 3323 1290 3385 hominum,
1321 3338 1460 3377 nunc
1492 3322 1581 3376 illc
1605 3323 1657 3376 in
1685 3337 1823 3376 saeva
1847 3323 2080 3377 ferarum

545 3420 781 3475 Vertitur
809 3435 927 3484 ora,
963 3433 1132 3473 novos
1160 3419 1374 3472 varians
1410 3417 1649 3473 fallentia
1678 3419 1876 3472 vultus.

543 3511 700 3568 Alltis
729 3511 1001 3566 interdum
1036 3510 1214 3565 subito
1247 3509 1471 3563 mentita
1505 3511 1733 3564 volantis

543 3601 629 3657 Fit
651 3602 876 3672 species,
913 3601 1233 3670 habitusque
1256 3600 1452 3656 iterum
1480 3601 1743 3670 confingit
1775 3601 2054 3664 honestos,

543 3697 822 3763 Apparens
855 3707 955 3746 nec
985 3707 1088 3745 non
1114 3690 1340 3759 pulchro
1371 3706 1469 3744 ceu
1499 3706 1730 3760 corpore
1763 3691 1930 3760 virgo,

543 3783 810 3839 Pertrahit
839 3782 1090 3837 ardentes
1122 3781 1352 3835 obscena
1383 3783 1432 3833 in
1455 3781 1647 3850 gaudia
1679 3783 1844 3834 visus.

544 3877 700 3943 Saepe
721 3875 880 3928 etiam
912 3873 1116 3942 cupidis
1146 3879 1427 3941 argentum
1462 3871 1694 3926 immane
1717 3883 1983 3941 coruscat,

545 3963 908 4033 Accenditque
939 3963 1149 4016 animus
1176 3964 1294 4016 auri
1329 3963 1559 4017 fallentis
1590 3979 1775 4018 amore
1795 4006 1808 4028 ,

549 4057 768 4112 Delnsos
797 4055 1003 4126 fugiens
1032 4070 1170 4108 vano
1204 4056 1577 4124 phantasmate
1601 4065 1791 4110 tactus.

541 4146 683 4202 Nulli
705 4158 848 4204 certa
878 4146 1010 4201 fides
1041 4155 1244 4200 constat
1277 4146 1358 4200 vel
1381 4146 1550 4215 gratia
1578 4149 1764 4201 t'ormrc

539 4239 645 4296 Sed
668 4255 772 4309 quo
794 4253 1059 4309 quemque
1083 4239 1242 4291 modo
1265 4237 1458 4306 capiat,
1490 4245 1775 4305 teneatque
1801 4239 2045 4292 nocendo
2127 4232 2142 4252 ‘

541 4332 849 4400 Opportuna
871 4329 1027 4393 dolis,
1055 4329 1358 4397 clausmque
1389 4331 1732 4386 accommoda
1761 4329 1954 4396 fraudi,

543 4425 782 4477 Sumitur
805 4422 1043 4477 exterior
1071 4422 1320 4475 simulata
1354 4420 1530 4476 fronte
1559 4423 1752 4492 figura.

546 4514 712 4582 Major
732 4513 906 4567 adhuc
927 4515 1086 4566 etiam
1117 4527 1261 4566 saevo
1295 4513 1553 4579 permissa
1580 4521 1836 4582 potestas,

545 4608 614 4662 Ut
643 4616 881 4659 sanctum
909 4605 1116 4669 vincat;
1139 4603 1340 4657 dudum
1370 4602 1561 4657 collata
1586 4613 1768 4657 creato

541 4700 628 4753 Sic
660 4707 848 4752 natura
874 4697 1037 4762 valet,
1067 4705 1266 4750 rectam
1295 4709 1451 4766 quam
1483 4696 1721 4750 condidit
1741 4705 1946 4762 auctor,

547 4791 649 4844 Sed
677 4799 794 4859 post
816 4790 882 4844 ad
911 4803 1105 4860 pravos
1131 4789 1425 4844 subversor
1457 4788 1724 4844 transtulit
1747 4804 1895 4845 usus.

619 4883 760 4937 V’idit
786 4892 839 4935 ιιι
865 4883 964 4936 iste
989 4896 1156 4936 novos
1185 4881 1426 4937 homines
1458 4882 1511 4936 in
1534 4882 1661 4937 sede
1682 4883 1860 4952 quieta

543 4975 748 5029 [lucere
768 4974 973 5026 felicem
1009 4973 1153 5027 nullo
1179 4974 1486 5030 discrimine
1507 4974 1693 5042 vitam,

544 5067 683 5135 Lege
703 5066 805 5120 sub
831 5075 1047 5133 accepta
1078 5065 1311 5120 Domino
1334 5067 1642 5123 famularier
1669 5067 1840 5134 orbis,

540 5158 918 5227 Subjectisque
949 5160 1047 5211 frui
1080 5158 1287 5227 placida
1317 5159 1456 5214 inter
1478 5161 1668 5230 gaudia
1695 5161 1857 5215 rebus
1885 5175 1901 5214 :

537 5250 837 5304 Commovit
866 5249 1098 5303 subitum
1126 5249 1224 5304 zeli
1253 5250 1484 5305 scintilla
1510 5267 1789 5321 vaporem,

538 5341 893 5410 Excrevitque
915 5341 1097 5395 calens
1119 5341 1170 5395 in
1194 5354 1333 5396 saeva
1361 5342 1606 5397 incendia
1637 5343 1794 5402 livor.

536 5431 754 5487 Vicinus
782 5443 907 5487 tunc
938 5432 1074 5488 forte
1104 5431 1223 5497 fuit,
1256 5449 1363 5503 quo
1393 5436 1626 5489 concidit
1655 5438 1785 5503 alto,

534 5523 756 5593 Lapsus,
785 5534 837 5580 et
858 5527 1106 5581 inpexam
1141 5528 1302 5581 traxit
1324 5542 1418 5596 per
1445 5542 1613 5597 prona
1634 5540 1933 5586 catervam.

535 5614 647 5669 Hoc
676 5615 934 5679 recolens,
974 5630 1266 5686 casumque
1312 5633 1563 5687 premens
1609 5621 1659 5673 in
1705 5622 1870 5676 corde
1923 5639 2114 5678 recen-

1915 5725 2015 5767 lem

1915 5725 1927 5766 1
1970 5732 2015 5767 ιιι

537 5798 658 5854 Plus
686 5799 854 5852 doluit
879 5801 1098 5868 periisse
1123 5805 1222 5858 sibi
1246 5803 1386 5873 quod
1424 5803 1655 5873 possidet
1681 5805 1834 5860 alter.
1890 5714 1908 5784 [
1935 5730 1964 5768 Θ
2027 5760 2039 5776 .

3722 327 3833 386 552

2234 545 2504 616 Explicat,
2525 556 2580 601 et
2607 546 2697 601 tali
2727 545 2954 615 suspiria
2981 558 3116 598 voce
3139 543 3368 598 relaxat.

2303 638 2445 692 Proh
2476 638 2648 705 dolor,
2678 638 2778 692 hoc
2803 635 2956 690 nobis
2986 635 3222 690 subitum
3249 649 3576 703 consurgere
3601 633 3828 704 plasma,

2235 731 2572 800 Invisumque
2599 745 2768 798 genus
2795 738 2978 783 nostra
3006 728 3249 783 crevisse
3272 728 3426 782 ruina
3452 729 3463 780 !

2235 824 2318 878 Me
2340 824 2543 877 celsum
2569 824 2739 877 virtus
2764 821 2969 885 habuit,
3005 835 3150 875 nunc
3179 805 3305 875 ecce
3327 819 3567 888 rejectus

2237 917 2432 985 Pcllor,
2464 917 2776 986 etangelico
2806 916 2965 970 limus
2991 914 3233 969 succedit
3257 913 3470 967 honori.

2234 1008 2441 1065 Caelum
2474 1019 2614 1066 terra
2641 1020 2820 1074 tenet,
2856 1011 2946 1064 v-ili
2979 1024 3236 1078 compage
3265 1008 3439 1063 levata

2236 1105 2440 1173 liegnat
2469 1103 2683 1165 humus,
2715 1102 2978 1170 nobisque
3005 1102 3144 1171 perit
3166 1101 3424 1154 translata
3459 1107 3719 1168 potestas.

2235 1197 2350 1249 Non
2377 1205 2550 1249 tamen
2584 1195 2635 1248 in
2669 1204 2836 1249 totum
2862 1194 3058 1263 periit:
3090 1207 3210 1260 pars
3242 1207 3428 1262 magna
3457 1200 3692 1246 retentat

2236 1286 2354 1340 Vim
2388 1288 2681 1355 propriam,
2711 1301 3028 1354 summaque
3061 1283 3194 1338 eluit
3218 1285 3417 1338 virtute
3446 1283 3698 1338 nocendi.

2236 1382 2345 1436 Nec
2374 1379 2590 1435 differre
2615 1379 2797 1449 juvat;
2822 1380 2932 1448 jam
2966 1393 3106 1433 nunc
3136 1378 3434 1432 certamine
3464 1376 3660 1432 blando

2235 1473 2585 1543 Congrediar,
2615 1462 2752 1526 dum
2772 1473 2939 1541 prima
2965 1472 3133 1539 salus,
3163 1480 3388 1542 experta
3421 1487 3519 1526 nec
3547 1471 3686 1525 ullos

2238 1565 2562 1631 Simplicitas
2590 1565 2770 1632 ignara
2799 1563 2972 1628 dolos,
3006 1565 3070 1616 ad
3105 1564 3204 1617 tela
3241 1563 3460 1630 patebit.

2240 1659 2298 1712 Et
2330 1658 2520 1712 melius
2547 1659 2644 1711 soli
2677 1659 2959 1727 capientur
2992 1657 3199 1722 fraude,
3233 1658 3541 1726 priusquam

2242 1751 2542 1804 Fecundam
2569 1749 2783 1802 mittant
2805 1758 3005 1803 aeterna
3037 1750 3087 1802 in
3113 1750 3308 1802 sarcula
3332 1749 3560 1823 prolem.

2159 1839 2208 1898 Β
2239 1843 2546 1897 Immortalc
2574 1842 2708 1896 nihil
2737 1852 2877 1896 terra
2911 1843 3132 1912 prodire
3163 1843 3449 1897 sineudum
3491 1851 3574 1896 est
3601 1860 3616 1896 :

2241 1935 2382 1989 Fons
2407 1935 2622 2004 generis
2649 1944 2853 2003 pereat,
2881 1934 3073 2004 capitis
3104 1933 3334 2003 dejectio
3361 1934 3486 1987 victi

2242 2028 2436 2082 Semen
2467 2026 2653 2080 mortis
2684 2027 2819 2090 erit;
2847 2026 3017 2096 pariat
3049 2025 3361 2079 discrimina
3394 2025 3523 2079 lethi

2243 2120 2375 2174 Vita:
2405 2119 2755 2188 principium;
2786 2119 2961 2172 cuncti
2995 2118 3256 2171 feriantur
3287 2119 3336 2172 in
3371 2132 3512 2179 uno;

2240 2215 2354 2269 Non
2389 2213 2543 2267 faciet
2574 2213 2750 2265 vivum
2785 2211 2937 2265 radix
2969 2211 3144 2265 occisa
3177 2225 3457 2265 cacumen.

2240 2307 2364 2361 Haec
2388 2305 2515 2360 mihi
2540 2305 2748 2373 dejecto
2779 2303 2992 2358 tandem
3021 2304 3212 2357 solatia
3243 2311 3468 2357 resmnt.

2238 2400 2293 2454 Si
2321 2415 2527 2469 nequeo
2555 2401 2767 2453 clausos
2801 2397 2992 2451 iterum
3024 2398 3391 2452 conscendere
3413 2397 3610 2458 ccelos,

2240 2493 2332 2547 His
2363 2507 2576 2561 quoque
2607 2490 2920 2544 claudentur
2951 2508 2961 2542 ε
3006 2490 3183 2544 levius
3229 2490 3490 2544 cecidisse
3535 2489 3827 2560 putandum

3626 2583 3728 2653 [est
3745 2622 3759 2644 ,

2237 2677 2293 2734 Si
2323 2693 2455 2732 nova
2489 2675 2739 2745 perdatur
2763 2676 2925 2730 simili
2958 2675 3257 2730 substantia
3280 2689 3429 2738 casu,

2237 2769 2292 2825 Si
2315 2783 2499 2823 comes
2527 2766 2722 2821 excidii
2748 2766 2938 2820 subeat
2964 2767 3237 2821 consortia
3264 2781 3435 2834 pinna:

2240 2861 2307 2915 Et
2343 2877 2476 2931 quos
2503 2860 2773 2933 praevideo
2805 2861 3086 2917 nobiscum
3112 2859 3317 2914 dividat
3344 2863 3510 2927 ignes.

2235 2955 2340 3010 Sed
2373 2969 2440 3008 nc
2464 2954 2701 3008 difiicil's
2735 2953 2956 3008 fallendi
2987 2969 3154 3008 causa
3185 2963 3432 3021 putetur;

2237 3051 2362 3106 Hrcc
2404 3049 2750 3104 monstranda
2807 3049 2890 3103 via
2941 3057 3042 3114 est,
3091 3048 3292 3103 dudum
3325 3064 3481 3118 quam
3521 3057 3712 3116 sponte
3741 3063 3820 3102 ουν

3590 3140 3758 3214 [curri

2154 3219 2202 3281 (ἶ
2238 3239 2290 3292 In
2319 3252 2541 3307 pronum
2564 3236 2773 3306 lapsas;
2809 3249 2925 3305 quae
2950 3233 3311 3304 mejaetantia
3344 3249 3512 3304 regno

2239 3331 2470 3401 Depulit,
2502 3331 2616 3382 haec
2646 3329 2914 3382 hominem
2941 3328 3170 3397 paradisi
3205 3329 3388 3382 limine
3419 3326 3598 3394 pellet.

2235 3426 2325 3479 Sic
2347 3425 2441 3487 ait,
2467 3433 2514 3477 et
2547 3423 2779 3492 gemitus
2809 3436 2994 3474 vocem
3028 3420 3270 3474 elausere
3293 3419 3548 3472 dolentis.

2310 3519 2468 3573 Forte
2490 3518 2586 3571 fuit
2617 3515 2822 3570 cunctis
2844 3515 3208 3568 animantibus
3236 3514 3393 3566 altior
3416 3522 3564 3578 astu,

2237 3610 2486 3666 Emulus
2511 3619 2699 3678 arguto
2727 3606 2886 3660 callet
2909 3607 2996 3675 qui
3028 3614 3240 3674 pectore
3263 3620 3486 3673 serpens
3517 3622 3528 3654 :

2236 3704 2406 3773 Hujus
2433 3711 2797 3770 transgressor
2825 3699 2890 3752 de
2918 3699 3125 3753 cunctis
3155 3711 3368 3750 sumere
3393 3696 3616 3748 formam

2238 3795 2418 3863 Eligit,
2449 3793 2652 3846 aerium
2681 3790 3024 3845 cireumdans
3049 3790 3281 3858 tegmine
3309 3802 3520 3856 corpus,

2237 3888 2402 3956 ln‘que
2429 3883 2762 3954 repentinum
2788 3891 3024 3937 mutatus
3055 3881 3289 3936 tenditur
3312 3895 3532 3948 anguem
3559 3897 3572 3931 :

2236 3977 2324 4031 Fit
2354 3976 2507 4045 longa
2534 3975 2740 4029 cervice
2769 3974 2950 4039 draco,
2979 3973 3317 4042 splendentia
3346 3973 3482 4026 colla

2236 4069 2484 4139 Depingit
2511 4069 2753 4132 maculis,
2783 4068 3074 4137 teretisque
3105 4067 3376 4122 volumina
3410 4064 3554 4118 dorsi

2235 4164 2482 4230 Asperat,
2515 4169 2569 4215 et
2597 4161 2833 4228 squamis
2866 4175 2958 4228 per
2983 4171 3127 4230 terga
3161 4160 3456 4229 rigentibus
3479 4166 3675 4212 armat.

2233 4253 2416 4321 Qualis
2447 4267 2576 4308 vere
2601 4266 2761 4317 novo,
2789 4252 2975 4320 primis
3005 4267 3126 4306 cum
3147 4252 3418 4306 mensibus
3442 4260 3598 4304 testas

2236 4345 2519 4401 Prremittit
2541 4346 2690 4403 lzetos
2721 4353 2839 4414 post
2861 4345 3057 4414 frigora
3089 4345 3233 4413 pigra
3261 4356 3493 4414 tepores,

2235 4437 2481 4492 Evadens
2513 4445 2748 4491 veterem
2777 4436 3036 4505 reparatis
3069 4437 3299 4489 motibus
3328 4450 3551 4500 annum;

2236 4529 2302 4583 Et
2331 4528 2529 4583 siccum
2555 4528 2722 4582 nitido
2749 4527 3056 4595 discingens
3081 4541 3307 4596 corpore
3338 4537 3569 4596 tegmen,

2160 4603 2205 4661 Ι)
2238 4618 2744 4685 Proceditcoluber,
2772 4629 3147 4687 terrarumque
3179 4618 3361 4670 abdita
3393 4618 3661 4686 linquens,

2242 4714 2470 4768 Praefert
2497 4712 2752 4768 terribilis
2777 4712 3123 4766 metuendum
3153 4713 3320 4766 forma
3352 4711 3624 4767 decorem.

2237 4809 2356 4861 Dira
2380 4808 2578 4861 micant
2603 4806 2738 4860 oculi
2768 4823 2778 4858 :
2813 4815 2921 4860 tum
2955 4805 3157 4859 lumine
3179 4807 3325 4859 visus
3355 4813 3512 4858 acuto

2233 4901 2433 4956 Laatior
2457 4911 2696 4971 optatum
2729 4899 2887 4954 discit
2910 4913 3268 4953 consuescere
3295 4898 3486 4955 solum.

2230 4993 2380 5047 Nunc
2411 4992 2623 5044 simulat
2651 4991 2924 5054 blandum,
2950 4989 3147 5044 crebro
3169 5003 3266 5043 eeu
3292 4989 3531 5044 carmine
3563 4988 3746 5044 fauces

2231 5082 2468 5142 Ludunt,
2496 5090 2550 5134 et
2579 5081 2810 5134 trifidum
2836 5080 3148 5150 dispergunt
3174 5089 3384 5149 guttura
3412 5081 3668 5150 linguam.

2304 5175 2440 5243 Ergo
2464 5182 2518 5225 ut
2550 5172 2819 5239 vipeream
2845 5171 3150 5224 malesuada
3177 5171 3360 5225 fraude
3389 5171 3610 5240 figuram

2229 5265 2423 5332 induit,
2448 5275 2500 5320 et
2527 5274 2694 5320 totum
2725 5263 2886 5318 fallax
2920 5265 3186 5332 processit
3217 5266 3266 5318 in
3296 5281 3542 5334 anguem,

2229 5357 2472 5412 Pervolat
2493 5357 2556 5410 ad
2593 5358 2793 5420 lucem;
2822 5370 2943 5409 nam
2971 5355 3108 5410 forte
3136 5356 3381 5411 rubentia
3412 5359 3514 5409 hcti

2225 5450 2530 5520 Carpebant
2548 5453 2772 5519 juvenes
2802 5449 2958 5503 viridi
2981 5449 3047 5504 de
3070 5449 3290 5518 palmite
3313 5450 3471 5502 mala.

2225 5541 2358 5595 Tum
2384 5544 2584 5596 veritus
2615 5556 2857 5610 serpens,
2893 5543 3044 5594 firma
3078 5557 3142 5595 ne
3166 5551 3348 5596 mente
3379 5541 3519 5594 virili

2222 5633 2334 5687 Non
2361 5642 2522 5700 queat
2547 5634 2740 5701 injecto
2767 5634 3086 5688 subvertere
3119 5635 3278 5687 corda
3313 5649 3550 5700 veneno,

2222 5724 2437 5775 Arboris
2465 5735 2657 5776 erectae
2695 5726 2854 5790 spiris
2882 5727 3215 5793 reptantibus
3249 5728 3355 5779 alto

2223 5812 2531 5883 l’orrigilur,
2557 5823 2890 5884 tractumque
2914 5832 3066 5869 suum
3097 5818 3410 5871 sublimibus
3434 5831 3674 5888 mquam,
3759 5837 3761 5839 ί
