  <div class='ocr_page' id='page_1' title='image "/cluster/home/n/w/nwhite01/storage/ocr_20150623/59/hvd.32044015471626/172.png"; bbox 0 0 4092 6350; ppageno 0'>
   <div class='ocr_carea' id='block_1_1' title="bbox 329 376 429 434">
    <p class='ocr_par' dir='ltr' id='par_1_1' title="bbox 329 376 429 434">
     <span class='ocr_line' id='line_1_1' title="bbox 329 376 429 434; baseline -0.02 0"><span class='ocrx_word' id='word_1_1' title='bbox 329 376 429 434; x_wconf 72' lang='lat'><strong>553</strong></span> 
     </span>
    </p>
   </div>
   <div class='ocr_carea' id='block_1_2' title="bbox 329 491 1565 552">
    <p class='ocr_par' dir='ltr' id='par_1_2' title="bbox 329 491 1565 552">
     <span class='ocr_line' id='line_1_2' title="bbox 329 491 1565 552; baseline 0.003 -6"><span class='ocrx_word' id='word_1_2' title='bbox 329 491 578 547; x_wconf 84' lang='lat' dir='ltr'><strong>Auditum</strong></span> <span class='ocrx_word' id='word_1_3' title='bbox 614 493 820 551; x_wconf 86' lang='lat' dir='ltr'><strong>facilem</strong></span> <span class='ocrx_word' id='word_1_4' title='bbox 854 495 960 551; x_wconf 89' lang='lat' dir='ltr'><strong>leni</strong></span> <span class='ocrx_word' id='word_1_5' title='bbox 990 495 1066 552; x_wconf 88' lang='lat' dir='ltr'><strong>sic</strong></span> <span class='ocrx_word' id='word_1_6' title='bbox 1093 511 1223 552; x_wconf 89' lang='lat' dir='ltr'><strong>voce</strong></span> <span class='ocrx_word' id='word_1_7' title='bbox 1256 495 1565 552; x_wconf 75' lang='lat' dir='ltr'><strong>momordit.</strong></span> 
     </span>
    </p>
   </div>
   <div class='ocr_carea' id='block_1_3' title="bbox 325 585 1641 660">
    <p class='ocr_par' dir='ltr' id='par_1_3' title="bbox 325 585 1641 660">
     <span class='ocr_line' id='line_1_3' title="bbox 325 585 1641 660; baseline 0.004 -20"><span class='ocrx_word' id='word_1_8' title='bbox 325 585 370 640; x_wconf 91' lang='grc' dir='ltr'><strong>Ο</strong></span> <span class='ocrx_word' id='word_1_9' title='bbox 394 585 546 652; x_wconf 89' lang='lat' dir='ltr'><strong>felix,</strong></span> <span class='ocrx_word' id='word_1_10' title='bbox 577 588 866 658; x_wconf 90' lang='lat' dir='ltr'><strong>mundique</strong></span> <span class='ocrx_word' id='word_1_11' title='bbox 888 588 1050 644; x_wconf 86' lang='lat' dir='ltr'><strong>decus</strong></span> <span class='ocrx_word' id='word_1_12' title='bbox 1075 590 1434 660; x_wconf 83' lang='lat' dir='ltr'><strong>pulcherrima</strong></span> <span class='ocrx_word' id='word_1_13' title='bbox 1461 591 1641 659; x_wconf 87' lang='lat' dir='ltr'><strong>virgo,</strong></span> 
     </span>
    </p>
   </div>
   <div class='ocr_carea' id='block_1_4' title="bbox 324 676 1711 752">
    <p class='ocr_par' dir='ltr' id='par_1_4' title="bbox 324 676 1711 752">
     <span class='ocr_line' id='line_1_4' title="bbox 324 676 1711 752; baseline 0.005 -22"><span class='ocrx_word' id='word_1_14' title='bbox 324 676 534 731; x_wconf 90' lang='lat' dir='ltr'><strong>Oruant</strong></span> <span class='ocrx_word' id='word_1_15' title='bbox 563 694 722 746; x_wconf 89' lang='lat' dir='ltr'><strong>quam</strong></span> <span class='ocrx_word' id='word_1_16' title='bbox 756 695 914 734; x_wconf 91' lang='lat' dir='ltr'><strong>roseo</strong></span> <span class='ocrx_word' id='word_1_17' title='bbox 939 680 1258 752; x_wconf 75' lang='lat' dir='ltr'><strong>pra-fulgens</strong></span> <span class='ocrx_word' id='word_1_18' title='bbox 1290 681 1455 736; x_wconf 88' lang='lat' dir='ltr'><strong>forma</strong></span> <span class='ocrx_word' id='word_1_19' title='bbox 1487 682 1711 750; x_wconf 89' lang='lat' dir='ltr'><strong>pudore,</strong></span> 
     </span>
    </p>
   </div>
   <div class='ocr_carea' id='block_1_5' title="bbox 326 768 1672 840">
    <p class='ocr_par' dir='ltr' id='par_1_5' title="bbox 326 768 1672 840">
     <span class='ocr_line' id='line_1_5' title="bbox 326 768 1672 840; baseline 0.004 -18"><span class='ocrx_word' id='word_1_20' title='bbox 326 768 404 822; x_wconf 84' lang='lat' dir='ltr'><strong>Tu</strong></span> <span class='ocrx_word' id='word_1_21' title='bbox 435 770 617 839; x_wconf 83' lang='lat' dir='ltr'><strong>generi</strong></span> <span class='ocrx_word' id='word_1_22' title='bbox 651 781 872 826; x_wconf 88' lang='lat' dir='ltr'><strong>ventura</strong></span> <span class='ocrx_word' id='word_1_23' title='bbox 905 787 1117 840; x_wconf 92' lang='lat' dir='ltr'><strong>parens,</strong></span> <span class='ocrx_word' id='word_1_24' title='bbox 1143 785 1194 829; x_wconf 90' lang='lat' dir='ltr'><strong>te</strong></span> <span class='ocrx_word' id='word_1_25' title='bbox 1227 774 1492 829; x_wconf 80' lang='lat' dir='ltr'><strong>maximus</strong></span> <span class='ocrx_word' id='word_1_26' title='bbox 1525 775 1672 830; x_wconf 88' lang='lat' dir='ltr'><strong>orbis</strong></span> 
     </span>
    </p>
   </div>
   <div class='ocr_carea' id='block_1_6' title="bbox 328 861 1710 934">
    <p class='ocr_par' dir='ltr' id='par_1_6' title="bbox 328 861 1710 934">
     <span class='ocr_line' id='line_1_6' title="bbox 328 861 1710 934; baseline 0.007 -23"><span class='ocrx_word' id='word_1_27' title='bbox 328 861 611 929; x_wconf 67' lang='lat' dir='ltr'><strong>lixspet&#39;tat</strong></span> <span class='ocrx_word' id='word_1_28' title='bbox 639 875 863 916; x_wconf 79' lang='lat' dir='ltr'><strong>matrem</strong></span> <span class='ocrx_word' id='word_1_29' title='bbox 894 882 904 915; x_wconf 91' lang='lat'>:</span> <span class='ocrx_word' id='word_1_30' title='bbox 936 874 987 917; x_wconf 91' lang='lat' dir='ltr'><strong>tu</strong></span> <span class='ocrx_word' id='word_1_31' title='bbox 1019 865 1185 934; x_wconf 82' lang='lat' dir='ltr'><strong>prima</strong></span> <span class='ocrx_word' id='word_1_32' title='bbox 1215 875 1268 920; x_wconf 91' lang='lat' dir='ltr'><strong>et</strong></span> <span class='ocrx_word' id='word_1_33' title='bbox 1285 877 1433 921; x_wconf 90' lang='lat' dir='ltr'><strong>certa</strong></span> <span class='ocrx_word' id='word_1_34' title='bbox 1469 867 1710 932; x_wconf 78' lang='lat' dir='ltr'><strong>voluptas</strong></span> 
     </span>
    </p>
   </div>
   <div class='ocr_carea' id='block_1_7' title="bbox 323 942 1658 1030">
    <p class='ocr_par' dir='ltr' id='par_1_7' title="bbox 323 942 1658 1030">
     <span class='ocr_line' id='line_1_7' title="bbox 323 942 1658 1030; baseline 0.005 -22"><span class='ocrx_word' id='word_1_35' title='bbox 323 942 685 1024; x_wconf 87' lang='lat' dir='ltr'><strong>Solameuque</strong></span> <span class='ocrx_word' id='word_1_36' title='bbox 713 956 831 1021; x_wconf 87' lang='lat' dir='ltr'><strong>viri,</strong></span> <span class='ocrx_word' id='word_1_37' title='bbox 867 957 982 1011; x_wconf 86' lang='lat' dir='ltr'><strong>sine</strong></span> <span class='ocrx_word' id='word_1_38' title='bbox 1013 973 1114 1026; x_wconf 90' lang='lat' dir='ltr'><strong>qua</strong></span> <span class='ocrx_word' id='word_1_39' title='bbox 1149 974 1253 1012; x_wconf 89' lang='lat' dir='ltr'><strong>nou</strong></span> <span class='ocrx_word' id='word_1_40' title='bbox 1287 959 1494 1014; x_wconf 89' lang='lat' dir='ltr'><strong>viveret</strong></span> <span class='ocrx_word' id='word_1_41' title='bbox 1525 961 1658 1030; x_wconf 89' lang='lat' dir='ltr'><strong>ipse,</strong></span> 
     </span>
    </p>
   </div>
   <div class='ocr_carea' id='block_1_8' title="bbox 327 1045 1498 1120">
    <p class='ocr_par' dir='ltr' id='par_1_8' title="bbox 327 1045 1498 1120">
     <span class='ocr_line' id='line_1_8' title="bbox 327 1045 1498 1120; baseline 0.005 -20"><span class='ocrx_word' id='word_1_42' title='bbox 327 1045 394 1101; x_wconf 85' lang='lat' dir='ltr'><strong>Ut</strong></span> <span class='ocrx_word' id='word_1_43' title='bbox 427 1046 616 1115; x_wconf 80' lang='lat' dir='ltr'><strong>major,</strong></span> <span class='ocrx_word' id='word_1_44' title='bbox 653 1048 727 1102; x_wconf 91' lang='lat' dir='ltr'><strong>sic</strong></span> <span class='ocrx_word' id='word_1_45' title='bbox 759 1051 877 1118; x_wconf 85' lang='lat' dir='ltr'><strong>jure</strong></span> <span class='ocrx_word' id='word_1_46' title='bbox 904 1058 995 1102; x_wconf 89' lang='lat' dir='ltr'><strong>luo</strong></span> <span class='ocrx_word' id='word_1_47' title='bbox 1024 1049 1294 1120; x_wconf 78' lang='lat' dir='ltr'><strong>Subjecms</strong></span> <span class='ocrx_word' id='word_1_48' title='bbox 1327 1053 1498 1106; x_wconf 86' lang='lat' dir='ltr'><strong>amori</strong></span> 
     </span>
    </p>
   </div>
   <div class='ocr_carea' id='block_1_9' title="bbox 326 1138 1688 1214">
    <p class='ocr_par' dir='ltr' id='par_1_9' title="bbox 326 1138 1688 1214">
     <span class='ocr_line' id='line_1_9' title="bbox 326 1138 1688 1214; baseline 0.006 -23"><span class='ocrx_word' id='word_1_49' title='bbox 326 1138 614 1193; x_wconf 75' lang='lat' dir='ltr'><strong>Przedulcis</strong></span> <span class='ocrx_word' id='word_1_50' title='bbox 642 1140 859 1210; x_wconf 88' lang='lat' dir='ltr'><strong>conjux,</strong></span> <span class='ocrx_word' id='word_1_51' title='bbox 893 1141 1080 1196; x_wconf 87' lang='lat' dir='ltr'><strong>reddes</strong></span> <span class='ocrx_word' id='word_1_52' title='bbox 1112 1144 1196 1196; x_wconf 90' lang='lat' dir='ltr'><strong>cui</strong></span> <span class='ocrx_word' id='word_1_53' title='bbox 1225 1143 1427 1198; x_wconf 87' lang='lat' dir='ltr'><strong>foedere</strong></span> <span class='ocrx_word' id='word_1_54' title='bbox 1459 1145 1688 1214; x_wconf 73' lang='lat' dir='ltr'><strong>prolem.</strong></span> 
     </span>
    </p>
   </div>
   <div class='ocr_carea' id='block_1_10' title="bbox 325 1231 1650 1306">
    <p class='ocr_par' dir='ltr' id='par_1_10' title="bbox 325 1231 1650 1306">
     <span class='ocr_line' id='line_1_10' title="bbox 325 1231 1650 1306; baseline 0.008 -22"><span class='ocrx_word' id='word_1_55' title='bbox 325 1231 488 1285; x_wconf 87' lang='lat' dir='ltr'><strong>Vobis</strong></span> <span class='ocrx_word' id='word_1_56' title='bbox 513 1232 672 1303; x_wconf 91' lang='lat' dir='ltr'><strong>digna</strong></span> <span class='ocrx_word' id='word_1_57' title='bbox 703 1233 860 1288; x_wconf 91' lang='lat' dir='ltr'><strong>datur</strong></span> <span class='ocrx_word' id='word_1_58' title='bbox 890 1236 1123 1303; x_wconf 80' lang='lat' dir='ltr'><strong>paradisi</strong></span> <span class='ocrx_word' id='word_1_59' title='bbox 1155 1236 1205 1290; x_wconf 92' lang='lat' dir='ltr'><strong>in</strong></span> <span class='ocrx_word' id='word_1_60' title='bbox 1241 1239 1442 1293; x_wconf 76' lang='lat' dir='ltr'><strong>vertice</strong></span> <span class='ocrx_word' id='word_1_61' title='bbox 1471 1238 1650 1306; x_wconf 89' lang='lat' dir='ltr'><strong>sedes,</strong></span> 
     </span>
    </p>
   </div>
   <div class='ocr_carea' id='block_1_11' title="bbox 323 1321 1753 1393">
    <p class='ocr_par' dir='ltr' id='par_1_11' title="bbox 323 1321 1753 1393">
     <span class='ocr_line' id='line_1_11' title="bbox 323 1321 1753 1393; baseline 0.01 -20"><span class='ocrx_word' id='word_1_62' title='bbox 323 1321 428 1375; x_wconf 84' lang='lat' dir='ltr'><strong>Vos</strong></span> <span class='ocrx_word' id='word_1_63' title='bbox 452 1323 691 1393; x_wconf 85' lang='lat' dir='ltr'><strong>subjecta</strong></span> <span class='ocrx_word' id='word_1_64' title='bbox 724 1327 906 1380; x_wconf 90' lang='lat' dir='ltr'><strong>tremit</strong></span> <span class='ocrx_word' id='word_1_65' title='bbox 936 1327 1197 1383; x_wconf 83' lang='lat' dir='ltr'><strong>famulans</strong></span> <span class='ocrx_word' id='word_1_66' title='bbox 1214 1331 1512 1385; x_wconf 91' lang='lat' dir='ltr'><strong>substantia</strong></span> <span class='ocrx_word' id='word_1_67' title='bbox 1533 1333 1713 1388; x_wconf 92' lang='lat' dir='ltr'><strong>mundi</strong></span> <span class='ocrx_word' id='word_1_68' title='bbox 1743 1355 1753 1388; x_wconf 77' lang='grc' dir='ltr'>ε</span> 
     </span>
    </p>
   </div>
   <div class='ocr_carea' id='block_1_12' title="bbox 319 1414 1908 1498">
    <p class='ocr_par' dir='ltr' id='par_1_12' title="bbox 319 1414 1908 1498">
     <span class='ocr_line' id='line_1_12' title="bbox 319 1414 1908 1498; baseline 0.012 -35"><span class='ocrx_word' id='word_1_69' title='bbox 319 1414 470 1481; x_wconf 82' lang='lat' dir='ltr'><strong>Quod</strong></span> <span class='ocrx_word' id='word_1_70' title='bbox 502 1417 720 1481; x_wconf 68' lang='lat' dir='ltr'><strong>caelum,</strong></span> <span class='ocrx_word' id='word_1_71' title='bbox 746 1418 885 1488; x_wconf 90' lang='lat' dir='ltr'><strong>quod</strong></span> <span class='ocrx_word' id='word_1_72' title='bbox 928 1428 1067 1473; x_wconf 88' lang='lat' dir='ltr'><strong>terra</strong></span> <span class='ocrx_word' id='word_1_73' title='bbox 1100 1432 1269 1488; x_wconf 90' lang='lat' dir='ltr'><strong>creat,</strong></span> <span class='ocrx_word' id='word_1_74' title='bbox 1303 1422 1446 1492; x_wconf 91' lang='lat' dir='ltr'><strong>quod</strong></span> <span class='ocrx_word' id='word_1_75' title='bbox 1482 1424 1690 1493; x_wconf 88' lang='lat' dir='ltr'><strong>gurgite</strong></span> <span class='ocrx_word' id='word_1_76' title='bbox 1717 1443 1908 1498; x_wconf 90' lang='lat' dir='ltr'><strong>magno</strong></span> 
     </span>
    </p>
   </div>
   <div class='ocr_carea' id='block_1_13' title="bbox 319 1507 1640 1581">
    <p class='ocr_par' dir='ltr' id='par_1_13' title="bbox 319 1507 1640 1581">
     <span class='ocr_line' id='line_1_13' title="bbox 319 1507 1640 1581; baseline 0.009 -19"><span class='ocrx_word' id='word_1_77' title='bbox 319 1507 565 1564; x_wconf 84' lang='lat' dir='ltr'><strong>Producit</strong></span> <span class='ocrx_word' id='word_1_78' title='bbox 593 1512 830 1581; x_wconf 81' lang='lat' dir='ltr'><strong>pelagus,</strong></span> <span class='ocrx_word' id='word_1_79' title='bbox 865 1522 1072 1568; x_wconf 90' lang='lat' dir='ltr'><strong>vestros</strong></span> <span class='ocrx_word' id='word_1_80' title='bbox 1102 1515 1379 1570; x_wconf 78' lang='lat' dir='ltr'><strong>confertur</strong></span> <span class='ocrx_word' id='word_1_81' title='bbox 1408 1518 1461 1571; x_wconf 92' lang='lat' dir='ltr'><strong>in</strong></span> <span class='ocrx_word' id='word_1_82' title='bbox 1493 1533 1640 1574; x_wconf 89' lang='lat' dir='ltr'><strong>usus.</strong></span> 
     </span>
    </p>
   </div>
   <div class='ocr_carea' id='block_1_14' title="bbox 316 1599 1743 1682">
    <p class='ocr_par' dir='ltr' id='par_1_14' title="bbox 316 1599 1743 1682">
     <span class='ocr_line' id='line_1_14' title="bbox 316 1599 1743 1682; baseline 0.008 -28"><span class='ocrx_word' id='word_1_83' title='bbox 316 1599 400 1656; x_wconf 92' lang='lat' dir='ltr'><strong>Nil</strong></span> <span class='ocrx_word' id='word_1_84' title='bbox 429 1611 614 1657; x_wconf 86' lang='lat' dir='ltr'><strong>natura</strong></span> <span class='ocrx_word' id='word_1_85' title='bbox 644 1615 822 1674; x_wconf 88' lang='lat' dir='ltr'><strong>negat,</strong></span> <span class='ocrx_word' id='word_1_86' title='bbox 853 1604 1010 1659; x_wconf 87' lang='lat' dir='ltr'><strong>datur</strong></span> <span class='ocrx_word' id='word_1_87' title='bbox 1041 1621 1166 1661; x_wconf 90' lang='lat' dir='ltr'><strong>ecce</strong></span> <span class='ocrx_word' id='word_1_88' title='bbox 1192 1608 1244 1660; x_wconf 92' lang='lat' dir='ltr'><strong>in</strong></span> <span class='ocrx_word' id='word_1_89' title='bbox 1275 1618 1462 1663; x_wconf 88' lang='lat' dir='ltr'><strong>cuncta</strong></span> <span class='ocrx_word' id='word_1_90' title='bbox 1487 1620 1743 1682; x_wconf 90' lang='lat' dir='ltr'><strong>potestas.</strong></span> 
     </span>
    </p>
   </div>
   <div class='ocr_carea' id='block_1_15' title="bbox 315 1691 1840 1769">
    <p class='ocr_par' dir='ltr' id='par_1_15' title="bbox 315 1691 1840 1769">
     <span class='ocr_line' id='line_1_15' title="bbox 315 1691 1840 1769; baseline 0.005 -22"><span class='ocrx_word' id='word_1_91' title='bbox 315 1691 432 1748; x_wconf 88' lang='lat' dir='ltr'><strong>Non</strong></span> <span class='ocrx_word' id='word_1_92' title='bbox 459 1693 706 1763; x_wconf 88' lang='lat' dir='ltr'><strong>equidem</strong></span> <span class='ocrx_word' id='word_1_93' title='bbox 736 1695 967 1761; x_wconf 82' lang='lat' dir='ltr'><strong>invideo,</strong></span> <span class='ocrx_word' id='word_1_94' title='bbox 1002 1697 1167 1752; x_wconf 89' lang='lat' dir='ltr'><strong>miror</strong></span> <span class='ocrx_word' id='word_1_95' title='bbox 1198 1699 1363 1769; x_wconf 85' lang='lat' dir='ltr'><strong>magis</strong></span> <span class='ocrx_word' id='word_1_96' title='bbox 1395 1719 1407 1752; x_wconf 89' lang='lat'><strong>:</strong></span> <span class='ocrx_word' id='word_1_97' title='bbox 1452 1710 1510 1754; x_wconf 91' lang='lat' dir='ltr'><strong>ut</strong></span> <span class='ocrx_word' id='word_1_98' title='bbox 1537 1709 1713 1756; x_wconf 86' lang='lat' dir='ltr'><strong>tamen</strong></span> <span class='ocrx_word' id='word_1_99' title='bbox 1739 1720 1840 1756; x_wconf 87' lang='lat' dir='ltr'><strong>una</strong></span> 
     </span>
    </p>
   </div>
   <div class='ocr_carea' id='block_1_16' title="bbox 314 1783 1550 1860">
    <p class='ocr_par' dir='ltr' id='par_1_16' title="bbox 314 1783 1550 1860">
     <span class='ocr_line' id='line_1_16' title="bbox 314 1783 1550 1860; baseline 0.004 -19"><span class='ocrx_word' id='word_1_100' title='bbox 314 1783 603 1842; x_wconf 87' lang='lat' dir='ltr'><strong>Contineat</strong></span> <span class='ocrx_word' id='word_1_101' title='bbox 627 1787 763 1842; x_wconf 83' lang='lat' dir='ltr'><strong>liber</strong></span> <span class='ocrx_word' id='word_1_102' title='bbox 789 1789 932 1842; x_wconf 90' lang='lat' dir='ltr'><strong>dulci</strong></span> <span class='ocrx_word' id='word_1_103' title='bbox 962 1805 1123 1860; x_wconf 88' lang='lat' dir='ltr'><strong>super</strong></span> <span class='ocrx_word' id='word_1_104' title='bbox 1146 1793 1338 1845; x_wconf 82' lang='lat' dir='ltr'><strong>arbore</strong></span> <span class='ocrx_word' id='word_1_105' title='bbox 1358 1803 1550 1854; x_wconf 86' lang='lat' dir='ltr'><strong>lactus,</strong></span> 
     </span>
    </p>
   </div>
   <div class='ocr_carea' id='block_1_17' title="bbox 319 1877 1610 1950">
    <p class='ocr_par' dir='ltr' id='par_1_17' title="bbox 319 1877 1610 1950">
     <span class='ocr_line' id='line_1_17' title="bbox 319 1877 1610 1950; baseline 0.003 -18"><span class='ocrx_word' id='word_1_106' title='bbox 319 1878 472 1932; x_wconf 89' lang='lat' dir='ltr'><strong>Scire</strong></span> <span class='ocrx_word' id='word_1_107' title='bbox 501 1877 661 1932; x_wconf 84' lang='lat' dir='ltr'><strong>velim</strong></span> <span class='ocrx_word' id='word_1_108' title='bbox 693 1878 811 1947; x_wconf 86' lang='lat' dir='ltr'><strong>quis</strong></span> <span class='ocrx_word' id='word_1_109' title='bbox 841 1879 954 1933; x_wconf 90' lang='lat' dir='ltr'><strong>dira</strong></span> <span class='ocrx_word' id='word_1_110' title='bbox 973 1881 1148 1948; x_wconf 83' lang='lat' dir='ltr'><strong>jubet,</strong></span> <span class='ocrx_word' id='word_1_111' title='bbox 1174 1883 1290 1950; x_wconf 85' lang='lat' dir='ltr'><strong>quis</strong></span> <span class='ocrx_word' id='word_1_112' title='bbox 1325 1884 1447 1936; x_wconf 80' lang='lat' dir='ltr'><strong>talia</strong></span> <span class='ocrx_word' id='word_1_113' title='bbox 1474 1884 1610 1938; x_wconf 82' lang='lat' dir='ltr'><strong>dona</strong></span> 
     </span>
    </p>
   </div>
   <div class='ocr_carea' id='block_1_18' title="bbox 311 1970 1548 2044">
    <p class='ocr_par' dir='ltr' id='par_1_18' title="bbox 311 1970 1548 2044">
     <span class='ocr_line' id='line_1_18' title="bbox 311 1970 1548 2044; baseline 0.006 -20"><span class='ocrx_word' id='word_1_114' title='bbox 311 1970 547 2036; x_wconf 79' lang='lat' dir='ltr'><strong>Invidet,</strong></span> <span class='ocrx_word' id='word_1_115' title='bbox 582 1971 1034 2042; x_wconf 90' lang='lat' dir='ltr'><strong>ctrebusjejunia</strong></span> <span class='ocrx_word' id='word_1_116' title='bbox 1068 1974 1259 2027; x_wconf 90' lang='lat' dir='ltr'><strong>miscet</strong></span> <span class='ocrx_word' id='word_1_117' title='bbox 1285 1975 1498 2044; x_wconf 90' lang='lat' dir='ltr'><strong>opimis.</strong></span> <span class='ocrx_word' id='word_1_118' title='bbox 1543 2027 1548 2032; x_wconf 85' lang='lat'><strong>.</strong></span> 
     </span>
    </p>
   </div>
   <div class='ocr_carea' id='block_1_19' title="bbox 314 2061 1636 2121">
    <p class='ocr_par' dir='ltr' id='par_1_19' title="bbox 314 2061 1636 2121">
     <span class='ocr_line' id='line_1_19' title="bbox 314 2061 1636 2121; baseline 0.002 -6"><span class='ocrx_word' id='word_1_119' title='bbox 314 2061 442 2115; x_wconf 64' lang='lat' dir='ltr'><strong>Haec</strong></span> <span class='ocrx_word' id='word_1_120' title='bbox 465 2062 602 2116; x_wconf 89' lang='lat' dir='ltr'><strong>male</strong></span> <span class='ocrx_word' id='word_1_121' title='bbox 631 2063 919 2116; x_wconf 88' lang='lat' dir='ltr'><strong>blanditam</strong></span> <span class='ocrx_word' id='word_1_122' title='bbox 956 2063 1222 2117; x_wconf 77' lang='lat' dir='ltr'><strong>finxeruut</strong></span> <span class='ocrx_word' id='word_1_123' title='bbox 1247 2065 1398 2119; x_wconf 87' lang='lat' dir='ltr'><strong>sibila</strong></span> <span class='ocrx_word' id='word_1_124' title='bbox 1432 2082 1636 2121; x_wconf 80' lang='lat' dir='ltr'><strong>vocem.</strong></span> 
     </span>
    </p>
   </div>
   <div class='ocr_carea' id='block_1_20' title="bbox 311 2155 1733 2226">
    <p class='ocr_par' dir='ltr' id='par_1_20' title="bbox 311 2155 1733 2226">
     <span class='ocr_line' id='line_1_20' title="bbox 311 2155 1733 2226; baseline 0.004 -19"><span class='ocrx_word' id='word_1_125' title='bbox 311 2155 445 2221; x_wconf 86' lang='lat' dir='ltr'><strong>Quis</strong></span> <span class='ocrx_word' id='word_1_126' title='bbox 474 2163 682 2225; x_wconf 86' lang='lat' dir='ltr'><strong>stup0r,</strong></span> <span class='ocrx_word' id='word_1_127' title='bbox 717 2171 747 2208; x_wconf 92' lang='grc' dir='ltr'>ο</span> <span class='ocrx_word' id='word_1_128' title='bbox 777 2157 987 2220; x_wconf 66' lang='lat' dir='ltr'><strong>mulier,</strong></span> <span class='ocrx_word' id='word_1_129' title='bbox 1023 2169 1259 2212; x_wconf 78' lang='lat' dir='ltr'><strong>mentem</strong></span> <span class='ocrx_word' id='word_1_130' title='bbox 1283 2158 1509 2226; x_wconf 84' lang='lat' dir='ltr'><strong>caligine</strong></span> <span class='ocrx_word' id='word_1_131' title='bbox 1542 2159 1733 2213; x_wconf 81' lang='lat' dir='ltr'><strong>clausit</strong></span> 
     </span>
    </p>
   </div>
   <div class='ocr_carea' id='block_1_21' title="bbox 310 2250 1727 2320">
    <p class='ocr_par' dir='ltr' id='par_1_21' title="bbox 310 2250 1727 2320">
     <span class='ocr_line' id='line_1_21' title="bbox 310 2250 1727 2320; baseline 0 -15"><span class='ocrx_word' id='word_1_132' title='bbox 310 2251 444 2305; x_wconf 92' lang='lat' dir='ltr'><strong>Cum</strong></span> <span class='ocrx_word' id='word_1_133' title='bbox 477 2259 728 2320; x_wconf 84' lang='lat' dir='ltr'><strong>serpente</strong></span> <span class='ocrx_word' id='word_1_134' title='bbox 758 2250 936 2320; x_wconf 84' lang='lat' dir='ltr'><strong>loqui?</strong></span> <span class='ocrx_word' id='word_1_135' title='bbox 961 2250 1177 2304; x_wconf 67' lang='lat' dir='ltr'><strong>verbum</strong></span> <span class='ocrx_word' id='word_1_136' title='bbox 1203 2251 1537 2305; x_wconf 88' lang='lat' dir='ltr'><strong>committere</strong></span> <span class='ocrx_word' id='word_1_137' title='bbox 1570 2251 1727 2305; x_wconf 91' lang='lat' dir='ltr'><strong>bruto</strong></span> 
     </span>
    </p>
   </div>
   <div class='ocr_carea' id='block_1_22' title="bbox 311 2342 1890 2414">
    <p class='ocr_par' dir='ltr' id='par_1_22' title="bbox 311 2342 1890 2414">
     <span class='ocr_line' id='line_1_22' title="bbox 311 2342 1890 2414; baseline -0.003 -14"><span class='ocrx_word' id='word_1_138' title='bbox 311 2345 426 2400; x_wconf 84' lang='lat' dir='ltr'><strong>Non</strong></span> <span class='ocrx_word' id='word_1_139' title='bbox 456 2344 636 2414; x_wconf 81' lang='lat' dir='ltr'><strong>pudet,</strong></span> <span class='ocrx_word' id='word_1_140' title='bbox 664 2353 718 2397; x_wconf 91' lang='lat' dir='ltr'><strong>ut</strong></span> <span class='ocrx_word' id='word_1_141' title='bbox 750 2353 979 2398; x_wconf 80' lang='lat' dir='ltr'><strong>vestram</strong></span> <span class='ocrx_word' id='word_1_142' title='bbox 1006 2353 1297 2412; x_wconf 71' lang='lat' dir='ltr'><strong>prmsnmat</strong></span> <span class='ocrx_word' id='word_1_143' title='bbox 1327 2342 1500 2397; x_wconf 83' lang='lat' dir='ltr'><strong>bellua</strong></span> <span class='ocrx_word' id='word_1_144' title='bbox 1533 2343 1790 2413; x_wconf 87' lang='lat' dir='ltr'><strong>linguam,</strong></span> <span class='ocrx_word' id='word_1_145' title='bbox 1887 2409 1890 2412; x_wconf 95' lang='lat'><em>_</em></span> 
     </span>
    </p>
   </div>
   <div class='ocr_carea' id='block_1_23' title="bbox 311 2435 1900 2507">
    <p class='ocr_par' dir='ltr' id='par_1_23' title="bbox 311 2435 1900 2507">
     <span class='ocr_line' id='line_1_23' title="bbox 311 2435 1900 2507; baseline -0.005 -12"><span class='ocrx_word' id='word_1_146' title='bbox 311 2440 379 2495; x_wconf 85' lang='lat' dir='ltr'><strong>Et</strong></span> <span class='ocrx_word' id='word_1_147' title='bbox 411 2447 708 2493; x_wconf 80' lang='lat' dir='ltr'><strong>monstrum</strong></span> <span class='ocrx_word' id='word_1_148' title='bbox 744 2439 969 2507; x_wconf 72' lang='lat' dir='ltr'><strong>pateris,</strong></span> <span class='ocrx_word' id='word_1_149' title='bbox 1001 2451 1432 2504; x_wconf 61' lang='lat' dir='ltr'><strong>resrionsunique</strong></span> <span class='ocrx_word' id='word_1_150' title='bbox 1472 2435 1689 2503; x_wconf 82' lang='lat' dir='ltr'><strong>insuper</strong></span> <span class='ocrx_word' id='word_1_151' title='bbox 1716 2435 1900 2490; x_wconf 70' lang='lat' dir='ltr'><strong>addis?</strong></span> 
     </span>
    </p>
   </div>
   <div class='ocr_carea' id='block_1_24' title="bbox 383 2527 1750 2602">
    <p class='ocr_par' dir='ltr' id='par_1_24' title="bbox 383 2527 1750 2602">
     <span class='ocr_line' id='line_1_24' title="bbox 383 2527 1750 2602; baseline -0.006 -16"><span class='ocrx_word' id='word_1_152' title='bbox 383 2532 522 2602; x_wconf 86' lang='lat' dir='ltr'><strong>Ergo</strong></span> <span class='ocrx_word' id='word_1_153' title='bbox 551 2531 636 2585; x_wconf 93' lang='lat' dir='ltr'><strong>ubi</strong></span> <span class='ocrx_word' id='word_1_154' title='bbox 669 2528 1005 2584; x_wconf 90' lang='lat' dir='ltr'><strong>mortiferum</strong></span> <span class='ocrx_word' id='word_1_155' title='bbox 1037 2527 1318 2582; x_wconf 89' lang='lat' dir='ltr'><strong>seductilis</strong></span> <span class='ocrx_word' id='word_1_156' title='bbox 1352 2529 1458 2580; x_wconf 75' lang='lat' dir='ltr'><strong>Eva</strong></span> <span class='ocrx_word' id='word_1_157' title='bbox 1487 2543 1694 2582; x_wconf 88' lang='lat' dir='ltr'><strong>venenu</strong></span> <span class='ocrx_word' id='word_1_158' title='bbox 1723 2548 1750 2578; x_wconf 88' lang='lat' dir='ltr'><strong>u</strong></span> 
     </span>
    </p>
   </div>
   <div class='ocr_carea' id='block_1_25' title="bbox 308 2620 1548 2694">
    <p class='ocr_par' dir='ltr' id='par_1_25' title="bbox 308 2620 1548 2694">
     <span class='ocr_line' id='line_1_25' title="bbox 308 2620 1548 2694; baseline -0.006 -13"><span class='ocrx_word' id='word_1_159' title='bbox 308 2626 539 2681; x_wconf 82' lang='lat' dir='ltr'><strong>Auribus</strong></span> <span class='ocrx_word' id='word_1_160' title='bbox 569 2625 838 2694; x_wconf 75' lang='lat' dir='ltr'><strong>accipiens</strong></span> <span class='ocrx_word' id='word_1_161' title='bbox 867 2622 1003 2676; x_wconf 88' lang='lat' dir='ltr'><strong>cladi</strong></span> <span class='ocrx_word' id='word_1_162' title='bbox 1028 2620 1303 2675; x_wconf 90' lang='lat' dir='ltr'><strong>consensit</strong></span> <span class='ocrx_word' id='word_1_163' title='bbox 1334 2620 1548 2690; x_wconf 64' lang='lat' dir='ltr'><strong>iniquat,</strong></span> 
     </span>
    </p>
   </div>
   <div class='ocr_carea' id='block_1_26' title="bbox 305 2713 1609 2784">
    <p class='ocr_par' dir='ltr' id='par_1_26' title="bbox 305 2713 1609 2784">
     <span class='ocr_line' id='line_1_26' title="bbox 305 2713 1609 2784; baseline -0.005 -14"><span class='ocrx_word' id='word_1_164' title='bbox 305 2716 456 2771; x_wconf 80' lang='lat' dir='ltr'><strong>Tunc</strong></span> <span class='ocrx_word' id='word_1_165' title='bbox 480 2716 544 2770; x_wconf 86' lang='lat' dir='ltr'><strong>ad</strong></span> <span class='ocrx_word' id='word_1_166' title='bbox 575 2724 879 2784; x_wconf 84' lang='lat' dir='ltr'><strong>serpentem</strong></span> <span class='ocrx_word' id='word_1_167' title='bbox 902 2730 1036 2768; x_wconf 84' lang='lat' dir='ltr'><strong>vano</strong></span> <span class='ocrx_word' id='word_1_168' title='bbox 1064 2713 1141 2767; x_wconf 87' lang='lat' dir='ltr'><strong>sic</strong></span> <span class='ocrx_word' id='word_1_169' title='bbox 1173 2728 1268 2766; x_wconf 90' lang='lat' dir='ltr'><strong>ore</strong></span> <span class='ocrx_word' id='word_1_170' title='bbox 1295 2713 1468 2766; x_wconf 90' lang='lat' dir='ltr'><strong>locuta</strong></span> <span class='ocrx_word' id='word_1_171' title='bbox 1503 2723 1609 2771; x_wconf 66' lang='lat' dir='ltr'><strong>est,</strong></span> 
     </span>
    </p>
   </div>
   <div class='ocr_carea' id='block_1_27' title="bbox 307 2803 1678 2878">
    <p class='ocr_par' dir='ltr' id='par_1_27' title="bbox 307 2803 1678 2878">
     <span class='ocr_line' id='line_1_27' title="bbox 307 2803 1678 2878; baseline -0.004 -14"><span class='ocrx_word' id='word_1_172' title='bbox 307 2807 575 2864; x_wconf 84' lang='lat' dir='ltr'><strong>Suavibus</strong></span> <span class='ocrx_word' id='word_1_173' title='bbox 605 2824 636 2863; x_wconf 92' lang='grc' dir='ltr'>ο</span> <span class='ocrx_word' id='word_1_174' title='bbox 666 2807 877 2878; x_wconf 91' lang='lat' dir='ltr'><strong>pollens</strong></span> <span class='ocrx_word' id='word_1_175' title='bbox 900 2805 1122 2860; x_wconf 84' lang='lat' dir='ltr'><strong>coluber</strong></span> <span class='ocrx_word' id='word_1_176' title='bbox 1154 2804 1464 2859; x_wconf 79' lang='lat' dir='ltr'><strong>dulciSslnie</strong></span> <span class='ocrx_word' id='word_1_177' title='bbox 1492 2803 1678 2869; x_wconf 63' lang='lat' dir='ltr'><strong>dictis,</strong></span> 
     </span>
    </p>
   </div>
   <div class='ocr_carea' id='block_1_28' title="bbox 303 2897 1510 2969">
    <p class='ocr_par' dir='ltr' id='par_1_28' title="bbox 303 2897 1510 2969">
     <span class='ocr_line' id='line_1_28' title="bbox 303 2897 1510 2969; baseline -0.007 -13"><span class='ocrx_word' id='word_1_178' title='bbox 303 2901 444 2969; x_wconf 86' lang='lat' dir='ltr'><strong>Non,</strong></span> <span class='ocrx_word' id='word_1_179' title='bbox 481 2909 538 2955; x_wconf 89' lang='lat' dir='ltr'><strong>ut</strong></span> <span class='ocrx_word' id='word_1_180' title='bbox 570 2916 709 2964; x_wconf 91' lang='lat' dir='ltr'><strong>rere,</strong></span> <span class='ocrx_word' id='word_1_181' title='bbox 739 2899 878 2954; x_wconf 88' lang='lat' dir='ltr'><strong>Deus</strong></span> <span class='ocrx_word' id='word_1_182' title='bbox 907 2899 1060 2953; x_wconf 88' lang='lat' dir='ltr'><strong>nobis</strong></span> <span class='ocrx_word' id='word_1_183' title='bbox 1086 2897 1292 2967; x_wconf 87' lang='lat' dir='ltr'><strong>jejunia</strong></span> <span class='ocrx_word' id='word_1_184' title='bbox 1321 2899 1510 2962; x_wconf 64' lang='lat' dir='ltr'><strong>sumit,</strong></span> 
     </span>
    </p>
   </div>
   <div class='ocr_carea' id='block_1_29' title="bbox 299 2991 1506 3062">
    <p class='ocr_par' dir='ltr' id='par_1_29' title="bbox 299 2991 1506 3062">
     <span class='ocr_line' id='line_1_29' title="bbox 299 2991 1506 3062; baseline -0.007 -13"><span class='ocrx_word' id='word_1_185' title='bbox 299 2993 412 3049; x_wconf 76' lang='lat' dir='ltr'><strong>Nec</strong></span> <span class='ocrx_word' id='word_1_186' title='bbox 435 2993 680 3062; x_wconf 80' lang='lat' dir='ltr'><strong>prohibet</strong></span> <span class='ocrx_word' id='word_1_187' title='bbox 703 2993 850 3060; x_wconf 70' lang='lat' dir='ltr'><strong>largo</strong></span> <span class='ocrx_word' id='word_1_188' title='bbox 875 2991 1050 3046; x_wconf 87' lang='lat' dir='ltr'><strong>curari</strong></span> <span class='ocrx_word' id='word_1_189' title='bbox 1075 3006 1305 3059; x_wconf 91' lang='lat' dir='ltr'><strong>corpora</strong></span> <span class='ocrx_word' id='word_1_190' title='bbox 1336 3001 1506 3056; x_wconf 85' lang='lat' dir='ltr'><strong>pastu.</strong></span> 
     </span>
    </p>
   </div>
   <div class='ocr_carea' id='block_1_30' title="bbox 300 3083 1642 3154">
    <p class='ocr_par' dir='ltr' id='par_1_30' title="bbox 300 3083 1642 3154">
     <span class='ocr_line' id='line_1_30' title="bbox 300 3083 1642 3154; baseline -0.002 -11"><span class='ocrx_word' id='word_1_191' title='bbox 300 3088 442 3143; x_wconf 81' lang='lat' dir='ltr'><strong>Ecce</strong></span> <span class='ocrx_word' id='word_1_192' title='bbox 465 3087 613 3140; x_wconf 83' lang='lat' dir='ltr'><strong>vides</strong></span> <span class='ocrx_word' id='word_1_193' title='bbox 645 3085 830 3154; x_wconf 86' lang='lat' dir='ltr'><strong>epulas</strong></span> <span class='ocrx_word' id='word_1_194' title='bbox 863 3093 1006 3137; x_wconf 81' lang='lat' dir='ltr'><strong>tutus</strong></span> <span class='ocrx_word' id='word_1_195' title='bbox 1033 3099 1169 3150; x_wconf 86' lang='lat' dir='ltr'><strong>quas</strong></span> <span class='ocrx_word' id='word_1_196' title='bbox 1197 3083 1425 3152; x_wconf 83' lang='lat' dir='ltr'><strong>porrigit</strong></span> <span class='ocrx_word' id='word_1_197' title='bbox 1454 3084 1601 3138; x_wconf 88' lang='lat' dir='ltr'><strong>orbis</strong></span> <span class='ocrx_word' id='word_1_198' title='bbox 1628 3103 1642 3140; x_wconf 85' lang='lat'><strong>:</strong></span> 
     </span>
    </p>
   </div>
   <div class='ocr_carea' id='block_1_31' title="bbox 298 3175 1660 3246">
    <p class='ocr_par' dir='ltr' id='par_1_31' title="bbox 298 3175 1660 3246">
     <span class='ocr_line' id='line_1_31' title="bbox 298 3175 1660 3246; baseline -0.001 -12"><span class='ocrx_word' id='word_1_199' title='bbox 298 3179 564 3234; x_wconf 67' lang='lat' dir='ltr'><strong>Omnibus</strong></span> <span class='ocrx_word' id='word_1_200' title='bbox 594 3179 675 3230; x_wconf 86' lang='lat' dir='ltr'><strong>his</strong></span> <span class='ocrx_word' id='word_1_201' title='bbox 699 3175 845 3229; x_wconf 83' lang='lat' dir='ltr'><strong>licito</strong></span> <span class='ocrx_word' id='word_1_202' title='bbox 872 3177 1086 3246; x_wconf 84' lang='lat' dir='ltr'><strong>genitor</strong></span> <span class='ocrx_word' id='word_1_203' title='bbox 1118 3177 1559 3245; x_wconf 89' lang='lat' dir='ltr'><strong>promptissimus</strong></span> <span class='ocrx_word' id='word_1_204' title='bbox 1589 3181 1660 3234; x_wconf 87' lang='lat' dir='ltr'><strong>uti</strong></span> 
     </span>
    </p>
   </div>
   <div class='ocr_carea' id='block_1_32' title="bbox 298 3270 1505 3338">
    <p class='ocr_par' dir='ltr' id='par_1_32' title="bbox 298 3270 1505 3338">
     <span class='ocr_line' id='line_1_32' title="bbox 298 3270 1505 3338; baseline -0.002 -9"><span class='ocrx_word' id='word_1_205' title='bbox 298 3273 585 3338; x_wconf 62' lang='lat' dir='ltr'><strong>Praestitit,</strong></span> <span class='ocrx_word' id='word_1_206' title='bbox 621 3281 673 3325; x_wconf 92' lang='lat' dir='ltr'><strong>et</strong></span> <span class='ocrx_word' id='word_1_207' title='bbox 699 3279 837 3325; x_wconf 89' lang='lat' dir='ltr'><strong>totas</strong></span> <span class='ocrx_word' id='word_1_208' title='bbox 867 3272 992 3324; x_wconf 75' lang='lat' dir='ltr'><strong>vitm</strong></span> <span class='ocrx_word' id='word_1_209' title='bbox 1019 3270 1219 3324; x_wconf 83' lang='lat' dir='ltr'><strong>laxavit</strong></span> <span class='ocrx_word' id='word_1_210' title='bbox 1250 3272 1505 3326; x_wconf 85' lang='lat' dir='ltr'><strong>habenas.</strong></span> 
     </span>
    </p>
   </div>
   <div class='ocr_carea' id='block_1_33' title="bbox 297 3360 1811 3433">
    <p class='ocr_par' dir='ltr' id='par_1_33' title="bbox 297 3360 1811 3433">
     <span class='ocr_line' id='line_1_33' title="bbox 297 3360 1811 3433; baseline 0.001 -14"><span class='ocrx_word' id='word_1_211' title='bbox 297 3364 425 3420; x_wconf 67' lang='lat' dir='ltr'><strong>llasc</strong></span> <span class='ocrx_word' id='word_1_212' title='bbox 456 3363 570 3418; x_wconf 88' lang='lat' dir='ltr'><strong>sola</strong></span> <span class='ocrx_word' id='word_1_213' title='bbox 602 3373 683 3417; x_wconf 90' lang='lat' dir='ltr'><strong>est</strong></span> <span class='ocrx_word' id='word_1_214' title='bbox 711 3360 948 3417; x_wconf 91' lang='lat' dir='ltr'><strong>nemoris</strong></span> <span class='ocrx_word' id='word_1_215' title='bbox 978 3361 1139 3416; x_wconf 88' lang='lat' dir='ltr'><strong>medii</strong></span> <span class='ocrx_word' id='word_1_216' title='bbox 1173 3377 1331 3430; x_wconf 92' lang='lat' dir='ltr'><strong>quam</strong></span> <span class='ocrx_word' id='word_1_217' title='bbox 1368 3366 1624 3433; x_wconf 70' lang='lat' dir='ltr'><strong>perSpicis</strong></span> <span class='ocrx_word' id='word_1_218' title='bbox 1655 3369 1811 3422; x_wconf 89' lang='lat' dir='ltr'><strong>arbor</strong></span> 
     </span>
    </p>
   </div>
   <div class='ocr_carea' id='block_1_34' title="bbox 297 3455 1574 3526">
    <p class='ocr_par' dir='ltr' id='par_1_34' title="bbox 297 3455 1574 3526">
     <span class='ocr_line' id='line_1_34' title="bbox 297 3455 1574 3526; baseline -0.002 -13"><span class='ocrx_word' id='word_1_219' title='bbox 297 3458 588 3513; x_wconf 78' lang='lat' dir='ltr'><strong>luterdicm</strong></span> <span class='ocrx_word' id='word_1_220' title='bbox 616 3456 771 3520; x_wconf 89' lang='lat' dir='ltr'><strong>cibis,</strong></span> <span class='ocrx_word' id='word_1_221' title='bbox 806 3455 920 3509; x_wconf 72' lang='lat' dir='ltr'><strong>lucc</strong></span> <span class='ocrx_word' id='word_1_222' title='bbox 941 3464 1145 3508; x_wconf 89' lang='lat' dir='ltr'><strong>tantum</strong></span> <span class='ocrx_word' id='word_1_223' title='bbox 1173 3465 1390 3524; x_wconf 83' lang='lat' dir='ltr'><strong>tangere</strong></span> <span class='ocrx_word' id='word_1_224' title='bbox 1420 3471 1574 3526; x_wconf 66' lang='lat' dir='ltr'><strong>prima</strong></span> 
     </span>
    </p>
   </div>
   <div class='ocr_carea' id='block_1_35' title="bbox 298 3547 1606 3616">
    <p class='ocr_par' dir='ltr' id='par_1_35' title="bbox 298 3547 1606 3616">
     <span class='ocr_line' id='line_1_35' title="bbox 298 3547 1606 3616; baseline -0.004 -10"><span class='ocrx_word' id='word_1_225' title='bbox 298 3551 418 3606; x_wconf 82' lang='lat' dir='ltr'><strong>Non</strong></span> <span class='ocrx_word' id='word_1_226' title='bbox 444 3549 642 3604; x_wconf 89' lang='lat' dir='ltr'><strong>licitum</strong></span> <span class='ocrx_word' id='word_1_227' title='bbox 665 3591 678 3615; x_wconf 95' lang='lat'><strong>,</strong></span> <span class='ocrx_word' id='word_1_228' title='bbox 705 3549 856 3602; x_wconf 85' lang='lat' dir='ltr'><strong>dives</strong></span> <span class='ocrx_word' id='word_1_229' title='bbox 885 3547 1161 3616; x_wconf 80' lang='lat' dir='ltr'><strong>praesumit</strong></span> <span class='ocrx_word' id='word_1_230' title='bbox 1188 3556 1382 3600; x_wconf 76' lang='lat' dir='ltr'><strong>Caetera</strong></span> <span class='ocrx_word' id='word_1_231' title='bbox 1416 3548 1606 3601; x_wconf 83' lang='lat' dir='ltr'><strong>victus.</strong></span> 
     </span>
    </p>
   </div>
   <div class='ocr_carea' id='block_1_36' title="bbox 301 3641 1469 3711">
    <p class='ocr_par' dir='ltr' id='par_1_36' title="bbox 301 3641 1469 3711">
     <span class='ocr_line' id='line_1_36' title="bbox 301 3641 1469 3711; baseline -0.007 -11"><span class='ocrx_word' id='word_1_232' title='bbox 301 3644 436 3701; x_wconf 79' lang='lat' dir='ltr'><strong>Nam</strong></span> <span class='ocrx_word' id='word_1_233' title='bbox 465 3644 508 3698; x_wconf 88' lang='lat' dir='ltr'><strong>si</strong></span> <span class='ocrx_word' id='word_1_234' title='bbox 539 3645 755 3698; x_wconf 81' lang='lat' dir='ltr'><strong>libertas</strong></span> <span class='ocrx_word' id='word_1_235' title='bbox 779 3641 1056 3696; x_wconf 88' lang='lat' dir='ltr'><strong>temerarit</strong></span> <span class='ocrx_word' id='word_1_236' title='bbox 1090 3641 1247 3696; x_wconf 72' lang='lat' dir='ltr'><strong>noxia</strong></span> <span class='ocrx_word' id='word_1_237' title='bbox 1276 3641 1469 3711; x_wconf 88' lang='lat' dir='ltr'><strong>legem,</strong></span> 
     </span>
    </p>
   </div>
   <div class='ocr_carea' id='block_1_37' title="bbox 300 3732 1460 3802">
    <p class='ocr_par' dir='ltr' id='par_1_37' title="bbox 300 3732 1460 3802">
     <span class='ocr_line' id='line_1_37' title="bbox 300 3732 1460 3802; baseline -0.003 -10"><span class='ocrx_word' id='word_1_238' title='bbox 300 3737 496 3792; x_wconf 82' lang='lat' dir='ltr'><strong>Jurans</strong></span> <span class='ocrx_word' id='word_1_239' title='bbox 525 3735 746 3791; x_wconf 43' lang='lat' dir='ltr'><strong>terriliili</strong></span> <span class='ocrx_word' id='word_1_240' title='bbox 781 3732 1029 3802; x_wconf 73' lang='lat' dir='ltr'><strong>prmdixit</strong></span> <span class='ocrx_word' id='word_1_241' title='bbox 1055 3748 1185 3788; x_wconf 92' lang='lat' dir='ltr'><strong>voce</strong></span> <span class='ocrx_word' id='word_1_242' title='bbox 1215 3733 1460 3801; x_wconf 89' lang='lat' dir='ltr'><strong>Creator,</strong></span> 
     </span>
    </p>
   </div>
   <div class='ocr_carea' id='block_1_38' title="bbox 301 3829 1572 3902">
    <p class='ocr_par' dir='ltr' id='par_1_38' title="bbox 301 3829 1572 3902">
     <span class='ocr_line' id='line_1_38' title="bbox 301 3829 1572 3902; baseline -0.002 -15"><span class='ocrx_word' id='word_1_243' title='bbox 301 3833 543 3902; x_wconf 81' lang='lat' dir='ltr'><strong>Quadam</strong></span> <span class='ocrx_word' id='word_1_244' title='bbox 569 3847 664 3886; x_wconf 92' lang='lat' dir='ltr'><strong>nos</strong></span> <span class='ocrx_word' id='word_1_245' title='bbox 694 3830 872 3885; x_wconf 89' lang='lat' dir='ltr'><strong>statim</strong></span> <span class='ocrx_word' id='word_1_246' title='bbox 901 3829 1128 3883; x_wconf 89' lang='lat' dir='ltr'><strong>inituros</strong></span> <span class='ocrx_word' id='word_1_247' title='bbox 1156 3837 1326 3884; x_wconf 81' lang='lat' dir='ltr'><strong>marte</strong></span> <span class='ocrx_word' id='word_1_248' title='bbox 1345 3841 1572 3884; x_wconf 89' lang='lat' dir='ltr'><strong>reatum.</strong></span> 
     </span>
    </p>
   </div>
   <div class='ocr_carea' id='block_1_39' title="bbox 302 3919 1816 3999">
    <p class='ocr_par' dir='ltr' id='par_1_39' title="bbox 302 3919 1816 3999">
     <span class='ocr_line' id='line_1_39' title="bbox 302 3919 1816 3999; baseline 0.001 -17"><span class='ocrx_word' id='word_1_249' title='bbox 302 3928 439 3999; x_wconf 83' lang='lat' dir='ltr'><strong>Quid</strong></span> <span class='ocrx_word' id='word_1_250' title='bbox 464 3928 660 3983; x_wconf 83' lang='lat' dir='ltr'><strong>vocitet</strong></span> <span class='ocrx_word' id='word_1_251' title='bbox 692 3919 1002 3980; x_wconf 82' lang='lat' dir='ltr'><strong>mortem&#39;tu</strong></span> <span class='ocrx_word' id='word_1_252' title='bbox 1027 3937 1190 3989; x_wconf 91' lang='lat' dir='ltr'><strong>nunc,</strong></span> <span class='ocrx_word' id='word_1_253' title='bbox 1215 3923 1525 3980; x_wconf 83' lang='lat' dir='ltr'><strong>doctissime</strong></span> <span class='ocrx_word' id='word_1_254' title='bbox 1555 3940 1778 3998; x_wconf 76' lang='lat' dir='ltr'><strong>serpens</strong></span> <span class='ocrx_word' id='word_1_255' title='bbox 1803 3972 1816 3995; x_wconf 97' lang='lat'><strong>,</strong></span> 
     </span>
    </p>
   </div>
   <div class='ocr_carea' id='block_1_40' title="bbox 303 4015 1836 4090">
    <p class='ocr_par' dir='ltr' id='par_1_40' title="bbox 303 4015 1836 4090">
     <span class='ocr_line' id='line_1_40' title="bbox 303 4015 1836 4090; baseline 0.003 -17"><span class='ocrx_word' id='word_1_256' title='bbox 303 4022 486 4078; x_wconf 69' lang='lat' dir='ltr'><strong>Pande</strong></span> <span class='ocrx_word' id='word_1_257' title='bbox 513 4020 706 4084; x_wconf 90' lang='lat' dir='ltr'><strong>libens,</strong></span> <span class='ocrx_word' id='word_1_258' title='bbox 730 4018 986 4090; x_wconf 87' lang='lat' dir='ltr'><strong>quoniam</strong></span> <span class='ocrx_word' id='word_1_259' title='bbox 1010 4015 1234 4072; x_wconf 89' lang='lat' dir='ltr'><strong>rudibus</strong></span> <span class='ocrx_word' id='word_1_260' title='bbox 1256 4030 1361 4070; x_wconf 88' lang='lat' dir='ltr'><strong>non</strong></span> <span class='ocrx_word' id='word_1_261' title='bbox 1386 4019 1599 4087; x_wconf 87' lang='lat' dir='ltr'><strong>cognita</strong></span> <span class='ocrx_word' id='word_1_262' title='bbox 1624 4036 1708 4075; x_wconf 90' lang='lat' dir='ltr'><strong>res</strong></span> <span class='ocrx_word' id='word_1_263' title='bbox 1737 4032 1836 4077; x_wconf 92' lang='lat' dir='ltr'><strong>est.</strong></span> 
     </span>
    </p>
   </div>
   <div class='ocr_carea' id='block_1_41' title="bbox 373 4107 1891 4194">
    <p class='ocr_par' dir='ltr' id='par_1_41' title="bbox 373 4107 1891 4194">
     <span class='ocr_line' id='line_1_41' title="bbox 373 4107 1891 4194; baseline -0.001 -24"><span class='ocrx_word' id='word_1_264' title='bbox 373 4115 611 4170; x_wconf 88' lang='lat' dir='ltr'><strong>Callidus</strong></span> <span class='ocrx_word' id='word_1_265' title='bbox 639 4112 761 4174; x_wconf 87' lang='lat' dir='ltr'><strong>inde</strong></span> <span class='ocrx_word' id='word_1_266' title='bbox 790 4111 954 4166; x_wconf 86' lang='lat' dir='ltr'><strong>draco</strong></span> <span class='ocrx_word' id='word_1_267' title='bbox 979 4153 990 4175; x_wconf 91' lang='lat'><strong>,</strong></span> <span class='ocrx_word' id='word_1_268' title='bbox 1017 4117 1071 4165; x_wconf 92' lang='lat' dir='ltr'><strong>et</strong></span> <span class='ocrx_word' id='word_1_269' title='bbox 1101 4107 1228 4164; x_wconf 91' lang='lat' dir='ltr'><strong>lethi</strong></span> <span class='ocrx_word' id='word_1_270' title='bbox 1253 4117 1364 4162; x_wconf 86' lang='lat' dir='ltr'><strong>tum</strong></span> <span class='ocrx_word' id='word_1_271' title='bbox 1396 4121 1588 4178; x_wconf 82' lang='lat' dir='ltr'><strong>Sponte</strong></span> <span class='ocrx_word' id='word_1_272' title='bbox 1615 4116 1891 4194; x_wconf 76' lang='lat' dir='ltr'><strong>magister,</strong></span> 
     </span>
    </p>
   </div>
   <div class='ocr_carea' id='block_1_42' title="bbox 304 4199 1658 4274">
    <p class='ocr_par' dir='ltr' id='par_1_42' title="bbox 304 4199 1658 4274">
     <span class='ocr_line' id='line_1_42' title="bbox 304 4199 1658 4274; baseline -0.007 -11"><span class='ocrx_word' id='word_1_273' title='bbox 304 4209 585 4264; x_wconf 88' lang='lat' dir='ltr'><strong>lutcritum</strong></span> <span class='ocrx_word' id='word_1_274' title='bbox 607 4207 780 4269; x_wconf 81' lang='lat' dir='ltr'><strong>docet,</strong></span> <span class='ocrx_word' id='word_1_275' title='bbox 828 4211 883 4258; x_wconf 93' lang='lat' dir='ltr'><strong>et</strong></span> <span class='ocrx_word' id='word_1_276' title='bbox 903 4211 1089 4274; x_wconf 87' lang='lat' dir='ltr'><strong>captas</strong></span> <span class='ocrx_word' id='word_1_277' title='bbox 1122 4201 1199 4255; x_wconf 87' lang='lat' dir='ltr'><strong>sic</strong></span> <span class='ocrx_word' id='word_1_278' title='bbox 1222 4199 1363 4254; x_wconf 91' lang='lat' dir='ltr'><strong>fatur</strong></span> <span class='ocrx_word' id='word_1_279' title='bbox 1386 4200 1452 4253; x_wconf 89' lang='lat' dir='ltr'><strong>ad</strong></span> <span class='ocrx_word' id='word_1_280' title='bbox 1481 4217 1658 4256; x_wconf 88' lang='lat' dir='ltr'><strong>aures.</strong></span> 
     </span>
    </p>
   </div>
   <div class='ocr_carea' id='block_1_43' title="bbox 303 4293 1572 4358">
    <p class='ocr_par' dir='ltr' id='par_1_43' title="bbox 303 4293 1572 4358">
     <span class='ocr_line' id='line_1_43' title="bbox 303 4293 1572 4358; baseline -0.007 0"><span class='ocrx_word' id='word_1_281' title='bbox 303 4300 552 4358; x_wconf 84' lang='lat' dir='ltr'><strong>Terroris</strong></span> <span class='ocrx_word' id='word_1_282' title='bbox 580 4314 803 4354; x_wconf 90' lang='lat' dir='ltr'><strong>vacuum</strong></span> <span class='ocrx_word' id='word_1_283' title='bbox 835 4295 1094 4352; x_wconf 79' lang='lat' dir='ltr'><strong>formidas</strong></span> <span class='ocrx_word' id='word_1_284' title='bbox 1118 4293 1318 4350; x_wconf 80' lang='lat' dir='ltr'><strong>femina</strong></span> <span class='ocrx_word' id='word_1_285' title='bbox 1353 4308 1572 4349; x_wconf 90' lang='lat' dir='ltr'><strong>nomen.</strong></span> 
     </span>
    </p>
   </div>
   <div class='ocr_carea' id='block_1_44' title="bbox 302 4387 1586 4460">
    <p class='ocr_par' dir='ltr' id='par_1_44' title="bbox 302 4387 1586 4460">
     <span class='ocr_line' id='line_1_44' title="bbox 302 4387 1586 4460; baseline -0.006 -9"><span class='ocrx_word' id='word_1_286' title='bbox 302 4398 417 4452; x_wconf 89' lang='lat' dir='ltr'><strong>Non</strong></span> <span class='ocrx_word' id='word_1_287' title='bbox 448 4395 630 4451; x_wconf 89' lang='lat' dir='ltr'><strong>veniet</strong></span> <span class='ocrx_word' id='word_1_288' title='bbox 661 4392 811 4449; x_wconf 77' lang='lat' dir='ltr'><strong>Vobis</strong></span> <span class='ocrx_word' id='word_1_289' title='bbox 837 4388 1037 4460; x_wconf 62' lang='lat' dir='ltr'><strong>rapidae</strong></span> <span class='ocrx_word' id='word_1_290' title='bbox 1059 4387 1326 4444; x_wconf 89' lang='lat' dir='ltr'><strong>sententia</strong></span> <span class='ocrx_word' id='word_1_291' title='bbox 1357 4390 1548 4444; x_wconf 89' lang='lat' dir='ltr'><strong>mortis</strong></span> <span class='ocrx_word' id='word_1_292' title='bbox 1577 4408 1586 4443; x_wconf 93' lang='lat'><strong>:</strong></span> 
     </span>
    </p>
   </div>
   <div class='ocr_carea' id='block_1_45' title="bbox 302 4479 1679 4557">
    <p class='ocr_par' dir='ltr' id='par_1_45' title="bbox 302 4479 1679 4557">
     <span class='ocr_line' id='line_1_45' title="bbox 302 4479 1679 4557; baseline -0.007 -12"><span class='ocrx_word' id='word_1_293' title='bbox 302 4488 410 4545; x_wconf 85' lang='lat' dir='ltr'><strong>Sed</strong></span> <span class='ocrx_word' id='word_1_294' title='bbox 442 4496 596 4557; x_wconf 86' lang='lat' dir='ltr'><strong>pater</strong></span> <span class='ocrx_word' id='word_1_295' title='bbox 625 4484 825 4538; x_wconf 88' lang='lat' dir='ltr'><strong>invisus</strong></span> <span class='ocrx_word' id='word_1_296' title='bbox 845 4491 1045 4537; x_wconf 89' lang='lat' dir='ltr'><strong>sortem</strong></span> <span class='ocrx_word' id='word_1_297' title='bbox 1068 4494 1174 4535; x_wconf 89' lang='lat' dir='ltr'><strong>non</strong></span> <span class='ocrx_word' id='word_1_298' title='bbox 1199 4479 1422 4535; x_wconf 90' lang='lat' dir='ltr'><strong>contulit</strong></span> <span class='ocrx_word' id='word_1_299' title='bbox 1449 4495 1679 4550; x_wconf 83' lang='lat' dir='ltr'><strong>aequam,</strong></span> 
     </span>
    </p>
   </div>
   <div class='ocr_carea' id='block_1_46' title="bbox 304 4573 1832 4642">
    <p class='ocr_par' dir='ltr' id='par_1_46' title="bbox 304 4573 1832 4642">
     <span class='ocr_line' id='line_1_46' title="bbox 304 4573 1832 4642; baseline -0.003 -8"><span class='ocrx_word' id='word_1_300' title='bbox 304 4582 416 4636; x_wconf 88' lang='lat' dir='ltr'><strong>Nec</strong></span> <span class='ocrx_word' id='word_1_301' title='bbox 451 4593 548 4634; x_wconf 87' lang='lat' dir='ltr'><strong>vos</strong></span> <span class='ocrx_word' id='word_1_302' title='bbox 578 4578 718 4631; x_wconf 70' lang='lat' dir='ltr'><strong>scire</strong></span> <span class='ocrx_word' id='word_1_303' title='bbox 747 4574 915 4639; x_wconf 91' lang='lat' dir='ltr'><strong>dedit,</strong></span> <span class='ocrx_word' id='word_1_304' title='bbox 949 4573 1166 4629; x_wconf 88' lang='lat' dir='ltr'><strong>sibimet</strong></span> <span class='ocrx_word' id='word_1_305' title='bbox 1192 4587 1310 4642; x_wconf 66' lang='lat' dir='ltr'><strong>quae</strong></span> <span class='ocrx_word' id='word_1_306' title='bbox 1337 4586 1544 4627; x_wconf 88' lang='lat' dir='ltr'><strong>summa</strong></span> <span class='ocrx_word' id='word_1_307' title='bbox 1570 4585 1832 4630; x_wconf 90' lang='lat' dir='ltr'><strong>reservat.</strong></span> 
     </span>
    </p>
   </div>
   <div class='ocr_carea' id='block_1_47' title="bbox 1616 377 2341 447">
    <p class='ocr_par' dir='ltr' id='par_1_47' title="bbox 1616 377 2341 447">
     <span class='ocr_line' id='line_1_47' title="bbox 1616 377 2341 447; baseline 0.018 -13"><span class='ocrx_word' id='word_1_308' title='bbox 1616 377 1992 438; x_wconf 76' lang='lat' dir='ltr'><strong>POEMATUM</strong></span> <span class='ocrx_word' id='word_1_309' title='bbox 2031 381 2236 445; x_wconf 77' lang='lat' dir='ltr'><strong>LIBER</strong></span> <span class='ocrx_word' id='word_1_310' title='bbox 2279 390 2341 447; x_wconf 86' lang='lat' dir='ltr'><strong>ll.</strong></span> 
     </span>
    </p>
   </div>
   <div class='ocr_carea' id='block_1_48' title="bbox 2098 272 2260 285">
    <p class='ocr_par' dir='ltr' id='par_1_48' title="bbox 2098 272 2260 285">
     <span class='ocr_line' id='line_1_48' title="bbox 2098 272 2260 285; baseline 0 -2"><span class='ocrx_word' id='word_1_311' title='bbox 2098 274 2166 285; x_wconf 52' lang='grc' dir='ltr'><strong>τι,</strong></span> <span class='ocrx_word' id='word_1_312' title='bbox 2183 272 2234 284; x_wconf 60' lang='lat' dir='ltr'><strong>‘v</strong></span> <span class='ocrx_word' id='word_1_313' title='bbox 2247 275 2260 283; x_wconf 82' lang='grc' dir='ltr'><strong>-ι</strong></span> 
     </span>
    </p>
   </div>
   <div class='ocr_carea' id='block_1_49' title="bbox 1944 496 3214 586">
    <p class='ocr_par' dir='ltr' id='par_1_49' title="bbox 1944 496 3214 586">
     <span class='ocr_line' id='line_1_49' title="bbox 1944 496 3214 586; baseline 0.011 -33"><span class='ocrx_word' id='word_1_314' title='bbox 1944 496 2002 560; x_wconf 76' lang='grc' dir='ltr'><strong>Δ</strong></span> <span class='ocrx_word' id='word_1_315' title='bbox 2028 498 2286 572; x_wconf 88' lang='lat' dir='ltr'><strong>lujustum</strong></span> <span class='ocrx_word' id='word_1_316' title='bbox 2311 518 2479 576; x_wconf 90' lang='lat' dir='ltr'><strong>recto,</strong></span> <span class='ocrx_word' id='word_1_317' title='bbox 2511 510 2699 586; x_wconf 70' lang='lat' dir='ltr'><strong>falsum</strong></span> <span class='ocrx_word' id='word_1_318' title='bbox 2731 512 3042 570; x_wconf 89' lang='lat' dir='ltr'><strong>discernere</strong></span> <span class='ocrx_word' id='word_1_319' title='bbox 3067 527 3214 569; x_wconf 90' lang='lat' dir='ltr'><strong>vero.</strong></span> 
     </span>
    </p>
   </div>
   <div class='ocr_carea' id='block_1_50' title="bbox 2093 594 3236 671">
    <p class='ocr_par' dir='ltr' id='par_1_50' title="bbox 2093 594 3236 671">
     <span class='ocr_line' id='line_1_50' title="bbox 2093 594 3236 671; baseline 0.012 -25"><span class='ocrx_word' id='word_1_320' title='bbox 2093 594 2238 650; x_wconf 86' lang='lat' dir='ltr'><strong>Talia</strong></span> <span class='ocrx_word' id='word_1_321' title='bbox 2267 596 2438 654; x_wconf 73' lang='lat' dir='ltr'><strong>fallaci</strong></span> <span class='ocrx_word' id='word_1_322' title='bbox 2463 603 2820 671; x_wconf 80' lang='lat' dir='ltr'><strong>Spondentem</strong></span> <span class='ocrx_word' id='word_1_323' title='bbox 2848 605 2987 661; x_wconf 87' lang='lat' dir='ltr'><strong>dona</strong></span> <span class='ocrx_word' id='word_1_324' title='bbox 3017 621 3236 661; x_wconf 85' lang='lat' dir='ltr'><strong>susurro</strong></span> 
     </span>
    </p>
   </div>
   <div class='ocr_carea' id='block_1_51' title="bbox 2018 684 3227 756">
    <p class='ocr_par' dir='ltr' id='par_1_51' title="bbox 2018 684 3227 756">
     <span class='ocr_line' id='line_1_51' title="bbox 2018 684 3227 756; baseline 0.011 -16"><span class='ocrx_word' id='word_1_325' title='bbox 2018 684 2245 742; x_wconf 87' lang='lat' dir='ltr'><strong>Credula</strong></span> <span class='ocrx_word' id='word_1_326' title='bbox 2283 692 2554 748; x_wconf 90' lang='lat' dir='ltr'><strong>submisso</strong></span> <span class='ocrx_word' id='word_1_327' title='bbox 2583 698 2806 752; x_wconf 89' lang='lat' dir='ltr'><strong>miratur</strong></span> <span class='ocrx_word' id='word_1_328' title='bbox 2835 699 3031 754; x_wconf 79' lang='lat' dir='ltr'><strong>femina</strong></span> <span class='ocrx_word' id='word_1_329' title='bbox 3059 700 3227 756; x_wconf 87' lang='lat' dir='ltr'><strong>vultu.</strong></span> 
     </span>
    </p>
   </div>
   <div class='ocr_carea' id='block_1_52' title="bbox 2019 778 3500 858">
    <p class='ocr_par' dir='ltr' id='par_1_52' title="bbox 2019 778 3500 858">
     <span class='ocr_line' id='line_1_52' title="bbox 2019 778 3500 858; baseline 0.013 -27"><span class='ocrx_word' id='word_1_330' title='bbox 2019 778 2086 832; x_wconf 89' lang='lat' dir='ltr'><strong>Et</strong></span> <span class='ocrx_word' id='word_1_331' title='bbox 2110 779 2218 848; x_wconf 86' lang='lat' dir='ltr'><strong>jam</strong></span> <span class='ocrx_word' id='word_1_332' title='bbox 2241 782 2457 854; x_wconf 86' lang='lat' dir='ltr'><strong>jamque</strong></span> <span class='ocrx_word' id='word_1_333' title='bbox 2487 789 2654 858; x_wconf 84' lang='lat' dir='ltr'><strong>magis</strong></span> <span class='ocrx_word' id='word_1_334' title='bbox 2684 793 2920 846; x_wconf 90' lang='lat' dir='ltr'><strong>cunctari</strong></span> <span class='ocrx_word' id='word_1_335' title='bbox 2950 807 3013 848; x_wconf 90' lang='lat' dir='ltr'><strong>ac</strong></span> <span class='ocrx_word' id='word_1_336' title='bbox 3043 794 3258 850; x_wconf 87' lang='lat' dir='ltr'><strong>ﬂectere</strong></span> <span class='ocrx_word' id='word_1_337' title='bbox 3284 808 3500 852; x_wconf 87' lang='lat' dir='ltr'><strong>sensum</strong></span> 
     </span>
    </p>
   </div>
   <div class='ocr_carea' id='block_1_53' title="bbox 2019 869 3385 948">
    <p class='ocr_par' dir='ltr' id='par_1_53' title="bbox 2019 869 3385 948">
     <span class='ocr_line' id='line_1_53' title="bbox 2019 869 3385 948; baseline 0.013 -24"><span class='ocrx_word' id='word_1_338' title='bbox 2019 869 2227 942; x_wconf 89' lang='lat' dir='ltr'><strong>Incipit,</strong></span> <span class='ocrx_word' id='word_1_339' title='bbox 2251 886 2303 929; x_wconf 88' lang='lat' dir='ltr'><strong>et</strong></span> <span class='ocrx_word' id='word_1_340' title='bbox 2335 876 2551 932; x_wconf 83' lang='lat' dir='ltr'><strong>dubiam</strong></span> <span class='ocrx_word' id='word_1_341' title='bbox 2580 879 2726 935; x_wconf 89' lang='lat' dir='ltr'><strong>letho</strong></span> <span class='ocrx_word' id='word_1_342' title='bbox 2759 883 2876 948; x_wconf 87' lang='lat' dir='ltr'><strong>plus</strong></span> <span class='ocrx_word' id='word_1_343' title='bbox 2903 884 3100 940; x_wconf 88' lang='lat' dir='ltr'><strong>addere</strong></span> <span class='ocrx_word' id='word_1_344' title='bbox 3130 897 3385 942; x_wconf 91' lang='lat' dir='ltr'><strong>mentem.</strong></span> 
     </span>
    </p>
   </div>
   <div class='ocr_carea' id='block_1_54' title="bbox 2016 961 3170 1043">
    <p class='ocr_par' dir='ltr' id='par_1_54' title="bbox 2016 961 3170 1043">
     <span class='ocr_line' id='line_1_54' title="bbox 2016 961 3170 1043; baseline 0.011 -26"><span class='ocrx_word' id='word_1_345' title='bbox 2016 961 2110 1018; x_wconf 84' lang='lat' dir='ltr'><strong>Ille</strong></span> <span class='ocrx_word' id='word_1_346' title='bbox 2132 976 2188 1019; x_wconf 92' lang='lat' dir='ltr'><strong>ut</strong></span> <span class='ocrx_word' id='word_1_347' title='bbox 2213 967 2390 1023; x_wconf 91' lang='lat' dir='ltr'><strong>vicino</strong></span> <span class='ocrx_word' id='word_1_348' title='bbox 2418 971 2608 1027; x_wconf 85' lang='lat' dir='ltr'><strong>vietam</strong></span> <span class='ocrx_word' id='word_1_349' title='bbox 2637 973 2953 1030; x_wconf 90' lang='lat' dir='ltr'><strong>discrimine</strong></span> <span class='ocrx_word' id='word_1_350' title='bbox 2983 978 3170 1043; x_wconf 89' lang='lat' dir='ltr'><strong>sensit,</strong></span> 
     </span>
    </p>
   </div>
   <div class='ocr_carea' id='block_1_55' title="bbox 1932 1058 3599 1142">
    <p class='ocr_par' dir='ltr' id='par_1_55' title="bbox 1932 1058 3599 1142">
     <span class='ocr_line' id='line_1_55' title="bbox 1932 1058 3599 1142; baseline 0.012 -32"><span class='ocrx_word' id='word_1_351' title='bbox 1932 1113 1936 1116; x_wconf 73' lang='grc'>,</span> <span class='ocrx_word' id='word_1_352' title='bbox 2016 1058 2191 1128; x_wconf 89' lang='lat' dir='ltr'><strong>Atque</strong></span> <span class='ocrx_word' id='word_1_353' title='bbox 2221 1060 2411 1116; x_wconf 85' lang='lat' dir='ltr'><strong>iterum</strong></span> <span class='ocrx_word' id='word_1_354' title='bbox 2441 1080 2635 1120; x_wconf 90' lang='lat' dir='ltr'><strong>nomen</strong></span> <span class='ocrx_word' id='word_1_355' title='bbox 2667 1083 2972 1123; x_wconf 86' lang='lat' dir='ltr'><strong>memorans</strong></span> <span class='ocrx_word' id='word_1_356' title='bbox 3017 1085 3305 1142; x_wconf 90' lang='lat' dir='ltr'><strong>arcemque</strong></span> <span class='ocrx_word' id='word_1_357' title='bbox 3352 1071 3599 1140; x_wconf 87' lang='lat' dir='ltr'><strong>deorum,</strong></span> 
     </span>
    </p>
   </div>
   <div class='ocr_carea' id='block_1_56' title="bbox 2016 1147 3269 1216">
    <p class='ocr_par' dir='ltr' id='par_1_56' title="bbox 2016 1147 3269 1216">
     <span class='ocr_line' id='line_1_56' title="bbox 2016 1147 3269 1216; baseline 0.01 -13"><span class='ocrx_word' id='word_1_358' title='bbox 2016 1147 2192 1204; x_wconf 89' lang='lat' dir='ltr'><strong>Unum</strong></span> <span class='ocrx_word' id='word_1_359' title='bbox 2223 1151 2290 1208; x_wconf 93' lang='lat' dir='ltr'><strong>de</strong></span> <span class='ocrx_word' id='word_1_360' title='bbox 2315 1157 2520 1210; x_wconf 90' lang='lat' dir='ltr'><strong>cunctis</strong></span> <span class='ocrx_word' id='word_1_361' title='bbox 2551 1157 2730 1212; x_wconf 87' lang='lat' dir='ltr'><strong>letbali</strong></span> <span class='ocrx_word' id='word_1_362' title='bbox 2757 1174 2820 1214; x_wconf 90' lang='lat' dir='ltr'><strong>ex</strong></span> <span class='ocrx_word' id='word_1_363' title='bbox 2850 1159 3044 1216; x_wconf 89' lang='lat' dir='ltr'><strong>arbore</strong></span> <span class='ocrx_word' id='word_1_364' title='bbox 3069 1163 3269 1215; x_wconf 88' lang='lat' dir='ltr'><strong>malum</strong></span> 
     </span>
    </p>
   </div>
   <div class='ocr_carea' id='block_1_57' title="bbox 2019 1241 3377 1322">
    <p class='ocr_par' dir='ltr' id='par_1_57' title="bbox 2019 1241 3377 1322">
     <span class='ocr_line' id='line_1_57' title="bbox 2019 1241 3377 1322; baseline 0.012 -27"><span class='ocrx_word' id='word_1_365' title='bbox 2019 1241 2282 1311; x_wconf 89' lang='lat' dir='ltr'><strong>Detrahit,</strong></span> <span class='ocrx_word' id='word_1_366' title='bbox 2312 1255 2369 1302; x_wconf 91' lang='lat' dir='ltr'><strong>et</strong></span> <span class='ocrx_word' id='word_1_367' title='bbox 2398 1251 2544 1303; x_wconf 88' lang='lat' dir='ltr'><strong>suavi</strong></span> <span class='ocrx_word' id='word_1_368' title='bbox 2574 1251 2854 1321; x_wconf 90' lang='lat' dir='ltr'><strong>pulchrum</strong></span> <span class='ocrx_word' id='word_1_369' title='bbox 2888 1254 3159 1322; x_wconf 59' lang='lat' dir='ltr'><strong>perfundit</strong></span> <span class='ocrx_word' id='word_1_370' title='bbox 3188 1254 3377 1319; x_wconf 87' lang='lat' dir='ltr'><strong>odore.</strong></span> 
     </span>
    </p>
   </div>
   <div class='ocr_carea' id='block_1_58' title="bbox 2012 1329 3347 1414">
    <p class='ocr_par' dir='ltr' id='par_1_58' title="bbox 2012 1329 3347 1414">
     <span class='ocr_line' id='line_1_58' title="bbox 2012 1329 3347 1414; baseline 0.011 -29"><span class='ocrx_word' id='word_1_371' title='bbox 2012 1329 2274 1390; x_wconf 90' lang='lat' dir='ltr'><strong>Conciliat</strong></span> <span class='ocrx_word' id='word_1_372' title='bbox 2297 1341 2551 1409; x_wconf 76' lang='lat' dir='ltr'><strong>speciem,</strong></span> <span class='ocrx_word' id='word_1_373' title='bbox 2587 1344 2900 1414; x_wconf 86' lang='lat' dir='ltr'><strong>nutantique</strong></span> <span class='ocrx_word' id='word_1_374' title='bbox 2927 1347 3144 1414; x_wconf 91' lang='lat' dir='ltr'><strong>insuper</strong></span> <span class='ocrx_word' id='word_1_375' title='bbox 3172 1347 3347 1401; x_wconf 77' lang='lat' dir='ltr'><strong>olfert.</strong></span> 
     </span>
    </p>
   </div>
   <div class='ocr_carea' id='block_1_59' title="bbox 2012 1423 3524 1495">
    <p class='ocr_par' dir='ltr' id='par_1_59' title="bbox 2012 1423 3524 1495">
     <span class='ocr_line' id='line_1_59' title="bbox 2012 1423 3524 1495; baseline 0.011 -17"><span class='ocrx_word' id='word_1_376' title='bbox 2012 1423 2122 1479; x_wconf 87' lang='lat' dir='ltr'><strong>Nec</strong></span> <span class='ocrx_word' id='word_1_377' title='bbox 2147 1429 2353 1495; x_wconf 89' lang='lat' dir='ltr'><strong>spernit</strong></span> <span class='ocrx_word' id='word_1_378' title='bbox 2378 1432 2630 1487; x_wconf 90' lang='lat' dir='ltr'><strong>miserum</strong></span> <span class='ocrx_word' id='word_1_379' title='bbox 2666 1435 2856 1491; x_wconf 88' lang='lat' dir='ltr'><strong>mulier</strong></span> <span class='ocrx_word' id='word_1_380' title='bbox 2883 1437 3018 1492; x_wconf 91' lang='lat' dir='ltr'><strong>male</strong></span> <span class='ocrx_word' id='word_1_381' title='bbox 3051 1438 3267 1493; x_wconf 88' lang='lat' dir='ltr'><strong>credula</strong></span> <span class='ocrx_word' id='word_1_382' title='bbox 3311 1453 3524 1494; x_wconf 78' lang='lat' dir='ltr'><strong>munus.</strong></span> 
     </span>
    </p>
   </div>
   <div class='ocr_carea' id='block_1_60' title="bbox 2012 1513 3415 1594">
    <p class='ocr_par' dir='ltr' id='par_1_60' title="bbox 2012 1513 3415 1594">
     <span class='ocr_line' id='line_1_60' title="bbox 2012 1513 3415 1594; baseline 0.011 -26"><span class='ocrx_word' id='word_1_383' title='bbox 2012 1513 2117 1569; x_wconf 90' lang='lat' dir='ltr'><strong>Sed</strong></span> <span class='ocrx_word' id='word_1_384' title='bbox 2142 1519 2358 1587; x_wconf 86' lang='lat' dir='ltr'><strong>capiens</strong></span> <span class='ocrx_word' id='word_1_385' title='bbox 2387 1524 2634 1578; x_wconf 89' lang='lat' dir='ltr'><strong>manibus</strong></span> <span class='ocrx_word' id='word_1_386' title='bbox 2666 1541 2883 1594; x_wconf 91' lang='lat' dir='ltr'><strong>pomum</strong></span> <span class='ocrx_word' id='word_1_387' title='bbox 2916 1527 3110 1584; x_wconf 90' lang='lat' dir='ltr'><strong>lethale</strong></span> <span class='ocrx_word' id='word_1_388' title='bbox 3143 1538 3415 1584; x_wconf 88' lang='lat' dir='ltr'><strong>retractat.</strong></span> 
     </span>
    </p>
   </div>
   <div class='ocr_carea' id='block_1_61' title="bbox 2014 1604 3314 1687">
    <p class='ocr_par' dir='ltr' id='par_1_61' title="bbox 2014 1604 3314 1687">
     <span class='ocr_line' id='line_1_61' title="bbox 2014 1604 3314 1687; baseline 0.013 -29"><span class='ocrx_word' id='word_1_389' title='bbox 2014 1604 2240 1663; x_wconf 80' lang='lat' dir='ltr'><strong>Naribus</strong></span> <span class='ocrx_word' id='word_1_390' title='bbox 2271 1611 2820 1687; x_wconf 89' lang='lat' dir='ltr'><strong>interdum-labiisque</strong></span> <span class='ocrx_word' id='word_1_391' title='bbox 2849 1621 3149 1686; x_wconf 86' lang='lat' dir='ltr'><strong>patentibus</strong></span> <span class='ocrx_word' id='word_1_392' title='bbox 3173 1622 3314 1675; x_wconf 92' lang='lat' dir='ltr'><strong>ultro</strong></span> 
     </span>
    </p>
   </div>
   <div class='ocr_carea' id='block_1_62' title="bbox 2016 1699 3268 1774">
    <p class='ocr_par' dir='ltr' id='par_1_62' title="bbox 2016 1699 3268 1774">
     <span class='ocr_line' id='line_1_62' title="bbox 2016 1699 3268 1774; baseline 0.014 -23"><span class='ocrx_word' id='word_1_393' title='bbox 2016 1699 2214 1770; x_wconf 88' lang='lat' dir='ltr'><strong>.lungit,</strong></span> <span class='ocrx_word' id='word_1_394' title='bbox 2254 1713 2305 1758; x_wconf 90' lang='lat' dir='ltr'><strong>et</strong></span> <span class='ocrx_word' id='word_1_395' title='bbox 2334 1705 2585 1774; x_wconf 80' lang='lat' dir='ltr'><strong>ignorans</strong></span> <span class='ocrx_word' id='word_1_396' title='bbox 2616 1710 2748 1763; x_wconf 90' lang='lat' dir='ltr'><strong>ludit</strong></span> <span class='ocrx_word' id='word_1_397' title='bbox 2776 1712 2843 1766; x_wconf 88' lang='lat' dir='ltr'><strong>de</strong></span> <span class='ocrx_word' id='word_1_398' title='bbox 2868 1727 3041 1767; x_wconf 90' lang='lat' dir='ltr'><strong>morte</strong></span> <span class='ocrx_word' id='word_1_399' title='bbox 3072 1713 3268 1768; x_wconf 90' lang='lat' dir='ltr'><strong>futura.</strong></span> 
     </span>
    </p>
   </div>
   <div class='ocr_carea' id='block_1_63' title="bbox 2087 1792 3416 1874">
    <p class='ocr_par' dir='ltr' id='par_1_63' title="bbox 2087 1792 3416 1874">
     <span class='ocr_line' id='line_1_63' title="bbox 2087 1792 3416 1874; baseline 0.011 -29"><span class='ocrx_word' id='word_1_400' title='bbox 2087 1792 2131 1845; x_wconf 87' lang='grc'>0</span> <span class='ocrx_word' id='word_1_401' title='bbox 2160 1795 2370 1862; x_wconf 90' lang='lat' dir='ltr'><strong>quoties</strong></span> <span class='ocrx_word' id='word_1_402' title='bbox 2399 1797 2480 1852; x_wconf 90' lang='lat' dir='ltr'><strong>ori</strong></span> <span class='ocrx_word' id='word_1_403' title='bbox 2519 1799 2793 1856; x_wconf 90' lang='lat' dir='ltr'><strong>admotum</strong></span> <span class='ocrx_word' id='word_1_404' title='bbox 2824 1814 3142 1873; x_wconf 89' lang='lat' dir='ltr'><strong>compuncta</strong></span> <span class='ocrx_word' id='word_1_405' title='bbox 3173 1807 3416 1874; x_wconf 84' lang='lat' dir='ltr'><strong>retraxit,</strong></span> 
     </span>
    </p>
   </div>
   <div class='ocr_carea' id='block_1_64' title="bbox 1933 1876 3384 1970">
    <p class='ocr_par' dir='ltr' id='par_1_64' title="bbox 1933 1876 3384 1970">
     <span class='ocr_line' id='line_1_64' title="bbox 1933 1876 3384 1970; baseline 0.012 -35"><span class='ocrx_word' id='word_1_406' title='bbox 1933 1876 1982 1935; x_wconf 84' lang='grc' dir='ltr'><strong>Β</strong></span> <span class='ocrx_word' id='word_1_407' title='bbox 2013 1884 2350 1954; x_wconf 85' lang='lat' dir='ltr'><strong>Audacisque</strong></span> <span class='ocrx_word' id='word_1_408' title='bbox 2379 1889 2502 1943; x_wconf 90' lang='lat' dir='ltr'><strong>mali</strong></span> <span class='ocrx_word' id='word_1_409' title='bbox 2545 1893 2778 1946; x_wconf 88' lang='lat' dir='ltr'><strong>titubans</strong></span> <span class='ocrx_word' id='word_1_410' title='bbox 2805 1895 2904 1948; x_wconf 93' lang='lat' dir='ltr'><strong>sub</strong></span> <span class='ocrx_word' id='word_1_411' title='bbox 2933 1895 3170 1964; x_wconf 87' lang='lat' dir='ltr'><strong>pondere</strong></span> <span class='ocrx_word' id='word_1_412' title='bbox 3199 1896 3384 1970; x_wconf 82' lang='lat' dir='ltr'><strong>dextra</strong></span> 
     </span>
    </p>
   </div>
   <div class='ocr_carea' id='block_1_65' title="bbox 2011 1970 3416 2059">
    <p class='ocr_par' dir='ltr' id='par_1_65' title="bbox 2011 1970 3416 2059">
     <span class='ocr_line' id='line_1_65' title="bbox 2011 1970 3416 2059; baseline 0.013 -34"><span class='ocrx_word' id='word_1_413' title='bbox 2011 1970 2206 2040; x_wconf 84' lang='lat' dir='ltr'><strong>Cessit,</strong></span> <span class='ocrx_word' id='word_1_414' title='bbox 2239 1984 2295 2030; x_wconf 90' lang='lat' dir='ltr'><strong>et</strong></span> <span class='ocrx_word' id='word_1_415' title='bbox 2322 1978 2571 2033; x_wconf 80' lang='lat' dir='ltr'><strong>elleetum</strong></span> <span class='ocrx_word' id='word_1_416' title='bbox 2602 1983 2822 2038; x_wconf 87' lang='lat' dir='ltr'><strong>sceleris</strong></span> <span class='ocrx_word' id='word_1_417' title='bbox 2853 1985 3162 2041; x_wconf 87' lang='lat' dir='ltr'><strong>tremefacta</strong></span> <span class='ocrx_word' id='word_1_418' title='bbox 3194 1988 3416 2059; x_wconf 86' lang='lat' dir='ltr'><strong>refugit!</strong></span> 
     </span>
    </p>
   </div>
   <div class='ocr_carea' id='block_1_66' title="bbox 2013 2068 3488 2151">
    <p class='ocr_par' dir='ltr' id='par_1_66' title="bbox 2013 2068 3488 2151">
     <span class='ocr_line' id='line_1_66' title="bbox 2013 2068 3488 2151; baseline 0.014 -32"><span class='ocrx_word' id='word_1_419' title='bbox 2013 2068 2122 2121; x_wconf 88' lang='lat' dir='ltr'><strong>Diis</strong></span> <span class='ocrx_word' id='word_1_420' title='bbox 2153 2079 2328 2125; x_wconf 89' lang='lat' dir='ltr'><strong>tamen</strong></span> <span class='ocrx_word' id='word_1_421' title='bbox 2353 2089 2473 2127; x_wconf 80' lang='lat' dir='ltr'><strong>esse</strong></span> <span class='ocrx_word' id='word_1_422' title='bbox 2498 2077 2645 2145; x_wconf 91' lang='lat' dir='ltr'><strong>cupit</strong></span> <span class='ocrx_word' id='word_1_423' title='bbox 2675 2079 2882 2142; x_wconf 89' lang='lat' dir='ltr'><strong>similis,</strong></span> <span class='ocrx_word' id='word_1_424' title='bbox 2921 2081 3194 2151; x_wconf 87' lang='lat' dir='ltr'><strong>serpitque</strong></span> <span class='ocrx_word' id='word_1_425' title='bbox 3223 2095 3488 2140; x_wconf 84' lang='lat' dir='ltr'><strong>venenum</strong></span> 
     </span>
    </p>
   </div>
   <div class='ocr_carea' id='block_1_67' title="bbox 2010 2157 3397 2239">
    <p class='ocr_par' dir='ltr' id='par_1_67' title="bbox 2010 2157 3397 2239">
     <span class='ocr_line' id='line_1_67' title="bbox 2010 2157 3397 2239; baseline 0.014 -31"><span class='ocrx_word' id='word_1_426' title='bbox 2010 2157 2316 2213; x_wconf 88' lang='lat' dir='ltr'><strong>Ambitione</strong></span> <span class='ocrx_word' id='word_1_427' title='bbox 2341 2177 2574 2226; x_wconf 84' lang='lat' dir='ltr'><strong>nocens;</strong></span> <span class='ocrx_word' id='word_1_428' title='bbox 2610 2167 2822 2235; x_wconf 86' lang='lat' dir='ltr'><strong>rapiunt</strong></span> <span class='ocrx_word' id='word_1_429' title='bbox 2846 2172 3113 2224; x_wconf 81' lang='lat' dir='ltr'><strong>contraria</strong></span> <span class='ocrx_word' id='word_1_430' title='bbox 3141 2181 3397 2239; x_wconf 90' lang='lat' dir='ltr'><strong>mentem,</strong></span> 
     </span>
    </p>
   </div>
   <div class='ocr_carea' id='block_1_68' title="bbox 2014 2247 3438 2334">
    <p class='ocr_par' dir='ltr' id='par_1_68' title="bbox 2014 2247 3438 2334">
     <span class='ocr_line' id='line_1_68' title="bbox 2014 2247 3438 2334; baseline 0.014 -34"><span class='ocrx_word' id='word_1_431' title='bbox 2014 2247 2145 2301; x_wconf 90' lang='lat' dir='ltr'><strong>llinc</strong></span> <span class='ocrx_word' id='word_1_432' title='bbox 2169 2266 2342 2316; x_wconf 90' lang='lat' dir='ltr'><strong>amor,</strong></span> <span class='ocrx_word' id='word_1_433' title='bbox 2378 2253 2499 2308; x_wconf 88' lang='lat' dir='ltr'><strong>inde</strong></span> <span class='ocrx_word' id='word_1_434' title='bbox 2532 2266 2737 2322; x_wconf 87' lang='lat' dir='ltr'><strong>metus;</strong></span> <span class='ocrx_word' id='word_1_435' title='bbox 2767 2259 3212 2330; x_wconf 88' lang='lat' dir='ltr'><strong>pulsatjaetantia</strong></span> <span class='ocrx_word' id='word_1_436' title='bbox 3245 2263 3438 2334; x_wconf 88' lang='lat' dir='ltr'><strong>legem,</strong></span> 
     </span>
    </p>
   </div>
   <div class='ocr_carea' id='block_1_69' title="bbox 2007 2341 3440 2426">
    <p class='ocr_par' dir='ltr' id='par_1_69' title="bbox 2007 2341 3440 2426">
     <span class='ocr_line' id='line_1_69' title="bbox 2007 2341 3440 2426; baseline 0.012 -31"><span class='ocrx_word' id='word_1_437' title='bbox 2007 2341 2384 2416; x_wconf 89' lang='lat' dir='ltr'><strong>Interdumque</strong></span> <span class='ocrx_word' id='word_1_438' title='bbox 2412 2348 2572 2402; x_wconf 87' lang='lat' dir='ltr'><strong>etiam</strong></span> <span class='ocrx_word' id='word_1_439' title='bbox 2604 2349 2685 2404; x_wconf 83' lang='lat' dir='ltr'><strong>lex</strong></span> <span class='ocrx_word' id='word_1_440' title='bbox 2716 2351 2995 2418; x_wconf 87' lang='lat' dir='ltr'><strong>subvenit;</strong></span> <span class='ocrx_word' id='word_1_441' title='bbox 3028 2364 3220 2410; x_wconf 78' lang='lat' dir='ltr'><strong>:estuat</strong></span> <span class='ocrx_word' id='word_1_442' title='bbox 3244 2370 3440 2426; x_wconf 85' lang='lat' dir='ltr'><strong>auceps</strong></span> 
     </span>
    </p>
   </div>
   <div class='ocr_carea' id='block_1_70' title="bbox 2008 2431 3247 2510">
    <p class='ocr_par' dir='ltr' id='par_1_70' title="bbox 2008 2431 3247 2510">
     <span class='ocr_line' id='line_1_70' title="bbox 2008 2431 3247 2510; baseline 0.013 -25"><span class='ocrx_word' id='word_1_443' title='bbox 2008 2431 2216 2488; x_wconf 87' lang='lat' dir='ltr'><strong>Dividui</strong></span> <span class='ocrx_word' id='word_1_444' title='bbox 2247 2436 2425 2491; x_wconf 89' lang='lat' dir='ltr'><strong>cordis</strong></span> <span class='ocrx_word' id='word_1_445' title='bbox 2452 2437 2584 2492; x_wconf 85' lang='lat' dir='ltr'><strong>dura</strong></span> <span class='ocrx_word' id='word_1_446' title='bbox 2613 2439 2752 2496; x_wconf 90' lang='lat' dir='ltr'><strong>inter</strong></span> <span class='ocrx_word' id='word_1_447' title='bbox 2785 2443 2966 2510; x_wconf 65' lang='lat' dir='ltr'><strong>praelia</strong></span> <span class='ocrx_word' id='word_1_448' title='bbox 2996 2443 3208 2500; x_wconf 87' lang='lat' dir='ltr'><strong>fluctus.</strong></span> <span class='ocrx_word' id='word_1_449' title='bbox 3245 2445 3247 2448; x_wconf 37' lang='grc'><em>⁴</em></span> 
     </span>
    </p>
   </div>
   <div class='ocr_carea' id='block_1_71' title="bbox 2006 2522 3328 2606">
    <p class='ocr_par' dir='ltr' id='par_1_71' title="bbox 2006 2522 3328 2606">
     <span class='ocr_line' id='line_1_71' title="bbox 2006 2522 3328 2606; baseline 0.012 -29"><span class='ocrx_word' id='word_1_450' title='bbox 2006 2522 2115 2578; x_wconf 91' lang='lat' dir='ltr'><strong>Nec</strong></span> <span class='ocrx_word' id='word_1_451' title='bbox 2147 2536 2320 2580; x_wconf 84' lang='lat' dir='ltr'><strong>tamen</strong></span> <span class='ocrx_word' id='word_1_452' title='bbox 2353 2529 2596 2584; x_wconf 88' lang='lat' dir='ltr'><strong>incentor</strong></span> <span class='ocrx_word' id='word_1_453' title='bbox 2622 2533 2833 2588; x_wconf 87' lang='lat' dir='ltr'><strong>desistit</strong></span> <span class='ocrx_word' id='word_1_454' title='bbox 2860 2534 3047 2590; x_wconf 88' lang='lat' dir='ltr'><strong>fallere</strong></span> <span class='ocrx_word' id='word_1_455' title='bbox 3070 2550 3328 2606; x_wconf 88' lang='lat' dir='ltr'><strong>serpens;</strong></span> 
     </span>
    </p>
   </div>
   <div class='ocr_carea' id='block_1_72' title="bbox 2005 2614 3438 2698">
    <p class='ocr_par' dir='ltr' id='par_1_72' title="bbox 2005 2614 3438 2698">
     <span class='ocr_line' id='line_1_72' title="bbox 2005 2614 3438 2698; baseline 0.011 -31"><span class='ocrx_word' id='word_1_456' title='bbox 2005 2614 2359 2685; x_wconf 83' lang='lat' dir='ltr'><strong>Ostentatque</strong></span> <span class='ocrx_word' id='word_1_457' title='bbox 2400 2619 2577 2675; x_wconf 87' lang='lat' dir='ltr'><strong>cibum</strong></span> <span class='ocrx_word' id='word_1_458' title='bbox 2611 2622 2809 2692; x_wconf 63' lang='lat' dir='ltr'><strong>dubiae,</strong></span> <span class='ocrx_word' id='word_1_459' title='bbox 2842 2627 3190 2698; x_wconf 78' lang='lat' dir='ltr'><strong>queriturque</strong></span> <span class='ocrx_word' id='word_1_460' title='bbox 3217 2630 3438 2686; x_wconf 87' lang='lat' dir='ltr'><strong>morari.</strong></span> 
     </span>
    </p>
   </div>
   <div class='ocr_carea' id='block_1_73' title="bbox 2007 2707 3308 2787">
    <p class='ocr_par' dir='ltr' id='par_1_73' title="bbox 2007 2707 3308 2787">
     <span class='ocr_line' id='line_1_73' title="bbox 2007 2707 3308 2787; baseline 0.012 -27"><span class='ocrx_word' id='word_1_461' title='bbox 2007 2707 2072 2761; x_wconf 80' lang='lat' dir='ltr'><strong>Et</strong></span> <span class='ocrx_word' id='word_1_462' title='bbox 2096 2708 2248 2775; x_wconf 89' lang='lat' dir='ltr'><strong>juvat</strong></span> <span class='ocrx_word' id='word_1_463' title='bbox 2281 2715 2330 2763; x_wconf 89' lang='lat' dir='ltr'><strong>iu</strong></span> <span class='ocrx_word' id='word_1_464' title='bbox 2365 2711 2568 2781; x_wconf 69' lang='lat' dir='ltr'><strong>lapsum</strong></span> <span class='ocrx_word' id='word_1_465' title='bbox 2605 2717 2888 2784; x_wconf 89' lang='lat' dir='ltr'><strong>pendentis</strong></span> <span class='ocrx_word' id='word_1_466' title='bbox 2918 2733 3086 2787; x_wconf 88' lang='lat' dir='ltr'><strong>prona</strong></span> <span class='ocrx_word' id='word_1_467' title='bbox 3117 2721 3308 2776; x_wconf 66' lang='lat' dir='ltr'><strong>ruinae.</strong></span> 
     </span>
    </p>
   </div>
   <div class='ocr_carea' id='block_1_74' title="bbox 2076 2800 3285 2880">
    <p class='ocr_par' dir='ltr' id='par_1_74' title="bbox 2076 2800 3285 2880">
     <span class='ocr_line' id='line_1_74' title="bbox 2076 2800 3285 2880; baseline 0.009 -24"><span class='ocrx_word' id='word_1_468' title='bbox 2076 2800 2144 2856; x_wconf 88' lang='lat' dir='ltr'><strong>Ut</strong></span> <span class='ocrx_word' id='word_1_469' title='bbox 2176 2801 2386 2857; x_wconf 89' lang='lat' dir='ltr'><strong>tandem</strong></span> <span class='ocrx_word' id='word_1_470' title='bbox 2416 2806 2563 2859; x_wconf 78' lang='lat' dir='ltr'><strong>victa:</strong></span> <span class='ocrx_word' id='word_1_471' title='bbox 2586 2809 2800 2876; x_wconf 87' lang='lat' dir='ltr'><strong>gravior</strong></span> <span class='ocrx_word' id='word_1_472' title='bbox 2825 2811 3093 2864; x_wconf 89' lang='lat' dir='ltr'><strong>sententia</strong></span> <span class='ocrx_word' id='word_1_473' title='bbox 3125 2811 3285 2880; x_wconf 88' lang='lat' dir='ltr'><strong>sedit,</strong></span> 
     </span>
    </p>
   </div>
   <div class='ocr_carea' id='block_1_75' title="bbox 2003 2894 3375 2974">
    <p class='ocr_par' dir='ltr' id='par_1_75' title="bbox 2003 2894 3375 2974">
     <span class='ocr_line' id='line_1_75' title="bbox 2003 2894 3375 2974; baseline 0.008 -24"><span class='ocrx_word' id='word_1_474' title='bbox 2003 2894 2285 2952; x_wconf 63' lang='lat' dir='ltr'><strong>IEtcruam</strong></span> <span class='ocrx_word' id='word_1_475' title='bbox 2318 2909 2524 2955; x_wconf 70' lang='lat' dir='ltr'><strong>tentare</strong></span> <span class='ocrx_word' id='word_1_476' title='bbox 2554 2902 2744 2958; x_wconf 90' lang='lat' dir='ltr'><strong>famem</strong></span> <span class='ocrx_word' id='word_1_477' title='bbox 2778 2920 2872 2973; x_wconf 87' lang='lat' dir='ltr'><strong>per</strong></span> <span class='ocrx_word' id='word_1_478' title='bbox 2900 2905 3139 2960; x_wconf 87' lang='lat' dir='ltr'><strong>criminis</strong></span> <span class='ocrx_word' id='word_1_479' title='bbox 3176 2921 3375 2974; x_wconf 90' lang='lat' dir='ltr'><strong>escam,</strong></span> 
     </span>
    </p>
   </div>
   <div class='ocr_carea' id='block_1_76' title="bbox 2002 2989 3318 3067">
    <p class='ocr_par' dir='ltr' id='par_1_76' title="bbox 2002 2989 3318 3067">
     <span class='ocr_line' id='line_1_76' title="bbox 2002 2989 3318 3067; baseline 0.008 -25"><span class='ocrx_word' id='word_1_480' title='bbox 2002 2989 2318 3058; x_wconf 79' lang='lat' dir='ltr'><strong>Serpentem</strong></span> <span class='ocrx_word' id='word_1_481' title='bbox 2351 2993 2548 3046; x_wconf 83' lang='lat' dir='ltr'><strong>satiare</strong></span> <span class='ocrx_word' id='word_1_482' title='bbox 2577 2994 2696 3048; x_wconf 90' lang='lat' dir='ltr'><strong>cibo</strong></span> <span class='ocrx_word' id='word_1_483' title='bbox 2722 3011 2880 3065; x_wconf 91' lang='lat' dir='ltr'><strong>quem</strong></span> <span class='ocrx_word' id='word_1_484' title='bbox 2914 3005 3152 3052; x_wconf 89' lang='lat' dir='ltr'><strong>sumeret</strong></span> <span class='ocrx_word' id='word_1_485' title='bbox 3180 2999 3318 3067; x_wconf 89' lang='lat' dir='ltr'><strong>ipsa,</strong></span> 
     </span>
    </p>
   </div>
   <div class='ocr_carea' id='block_1_77' title="bbox 2003 3083 3373 3156">
    <p class='ocr_par' dir='ltr' id='par_1_77' title="bbox 2003 3083 3373 3156">
     <span class='ocr_line' id='line_1_77' title="bbox 2003 3083 3373 3156; baseline 0.009 -21"><span class='ocrx_word' id='word_1_486' title='bbox 2003 3083 2206 3135; x_wconf 87' lang='lat' dir='ltr'><strong>Annuit</strong></span> <span class='ocrx_word' id='word_1_487' title='bbox 2232 3083 2460 3150; x_wconf 88' lang='lat' dir='ltr'><strong>insidiis,</strong></span> <span class='ocrx_word' id='word_1_488' title='bbox 2496 3102 2821 3156; x_wconf 77' lang='lat' dir='ltr'><strong>pontumque</strong></span> <span class='ocrx_word' id='word_1_489' title='bbox 2847 3099 3031 3143; x_wconf 86' lang='lat' dir='ltr'><strong>vorata</strong></span> <span class='ocrx_word' id='word_1_490' title='bbox 3065 3086 3373 3147; x_wconf 80' lang='lat' dir='ltr'><strong>momordit.</strong></span> 
     </span>
    </p>
   </div>
   <div class='ocr_carea' id='block_1_78' title="bbox 2007 3174 3396 3253">
    <p class='ocr_par' dir='ltr' id='par_1_78' title="bbox 2007 3174 3396 3253">
     <span class='ocr_line' id='line_1_78' title="bbox 2007 3174 3396 3253; baseline 0.01 -27"><span class='ocrx_word' id='word_1_491' title='bbox 2007 3174 2166 3227; x_wconf 86' lang='lat' dir='ltr'><strong>Dulce</strong></span> <span class='ocrx_word' id='word_1_492' title='bbox 2195 3175 2339 3229; x_wconf 89' lang='lat' dir='ltr'><strong>subit</strong></span> <span class='ocrx_word' id='word_1_493' title='bbox 2366 3181 2530 3242; x_wconf 83' lang='lat' dir='ltr'><strong>virus,</strong></span> <span class='ocrx_word' id='word_1_494' title='bbox 2565 3181 2776 3247; x_wconf 60' lang='lat' dir='ltr'><strong>capitur</strong></span> <span class='ocrx_word' id='word_1_495' title='bbox 2801 3195 2943 3234; x_wconf 92' lang='lat' dir='ltr'><strong>mors</strong></span> <span class='ocrx_word' id='word_1_496' title='bbox 2976 3181 3192 3236; x_wconf 85' lang='lat' dir='ltr'><strong>horrida</strong></span> <span class='ocrx_word' id='word_1_497' title='bbox 3223 3193 3396 3253; x_wconf 86' lang='lat' dir='ltr'><strong>pastu.</strong></span> 
     </span>
    </p>
   </div>
   <div class='ocr_carea' id='block_1_79' title="bbox 1923 3247 3448 3346">
    <p class='ocr_par' dir='ltr' id='par_1_79' title="bbox 1923 3247 3448 3346">
     <span class='ocr_line' id='line_1_79' title="bbox 1923 3247 3448 3346; baseline 0.01 -29"><span class='ocrx_word' id='word_1_498' title='bbox 1923 3247 1972 3309; x_wconf 72' lang='grc' dir='ltr'>Ο</span> <span class='ocrx_word' id='word_1_499' title='bbox 2003 3263 2252 3318; x_wconf 88' lang='lat' dir='ltr'><strong>Contiuet</strong></span> <span class='ocrx_word' id='word_1_500' title='bbox 2277 3265 2360 3320; x_wconf 88' lang='lat' dir='ltr'><strong>hic</strong></span> <span class='ocrx_word' id='word_1_501' title='bbox 2392 3268 2622 3335; x_wconf 90' lang='lat' dir='ltr'><strong>primum</strong></span> <span class='ocrx_word' id='word_1_502' title='bbox 2649 3283 2743 3323; x_wconf 88' lang='lat' dir='ltr'><strong>sua</strong></span> <span class='ocrx_word' id='word_1_503' title='bbox 2775 3271 2964 3338; x_wconf 73' lang='lat' dir='ltr'><strong>gaudia</strong></span> <span class='ocrx_word' id='word_1_504' title='bbox 2988 3247 3448 3346; x_wconf 30' lang='lat' dir='ltr'><strong>callidus’anguis,</strong></span> 
     </span>
    </p>
   </div>
   <div class='ocr_carea' id='block_1_80' title="bbox 2005 3354 3415 3436">
    <p class='ocr_par' dir='ltr' id='par_1_80' title="bbox 2005 3354 3415 3436">
     <span class='ocr_line' id='line_1_80' title="bbox 2005 3354 3415 3436; baseline 0.012 -30"><span class='ocrx_word' id='word_1_505' title='bbox 2005 3354 2415 3426; x_wconf 89' lang='lat' dir='ltr'><strong>Dissimulatquc</strong></span> <span class='ocrx_word' id='word_1_506' title='bbox 2447 3359 2618 3414; x_wconf 86' lang='lat' dir='ltr'><strong>ferum</strong></span> <span class='ocrx_word' id='word_1_507' title='bbox 2649 3361 2869 3416; x_wconf 90' lang='lat' dir='ltr'><strong>victoria</strong></span> <span class='ocrx_word' id='word_1_508' title='bbox 2897 3378 3036 3417; x_wconf 65' lang='lat' dir='ltr'><strong>saeva</strong></span> <span class='ocrx_word' id='word_1_509' title='bbox 3065 3365 3415 3436; x_wconf 87' lang='lat' dir='ltr'><strong>triumphum.</strong></span> 
     </span>
    </p>
   </div>
   <div class='ocr_carea' id='block_1_81' title="bbox 2079 3449 3182 3524">
    <p class='ocr_par' dir='ltr' id='par_1_81' title="bbox 2079 3449 3182 3524">
     <span class='ocr_line' id='line_1_81' title="bbox 2079 3449 3182 3524; baseline 0.011 -23"><span class='ocrx_word' id='word_1_510' title='bbox 2079 3449 2297 3517; x_wconf 72' lang='lat' dir='ltr'><strong>Ignarus</strong></span> <span class='ocrx_word' id='word_1_511' title='bbox 2328 3451 2451 3504; x_wconf 89' lang='lat' dir='ltr'><strong>facti</strong></span> <span class='ocrx_word' id='word_1_512' title='bbox 2482 3452 2694 3507; x_wconf 87' lang='lat' dir='ltr'><strong>diversa</strong></span> <span class='ocrx_word' id='word_1_513' title='bbox 2730 3464 2880 3524; x_wconf 87' lang='lat' dir='ltr'><strong>parte</strong></span> <span class='ocrx_word' id='word_1_514' title='bbox 2907 3467 3182 3513; x_wconf 90' lang='lat' dir='ltr'><strong>revertens</strong></span> 
     </span>
    </p>
   </div>
   <div class='ocr_carea' id='block_1_82' title="bbox 2003 3538 3163 3620">
    <p class='ocr_par' dir='ltr' id='par_1_82' title="bbox 2003 3538 3163 3620">
     <span class='ocr_line' id='line_1_82' title="bbox 2003 3538 3163 3620; baseline 0.01 -28"><span class='ocrx_word' id='word_1_515' title='bbox 2003 3538 2172 3592; x_wconf 87' lang='lat' dir='ltr'><strong>Adam</strong></span> <span class='ocrx_word' id='word_1_516' title='bbox 2201 3539 2380 3595; x_wconf 82' lang='lat' dir='ltr'><strong>dill&#39;usi</strong></span> <span class='ocrx_word' id='word_1_517' title='bbox 2409 3541 2563 3595; x_wconf 65' lang='lat' dir='ltr'><strong>laetus</strong></span> <span class='ocrx_word' id='word_1_518' title='bbox 2595 3557 2690 3612; x_wconf 87' lang='lat' dir='ltr'><strong>per</strong></span> <span class='ocrx_word' id='word_1_519' title='bbox 2714 3547 2958 3615; x_wconf 84' lang='lat' dir='ltr'><strong>gramina</strong></span> <span class='ocrx_word' id='word_1_520' title='bbox 2989 3551 3163 3620; x_wconf 87' lang='lat' dir='ltr'><strong>campi</strong></span> 
     </span>
    </p>
   </div>
   <div class='ocr_carea' id='block_1_83' title="bbox 2001 3629 3406 3714">
    <p class='ocr_par' dir='ltr' id='par_1_83' title="bbox 2001 3629 3406 3714">
     <span class='ocr_line' id='line_1_83' title="bbox 2001 3629 3406 3714; baseline 0.016 -32"><span class='ocrx_word' id='word_1_521' title='bbox 2001 3629 2258 3700; x_wconf 81' lang='lat' dir='ltr'><strong>Coujugis</strong></span> <span class='ocrx_word' id='word_1_522' title='bbox 2288 3633 2567 3702; x_wconf 82' lang='lat' dir='ltr'><strong>amplexus</strong></span> <span class='ocrx_word' id='word_1_523' title='bbox 2604 3645 2764 3707; x_wconf 88' lang='lat' dir='ltr'><strong>atque</strong></span> <span class='ocrx_word' id='word_1_524' title='bbox 2793 3640 2972 3694; x_wconf 90' lang='lat' dir='ltr'><strong>oscula</strong></span> <span class='ocrx_word' id='word_1_525' title='bbox 3001 3635 3146 3697; x_wconf 83' lang='lat' dir='ltr'><strong>easta</strong></span> <span class='ocrx_word' id='word_1_526' title='bbox 3177 3646 3406 3714; x_wconf 87' lang='lat' dir='ltr'><strong>petebat.</strong></span> 
     </span>
    </p>
   </div>
   <div class='ocr_carea' id='block_1_84' title="bbox 2000 3721 3254 3806">
    <p class='ocr_par' dir='ltr' id='par_1_84' title="bbox 2000 3721 3254 3806">
     <span class='ocr_line' id='line_1_84' title="bbox 2000 3721 3254 3806; baseline 0.014 -30"><span class='ocrx_word' id='word_1_527' title='bbox 2000 3721 2238 3778; x_wconf 88' lang='lat' dir='ltr'><strong>Occurrit</strong></span> <span class='ocrx_word' id='word_1_528' title='bbox 2276 3725 2486 3791; x_wconf 70' lang='lat' dir='ltr'><strong>mulier,</strong></span> <span class='ocrx_word' id='word_1_529' title='bbox 2520 3729 2604 3782; x_wconf 91' lang='lat' dir='ltr'><strong>cui</strong></span> <span class='ocrx_word' id='word_1_530' title='bbox 2629 3737 2753 3785; x_wconf 92' lang='lat' dir='ltr'><strong>tunc</strong></span> <span class='ocrx_word' id='word_1_531' title='bbox 2775 3731 2997 3788; x_wconf 83' lang='lat' dir='ltr'><strong>audacia</strong></span> <span class='ocrx_word' id='word_1_532' title='bbox 3023 3737 3254 3806; x_wconf 90' lang='lat' dir='ltr'><strong>primum</strong></span> 
     </span>
    </p>
   </div>
   <div class='ocr_carea' id='block_1_85' title="bbox 2000 3815 3292 3890">
    <p class='ocr_par' dir='ltr' id='par_1_85' title="bbox 2000 3815 3292 3890">
     <span class='ocr_line' id='line_1_85' title="bbox 2000 3815 3292 3890; baseline 0.015 -20"><span class='ocrx_word' id='word_1_533' title='bbox 2000 3815 2191 3873; x_wconf 84' lang='lat' dir='ltr'><strong>Flabat</strong></span> <span class='ocrx_word' id='word_1_534' title='bbox 2222 3818 2481 3877; x_wconf 89' lang='lat' dir='ltr'><strong>femineos</strong></span> <span class='ocrx_word' id='word_1_535' title='bbox 2513 3824 2752 3881; x_wconf 87' lang='lat' dir='ltr'><strong>animosa</strong></span> <span class='ocrx_word' id='word_1_536' title='bbox 2785 3827 2838 3883; x_wconf 91' lang='lat' dir='ltr'><strong>in</strong></span> <span class='ocrx_word' id='word_1_537' title='bbox 2869 3830 3033 3886; x_wconf 88' lang='lat' dir='ltr'><strong>corda</strong></span> <span class='ocrx_word' id='word_1_538' title='bbox 3063 3829 3292 3890; x_wconf 88' lang='lat' dir='ltr'><strong>furores.</strong></span> 
     </span>
    </p>
   </div>
   <div class='ocr_carea' id='block_1_86' title="bbox 2004 3911 3333 3996">
    <p class='ocr_par' dir='ltr' id='par_1_86' title="bbox 2004 3911 3333 3996">
     <span class='ocr_line' id='line_1_86' title="bbox 2004 3911 3333 3996; baseline 0.013 -31"><span class='ocrx_word' id='word_1_539' title='bbox 2004 3911 2071 3965; x_wconf 88' lang='lat' dir='ltr'><strong>Et</strong></span> <span class='ocrx_word' id='word_1_540' title='bbox 2099 3912 2177 3967; x_wconf 81' lang='lat' dir='ltr'><strong>sic</strong></span> <span class='ocrx_word' id='word_1_541' title='bbox 2199 3927 2319 3968; x_wconf 89' lang='lat' dir='ltr'><strong>orsa</strong></span> <span class='ocrx_word' id='word_1_542' title='bbox 2354 3914 2520 3986; x_wconf 82' lang='lat' dir='ltr'><strong>loqui,</strong></span> <span class='ocrx_word' id='word_1_543' title='bbox 2553 3932 2822 3974; x_wconf 88' lang='lat' dir='ltr'><strong>semesum</strong></span> <span class='ocrx_word' id='word_1_544' title='bbox 2853 3935 3084 3994; x_wconf 89' lang='lat' dir='ltr'><strong>namque</strong></span> <span class='ocrx_word' id='word_1_545' title='bbox 3111 3926 3333 3996; x_wconf 81' lang='lat' dir='ltr'><strong>gerebat</strong></span> 
     </span>
    </p>
   </div>
   <div class='ocr_carea' id='block_1_87' title="bbox 2001 4003 3255 4077">
    <p class='ocr_par' dir='ltr' id='par_1_87' title="bbox 2001 4003 3255 4077">
     <span class='ocr_line' id='line_1_87' title="bbox 2001 4003 3255 4077; baseline 0.015 -22"><span class='ocrx_word' id='word_1_546' title='bbox 2001 4003 2302 4058; x_wconf 85' lang='lat' dir='ltr'><strong>Asservans</strong></span> <span class='ocrx_word' id='word_1_547' title='bbox 2333 4007 2528 4061; x_wconf 89' lang='lat' dir='ltr'><strong>misero</strong></span> <span class='ocrx_word' id='word_1_548' title='bbox 2561 4023 2774 4077; x_wconf 92' lang='lat' dir='ltr'><strong>pomum</strong></span> <span class='ocrx_word' id='word_1_549' title='bbox 2802 4013 3019 4068; x_wconf 79' lang='lat' dir='ltr'><strong>exitiale</strong></span> <span class='ocrx_word' id='word_1_550' title='bbox 3043 4017 3255 4074; x_wconf 89' lang='lat' dir='ltr'><strong>marito.</strong></span> 
     </span>
    </p>
   </div>
   <div class='ocr_carea' id='block_1_88' title="bbox 2001 4093 3346 4178">
    <p class='ocr_par' dir='ltr' id='par_1_88' title="bbox 2001 4093 3346 4178">
     <span class='ocr_line' id='line_1_88' title="bbox 2001 4093 3346 4178; baseline 0.01 -29"><span class='ocrx_word' id='word_1_551' title='bbox 2001 4094 2163 4149; x_wconf 89' lang='lat' dir='ltr'><strong>Sume</strong></span> <span class='ocrx_word' id='word_1_552' title='bbox 2193 4093 2370 4148; x_wconf 91' lang='lat' dir='ltr'><strong>cibum</strong></span> <span class='ocrx_word' id='word_1_553' title='bbox 2399 4095 2572 4154; x_wconf 90' lang='lat' dir='ltr'><strong>dulcis</strong></span> <span class='ocrx_word' id='word_1_554' title='bbox 2600 4100 2744 4154; x_wconf 89' lang='lat' dir='ltr'><strong>vitali</strong></span> <span class='ocrx_word' id='word_1_555' title='bbox 2773 4117 2837 4156; x_wconf 87' lang='lat' dir='ltr'><strong>ex</strong></span> <span class='ocrx_word' id='word_1_556' title='bbox 2860 4105 3100 4172; x_wconf 89' lang='lat' dir='ltr'><strong>germine</strong></span> <span class='ocrx_word' id='word_1_557' title='bbox 3129 4108 3346 4178; x_wconf 91' lang='lat' dir='ltr'><strong>conjux,</strong></span> 
     </span>
    </p>
   </div>
   <div class='ocr_carea' id='block_1_89' title="bbox 2001 4184 3350 4264">
    <p class='ocr_par' dir='ltr' id='par_1_89' title="bbox 2001 4184 3350 4264">
     <span class='ocr_line' id='line_1_89' title="bbox 2001 4184 3350 4264; baseline 0.011 -28"><span class='ocrx_word' id='word_1_558' title='bbox 2001 4184 2152 4250; x_wconf 86' lang='lat' dir='ltr'><strong>Quod</strong></span> <span class='ocrx_word' id='word_1_559' title='bbox 2177 4186 2404 4240; x_wconf 79' lang='lat' dir='ltr'><strong>similem</strong></span> <span class='ocrx_word' id='word_1_560' title='bbox 2434 4205 2644 4242; x_wconf 84' lang='lat' dir='ltr'><strong>summo</strong></span> <span class='ocrx_word' id='word_1_561' title='bbox 2673 4191 2827 4245; x_wconf 82' lang='lat' dir='ltr'><strong>faciet</strong></span> <span class='ocrx_word' id='word_1_562' title='bbox 2857 4201 2910 4247; x_wconf 87' lang='lat' dir='ltr'><strong>te</strong></span> <span class='ocrx_word' id='word_1_563' title='bbox 2937 4195 3071 4250; x_wconf 90' lang='lat' dir='ltr'><strong>forte</strong></span> <span class='ocrx_word' id='word_1_564' title='bbox 3101 4195 3350 4264; x_wconf 88' lang='lat' dir='ltr'><strong>Tonanti,</strong></span> 
     </span>
    </p>
   </div>
   <div class='ocr_carea' id='block_1_90' title="bbox 2001 4275 3490 4348">
    <p class='ocr_par' dir='ltr' id='par_1_90' title="bbox 2001 4275 3490 4348">
     <span class='ocr_line' id='line_1_90' title="bbox 2001 4275 3490 4348; baseline 0.011 -18"><span class='ocrx_word' id='word_1_565' title='bbox 2001 4275 2427 4347; x_wconf 86' lang='lat' dir='ltr'><strong>Numinibusque</strong></span> <span class='ocrx_word' id='word_1_566' title='bbox 2454 4294 2670 4348; x_wconf 70' lang='lat' dir='ltr'><strong>parem;</strong></span> <span class='ocrx_word' id='word_1_567' title='bbox 2697 4297 2800 4346; x_wconf 84' lang='lat' dir='ltr'><strong>non</strong></span> <span class='ocrx_word' id='word_1_568' title='bbox 2834 4282 2932 4338; x_wconf 89' lang='lat' dir='ltr'><strong>hoc</strong></span> <span class='ocrx_word' id='word_1_569' title='bbox 2962 4284 3055 4339; x_wconf 90' lang='lat' dir='ltr'><strong>tibi</strong></span> <span class='ocrx_word' id='word_1_570' title='bbox 3089 4287 3267 4343; x_wconf 85' lang='lat' dir='ltr'><strong>nescia</strong></span> <span class='ocrx_word' id='word_1_571' title='bbox 3294 4289 3490 4345; x_wconf 89' lang='lat' dir='ltr'><strong>donum</strong></span> 
     </span>
    </p>
   </div>
   <div class='ocr_carea' id='block_1_91' title="bbox 2003 4367 3438 4451">
    <p class='ocr_par' dir='ltr' id='par_1_91' title="bbox 2003 4367 3438 4451">
     <span class='ocr_line' id='line_1_91' title="bbox 2003 4367 3438 4451; baseline 0.009 -30"><span class='ocrx_word' id='word_1_572' title='bbox 2003 4367 2107 4428; x_wconf 85' lang='lat' dir='ltr'><strong>Sed</strong></span> <span class='ocrx_word' id='word_1_573' title='bbox 2133 4368 2239 4439; x_wconf 86' lang='lat' dir='ltr'><strong>jam</strong></span> <span class='ocrx_word' id='word_1_574' title='bbox 2272 4369 2425 4423; x_wconf 87' lang='lat' dir='ltr'><strong>docta</strong></span> <span class='ocrx_word' id='word_1_575' title='bbox 2460 4369 2602 4436; x_wconf 81' lang='lat' dir='ltr'><strong>fero;</strong></span> <span class='ocrx_word' id='word_1_576' title='bbox 2637 4372 2838 4440; x_wconf 91' lang='lat' dir='ltr'><strong>primus</strong></span> <span class='ocrx_word' id='word_1_577' title='bbox 2871 4391 2984 4451; x_wconf 80' lang='lat' dir='ltr'><strong>mei</strong></span> <span class='ocrx_word' id='word_1_578' title='bbox 3021 4375 3223 4432; x_wconf 86' lang='lat' dir='ltr'><strong>viscera</strong></span> <span class='ocrx_word' id='word_1_579' title='bbox 3251 4390 3438 4449; x_wconf 83' lang='lat' dir='ltr'><strong>gustus</strong></span> 
     </span>
    </p>
   </div>
   <div class='ocr_carea' id='block_1_92' title="bbox 2003 4461 3198 4540">
    <p class='ocr_par' dir='ltr' id='par_1_92' title="bbox 2003 4461 3198 4540">
     <span class='ocr_line' id='line_1_92' title="bbox 2003 4461 3198 4540; baseline 0.006 -24"><span class='ocrx_word' id='word_1_580' title='bbox 2003 4463 2210 4533; x_wconf 82' lang='lat' dir='ltr'><strong>Attigit,</strong></span> <span class='ocrx_word' id='word_1_581' title='bbox 2247 4461 2434 4517; x_wconf 92' lang='lat' dir='ltr'><strong>audaci</strong></span> <span class='ocrx_word' id='word_1_582' title='bbox 2465 4463 2762 4519; x_wconf 90' lang='lat' dir='ltr'><strong>dissolvens</strong></span> <span class='ocrx_word' id='word_1_583' title='bbox 2794 4475 2942 4535; x_wconf 85' lang='lat' dir='ltr'><strong>pacta</strong></span> <span class='ocrx_word' id='word_1_584' title='bbox 2975 4469 3198 4540; x_wconf 88' lang='lat' dir='ltr'><strong>periclo.</strong></span> 
     </span>
    </p>
   </div>
   <div class='ocr_carea' id='block_1_93' title="bbox 2002 4553 3585 4625">
    <p class='ocr_par' dir='ltr' id='par_1_93' title="bbox 2002 4553 3585 4625">
     <span class='ocr_line' id='line_1_93' title="bbox 2002 4553 3585 4625; baseline 0.011 -17"><span class='ocrx_word' id='word_1_585' title='bbox 2002 4553 2174 4609; x_wconf 89' lang='lat' dir='ltr'><strong>Crede</strong></span> <span class='ocrx_word' id='word_1_586' title='bbox 2201 4554 2395 4619; x_wconf 88' lang='lat' dir='ltr'><strong>libens,</strong></span> <span class='ocrx_word' id='word_1_587' title='bbox 2430 4565 2665 4610; x_wconf 87' lang='lat' dir='ltr'><strong>mentem</strong></span> <span class='ocrx_word' id='word_1_588' title='bbox 2710 4559 2885 4613; x_wconf 83' lang='lat' dir='ltr'><strong>scelus</strong></span> <span class='ocrx_word' id='word_1_589' title='bbox 2931 4569 3007 4615; x_wconf 91' lang='lat' dir='ltr'><strong>est</strong></span> <span class='ocrx_word' id='word_1_590' title='bbox 3060 4561 3335 4619; x_wconf 82' lang='lat' dir='ltr'><strong>dubitasse</strong></span> <span class='ocrx_word' id='word_1_591' title='bbox 3377 4565 3585 4625; x_wconf 88' lang='lat' dir='ltr'><strong>virilem</strong></span> 
     </span>
    </p>
   </div>
   <div class='ocr_carea' id='block_1_94' title="bbox 302 4627 3391 4745">
    <p class='ocr_par' dir='ltr' id='par_1_94' title="bbox 302 4627 3391 4745">
     <span class='ocr_line' id='line_1_94' title="bbox 302 4627 3391 4745; baseline -0.003 -14"><span class='ocrx_word' id='word_1_592' title='bbox 302 4675 442 4744; x_wconf 84' lang='lat' dir='ltr'><strong>Quid</strong></span> <span class='ocrx_word' id='word_1_593' title='bbox 464 4676 611 4745; x_wconf 79' lang='lat' dir='ltr'><strong>juVat</strong></span> <span class='ocrx_word' id='word_1_594' title='bbox 634 4681 876 4726; x_wconf 83' lang='lat' dir='ltr'><strong>ornatum</strong></span> <span class='ocrx_word' id='word_1_595' title='bbox 899 4666 1212 4737; x_wconf 87' lang='lat' dir='ltr'><strong>comprendi</strong></span> <span class='ocrx_word' id='word_1_596' title='bbox 1241 4675 1334 4722; x_wconf 90' lang='lat' dir='ltr'><strong>aut</strong></span> <span class='ocrx_word' id='word_1_597' title='bbox 1358 4681 1584 4723; x_wconf 89' lang='lat' dir='ltr'><strong>cernere</strong></span> <span class='ocrx_word' id='word_1_598' title='bbox 1610 4647 1890 4737; x_wconf 85' lang='lat' dir='ltr'><strong>mundum,</strong></span> <span class='ocrx_word' id='word_1_599' title='bbox 1919 4627 1975 4689; x_wconf 61' lang='grc' dir='ltr'><strong><em>Β</em></strong></span> <span class='ocrx_word' id='word_1_600' title='bbox 2001 4647 2152 4745; x_wconf 55' lang='grc' dir='ltr'><strong>ῼιξθά</strong></span> <span class='ocrx_word' id='word_1_601' title='bbox 2179 4647 2371 4701; x_wconf 68' lang='lat' dir='ltr'><strong>“mlier</strong></span> <span class='ocrx_word' id='word_1_602' title='bbox 2399 4648 2544 4716; x_wconf 77' lang='grc' dir='ltr'><strong>Ροιυί</strong></span> <span class='ocrx_word' id='word_1_603' title='bbox 2571 4664 2585 4711; x_wconf 66' lang='grc' dir='ltr'>ὅ</span> <span class='ocrx_word' id='word_1_604' title='bbox 2621 4651 2924 4717; x_wconf 68' lang='grc' dir='ltr'><strong>βταέοεάοτο</strong></span> <span class='ocrx_word' id='word_1_605' title='bbox 2955 4650 3091 4707; x_wconf 72' lang='grc' dir='ltr'><strong>Ῐοτῑθ</strong></span> <span class='ocrx_word' id='word_1_606' title='bbox 3129 4654 3353 4710; x_wconf 63' lang='grc' dir='ltr'><strong>ιίηιθῦαε</strong></span> <span class='ocrx_word' id='word_1_607' title='bbox 3377 4673 3391 4723; x_wconf 88' lang='grc'><strong>;</strong></span> 
     </span>
    </p>
   </div>
   <div class='ocr_carea' id='block_1_95' title="bbox 306 4761 1582 4825">
    <p class='ocr_par' dir='ltr' id='par_1_95' title="bbox 306 4761 1582 4825">
     <span class='ocr_line' id='line_1_95' title="bbox 306 4761 1582 4825; baseline -0.009 0"><span class='ocrx_word' id='word_1_608' title='bbox 306 4771 370 4825; x_wconf 85' lang='lat' dir='ltr'><strong>Et</strong></span> <span class='ocrx_word' id='word_1_609' title='bbox 396 4782 567 4824; x_wconf 60' lang='lat' dir='ltr'><strong>caecas</strong></span> <span class='ocrx_word' id='word_1_610' title='bbox 598 4765 798 4820; x_wconf 90' lang='lat' dir='ltr'><strong>misero</strong></span> <span class='ocrx_word' id='word_1_611' title='bbox 825 4761 1069 4816; x_wconf 89' lang='lat' dir='ltr'><strong>concludi</strong></span> <span class='ocrx_word' id='word_1_612' title='bbox 1100 4775 1316 4816; x_wconf 88' lang='lat' dir='ltr'><strong>carcere</strong></span> <span class='ocrx_word' id='word_1_613' title='bbox 1340 4761 1582 4815; x_wconf 87' lang='lat' dir='ltr'><strong>mentes?</strong></span> 
     </span>
    </p>
   </div>
   <div class='ocr_carea' id='block_1_96' title="bbox 303 4852 1677 4932">
    <p class='ocr_par' dir='ltr' id='par_1_96' title="bbox 303 4852 1677 4932">
     <span class='ocr_line' id='line_1_96' title="bbox 303 4852 1677 4932; baseline -0.007 -16"><span class='ocrx_word' id='word_1_614' title='bbox 303 4863 609 4932; x_wconf 82' lang='lat' dir='ltr'><strong>Corporeos</strong></span> <span class='ocrx_word' id='word_1_615' title='bbox 629 4859 828 4928; x_wconf 88' lang='lat' dir='ltr'><strong>pariter</strong></span> <span class='ocrx_word' id='word_1_616' title='bbox 849 4868 1042 4912; x_wconf 88' lang='lat' dir='ltr'><strong>sensus</strong></span> <span class='ocrx_word' id='word_1_617' title='bbox 1063 4894 1077 4920; x_wconf 88' lang='lat'><strong>,</strong></span> <span class='ocrx_word' id='word_1_618' title='bbox 1111 4852 1407 4922; x_wconf 90' lang='lat' dir='ltr'><strong>oculosque</strong></span> <span class='ocrx_word' id='word_1_619' title='bbox 1438 4861 1677 4921; x_wconf 86' lang='lat' dir='ltr'><strong>patentes</strong></span> 
     </span>
    </p>
   </div>
   <div class='ocr_carea' id='block_1_97' title="bbox 301 4945 1536 5009">
    <p class='ocr_par' dir='ltr' id='par_1_97' title="bbox 301 4945 1536 5009">
     <span class='ocr_line' id='line_1_97' title="bbox 301 4945 1536 5009; baseline -0.006 -3"><span class='ocrx_word' id='word_1_620' title='bbox 301 4955 393 5009; x_wconf 78' lang='lat' dir='ltr'><strong>Sic</strong></span> <span class='ocrx_word' id='word_1_621' title='bbox 417 4953 586 5009; x_wconf 90' lang='lat' dir='ltr'><strong>brutis</strong></span> <span class='ocrx_word' id='word_1_622' title='bbox 609 4960 795 5004; x_wconf 88' lang='lat' dir='ltr'><strong>natura</strong></span> <span class='ocrx_word' id='word_1_623' title='bbox 819 4954 985 5009; x_wconf 87' lang='lat' dir='ltr'><strong>creat,</strong></span> <span class='ocrx_word' id='word_1_624' title='bbox 1019 4945 1095 4998; x_wconf 92' lang='lat' dir='ltr'><strong>sol</strong></span> <span class='ocrx_word' id='word_1_625' title='bbox 1126 4945 1377 5006; x_wconf 83' lang='lat' dir='ltr'><strong>omnibus</strong></span> <span class='ocrx_word' id='word_1_626' title='bbox 1397 4959 1536 4999; x_wconf 81' lang='lat' dir='ltr'><strong>unus</strong></span> 
     </span>
    </p>
   </div>
   <div class='ocr_carea' id='block_1_98' title="bbox 306 5035 1524 5114">
    <p class='ocr_par' dir='ltr' id='par_1_98' title="bbox 306 5035 1524 5114">
     <span class='ocr_line' id='line_1_98' title="bbox 306 5035 1524 5114; baseline -0.012 -9"><span class='ocrx_word' id='word_1_627' title='bbox 306 5049 506 5114; x_wconf 88' lang='lat' dir='ltr'><strong>Servit,</strong></span> <span class='ocrx_word' id='word_1_628' title='bbox 533 5055 589 5101; x_wconf 91' lang='lat' dir='ltr'><strong>et</strong></span> <span class='ocrx_word' id='word_1_629' title='bbox 615 5043 849 5098; x_wconf 86' lang='lat' dir='ltr'><strong>humano</strong></span> <span class='ocrx_word' id='word_1_630' title='bbox 872 5054 978 5094; x_wconf 91' lang='lat' dir='ltr'><strong>non</strong></span> <span class='ocrx_word' id='word_1_631' title='bbox 1001 5037 1161 5091; x_wconf 89' lang='lat' dir='ltr'><strong>distat</strong></span> <span class='ocrx_word' id='word_1_632' title='bbox 1180 5037 1355 5092; x_wconf 88' lang='lat' dir='ltr'><strong>bellua</strong></span> <span class='ocrx_word' id='word_1_633' title='bbox 1385 5035 1524 5090; x_wconf 91' lang='lat' dir='ltr'><strong>visu.</strong></span> 
     </span>
    </p>
   </div>
   <div class='ocr_carea' id='block_1_99' title="bbox 204 5125 1854 5213">
    <p class='ocr_par' dir='ltr' id='par_1_99' title="bbox 204 5125 1854 5213">
     <span class='ocr_line' id='line_1_99' title="bbox 204 5125 1854 5213; baseline -0.008 -19"><span class='ocrx_word' id='word_1_634' title='bbox 204 5190 219 5213; x_wconf 29' lang='grc' dir='ltr'>ι</span> <span class='ocrx_word' id='word_1_635' title='bbox 304 5139 602 5195; x_wconf 88' lang='lat' dir='ltr'><strong>Consilium</strong></span> <span class='ocrx_word' id='word_1_636' title='bbox 627 5149 780 5203; x_wconf 87' lang='lat' dir='ltr'><strong>mage</strong></span> <span class='ocrx_word' id='word_1_637' title='bbox 811 5145 966 5187; x_wconf 89' lang='lat' dir='ltr'><strong>sume</strong></span> <span class='ocrx_word' id='word_1_638' title='bbox 998 5143 1174 5182; x_wconf 91' lang='lat' dir='ltr'><strong>meum</strong></span> <span class='ocrx_word' id='word_1_639' title='bbox 1201 5167 1214 5192; x_wconf 93' lang='lat'><strong>,</strong></span> <span class='ocrx_word' id='word_1_640' title='bbox 1239 5135 1582 5195; x_wconf 89' lang='lat' dir='ltr'><strong>mentemque</strong></span> <span class='ocrx_word' id='word_1_641' title='bbox 1609 5125 1854 5197; x_wconf 79' lang='lat' dir='ltr'><strong>supernis</strong></span> 
     </span>
    </p>
   </div>
   <div class='ocr_carea' id='block_1_100' title="bbox 303 5217 1617 5296">
    <p class='ocr_par' dir='ltr' id='par_1_100' title="bbox 303 5217 1617 5296">
     <span class='ocr_line' id='line_1_100' title="bbox 303 5217 1617 5296; baseline -0.014 -9"><span class='ocrx_word' id='word_1_642' title='bbox 303 5231 510 5296; x_wconf 85' lang='lat' dir='ltr'><strong>Insere,</strong></span> <span class='ocrx_word' id='word_1_643' title='bbox 539 5235 594 5283; x_wconf 87' lang='lat' dir='ltr'><strong>et</strong></span> <span class='ocrx_word' id='word_1_644' title='bbox 626 5233 834 5282; x_wconf 90' lang='lat' dir='ltr'><strong>erectos</strong></span> <span class='ocrx_word' id='word_1_645' title='bbox 865 5223 918 5276; x_wconf 91' lang='lat' dir='ltr'><strong>iu</strong></span> <span class='ocrx_word' id='word_1_646' title='bbox 947 5219 1140 5275; x_wconf 71' lang='lat' dir='ltr'><strong>cmlum</strong></span> <span class='ocrx_word' id='word_1_647' title='bbox 1165 5217 1379 5287; x_wconf 88' lang='lat' dir='ltr'><strong>porrige</strong></span> <span class='ocrx_word' id='word_1_648' title='bbox 1407 5230 1617 5271; x_wconf 89' lang='lat' dir='ltr'><strong>sensus.</strong></span> 
     </span>
    </p>
   </div>
   <div class='ocr_carea' id='block_1_101' title="bbox 309 5306 1887 5393">
    <p class='ocr_par' dir='ltr' id='par_1_101' title="bbox 309 5306 1887 5393">
     <span class='ocr_line' id='line_1_101' title="bbox 309 5306 1887 5393; baseline -0.011 -14"><span class='ocrx_word' id='word_1_649' title='bbox 309 5324 549 5393; x_wconf 80' lang='lat' dir='ltr'><strong>Namque</strong></span> <span class='ocrx_word' id='word_1_650' title='bbox 582 5320 682 5374; x_wconf 86' lang='lat' dir='ltr'><strong>hoc</strong></span> <span class='ocrx_word' id='word_1_651' title='bbox 706 5314 849 5386; x_wconf 91' lang='lat' dir='ltr'><strong>quod</strong></span> <span class='ocrx_word' id='word_1_652' title='bbox 880 5312 1100 5368; x_wconf 89' lang='lat' dir='ltr'><strong>vetitum</strong></span> <span class='ocrx_word' id='word_1_653' title='bbox 1129 5306 1385 5363; x_wconf 90' lang='lat' dir='ltr'><strong>formidas</strong></span> <span class='ocrx_word' id='word_1_654' title='bbox 1409 5315 1625 5376; x_wconf 83' lang='lat' dir='ltr'><strong>tangere</strong></span> <span class='ocrx_word' id='word_1_655' title='bbox 1651 5323 1887 5378; x_wconf 88' lang='lat' dir='ltr'><strong>pomum;</strong></span> 
     </span>
    </p>
   </div>
   <div class='ocr_carea' id='block_1_102' title="bbox 309 5401 1665 5480">
    <p class='ocr_par' dir='ltr' id='par_1_102' title="bbox 309 5401 1665 5480">
     <span class='ocr_line' id='line_1_102' title="bbox 309 5401 1665 5480; baseline -0.012 -10"><span class='ocrx_word' id='word_1_656' title='bbox 309 5417 460 5472; x_wconf 88' lang='lat' dir='ltr'><strong>Scire</strong></span> <span class='ocrx_word' id='word_1_657' title='bbox 489 5412 634 5467; x_wconf 90' lang='lat' dir='ltr'><strong>dabit</strong></span> <span class='ocrx_word' id='word_1_658' title='bbox 655 5419 988 5480; x_wconf 59' lang='lat' dir='ltr'><strong>quacunque.</strong></span> <span class='ocrx_word' id='word_1_659' title='bbox 1019 5411 1171 5472; x_wconf 89' lang='lat' dir='ltr'><strong>pater</strong></span> <span class='ocrx_word' id='word_1_660' title='bbox 1199 5409 1410 5455; x_wconf 89' lang='lat' dir='ltr'><strong>secreta</strong></span> <span class='ocrx_word' id='word_1_661' title='bbox 1437 5401 1665 5470; x_wconf 91' lang='lat' dir='ltr'><strong>reponit.</strong></span> 
     </span>
    </p>
   </div>
   <div class='ocr_carea' id='block_1_103' title="bbox 306 5489 1690 5572">
    <p class='ocr_par' dir='ltr' id='par_1_103' title="bbox 306 5489 1690 5572">
     <span class='ocr_line' id='line_1_103' title="bbox 306 5489 1690 5572; baseline -0.014 -7"><span class='ocrx_word' id='word_1_662' title='bbox 306 5510 388 5564; x_wconf 92' lang='lat' dir='ltr'><strong>Tu</strong></span> <span class='ocrx_word' id='word_1_663' title='bbox 417 5506 576 5562; x_wconf 90' lang='lat' dir='ltr'><strong>modo</strong></span> <span class='ocrx_word' id='word_1_664' title='bbox 605 5513 896 5572; x_wconf 68' lang='lat' dir='ltr'><strong>suspensos</strong></span> <span class='ocrx_word' id='word_1_665' title='bbox 925 5507 1135 5551; x_wconf 88' lang='lat' dir='ltr'><strong>tantum</strong></span> <span class='ocrx_word' id='word_1_666' title='bbox 1166 5508 1232 5546; x_wconf 92' lang='lat' dir='ltr'><strong>ne</strong></span> <span class='ocrx_word' id='word_1_667' title='bbox 1253 5489 1471 5548; x_wconf 89' lang='lat' dir='ltr'><strong>contine</strong></span> <span class='ocrx_word' id='word_1_668' title='bbox 1497 5500 1690 5560; x_wconf 90' lang='lat' dir='ltr'><strong>tactus,</strong></span> 
     </span>
    </p>
   </div>
   <div class='ocr_carea' id='block_1_104' title="bbox 305 5581 1440 5668">
    <p class='ocr_par' dir='ltr' id='par_1_104' title="bbox 305 5581 1440 5668">
     <span class='ocr_line' id='line_1_104' title="bbox 305 5581 1440 5668; baseline -0.018 -12"><span class='ocrx_word' id='word_1_669' title='bbox 305 5581 384 5656; x_wconf 76' lang='lat' dir='ltr'><strong>Ne</strong></span> <span class='ocrx_word' id='word_1_670' title='bbox 412 5598 620 5668; x_wconf 79' lang='lat' dir='ltr'><strong>coptiva</strong></span> <span class='ocrx_word' id='word_1_671' title='bbox 646 5595 735 5649; x_wconf 89' lang='lat' dir='ltr'><strong>diu</strong></span> <span class='ocrx_word' id='word_1_672' title='bbox 769 5592 1005 5646; x_wconf 87' lang='lat' dir='ltr'><strong>lrenelur</strong></span> <span class='ocrx_word' id='word_1_673' title='bbox 1035 5587 1152 5656; x_wconf 86' lang='lat' dir='ltr'><strong>lege</strong></span> <span class='ocrx_word' id='word_1_674' title='bbox 1174 5585 1440 5654; x_wconf 90' lang='lat' dir='ltr'><strong>voluptas.</strong></span> 
     </span>
    </p>
   </div>
   <div class='ocr_carea' id='block_1_105' title="bbox 304 5679 1606 5759">
    <p class='ocr_par' dir='ltr' id='par_1_105' title="bbox 304 5679 1606 5759">
     <span class='ocr_line' id='line_1_105' title="bbox 304 5679 1606 5759; baseline -0.014 -13"><span class='ocrx_word' id='word_1_675' title='bbox 304 5693 547 5759; x_wconf 87' lang='lat' dir='ltr'><strong>Namque</strong></span> <span class='ocrx_word' id='word_1_676' title='bbox 575 5686 660 5740; x_wconf 91' lang='lat' dir='ltr'><strong>ubi</strong></span> <span class='ocrx_word' id='word_1_677' title='bbox 688 5684 923 5739; x_wconf 88' lang='lat' dir='ltr'><strong>divinum</strong></span> <span class='ocrx_word' id='word_1_678' title='bbox 952 5679 1199 5732; x_wconf 88' lang='lat' dir='ltr'><strong>Iibaveris</strong></span> <span class='ocrx_word' id='word_1_679' title='bbox 1222 5691 1314 5731; x_wconf 92' lang='lat' dir='ltr'><strong>ore</strong></span> <span class='ocrx_word' id='word_1_680' title='bbox 1337 5690 1606 5745; x_wconf 81' lang='lat' dir='ltr'><strong>Saporem,</strong></span> 
     </span>
    </p>
   </div>
   <div class='ocr_carea' id='block_1_106' title="bbox 306 5770 1496 5851">
    <p class='ocr_par' dir='ltr' id='par_1_106' title="bbox 306 5770 1496 5851">
     <span class='ocr_line' id='line_1_106' title="bbox 306 5770 1496 5851; baseline -0.015 -11"><span class='ocrx_word' id='word_1_681' title='bbox 306 5785 430 5840; x_wconf 81' lang='lat' dir='ltr'><strong>Mox</strong></span> <span class='ocrx_word' id='word_1_682' title='bbox 467 5788 688 5851; x_wconf 77' lang='lat' dir='ltr'><strong>purgata</strong></span> <span class='ocrx_word' id='word_1_683' title='bbox 719 5790 815 5830; x_wconf 90' lang='lat' dir='ltr'><strong>suo</strong></span> <span class='ocrx_word' id='word_1_684' title='bbox 844 5774 1040 5838; x_wconf 76' lang='lat' dir='ltr'><strong>facient</strong></span> <span class='ocrx_word' id='word_1_685' title='bbox 1072 5781 1123 5827; x_wconf 90' lang='lat' dir='ltr'><strong>te</strong></span> <span class='ocrx_word' id='word_1_686' title='bbox 1153 5770 1354 5824; x_wconf 88' lang='lat' dir='ltr'><strong>lumina</strong></span> <span class='ocrx_word' id='word_1_687' title='bbox 1381 5770 1496 5824; x_wconf 86' lang='lat' dir='ltr'><strong>visu</strong></span> 
     </span>
    </p>
   </div>
   <div class='ocr_carea' id='block_1_107' title="bbox 300 5861 1631 5956">
    <p class='ocr_par' dir='ltr' id='par_1_107' title="bbox 300 5861 1631 5956">
     <span class='ocr_line' id='line_1_107' title="bbox 300 5861 1631 5956; baseline -0.009 -27"><span class='ocrx_word' id='word_1_688' title='bbox 300 5876 663 5956; x_wconf 60' lang='lat' dir='ltr'><strong>ﬁquiparare</strong></span> <span class='ocrx_word' id='word_1_689' title='bbox 688 5869 837 5933; x_wconf 86' lang='lat' dir='ltr'><strong>deos,</strong></span> <span class='ocrx_word' id='word_1_690' title='bbox 864 5867 941 5922; x_wconf 87' lang='lat' dir='ltr'><strong>sic</strong></span> <span class='ocrx_word' id='word_1_691' title='bbox 969 5873 1152 5922; x_wconf 82' lang='lat' dir='ltr'><strong>sancta</strong></span> <span class='ocrx_word' id='word_1_692' title='bbox 1176 5873 1231 5917; x_wconf 91' lang='lat' dir='ltr'><strong>ut</strong></span> <span class='ocrx_word' id='word_1_693' title='bbox 1255 5861 1412 5918; x_wconf 86' lang='lat' dir='ltr'><strong>noxia</strong></span> <span class='ocrx_word' id='word_1_694' title='bbox 1444 5875 1631 5930; x_wconf 78' lang='lat' dir='ltr'><strong>nosse,</strong></span> 
     </span>
    </p>
   </div>
   <div class='ocr_carea' id='block_1_108' title="bbox 2001 4739 3510 4819">
    <p class='ocr_par' dir='ltr' id='par_1_108' title="bbox 2001 4739 3510 4819">
     <span class='ocr_line' id='line_1_108' title="bbox 2001 4739 3510 4819; baseline 0.009 -25"><span class='ocrx_word' id='word_1_695' title='bbox 2001 4739 2202 4795; x_wconf 88' lang='lat' dir='ltr'><strong>Saltem</strong></span> <span class='ocrx_word' id='word_1_696' title='bbox 2235 4755 2583 4811; x_wconf 82' lang='lat' dir='ltr'><strong>consequere,</strong></span> <span class='ocrx_word' id='word_1_697' title='bbox 2627 4752 2784 4811; x_wconf 90' lang='lat' dir='ltr'><strong>atque</strong></span> <span class='ocrx_word' id='word_1_698' title='bbox 2805 4747 3013 4800; x_wconf 83' lang='lat' dir='ltr'><strong>animos</strong></span> <span class='ocrx_word' id='word_1_699' title='bbox 3043 4747 3223 4802; x_wconf 81' lang='lat' dir='ltr'><strong>attolle</strong></span> <span class='ocrx_word' id='word_1_700' title='bbox 3248 4748 3510 4819; x_wconf 88' lang='lat' dir='ltr'><strong>jacentes.</strong></span> 
     </span>
    </p>
   </div>
   <div class='ocr_carea' id='block_1_109' title="bbox 2003 4835 3427 4907">
    <p class='ocr_par' dir='ltr' id='par_1_109' title="bbox 2003 4835 3427 4907">
     <span class='ocr_line' id='line_1_109' title="bbox 2003 4835 3427 4907; baseline 0.009 -19"><span class='ocrx_word' id='word_1_701' title='bbox 2003 4835 2224 4890; x_wconf 88' lang='lat' dir='ltr'><strong>Lumina</strong></span> <span class='ocrx_word' id='word_1_702' title='bbox 2256 4852 2350 4891; x_wconf 91' lang='lat' dir='ltr'><strong>cur</strong></span> <span class='ocrx_word' id='word_1_703' title='bbox 2383 4837 2585 4891; x_wconf 85' lang='lat' dir='ltr'><strong>flectis?</strong></span> <span class='ocrx_word' id='word_1_704' title='bbox 2612 4853 2708 4891; x_wconf 90' lang='lat' dir='ltr'><strong>cur</strong></span> <span class='ocrx_word' id='word_1_705' title='bbox 2741 4854 2994 4907; x_wconf 85' lang='lat' dir='ltr'><strong>prospera</strong></span> <span class='ocrx_word' id='word_1_706' title='bbox 3019 4851 3134 4894; x_wconf 88' lang='lat' dir='ltr'><strong>vola</strong></span> <span class='ocrx_word' id='word_1_707' title='bbox 3166 4845 3427 4901; x_wconf 87' lang='lat' dir='ltr'><strong>moraris?</strong></span> 
     </span>
    </p>
   </div>
   <div class='ocr_carea' id='block_1_110' title="bbox 2003 4928 3182 4999">
    <p class='ocr_par' dir='ltr' id='par_1_110' title="bbox 2003 4928 3182 4999">
     <span class='ocr_line' id='line_1_110' title="bbox 2003 4928 3182 4999; baseline 0.005 -17"><span class='ocrx_word' id='word_1_708' title='bbox 2003 4928 2344 4999; x_wconf 85' lang='lat' dir='ltr'><strong>Venturoque</strong></span> <span class='ocrx_word' id='word_1_709' title='bbox 2372 4929 2464 4984; x_wconf 90' lang='lat' dir='ltr'><strong>diu</strong></span> <span class='ocrx_word' id='word_1_710' title='bbox 2495 4938 2705 4998; x_wconf 87' lang='lat' dir='ltr'><strong>tempus</strong></span> <span class='ocrx_word' id='word_1_711' title='bbox 2735 4928 2927 4985; x_wconf 76' lang='lat' dir='ltr'><strong>furat-is</strong></span> <span class='ocrx_word' id='word_1_712' title='bbox 2958 4931 3182 4988; x_wconf 86' lang='lat' dir='ltr'><strong>honori?</strong></span> 
     </span>
    </p>
   </div>
   <div class='ocr_carea' id='block_1_111' title="bbox 2073 5017 3278 5092">
    <p class='ocr_par' dir='ltr' id='par_1_111' title="bbox 2073 5017 3278 5092">
     <span class='ocr_line' id='line_1_111' title="bbox 2073 5017 3278 5092; baseline 0.007 -19"><span class='ocrx_word' id='word_1_713' title='bbox 2073 5019 2197 5074; x_wconf 73' lang='lat' dir='ltr'><strong>Ha-c</strong></span> <span class='ocrx_word' id='word_1_714' title='bbox 2222 5019 2378 5074; x_wconf 73' lang='lat' dir='ltr'><strong>effata</strong></span> <span class='ocrx_word' id='word_1_715' title='bbox 2405 5018 2564 5075; x_wconf 87' lang='lat' dir='ltr'><strong>dabat</strong></span> <span class='ocrx_word' id='word_1_716' title='bbox 2595 5017 2809 5074; x_wconf 73' lang='lat' dir='ltr'><strong>victurze</strong></span> <span class='ocrx_word' id='word_1_717' title='bbox 2841 5021 3036 5076; x_wconf 84' lang='lat' dir='ltr'><strong>fercula</strong></span> <span class='ocrx_word' id='word_1_718' title='bbox 3072 5027 3278 5092; x_wconf 91' lang='lat' dir='ltr'><strong>mortis,</strong></span> 
     </span>
    </p>
   </div>
   <div class='ocr_carea' id='block_1_112' title="bbox 2001 5110 3399 5187">
    <p class='ocr_par' dir='ltr' id='par_1_112' title="bbox 2001 5110 3399 5187">
     <span class='ocr_line' id='line_1_112' title="bbox 2001 5110 3399 5187; baseline 0.009 -24"><span class='ocrx_word' id='word_1_719' title='bbox 2001 5110 2302 5166; x_wconf 91' lang='lat' dir='ltr'><strong>lutereuulc</strong></span> <span class='ocrx_word' id='word_1_720' title='bbox 2328 5111 2505 5164; x_wconf 85' lang='lat' dir='ltr'><strong>anima</strong></span> <span class='ocrx_word' id='word_1_721' title='bbox 2533 5110 2733 5165; x_wconf 85' lang='lat' dir='ltr'><strong>lcthum</strong></span> <span class='ocrx_word' id='word_1_722' title='bbox 2765 5112 2891 5166; x_wconf 91' lang='lat' dir='ltr'><strong>dum</strong></span> <span class='ocrx_word' id='word_1_723' title='bbox 2913 5115 3134 5170; x_wconf 89' lang='lat' dir='ltr'><strong>crimina</strong></span> <span class='ocrx_word' id='word_1_724' title='bbox 3157 5129 3399 5187; x_wconf 90' lang='lat' dir='ltr'><strong>pascunt.</strong></span> 
     </span>
    </p>
   </div>
   <div class='ocr_carea' id='block_1_113' title="bbox 2002 5201 3195 5276">
    <p class='ocr_par' dir='ltr' id='par_1_113' title="bbox 2002 5201 3195 5276">
     <span class='ocr_line' id='line_1_113' title="bbox 2002 5201 3195 5276; baseline 0.005 -19"><span class='ocrx_word' id='word_1_725' title='bbox 2002 5201 2208 5272; x_wconf 76' lang='lat' dir='ltr'><strong>Accipit</strong></span> <span class='ocrx_word' id='word_1_726' title='bbox 2239 5202 2423 5257; x_wconf 82' lang='lat' dir='ltr'><strong>infelix</strong></span> <span class='ocrx_word' id='word_1_727' title='bbox 2451 5203 2737 5258; x_wconf 85' lang='lat' dir='ltr'><strong>malesuadi</strong></span> <span class='ocrx_word' id='word_1_728' title='bbox 2773 5205 2929 5260; x_wconf 86' lang='lat' dir='ltr'><strong>verba</strong></span> <span class='ocrx_word' id='word_1_729' title='bbox 2969 5210 3195 5276; x_wconf 90' lang='lat' dir='ltr'><strong>susurri,</strong></span> 
     </span>
    </p>
   </div>
   <div class='ocr_carea' id='block_1_114' title="bbox 1999 5296 3264 5367">
    <p class='ocr_par' dir='ltr' id='par_1_114' title="bbox 1999 5296 3264 5367">
     <span class='ocr_line' id='line_1_114' title="bbox 1999 5296 3264 5367; baseline 0.003 -15"><span class='ocrx_word' id='word_1_730' title='bbox 1999 5298 2335 5367; x_wconf 86' lang='lat' dir='ltr'><strong>lnllexosque</strong></span> <span class='ocrx_word' id='word_1_731' title='bbox 2361 5306 2507 5352; x_wconf 90' lang='lat' dir='ltr'><strong>retro</strong></span> <span class='ocrx_word' id='word_1_732' title='bbox 2536 5296 2731 5366; x_wconf 89' lang='lat' dir='ltr'><strong>dejecit</strong></span> <span class='ocrx_word' id='word_1_733' title='bbox 2757 5298 2821 5352; x_wconf 90' lang='lat' dir='ltr'><strong>ad</strong></span> <span class='ocrx_word' id='word_1_734' title='bbox 2847 5300 3026 5354; x_wconf 89' lang='lat' dir='ltr'><strong>ultima</strong></span> <span class='ocrx_word' id='word_1_735' title='bbox 3055 5297 3264 5356; x_wconf 83' lang='lat' dir='ltr'><strong>sensus.</strong></span> 
     </span>
    </p>
   </div>
   <div class='ocr_carea' id='block_1_115' title="bbox 2000 5391 3224 5461">
    <p class='ocr_par' dir='ltr' id='par_1_115' title="bbox 2000 5391 3224 5461">
     <span class='ocr_line' id='line_1_115' title="bbox 2000 5391 3224 5461; baseline 0.002 -16"><span class='ocrx_word' id='word_1_736' title='bbox 2000 5391 2113 5446; x_wconf 91' lang='lat' dir='ltr'><strong>Non</strong></span> <span class='ocrx_word' id='word_1_737' title='bbox 2142 5392 2288 5445; x_wconf 91' lang='lat' dir='ltr'><strong>illum</strong></span> <span class='ocrx_word' id='word_1_738' title='bbox 2318 5391 2505 5461; x_wconf 89' lang='lat' dir='ltr'><strong>trepidi</strong></span> <span class='ocrx_word' id='word_1_739' title='bbox 2538 5392 2809 5447; x_wconf 86' lang='lat' dir='ltr'><strong>concussit</strong></span> <span class='ocrx_word' id='word_1_740' title='bbox 2842 5409 2965 5446; x_wconf 88' lang='lat' dir='ltr'><strong>cura</strong></span> <span class='ocrx_word' id='word_1_741' title='bbox 2993 5394 3224 5461; x_wconf 89' lang='lat' dir='ltr'><strong>pavoris,</strong></span> 
     </span>
    </p>
   </div>
   <div class='ocr_carea' id='block_1_116' title="bbox 2002 5481 3424 5555">
    <p class='ocr_par' dir='ltr' id='par_1_116' title="bbox 2002 5481 3424 5555">
     <span class='ocr_line' id='line_1_116' title="bbox 2002 5481 3424 5555; baseline 0.004 -16"><span class='ocrx_word' id='word_1_742' title='bbox 2002 5485 2109 5541; x_wconf 90' lang='lat' dir='ltr'><strong>Nec</strong></span> <span class='ocrx_word' id='word_1_743' title='bbox 2130 5494 2383 5555; x_wconf 91' lang='lat' dir='ltr'><strong>quantum</strong></span> <span class='ocrx_word' id='word_1_744' title='bbox 2417 5493 2570 5555; x_wconf 88' lang='lat' dir='ltr'><strong>gustu</strong></span> <span class='ocrx_word' id='word_1_745' title='bbox 2604 5494 2847 5541; x_wconf 89' lang='lat' dir='ltr'><strong>cunctata</strong></span> <span class='ocrx_word' id='word_1_746' title='bbox 2881 5498 2961 5540; x_wconf 93' lang='lat' dir='ltr'><strong>est</strong></span> <span class='ocrx_word' id='word_1_747' title='bbox 2994 5481 3188 5540; x_wconf 86' lang='lat' dir='ltr'><strong>femina</strong></span> <span class='ocrx_word' id='word_1_748' title='bbox 3222 5485 3424 5555; x_wconf 83' lang='lat' dir='ltr'><strong>primo;</strong></span> 
     </span>
    </p>
   </div>
   <div class='ocr_carea' id='block_1_117' title="bbox 1999 5577 3407 5649">
    <p class='ocr_par' dir='ltr' id='par_1_117' title="bbox 1999 5577 3407 5649">
     <span class='ocr_line' id='line_1_117' title="bbox 1999 5577 3407 5649; baseline 0.001 -14"><span class='ocrx_word' id='word_1_749' title='bbox 1999 5578 2102 5636; x_wconf 88' lang='lat' dir='ltr'><strong>Sed</strong></span> <span class='ocrx_word' id='word_1_750' title='bbox 2133 5579 2374 5649; x_wconf 90' lang='lat' dir='ltr'><strong>sequitur</strong></span> <span class='ocrx_word' id='word_1_751' title='bbox 2404 5579 2578 5642; x_wconf 86' lang='lat' dir='ltr'><strong>velox,</strong></span> <span class='ocrx_word' id='word_1_752' title='bbox 2608 5581 2921 5648; x_wconf 64' lang='lat' dir='ltr'><strong>miseraeque</strong></span> <span class='ocrx_word' id='word_1_753' title='bbox 2951 5594 3014 5632; x_wconf 87' lang='lat' dir='ltr'><strong>ex</strong></span> <span class='ocrx_word' id='word_1_754' title='bbox 3039 5577 3282 5648; x_wconf 86' lang='lat' dir='ltr'><strong>conjugis</strong></span> <span class='ocrx_word' id='word_1_755' title='bbox 3314 5597 3407 5636; x_wconf 83' lang='lat' dir='ltr'><strong>ore</strong></span> 
     </span>
    </p>
   </div>
   <div class='ocr_carea' id='block_1_118' title="bbox 2000 5669 3336 5740">
    <p class='ocr_par' dir='ltr' id='par_1_118' title="bbox 2000 5669 3336 5740">
     <span class='ocr_line' id='line_1_118' title="bbox 2000 5669 3336 5740; baseline -0.003 -15"><span class='ocrx_word' id='word_1_756' title='bbox 2000 5672 2315 5727; x_wconf 88' lang='lat' dir='ltr'><strong>Constanter</strong></span> <span class='ocrx_word' id='word_1_757' title='bbox 2339 5672 2472 5740; x_wconf 89' lang='lat' dir='ltr'><strong>rapit</strong></span> <span class='ocrx_word' id='word_1_758' title='bbox 2505 5672 2812 5726; x_wconf 78' lang='lat' dir='ltr'><strong>inconstans</strong></span> <span class='ocrx_word' id='word_1_759' title='bbox 2844 5669 3018 5723; x_wconf 88' lang='lat' dir='ltr'><strong>dotale</strong></span> <span class='ocrx_word' id='word_1_760' title='bbox 3047 5683 3336 5728; x_wconf 73' lang='lat' dir='ltr'><strong>venenum.</strong></span> 
     </span>
    </p>
   </div>
   <div class='ocr_carea' id='block_1_119' title="bbox 2005 5759 3278 5830">
    <p class='ocr_par' dir='ltr' id='par_1_119' title="bbox 2005 5759 3278 5830">
     <span class='ocr_line' id='line_1_119' title="bbox 2005 5759 3278 5830; baseline 0.001 -15"><span class='ocrx_word' id='word_1_761' title='bbox 2005 5761 2264 5817; x_wconf 84' lang='lat' dir='ltr'><strong>Faucibus</strong></span> <span class='ocrx_word' id='word_1_762' title='bbox 2286 5770 2339 5817; x_wconf 91' lang='lat' dir='ltr'><strong>et</strong></span> <span class='ocrx_word' id='word_1_763' title='bbox 2371 5763 2562 5830; x_wconf 86' lang='lat' dir='ltr'><strong>patulis</strong></span> <span class='ocrx_word' id='word_1_764' title='bbox 2590 5760 2829 5814; x_wconf 83' lang='lat' dir='ltr'><strong>inimicas</strong></span> <span class='ocrx_word' id='word_1_765' title='bbox 2859 5759 3080 5830; x_wconf 80' lang='lat' dir='ltr'><strong>porrigit</strong></span> <span class='ocrx_word' id='word_1_766' title='bbox 3108 5773 3278 5816; x_wconf 72' lang='lat' dir='ltr'><strong>escas.</strong></span> 
     </span>
    </p>
   </div>
   <div class='ocr_carea' id='block_1_120' title="bbox 2005 5847 3159 5921">
    <p class='ocr_par' dir='ltr' id='par_1_120' title="bbox 2005 5847 3159 5921">
     <span class='ocr_line' id='line_1_120' title="bbox 2005 5847 3159 5921; baseline -0.003 -11"><span class='ocrx_word' id='word_1_767' title='bbox 2005 5854 2103 5910; x_wconf 78' lang='lat' dir='ltr'><strong>Vix</strong></span> <span class='ocrx_word' id='word_1_768' title='bbox 2134 5866 2242 5908; x_wconf 87' lang='lat' dir='ltr'><strong>uno</strong></span> <span class='ocrx_word' id='word_1_769' title='bbox 2269 5866 2482 5921; x_wconf 85' lang='lat' dir='ltr'><strong>pomum</strong></span> <span class='ocrx_word' id='word_1_770' title='bbox 2517 5850 2705 5903; x_wconf 74' lang='lat' dir='ltr'><strong>libaret</strong></span> <span class='ocrx_word' id='word_1_771' title='bbox 2737 5847 2948 5905; x_wconf 76' lang='lat' dir='ltr'><strong>succida</strong></span> <span class='ocrx_word' id='word_1_772' title='bbox 2980 5863 3159 5908; x_wconf 70' lang='lat' dir='ltr'><strong>morsu</strong></span> 
     </span>
    </p>
   </div>
  </div>
