4092 6350
520 372 630 433 555
1796 352 1851 407 S.
1896 347 2076 406 AVITI
2119 346 2522 404 VIENNENSIS
3698 344 3803 402 556

521 482 802 557 Ingluvies,
828 487 1197 542 summumque
1226 470 1384 523 dabat
1412 468 1491 520 vit
1520 481 1641 520 esea
1666 479 1914 534 saporem
1951 480 1961 492 ·

522 578 663 638 Ecce
684 572 990 645 repentinus
1021 566 1190 636 fulgor
1221 560 1557 617 circumstitit
1582 574 1698 623 ora,

523 668 885 741 Lugendoque
923 676 1089 717 novos
1117 655 1371 727 reSpersit
1402 653 1603 708 lumine
1628 654 1791 705 visus.

524 766 640 822 Non
671 773 841 816 czeces
870 764 1057 809 natura
1078 750 1244 817 dedit,
1278 762 1376 802 nec
1405 746 1623 800 luminis
1650 760 1746 798 usu

444 840 458 867 ς
525 857 791 912 Privatam
821 847 1008 903 faciem
1034 843 1237 914 peperit
1262 840 1516 910 Perieetio
1544 840 1752 893 format.

523 947 677 1003 Nunc
705 958 857 1013 mage
888 954 1059 995 caseus
1089 937 1216 1001 eris,
1246 935 1328 989 cui
1356 934 1464 1003 jam
1490 947 1593 985 non
1625 930 1821 985 suftieit
1858 929 1997 983 illud

523 1038 783 1102 Noscere,
806 1032 946 1105 quod
972 1039 1148 1084 tantus
1180 1027 1345 1081 voluit
1378 1034 1428 1080 te
1461 1038 1620 1078 nosse
1654 1031 1886 1077 creator.

471 1166 475 1171 -
527 1133 610 1190 Ad
643 1134 805 1185 vitam
836 1127 987 1183 vobis
1014 1124 1267 1180 cernendi
1291 1122 1424 1179 facta
1456 1120 1680 1174 facultas
1716 1135 1726 1169 :

529 1224 641 1278 Vos
669 1223 829 1277 etiam
860 1218 1060 1274 Ietltum
1086 1228 1257 1270 veSIra
1283 1213 1377 1267 sed
1407 1222 1596 1282 sponte
1619 1209 1827 1263 videtis.

530 1318 666 1374 Tum
688 1315 926 1386 patuisse
953 1320 1169 1381 gemunt
1188 1309 1403 1370 oculos;
1436 1321 1556 1359 natu
1588 1303 1741 1371 culpa
1771 1300 1989 1355 rebellis

530 1410 728 1473 Fulsit,
757 1417 810 1462 et
837 1406 1100 1459 obscenos
1129 1407 1410 1455 senserunt
1432 1410 1656 1465 corpora
1689 1402 1882 1447 motus.

531 1502 682 1558 Tune
714 1502 941 1571 primum
972 1495 1142 1549 nudos
1170 1492 1407 1564 (dubium
1437 1488 1560 1557 quid
1585 1487 1764 1541 dicere
1789 1486 1985 1555 possim

534 1593 845 1649 Exstinetus
885 1588 1128 1655 natusne)
1179 1584 1347 1654 pudor
1377 1578 1734 1647 cireum~picit
1766 1587 1931 1631 artus.

534 1683 765 1741 Erubuit
792 1680 1022 1751 propriae
1047 1678 1157 1749 jam
1191 1690 1341 1730 mens
1372 1674 1470 1727 sibi
1512 1672 1723 1726 conseia
1756 1672 1946 1733 eulpze,

534 1774 903 1845 Ilegnavitque
932 1774 1042 1827 suis
1069 1768 1248 1825 carnis
1276 1768 1359 1821 lex
1391 1765 1556 1820 indita
1591 1761 1867 1817 membris.

607 1868 847 1936 Namque
878 1864 1002 1919 hinc
1031 1862 1311 1931 posteritas
1335 1856 1520 1911 vitiato
1549 1856 1791 1924 germine
1823 1853 1973 1906 duxit

534 1960 755 2017 Artibus
787 1955 982 2011 illicitis
1010 1965 1335 2022 cognoscere
1359 1948 1496 2002 velle
1529 1946 1724 2010 futma,

535 2050 868 2118 Arcanisque
890 2045 1061 2100 sacris
1081 2043 1261 2097 tardos
1290 2040 1579 2094 immittere
1609 2051 1816 2101 sensus,

535 2144 693 2200 Edita
725 2143 807 2196 vel
837 2142 995 2203 cmlo,
1023 2138 1105 2191 vel
1136 2146 1275 2189 tetro
1300 2147 1472 2186 mersa
1504 2128 1765 2199 profundo

534 2234 761 2296 ltimari,
787 2240 842 2286 et
870 2239 1053 2285 cautas
1081 2236 1287 2280 natura:
1325 2226 1620 2291 irrumpere
1651 2220 1814 2287 leges.

537 2326 793 2394 Quatrere
824 2336 961 2375 nunc
988 2318 1148 2373 astris
1175 2332 1277 2386 qttu
1305 2314 1579 2385 quisquam
1606 2312 1780 2367 sidere
1812 2318 1987 2372 natus,

538 2417 802 2484 Prostiera
832 2428 989 2484 quam
1020 2411 1177 2465 ducat
1208 2408 1459 2463 restantis
1482 2416 1721 2472 tempora
1752 2406 1905 2464 vita},

538 2506 865 2562 Dissimilem
897 2502 1113 2573 paribus
1141 2510 1457 2570 proventum
1483 2497 1695 2551 discere
1721 2495 1903 2564 signis.

536 2600 649 2655 Nec
681 2614 784 2653 tton
816 2606 869 2651 et
895 2594 1139 2666 geminos
1176 2608 1281 2646 uno
1312 2590 1409 2644 sub
1441 2599 1679 2657 tempore
1709 2586 1881 2650 fusos,

537 2694 683 2761 Quos
706 2691 1023 2745 indiscretus
1046 2688 1148 2741 luci
1181 2683 1489 2754 produxerit
1518 2696 1691 2747 ortus,

538 2784 767 2840 Motibus
794 2780 1033 2835 adversis
1059 2778 1206 2832 varia
1235 2777 1333 2832 sub
1362 2785 1505 2829 sorte
1536 2784 1743 2829 notare.

549 2878 816 2947 Indigetes
839 2873 1098 2944 quosdam
1129 2872 1299 2926 stellis
1328 2870 1595 2925 ascribere
1622 2869 1792 2931 divos,

537 2968 729 3023 Junior
752 2967 983 3036 antiquis
1014 2973 1141 3019 tetas
1170 2978 1305 3033 quos
1332 2962 1566 3031 prsetnlit
1597 2961 1753 3013 astris
1781 2978 1793 3022 ;

538 3060 711 3129 Atque
742 3055 1114 3126 iuferualijam
1146 3054 1345 3108 dudum
1380 3060 1537 3106 nocte
1569 3050 1792 3119 sepulis

538 3152 686 3207 Vana
720 3168 813 3223 per
834 3153 1154 3207 immensum
1186 3148 1471 3218 disponere
1501 3146 1712 3200 nomina
1742 3144 1955 3198 (mlum.

611 3243 727 3296 Jam
753 3243 1012 3311 magicam
1039 3239 1199 3308 digne
1222 3240 1396 3293 valeat
1422 3238 1543 3307 quis
1570 3237 1748 3289 dicere
1786 3236 1842 3287 fr.
1867 3234 2045 3296 udcni,

542 3333 790 3389 Occultas
820 3336 979 3387 tacito
1008 3341 1300 3386 tentantem
1339 3341 1555 3400 pectore
1585 3329 1744 3393 vires,

539 3425 746 3480 Divinis
769 3424 917 3493 jungi
950 3423 1233 3477 virtutibus
1258 3430 1313 3476 et
1341 3421 1677 3489 cupientem?

544 3514 756 3586 Legifer
786 3524 845 3569 ut
866 3516 1128 3584 quondam
1151 3525 1321 3579 vates,
1351 3512 1449 3567 sub
1475 3528 1598 3581 rege
1625 3511 1873 3580 superbo,

541 3606 679 3661 Dum
703 3621 837 3660 nova
863 3617 1181 3659 tltOlt-lt'urcl
1212 3605 1346 3673 jussi
1379 3606 1631 3658 miracula
1661 3605 1817 3672 signi,

543 3699 849 3753 Commovit
876 3699 1041 3751 livore
1068 3711 1246 3765 magos
1278 3706 1331 3749 ut
1363 3696 1489 3750 talia
1522 3705 1745 3756 tentent,

542 3788 1006 3857 Accumulentque
1032 3802 1152 3840 suas
1185 3788 1303 3841 zelo
1332 3787 1569 3841 fervente
1599 3787 1795 3851 ruinas.

543 3880 656 3934 Illis
684 3888 993 3949 suppeteret
1021 3889 1162 3932 recta
1188 3879 1232 3932 si
1262 3878 1398 3933 forte
1439 3888 1709 3948 potestas,

548 3969 793 4035 Demere,
826 3984 932 4024 non
958 3969 1114 4023 etiam
1143 3968 1399 4023 festinent
1428 3969 1623 4024 addere
1655 3980 1910 4023 monstra.

549 4063 763 4120 JEmula
792 4063 889 4118 sed
920 4065 1089 4134 signis
1116 4073 1338 4131 tantum,
1373 4082 1477 4119 non
1514 4066 1713 4119 viribus
1743 4082 1912 4134 a'qtta,

547 4156 697 4224 Quod
724 4171 1001 4211 removere
1031 4156 1233 4225 nequit,
1266 4156 1553 4226 duplicavit
1588 4157 1781 4225 jttSlitlS
1816 4158 1911 4210 ita.

546 4248 680 4303 Iline
706 4260 784 4303 est
811 4250 1023 4304 laudato
1042 4248 1186 4319 quod
1222 4258 1441 4317 possunt
1470 4251 1705 4304 carmine
1736 4252 1913 4319 Mani,

546 4340 679 4394 Cum
709 4340 866 4395 tacita
897 4354 1067 4394 saevos
1098 4339 1396 4409 producunt
1416 4351 1529 4394 arte
1550 4341 1812 4395 dracones

548 4431 811 4485 Absentes
841 4438 897 4483 et
919 4445 1061 4499 smpe
1080 4432 1269 4499 jubent
1292 4430 1583 4499 conﬂigere
1604 4447 1806 4486 sereum.

548 4521 698 4578 'I'uuc
724 4531 781 4576 ut
817 4524 1042 4591 quisque
1081 4538 1295 4589 gravem
1336 4524 1479 4578 bello
1515 4527 1854 4590 prmsenserit
1878 4526 2126 4595 hydrum,

551 4616 768 4687 Aspidis
791 4625 883 4671 aut
909 4615 1059 4672 dura:
1088 4617 1298 4672 clausas
1328 4619 1638 4689 cognoverit
1663 4634 1842 4686 aures,

549 4709 796 4763 Coneutit
827 4708 1051 4764 interius
1081 4711 1273 4764 secreti
1304 4711 1559 4766 carminis
1584 4727 1726 4765 arma
1760 4729 1775 4767 :

550 4802 797 4858 Prounus
818 4811 873 4856 et
899 4802 1055 4858 lassis
1078 4803 1240 4858 verbo
1271 4803 1505 4859 luctante
1536 4805 1769 4871 venenis,

550 4893 668 4948 Mox
690 4893 905 4962 impune
926 4909 1082 4948 manu
1114 4894 1333 4950 coluber
1365 4905 1623 4951 traCtatur
1650 4899 1866 4953 inermis

548 4985 614 5041 Et
643 5000 854 5040 morsus
879 4993 1103 5050 tantum,
1133 5000 1238 5039 non
1266 4988 1434 5054 virus,
1468 4989 1516 5041 iu
1550 5004 1718 5058 angue
1743 4992 1979 5046 timetur.

549 5082 821 5139 Interdum
849 5084 985 5153 perit
1011 5083 1310 5149 incantans,
1338 5085 1383 5138 si
1414 5085 1603 5138 callida
1634 5085 1827 5141 surdus

548 5178 885 5246 Adjuratoris
906 5180 1229 5247 contempsit
1260 5194 1534 5233 murmura
1565 5194 1805 5247 serpens.

550 5270 658 5324 lloc
690 5269 942 5339 quoniam
966 5268 1032 5323 de
1065 5279 1235 5324 matre
1266 5269 1501 5333 trahunt,
1536 5281 1589 5325 et
1617 5271 1821 5341 origine
1851 5273 2041 5342 prima,

549 5363 839 5432 Anguineat
869 5361 1071 5417 fraudis
1098 5362 1242 5432 quod
1269 5363 1347 5416 sic
1377 5364 1679 5431 linguaeque
1709 5364 1885 5431 periti,

549 5457 727 5511 Mutua
756 5469 849 5525 per
881 5457 1113 5524 speciem
1141 5454 1370 5509 reddunt
1392 5458 1712 5509 commercia
1744 5456 1907 5511 fandi.

553 5552 659 5605 Nec
683 5552 855 5605 minus
880 5550 962 5605 his
986 5552 1158 5620 pulsat
1178 5550 1446 5606 contraria
1479 5566 1604 5605 cura
1636 5552 1844 5619 salutis,

554 5642 713 5711 Angit
742 5644 1018 5712 praeseitus
1045 5643 1187 5698 ducti
1216 5658 1351 5713 quos
1387 5643 1644 5697 lel'tttittus
1674 5645 1802 5707 aevi;

555 5735 686 5790 llum
718 5744 893 5790 tamen
920 5737 1138 5791 eductas
1168 5736 1388 5792 infernis
1414 5738 1629 5793 sedibus
1656 5736 1877 5791 umbras

556 5828 887 5897 Colloquiutn
922 5828 1144 5883 miscere
1168 5840 1373 5897 putent,
1407 5839 1455 5885 et
1498 5840 1618 5895 nota
1645 5828 1863 5885 referre.

2123 464 2175 523 A
2206 459 2438 531 Spiritus
2459 462 2660 516 erroris
2681 460 2774 515 sed
2804 461 2890 530 qui
2924 459 3213 515 bacchatur
3244 460 3294 513 in
3325 459 3450 521 illis,

2217 555 2297 609 Ad
2328 556 2568 610 consulta
2604 566 2752 626 parat
2784 555 2938 609 vanis
2969 570 3229 623 respousa
3259 555 3461 623 figttris.

2221 648 2287 703 Et
2316 664 2383 703 ne
2412 660 2657 713 rorrecm
2684 648 2935 703 dicantur
2962 647 3166 716 singula
3197 649 3360 699 verbo

2218 743 2475 797 Praesenti
2508 742 2716 808 illusus,
2750 740 3088 795 damnabitur
3117 741 3205 793 ille
3238 741 3454 808 perenni

2217 836 2448 903 Judieio,
2484 836 2728 907 quisquis
2754 835 2975 889 vetitum
3003 848 3329 903 cognoscere
3362 843 3545 887 tentat.

2294 929 2401 983 Nec
2429 930 2534 995 jam
2568 928 2680 981 sola
2714 927 2811 981 fuit
2837 928 3120 981 scrutatrix
3156 927 3260 980 Eva
3292 926 3554 979 malorum
3590 944 3601 977 :

2222 1021 2403 1076 Dicam
2436 1034 2577 1074 nunc
2604 1020 2784 1084 aliam,
2818 1019 2907 1073 tali
2938 1034 3053 1087 qua:
3084 1028 3233 1087 peste
3260 1018 3525 1079 laborans,

2194 1114 2287 1169 Ἐι
2314 1113 2595 1181 conjuncta
2624 1110 2759 1177 viro,
2784 1111 3060 1181 proprium
3094 1125 3199 1163 non
3225 1109 3411 1162 vicerit
3438 1108 3631 1161 Adam.

2218 1203 2477 1260 Peccandi
2507 1202 2760 1273 quasdam
2793 1201 2970 1255 fervor
2998 1199 3350 1255 sueceuderat
3377 1196 3556 1260 urbes,

2218 1296 2396 1352 Civica
2424 1295 2742 1365 permittens
2764 1294 2956 1348 laxatis
2981 1293 3203 1347 erimina
3236 1290 3420 1347 frenis.

2218 1392 2454 1447 Incestus
2478 1406 2575 1461 pro
2604 1392 2719 1461 lege
2752 1387 2870 1451 fuit,
2902 1396 3177 1455 totumque
3207 1384 3369 1439 libido

2219 1488 2314 1543 Jus
2339 1487 2540 1553 habuit,
2570 1485 2718 1551 regni
2745 1483 2928 1539 sedem
2961 1492 3156 1536 metata
3186 1482 3429 1549 voluptas
3564 1536 3571 1537 ί

2220 1578 2503 1648 Indigenas
2532 1577 2754 1647 populos
2783 1575 3001 1630 domina
3026 1574 3126 1628 sub
3152 1588 3315 1628 carne
3346 1572 3559 1627 tenebat
3593 1588 3605 1625 :

2224 1674 2289 1728 Et
2313 1672 2573 1726 scelerum
2602 1668 2799 1735 studio,
2847 1667 2948 1721 fida
2980 1666 3120 1736 quod
3145 1665 3301 1735 plebe
3329 1664 3481 1729 locat:

2227 1766 2435 1820 Dudum
2464 1762 2683 1833 parendi
2718 1762 2978 1831 promptis
3010 1758 3309 1828 respublica
3330 1757 3511 1825 jussit,

2146 1846 2197 1909 Β
2224 1858 2558 1913 Abstiuuisse
2582 1854 2752 1920 nefas,
2778 1863 2832 1908 et
2857 1867 2964 1906 non
2991 1864 3244 1919 peccasse
3273 1848 3586 1920 pudendum

2222 1948 2525 2004 C'edebant
2550 1961 2758 2011 onmes,
2786 1945 2991 1999 facinus
3011 1959 3144 2013 quos
3166 1943 3419 2012 junxerat
3445 1957 3631 1995 unum.

2222 2040 2444 2096 'I‘nlibus
2472 2032 2707 2093 offensus
2727 2036 2888 2106 judex
2914 2044 3075 2106 atque
3112 2034 3312 2088 arbiter
3332 2032 3477 2086 orbis

2224 2135 2354 2190 Cum
2378 2135 2596 2197 fureret,
2632 2133 2978 2199 flammasque
3005 2130 3121 2183 loco
3152 2128 3417 2196 finemque
3444 2131 3678 2195 pararet.

2223 2226 2515 2295 Quemdam
2546 2224 2863 2279 dissimilem
2888 2224 3116 2288 cunctis,
3153 2231 3400 2290 tectoque
3428 2222 3701 2283 latentem,

2224 2321 2321 2386 Qui
2353 2329 2477 2373 tunc
2501 2318 2635 2372 forte
2669 2318 2761 2371 fttit
2791 2318 3003 2387 propria
3032 2314 3348 2384 peregrinus
3373 2314 3424 2366 in
3458 2313 3613 2376 urbe,

2224 2414 2399 2483 Atque
2428 2413 2567 2466 inter
2595 2414 2789 2465 multos
2822 2411 2995 2465 solum
3025 2411 3103 2462 sic
3133 2409 3432 2478 alloquitur
3457 2405 3592 2461 Lolli
3623 2421 3639 2461 :

2226 2504 2434 2573 Oppida
2464 2504 2663 2557 lascivo
2685 2504 2793 2571 jam
2824 2502 3022 2555 dudum
3056 2502 3211 2570 plena
3235 2499 3415 2554 furore

2232 2600 2573 2668 Respergunt
2595 2597 2791 2652 caelum
2826 2595 3071 2661 maculis,
3105 2606 3419 2661 noSIrasque
3445 2591 3671 2659 fatigant

2225 2692 2480 2756 Quamvis
2508 2689 2811 2743 obstructas
2841 2688 3101 2742 scelerum
3134 2686 3456 2740 clamoribus
3480 2686 3658 2738 au'res.

2226 2782 2473 2837 Imminet
2502 2784 2747 2851 exitium,
2778 2781 2934 2836 tellus
2962 2796 3219 2835 succensa
3251 2789 3398 2834 reatu

2230 2875 2448 2945 Ignibus
2473 2874 2702 2938 ardebit,
2733 2875 3028 2943 restinguet
3057 2872 3296 2928 fulminis
3329 2874 3501 2927 imber

2225 2967 2355 3036 Quae
2387 2982 2491 3020 non
2521 2966 2777 3020 exstinxit
2808 2966 3064 3020 ferventia
3089 2962 3313 3019 crimina
3345 2965 3521 3019 fletus.

2226 3057 2343 3126 Ipsa
2369 3057 2419 3111 in
2454 3068 2734 3125 perpetuas
2763 3056 3002 3110 solvetur
3032 3067 3171 3109 terra
3206 3056 3433 3120 favillas,

2228 3148 2359 3214 Qum
2385 3148 2531 3202 vivos
2558 3148 2769 3201 cineres
2799 3155 2853 3201 et
2886 3156 3005 3215 post
3036 3146 3277 3201 incendia
3309 3160 3549 3214 servans,

2147 3225 2193 3288 (ἶ
2226 3242 2422 3309 Sicque
2450 3240 2621 3294 solum
2650 3240 2876 3309 fingens,
2912 3239 3104 3293 leviter
3128 3239 3171 3292 si
3195 3239 3344 3300 calce
3376 3248 3602 3303 teretur,

2225 3331 2305 3386 Ad
2339 3331 2616 3384 minimum
2650 3330 2857 3399 fugietis
2885 3330 3121 3384 discedet
3147 3329 3339 3398 pallida
3374 3338 3587 3384 tactum.

2224 3423 2303 3478 Tu
2341 3437 2480 3476 nunc
2511 3423 2689 3491 linque
2718 3422 2955 3482 domum,
2991 3422 3257 3490 perituras
3282 3422 3472 3476 desere
3505 3430 3678 3476 terras

2226 3514 2293 3571 Et
2322 3531 2411 3569 rea
2440 3530 2559 3569 eum
2585 3514 2759 3582 dignis
2788 3514 3068 3567 subs'daut
3092 3529 3220 3567 arva
3251 3515 3476 3568 colonis.

2226 3609 2335 3663 Nec
2364 3616 2472 3662 tete
2496 3605 2803 3675 impendens
2834 3606 3035 3660 letltunt
3065 3605 3405 3673 conjuuxerit
3437 3606 3567 3669 illis,

2227 3701 2342 3756 Non
2362 3700 2537 3769 junxit
2566 3714 2698 3767 quos
2727 3699 2852 3752 vita.
2885 3698 3003 3753 'l'ibi
3030 3700 3220 3753 solatia
3246 3698 3442 3767 conjnx

2229 3792 2489 3858 Prtebeat,
2527 3790 2626 3844 liae
2655 3798 2855 3845 tantum
2887 3791 3030 3846 socia
3059 3799 3343 3845 contentus
3368 3790 3528 3846 abito.

2232 3886 2541 3939 Accelerate
2572 3883 2770 3951 fugam,
2806 3883 3055 3936 tendutur
3086 3883 3299 3942 tramite
3330 3893 3498 3946 recto,

2230 3976 2341 4031 Neu
2366 3975 2753 4029 subvertendas
2779 3974 3058 4045 quisquam
3086 3975 3388 4043 respexerit
3413 3975 3591 4028 urbes.

2238 4069 2340 4121 Vos
2370 4069 2571 4121 noscite
2603 4068 2830 4132 malum;
2863 4081 3053 4136 ponas
3077 4066 3380 4136 quicunque
3414 4066 3613 4121 subibit

2232 4161 2489 4231 Aspieiat,
2522 4162 2815 4231 mortisque
2844 4174 2954 4216 suae
2974 4159 3279 4228 Spectacula
3298 4174 3480 4216 secum

2233 4254 2331 4322 Qui
2360 4269 2601 4309 meruere
2629 4253 2802 4307 ferant
2835 4271 2847 4305 :
2881 4253 3149 4307 salvaudis
3179 4262 3354 4308 terror
3384 4253 3589 4308 abesto.

2235 4347 2359 4401 Ilaec
2388 4345 2574 4409 Pater;
2605 4354 2687 4399 ast
2715 4344 2787 4399 illi
2822 4355 3109 4415 propermt
3139 4346 3427 4402 abscedere
3459 4357 3624 4410 terra,

2238 4438 2588 4519 lucidumque
2616 4452 2814 4503 moras,
2844 4436 3189 4506 crudeliaque
3228 4453 3350 4491 arva
3382 4440 3708 4509 relinquunt.

2306 4528 2554 4596 Coeperat
2580 4527 2770 4580 obduci
2800 4527 2994 4580 viezum
3027 4526 3253 4596 caligine
3277 4528 3459 4592 densa,

2155 4605 2211 4666 Ῑ)
2239 4623 2411 4690 Atque
2441 4622 2615 4690 ignota
2641 4620 2787 4689 prius
2818 4619 3104 4674 demittere
3128 4636 3400 4674 murmura
3434 4616 3652 4676 omium.

2234 4714 2343 4770 Nec
2374 4714 2451 4769 sic
2479 4724 2537 4768 ut
2562 4716 2758 4768 tonitru
2790 4714 2979 4767 crebro
3010 4728 3129 4767 cum
3157 4715 3393 4781 percitus
3424 4715 3586 4769 tetlter

2236 4810 2484 4861 Ostentat
2509 4806 2712 4873 pavidis
2743 4805 2959 4860 innoxia
2990 4804 3213 4861 fulmina
3256 4808 3433 4861 terris.

2235 4900 2339 4956 Sed
2371 4914 2587 4969 prorsus
2617 4898 2774 4953 finale
2799 4900 2998 4953 malum
3029 4898 3261 4954 stridore
3293 4898 3481 4952 minaci

2234 4992 2393 5047 Tetra
2420 5006 2517 5060 per
2541 4989 2717 5045 aerios
2747 4990 3039 5047 mittebant
3065 4991 3212 5060 signa
3242 4990 3519 5046 tumultus.

2236 5085 2553 5141 Tendebam
2596 5083 2784 5138 moniti
2814 5083 2991 5144 simul.
3037 5093 3090 5137 et
3119 5086 3369 5138 mamlata
3401 5092 3648 5140 tenentes

2178 5177 2187 5195 '
2235 5178 2561 5234 Concessam
2586 5178 2747 5232 rectis
2770 5175 2834 5231 ad
2866 5177 3049 5231 sedem
3080 5177 3313 5231 vultibus
3343 5177 3507 5232 ibant.

2237 5271 2471 5326 Callidus
2498 5270 2602 5324 alta
2635 5280 2821 5338 petens
2854 5266 2948 5322 sed
2975 5267 3064 5337 qui
3104 5269 3441 5323 subverterat
3465 5268 3626 5322 Evam

2237 5366 2493 5432 Serpens,
2522 5361 2811 5415 femineam
2840 5369 3129 5413 consuetus
3159 5369 3377 5429 tangere
3399 5370 3651 5425 mentem,

2240 5457 2336 5511 IIic
2365 5468 2577 5524 quoque
2608 5452 2904 5506 formidans
2933 5450 3171 5504 animum
3207 5461 3416 5504 tentare
3440 5451 3675 5515 virilem,

2240 5549 2489 5617 Coniugis
2522 5547 2745 5612 iusiiirat
2767 5545 2927 5615 votis,
2958 5554 3015 5597 ut
3045 5558 3204 5597 nosse
3234 5547 3414 5597 ruinas

2247 5642 2435 5701 Vellet,
2466 5650 2515 5694 et
2548 5655 2735 5695 evasas
2766 5640 2881 5692 visu
2908 5637 3243 5707 deprendere
3274 5638 3472 5691 clades.

2242 5738 2284 5789 0
2316 5738 2538 5790 demens
2569 5732 2754 5797 animi,
2786 5733 2867 5785 cui
2896 5734 3001 5802 jam
3034 5746 3138 5784 non
3173 5731 3367 5783 suffit-it
3400 5745 3552 5783 unam

2242 5827 2595 5883 Sua-cubuisse
2620 5826 2741 5879 dolo
2774 5836 2786 5874 :
2819 5826 2991 5879 caruit
3014 5824 3125 5894 jam
3150 5833 3300 5893 parte
3330 5821 3588 5876 bonorum
