4092 6350
352 299 451 355 :37
1627 306 2004 368 POEttATUM
2047 306 2246 371 LIBER
2293 308 2375 373 Ill.
3518 326 3623 387 338

351 411 477 509 gum
509 413 648 467 mala
678 417 930 485 cognovit
963 435 973 471 :
1009 418 1053 473 si
1085 434 1189 475 non
1222 419 1465 490 exempla
1496 421 1730 490 priorum
1965 432 2015 491 Α
2045 428 2224 484 Credo
2246 434 2496 501 equidem
2530 437 2743 505 melius,
2768 437 2908 509 quod
2939 455 3040 496 non
3069 445 3361 501 occurrerit
3384 461 3519 504 uxor

348 501 597 610 :l'crreltl,
621 510 925 579 exemplum
957 511 1052 568 fies
1080 530 1095 577 ;
1130 525 1419 584 nostroque
1454 516 1631 569 timori
2041 526 2308 585 Enarrare
2340 535 2456 587 viro
2488 550 2501 585 :
2532 550 2652 589 nam
2685 537 2729 591 si
2758 501 3028 606 crmpe'rta
3052 540 3297 610 referret,

349 594 441 705 Xel
465 607 597 701 post
629 610 678 656 le
705 614 888 705 pereat
916 607 1109 662 secreti
1140 606 1253 662 dira
1281 607 1493 678 cupido.
2042 619 2248 676 Forsan
2280 633 2333 677 et
2364 624 2505 680 hunc
2530 628 2645 681 visu
2677 594 2935 686 suasisset
2967 642 3205 689 temnere
3230 594 3399 705 ju'ssa,

347 688 593 796 illicitum
623 694 763 764 quod
793 697 931 752 scire
958 697 1077 765 fuit,
1104 700 1434 771 vetitumque
1459 702 1617 765 tueri,
2038 712 2145 766 Ceu
2176 716 2449 785 proprium
2473 727 2625 786 gustu
2657 720 2782 774 fecit
2816 724 3070 790 primaeva
3115 688 3339 796 virago:

347 786 635 890 lle-spicies
657 799 861 846 tantum
888 810 986 849 nec
1016 806 1291 852 narratura
1316 797 1544 855 videbis.
2037 805 2167 873 Qua:
2200 817 2480 878 postquam
2509 826 2629 868 sese
2659 786 2857 882 pariter
2887 786 3253 890 comitemque
3279 819 3486 888 fefellit,

422 880 565 950 Ergo
586 883 674 938 ubi
707 884 968 955 majorem
992 888 1162 943 vicina
1198 904 1262 944 cx
1292 890 1424 945 urbe
1461 891 1746 947 tumultum
2041 898 2107 953 Et
2141 900 2374 955 nondum
2406 911 2582 957 natam
2618 880 2880 973 percussit
2905 910 3130 965 vulnere
3162 880 3399 981 prolem;

345 973 570 1046 Accepit
595 976 810 1047 mulier,
842 980 1046 1035 vultum
1072 980 1279 1036 deﬂexa
1311 992 1593 1053 retortum,
2037 989 2173 1046 Tum
2207 993 2381 1049 victor
2408 1011 2632 1065 serpens
2662 1001 2957 1056 certamine
2988 1002 3141 1057 lzetus
3162 973 3237 1059 ab
3267 973 3404 1074 ipso,

348 1067 453 1124 Vix
484 1070 660 1140 primo
692 1073 743 1127 in
772 1073 886 1129 visu
917 1076 1181 1131 restrictis
1213 1077 1445 1131 motibus
1478 1077 1656 1144 haesit,
2037 1083 2322 1140 Puniceam
2355 1088 2599 1155 crispans
2622 1104 2910 1160 squamoso
2938 1093 2990 1147 in
3020 1094 3222 1152 vertice
3239 1067 3477 1163 cristam,

343 1159 580 1219 Cernere
605 1163 874 1222 desistens
903 1183 1023 1223 cum
1054 1180 1287 1238 coeperat
1311 1186 1325 1233 ;
1355 1168 1479 1224 inde
1506 1167 1684 1241 gelato
2034 1176 2151 1232 Jam
2165 1193 2273 1232 non
2290 1178 2637 1237 dissimulans
2656 1199 2811 1248 quem
2835 1196 3106 1253 presserat
3128 1196 3241 1243 arte
3264 1159 3617 1259 triumphum,

344 1252 620 1324 Sanguine
650 1272 986 1314 marmoreus
1018 1259 1253 1330 perfudit
1281 1263 1483 1317 viscera
1517 1271 1733 1329 torpor;
2036 1266 2227 1323 Acrior
2256 1268 2475 1325 insultat
2499 1274 2673 1339 victis,
2703 1284 2754 1329 et
2785 1252 2979 1331 talibus
3001 1276 3118 1332 infit
3144 1299 3158 1334 :

346 1344 625 1416 Diriguere
645 1366 820 1420 genae,
850 1352 1021 1420 pallor
1045 1369 1214 1408 novus
1256 1354 1422 1408 inlicit
1448 1370 1561 1408 ora.
2038 1356 2117 1411 En
2140 1357 2317 1413 divina
2353 1370 2532 1416 manet
2569 1364 2846 1432 promissa!
2871 1366 3037 1436 gloria
3071 1368 3265 1427 laudis.

347 1435 571 1493 Lumina
598 1454 706 1495 non
731 1441 948 1506 clausit,
981 1457 1086 1497 non
1118 1443 1308 1498 saltem
1341 1444 1572 1498 concidit
1604 1444 1696 1500 illo
2035 1451 2305 1521 Quidquid
2327 1455 2466 1510 scire
2489 1472 2664 1511 meum
2688 1435 3007 1529 potuit,jam
3032 1463 3235 1517 credite
3255 1472 3490 1518 vestrum
3514 1474 3610 1537 est,

344 1528 592 1587 Pondere
621 1547 727 1603 quo
758 1535 970 1601 pulsant
998 1536 1231 1590 demissa
1258 1536 1514 1591 cadavera
1543 1545 1768 1603 terram;
2034 1542 2226 1597 Omnia
2256 1547 2570 1611 monstravi,
2598 1562 2922 1620 sensumque
2950 1566 3044 1618 per
3074 1552 3251 1607 abdita
3281 1554 3432 1621 duxi,

342 1622 450 1680 Sed
476 1627 627 1681 stetit
655 1628 927 1683 horrendo
957 1630 1243 1699 perlucens
1272 1645 1445 1683 massa
1480 1631 1673 1696 nitere,
2039 1632 2104 1687 Et
2127 1634 2481 1704 quodcunque
2513 1639 2708 1692 malum
2738 1642 2909 1695 solers
2941 1654 3127 1697 natura
3158 1645 3405 1711 negabat,

341 1715 694 1788 Servavitque
728 1735 879 1774 suam
909 1722 1119 1791 species
1146 1722 1369 1790 decepta
1406 1726 1647 1790 lignram.
1820 1788 1831 1795 η
2040 1724 2271 1795 lnstitui,
2304 1728 2614 1798 dextrisque
2641 1731 2761 1786 dedi
2792 1734 3120 1804 conjungere
3147 1737 3356 1793 laevam.

343 1809 457 1866 Nec
488 1811 642 1866 facile
675 1823 733 1865 ut
763 1828 971 1879 nosses,
1003 1814 1219 1877 vitrum,
1251 1815 1405 1883 lapis,
1436 1830 1577 1868 anne
1601 1814 1874 1869 metallum
1963 1817 2009 1877 B
2043 1816 2243 1873 lstbinc
2277 1831 2529 1889 perpetrm
2560 1832 2767 1876 vosmet
2802 1825 2931 1878 mihi
2963 1836 3111 1881 sorte
3141 1828 3330 1883 dicavi.

347 1902 658 1959 Succedens
680 1904 904 1971 homini,
937 1907 980 1961 si
1011 1922 1115 1960 non
1147 1907 1223 1960 sal
1260 1908 1410 1962 fauce
1442 1916 1675 1962 notetur.
2040 1908 2148 1963 Nec
2174 1911 2311 1965 Dens
2342 1911 2395 1965 in
2428 1913 2598 1978 vobis,
2631 1929 2931 1984 quanquam
2961 1915 3268 1972 formaverit
3297 1929 3439 1985 ante,

346 1994 427 2049 Ex
459 2005 586 2051 tunc
612 1998 843 2067 insipido
872 2001 1062 2054 mulier
1084 2010 1357 2070 prteventa
1388 2013 1538 2056 reatu
2040 2002 2158 2057 Jam
2193 2003 2310 2071 plus
2336 2004 2471 2071 juris
2503 2004 2688 2067 habet;
2721 2015 2895 2058 teneat
2927 2009 3067 2076 quod
3091 2010 3332 2064 condidit
3363 2012 3497 2078 ipse.

342 2081 468 2140 Plus
499 2087 702 2142 salsum
734 2089 853 2144 sine
883 2102 1062 2146 mente
1092 2092 1253 2159 sapit,
1298 2108 1415 2161 quae
1455 2107 1688 2161 pungere
1717 2110 1925 2163 sensus,
2041 2092 2192 2157 Quod
2226 2093 2384 2147 docui
2418 2109 2625 2148 mecum
2657 2108 2739 2149 εει
2766 2112 2778 2148 :
2810 2097 2981 2165 major
3008 2098 3136 2151 mihi
3167 2099 3341 2167 portio
3372 2107 3553 2154 restat.

341 2177 696 2248 Exemplique
726 2171 902 2249 potest
928 2182 1134 2236 salibus
1159 2184 1380 2238 condire
1411 2184 1674 2239 videntes.
2036 2184 2197 2238 Multa
2225 2183 2465 2239 Creatori
2496 2185 2724 2246 debetis.
2758 2188 2902 2254 plura
2938 2189 3214 2258 magistro.

342 2268 459 2325 Hoc
487 2279 665 2327 tamen
695 2272 782 2328 hic
813 2290 1085 2342 magnum,
1120 2276 1262 2342 quod
1290 2293 1393 2329 non
1428 2276 1711 2332 inﬂectitur
1737 2278 1856 2344 iste,
2035 2276 2197 2341 Dixit,
2224 2288 2275 2330 et
2316 2280 2366 2332 in
2400 2278 2573 2333 media
2617 2280 2851 2349 trepidos
2881 2283 3108 2351 caligine
3142 2283 3407 2353 linquens,

339 2361 448 2417 Nec
476 2365 715 2435 sequitur
750 2365 973 2432 sociam,
1006 2368 1157 2421 fortis
1186 2384 1283 2423 nec
1305 2368 1531 2422 vincitur
1561 2371 1748 2423 Adam.
2036 2369 2333 2423 Conlictum
2368 2370 2518 2439 periit
2550 2371 2797 2439 linquens
2827 2389 2921 2441 per
2951 2374 3130 2428 nubila
3158 2390 3370 2444 corpus.

1324 2580 1790 2687 LIBER
1880 2558 2695 2688 TERTIUS.

1637 2742 1720 2796 DE
1758 2739 2143 2796 SENTENTIA
2181 2741 2310 2798 DEI.

412 2855 644 2926 Tempus
672 2866 784 2913 erat
813 2872 919 2928 quo
939 2858 1021 2913 sol
1045 2859 1278 2914 medium
1311 2859 1718 2915 transcenderat
1745 2872 1925 2925 axem,
2039 2857 2153 2912 Non
2187 2859 2360 2929 pigeat
2392 2877 2560 2931 prono
2588 2865 2825 2931 trepidos
2849 2866 3176 2923 descendere
3197 2869 3364 2934 saltu;

338 2949 549 3005 Pronus
578 2959 630 3006 et
656 2951 854 3007 excelsi
888 2951 1132 3022 linquens
1160 2953 1365 3023 fastigia
1395 2953 1568 3007 centri
1589 2994 1605 3019 ,
2039 2953 2104 3008 Et
2124 2955 2166 3008 si
2197 2964 2500 3025 suppeteret
2528 2958 2636 3027 jam
2681 2969 2791 3014 tum
2821 2962 3085 3017 sententia
3111 2962 3261 3031 letbi,

338 3043 523 3099 Vit-ina
546 3044 651 3114 jam
686 3054 844 3099 nocte
864 3044 1010 3101 leves
1041 3047 1377 3116 praemiserat
1402 3061 1581 3101 auras.
2039 3045 2183 3101 llanc
2217 3049 2376 3103 etiam
2407 3065 2480 3115 re,
2503 3064 2616 3106 aret
2663 3052 2870 3107 solandi
2898 3070 3024 3109 cura
3060 3055 3295 3125 pudoris.

336 3134 447 3192 Illis
469 3136 565 3192 sed
595 3135 770 3206 major
789 3152 1039 3191 curarum
1068 3138 1298 3191 volvitur
1321 3148 1503 3203 aestus,
1953 3189 1998 3217 η
2037 3141 2142 3195 Seu
2173 3141 2402 3197 llntnmis
2428 3137 2724 3213 lyriipbisve
2765 3146 2976 3212 darent,
3013 3148 3091 3201 vel
3125 3160 3340 3217 pectora
3370 3149 3511 3205 ferro

370 2484 3604 2527 mw

472 3189 480 3191 -
801 3189 874 3191 η
925 3189 936 3191 -
991 3189 1038 3190 η
1081 3189 1124 3191 γέ
1194 3189 1224 3191 η
1255 3189 1286 3191 ἡ-
2038 3189 2142 3195 η--
2428 3189 2723 3213 .,.--,....-.-
2960 3189 2976 3212 ,
3019 3189 3090 3201 ..μ
3127 3189 3259 3217 νυν..

337 3232 739 3303 Ferventesque
760 3240 944 3288 tenent
966 3232 1106 3287 male
1127 3234 1341 3288 conscia
1368 3232 1532 3286 corda
1555 3231 1791 3286 dolores.
1953 3189 1999 3252 Ο
2034 3234 2324 3302 Appeteret
2348 3235 2537 3288 vindex
2571 3235 2773 3290 crudeli
2805 3240 3025 3292 vu'nere
3050 3238 3259 3293 dextra.

338 3325 510 3395 thue
536 3324 709 3395 pudor
735 3334 893 3394 capto
914 3324 1142 3380 detorsit
1173 3324 1373 3378 lumina
1400 3338 1582 3390 sensu,
2034 3324 2123 3379 Sic
2152 3326 2333 3379 miseri
2368 3337 2617 3389 mortem,
2648 3328 2883 3380 nondum
2914 3328 3224 3383 discrimine
3247 3337 3451 3397 notam,
3645 3392 3652 3418 ι

335 3415 591 3487 Reppulit
610 3425 665 3471 et
696 3416 924 3471 miseros
954 3417 1163 3471 alterno
1191 3430 1222 3469 a
1243 3431 1471 3485 corpore
1497 3415 1669 3477 visus.
2033 3416 2165 3471 Cum
2210 3419 2437 3487 primum
2466 3435 2731 3481 meruere,
2757 3421 2968 3480 volunt;
2994 3420 3208 3476 exordia
3243 3421 3402 3477 linem

336 3509 446 3565 Nec
478 3510 591 3581 jam
618 3524 805 3566 secura
839 3520 1121 3578 praestatur
1142 3511 1260 3566 luce
1291 3512 1421 3565 tueri
2033 3508 2275 3579 Signant,
2307 3522 2358 3563 et
2386 3510 2589 3564 similes
2622 3511 2914 3577 praedicunt
2936 3510 3120 3567 adfore
3148 3513 3340 3578 luctus,
3642 3563 3654 3579 ,

334 3580 612 3672 Signatam
648 3604 752 3658 lixo
779 3606 982 3673 peccati
1015 3604 1262 3673 stigmate
1289 3616 1526 3660 carnem.
2031 3598 2227 3655 Ultima
2247 3615 2367 3654 cum
2400 3602 2583 3655 mundi
2608 3602 2814 3656 senium
2838 3604 3232 3672 consumpserit
3256 3612 3407 3671 mtas,

335 3694 647 3750 Indumenta
681 3703 886 3763 petunt,
914 3694 1053 3749 foliis
1075 3704 1131 3749 ut
1154 3693 1404 3748 mollibus
1432 3691 1585 3746 ambc
2026 3690 2268 3761 Cumque
2297 3694 2611 3761 repentinus
2634 3695 2962 3763 percusserit
2992 3696 3171 3751 omnia
3197 3696 3370 3765 fulgor
3576 3690 3585 3701 ’

332 3788 567 3843 Membra
592 3798 794 3858 tegant,
820 3788 1127 3855 nudumque
1163 3788 1360 3842 malum
1393 3786 1459 3841 de
1489 3797 1637 3839 veStc
1665 3790 1915 3853 tatescat.
2024 3781 2319 3851 Graiorum,
2346 3786 2629 3857 clangente
2660 3787 2804 3851 tuba,
2839 3804 2940 3859 qua
2966 3790 3180 3844 nuntius
3206 3800 3331 3845 ante

408 3881 685 3936 Umbrosis
712 3897 933 3953 proper
963 3882 1137 3936 stabat
1170 3882 1395 3935 ﬁculnea
1421 3880 1607 3945 ramis,
2024 3876 2228 3934 Iudicis
2247 3878 2479 3934 adventu
2509 3894 2831 3936 concussum
2862 3890 3064 3937 terreat
3102 3882 3324 3941 urbem:

332 3976 669 4032 Frondentcs
700 3976 888 4031 diffusa
923 3992 1125 4041 comas,
1156 3991 1288 4046 quas
1311 3976 1551 4044 protinus
1583 3972 1775 4039 Adam,
2022 3969 2173 4026 Tunc
2210 3987 2329 4027 cum
2361 3974 2602 4029 sinceros
2632 3983 2817 4044 pastor
2844 3974 3158 4031 discreverit
3186 3991 3375 4046 agnos,

333 4069 648 4126 llumentem
681 4071 900 4135 capiens
926 4086 1047 4124 roso
1079 4068 1146 4123 de
1172 4070 1375 4123 cortice
1402 4068 1628 4131 librum,
2023 4062 2199 4118 Haedis
2223 4063 2525 4137 disparibus
2545 4066 2754 4121 diversa
2788 4066 2840 4120 in
2868 4074 3018 4137 parte
3046 4067 3255 4131 locatis,

330 4162 535 4227 Assuit,
564 4172 616 4215 ct
654 4161 810 4215 viridi
842 4161 1048 4214 solatur
1076 4171 1221 4215 veste
1252 4162 1521 4215 ruborem.
2023 4154 2125 4209 Per
2147 4155 2377 4225 mpdium
2402 4156 2691 4210 dirimente
2719 4155 2876 4219 chao,
2902 4156 3045 4225 quod
3078 4155 3328 4210 ﬂuctibus
3350 4155 3536 4224 implet

331 4252 574 4307 Induitur
603 4253 765 4306 simili
797 4254 986 4308 mulier
1013 4252 1375 4324 larrymabilis
1414 4263 1548 4317 arte,
1581 4260 1635 4305 ct
2022 4233 2336 4324 Slﬂpliureis
2355 4246 2576 4300 volvens
2602 4245 2807 4299 undosa
2832 4245 3078 4300 incendia
3106 4259 3320 4315 gurges,

332 4344 475 4411 Quos
508 4346 651 4414 pavit
683 4345 881 4399 misero
912 4345 1066 4399 fallax
1103 4322 1306 4399 insania
1338 4360 1518 4414 pomo,
2023 4322 2380 4391 Flainmarum
2409 4346 2690 4406 stagnante
2717 4337 2857 4403 lacu,
2885 4350 2992 4405 quo
3029 4335 3233 4392 fervida
3266 4335 3533 4407 quondam

230 4492 235 4496 ,
330 4434 553 4493 Vestis-it
579 4435 737 4501 folio;
762 4451 901 4490 sreva
932 4452 1064 4506 quos
1093 4436 1285 4489 arbore
1316 4435 1488 4489 nudos
2024 4429 2225 4484 Dicitur
2251 4438 2478 4485 attracto
2511 4429 2681 4485 nubes
2712 4428 3035 4485 Sodomitica
3067 4429 3248 4485 nimbo

330 4528 600 4592 lteddidit,
628 4528 726 4581 bos
748 4528 960 4598 gravius
985 4529 1127 4582 tenui
1152 4542 1313 4595 super
1334 4528 1526 4582 arbore
1549 4528 1699 4583 texit.
1943 4580 1993 4598 ,ι
2025 4525 2281 4583 Guuatim
2310 4541 2556 4596 sparsum
2600 4527 2798 4582 fudisse
2829 4527 2881 4581 in
2913 4526 3137 4581 crimina
3168 4524 3393 4589 fulmen,

329 4622 395 4677 Et
426 4631 601 4676 tamen
629 4621 878 4675 adveniet
902 4633 1134 4691 tempus,
1166 4636 1284 4674 cum
1318 4621 1538 4675 crimina
1571 4621 1696 4691 ligni
1942 4580 1995 4642 Β
2021 4621 2150 4675 Cum
2183 4606 2387 4692 plueret
2414 4637 2515 4676 nox
2549 4614 2690 4677 tetra'
2717 4620 2884 4685 focos,
2915 4618 3157 4690 taloque
3177 4619 3395 4675 caduca

327 4711 430 4766 Per
459 4714 656 4781 lignum
683 4720 856 4778 sanet,
882 4721 1178 4781 purgetque
1208 4712 1527 4765 novissimus
1560 4714 1749 4775 Adam,
2022 4713 2157 4767 Aera
2188 4727 2282 4783 per
2304 4712 2534 4767 calidum
2562 4698 2822 4769 stillarcnt
2849 4710 3081 4778 undique
3112 4719 3333 4767 mortes.

326 4804 708 4873 Muterinmque
737 4786 904 4872 ipsam
937 4803 1094 4857 faciat
1123 4802 1473 4857 medicamina
1506 4806 1646 4866 vitro,
2019 4804 2223 4859 Taliter
2254 4805 2477 4875 ignifero
2508 4805 2661 4860 missi
2685 4805 2753 4859 de
2784 4805 2929 4859 fonte
2958 4804 3218 4873 gehennre

325 4897 440 4963 Qua
468 4911 612 4949 mors
637 4894 863 4949 invaluit
889 4914 900 4947 :
935 4877 1081 4949 letho
1111 4892 1362 4947 delebcre
1396 4893 1617 4947 letltutn.
2019 4897 2320 4976 [fluxerunt
2340 4896 2521 4959 tristes
2543 4894 2718 4953 aliéna
2744 4898 2794 4950 in
2827 4896 3020 4951 saecula
3051 4894 3167 4951 rivi,

333 4986 533 5042 Aireus
559 4988 774 5042 excelso
807 4985 1057 5055 pendebit
1091 4986 1268 5054 stipite
1305 4999 1548 5056 serpens,
2018 4989 2086 5043 At
2116 5004 2250 5059 quos
2274 4989 2494 5043 terribili
2517 4988 2677 5057 judex
2706 4988 3004 5043 decreverit
3046 4988 3177 5043 hora

323 5080 566 5150 Cumque
593 5089 910 5135 venenatum
941 5077 1294 5142 simulaverit,
1322 5094 1483 5133 omne
1505 5092 1765 5133 venenum
2022 5082 2213 5139 Vivere
2237 5091 2358 5151 post
2382 5093 2629 5147 mortem,
2664 5095 2928 5152 poenaque
2951 5081 3144 5137 ardore
3166 5083 3408 5151 perenni,

325 5174 544 5245 Purget,
568 5186 622 5229 et
647 5176 919 5244 antiquum
947 5172 1173 5242 perimat
1200 5187 1295 5226 sua
1332 5172 1499 5226 forma
1526 5173 1834 5227 draconem.
2017 5174 2302 5230 Subtrahet
2326 5182 2509 5244 optato
2536 5174 2749 5244 gravior
2770 5174 3031 5230 sententia
3064 5175 3208 5230 letho
3240 5192 3254 5227 :

400 5269 603 5324 Interea
628 5270 839 5337 genitor
872 5266 1054 5323 viridis
1084 5282 1181 5337 per
1204 5266 1381 5321 mollia
1412 5267 1515 5320 luci
2015 5266 2255 5336 Cumque
2282 5266 2417 5321 foret
2448 5266 2657 5333 melius,
2691 5266 2946 5335 dispersis
2969 5281 3191 5337 corpora
3227 5264 3480 5321 membris

330 5359 597 5415 fiorantes
625 5360 760 5415 sudo
781 5359 1024 5430 capiebat
1048 5360 1115 5413 ab
1154 5374 1277 5413 aere
1300 5368 1511 5413 ventos.
2015 5357 2250 5428 Carpere
2282 5368 2596 5427 perpetuum
2631 5358 2760 5413 dura
2788 5360 2890 5415 sub
2913 5369 3081 5415 morte
3111 5373 3383 5427 saporem,

326 5454 579 5510 Protinus
609 5454 850 5511 attonitis
879 5462 1168 5509 senserunt
1194 5451 1417 5507 auribus
1443 5451 1601 5505 ambo
2016 5448 2216 5505 Invitos
2242 5459 2415 5504 tamen
2458 5466 2591 5506 urna
2620 5461 2826 5517 vomet,
2858 5452 3013 5520 queis
3041 5450 3151 5502 sola
3179 5448 3420 5501 voluntas

326 5548 654 5605 Praesentem
684 5547 967 5604 Dominum
994 5563 1009 5600 :
1037 5546 1173 5600 tristi
1206 5554 1316 5600 tum
1345 5547 1462 5600 luce
1491 5556 1737 5614 perosam
2017 5543 2222 5601 Rursus
2243 5559 2401 5614 posse
2426 5547 2584 5612 mori,
2604 5560 2871 5615 sensuque
2897 5558 3080 5598 carere
3110 5541 3348 5597 dolendi.

324 5646 607 5715 Expavere
634 5645 775 5700 diem
804 5643 1018 5698 detecto
1057 5641 1109 5695 in
1140 5640 1364 5695 crimine
1392 5647 1606 5694 testem.
2013 5635 2118 5692 Sed
2149 5637 2224 5692 sic
2254 5637 2481 5708 accipiet
2505 5635 2759 5692 ferventis
2784 5635 2994 5689 flamma
3027 5633 3243 5697 camini,

322 5738 454 5807 Illos
484 5753 606 5793 nam
636 5737 799 5791 vasus
823 5734 1088 5805 specubus
1117 5733 1160 5786 si
1182 5732 1319 5787 forte
1350 5730 1660 5786 barathrum
2016 5729 2338 5785 Ambustura
2368 5744 2493 5784 suas
2519 5740 2575 5783 ut
2595 5742 2867 5794 nunquam
2892 5726 3037 5778 liniat
3067 5740 3238 5781 escas.

322 5832 612 5891 Panderet.
640 5839 731 5885 aut
766 5829 999 5885 subitum
1030 5827 1190 5885 tellus
1221 5836 1544 5883 monstraret
1574 5824 1798 5893 biatum,
2086 5824 2155 5878 At
2183 5825 2338 5896 primi
2369 5824 2571 5879 interea
2598 5822 2824 5890 juvenes
2857 5820 3135 5876 conamine
3155 5835 3312 5877 casso
