4092 6350
499 281 603 342 asa
1355 353 1360 358 _

498 391 600 446 Per
626 391 836 452 deserta
863 402 1044 460 ruunt,
1071 402 1286 463 tutoque
1314 392 1626 448 abscondita
1656 393 1796 449 furto

499 484 659 540 Facta
701 495 904 554 putant,
930 485 1086 541 caecis
1107 493 1291 554 optant
1315 486 1534 540 latuisse
1562 485 1820 542 tenebris.

497 573 635 640 Quid
662 576 830 645 juvat,
863 576 1066 643 infelix,
1092 577 1276 632 oculos
1296 593 1326 630 a
1343 577 1524 646 judice
1547 577 1689 633 ﬂecti
1715 579 1736 630 .9

497 667 575 723 Te
599 669 755 737 iudex
780 670 950 724 cernit
975 688 986 722 :
1024 671 1162 725 nolis
1191 685 1287 727 cur
1317 672 1431 739 ipse
1458 671 1660 735 videre,

495 760 627 814 Cum
650 761 863 818 videare
889 762 1061 831 palam
1078 763 1101 815 ’ἶ
1123 764 1292 820 solem
1322 780 1426 819 non
1458 764 1630 820 fuscat
1659 779 1926 821 amomum
1949 809 1963 832 ,

493 856 546 909 Si
578 855 830 924 depressa
859 872 1080 926 gravem
1110 857 1400 913 formidant
1427 859 1628 914 lumina
1656 859 1854 924 lucem,

494 947 692 1002 Debilis
719 958 774 1004 et
801 950 1006 1005 clarum
1035 953 1177 1007 visus
1199 969 1308 1008 non
1326 953 1553 1008 sustinet
1577 953 1782 1008 orbem.

491 1040 624 1095 Tum
655 1044 733 1098 sic
759 1044 982 1101 terribili
1011 1046 1238 1113 primum
1275 1047 1416 1101 Deus
1438 1047 1680 1115 increpat
1705 1059 1821 1109 ore,

490 1135 665 1202 Atque
689 1135 776 1190 ubi
805 1137 872 1190 sit
905 1139 1158 1192 miserunt
1187 1153 1418 1193 noscens
1446 1139 1741 1210 interrogat
1766 1137 1964 1194 Adam.

490 1216 591 1290 Qui
621 1225 878 1294 trepidum
908 1228 1097 1296 pavido
1125 1229 1426 1297 producens
1448 1240 1666 1298 pectore
1688 1245 1894 1293 vocem,

490 1314 590 1369 Vix
625 1316 738 1370 haec
764 1334 925 1386 pauca
954 1319 1135 1375 refert.
1169 1321 1336 1388 Tuus,
1364 1337 1397 1378 ο
1425 1321 1761 1388 Celsissime,
1793 1331 1969 1378 terror

491 1409 754 1468 Mentibus
775 1412 1015 1470 insidens
1038 1415 1294 1469 latebram
1322 1425 1528 1472 tentare
1555 1417 1750 1486 coegit.

490 1495 621 1556 Nam
648 1504 768 1574 quia
796 1505 931 1560 nuda
959 1506 1133 1562 forent
1159 1509 1418 1578 inopertis
1444 1523 1668 1578 corpora
1698 1509 1974 1576 membris,

490 1594 690 1650 Erubtti
726 1596 916 1664 fateor,
947 1601 1253 1670 caelumque
1285 1615 1376 1670 per
1405 1599 1582 1656 abdita
1615 1600 1743 1671 fugi.

563 1689 628 1742 Et
656 1692 796 1758 quis,
826 1690 921 1758 ait,
950 1690 1220 1747 subditum
1248 1694 1520 1750 concussit
1549 1693 1716 1749 corde
1741 1692 2035 1763 pudorem?

490 1780 647 1836 Visus
667 1791 721 1836 et
749 1784 890 1838 unde
913 1785 1119 1840 novus?
1152 1785 1281 1841 Nam
1311 1796 1369 1842 te‘
1392 1801 1491 1842 nec
1513 1786 1710 1843 vellera
1746 1785 1968 1854 dudum,

489 1872 597 1930 Nec
627 1887 874 1931 contexta
909 1878 1054 1947 prius
1079 1881 1276 1936 velavit
1306 1881 1537 1951 tegmine
1566 1883 1749 1938 vestis.

489 1966 682 2024 Forma
705 1969 872 2032 rudis,
908 1973 1124 2041 proprio
1154 1973 1345 2029 melius
1371 1983 1622 2031 contenta
1648 1974 1866 2037 decore,

489 2058 672 2116 Indice
694 2074 758 2116 se
780 2060 973 2129 placuit
999 2077 1013 2115 :
1049 2062 1143 2118 sed
1173 2074 1454 2132 postquam
1482 2066 1684 2122 fmdere
1715 2078 1873 2137 rupto

490 2147 769 2205 Ιιιιειιιιῐοίιι
797 2159 918 2208 tuus
942 2155 1248 2223 perstrinxit
1273 2157 1514 2224 germina
1543 2154 1750 2226 gustus,

491 2238 740 2299 Naturale
763 2244 858 2300 tibi
889 2255 1102 2316 tegmen
1126 2263 1230 2302 non
1260 2247 1455 2304 sufficit
1493 2265 1677 2306 unum.

489 2332 759 2393 Hactenus
782 2347 836 2391 et
863 2339 1022 2395 nudis
1050 2355 1192 2396 nunc
1218 2342 1488 2398 denudata
1517 2353 1818 2414 patescunt,

487 2430 675 2499 Arguit
705 2429 970 2486 obscenus
997 2433 1123 2501 quia
1153 2433 1322 2502 turpia
1354 2449 1580 2502 corpora
1627 2444 1819 2490 motus.

558 2520 649 2576 llle
677 2521 763 2575 ubi
785 2525 1084 2579 conviCtutn
1115 2527 1262 2581 claro
1289 2541 1347 2582 se
1376 2526 1576 2583 lumine
1598 2527 1750 2592 vid-it,

488 2615 726 2673 Prodidit
759 2630 813 2672 et
837 2628 1003 2673 totum
1035 2619 1460 2692 discussiojusta
1491 2631 1718 2683 reatum,

485 2710 602 2765 Non
631 2729 789 2780 prece
817 2712 1082 2767 submissa
1112 2716 1318 2768 veniant
1347 2731 1439 2782 pro
1468 2715 1694 2770 crimine
1722 2717 1918 2785 poscit,-

483 2805 600 2861 Non
634 2809 769 2862 votis
793 2807 1111 2878 lacrymisve
1135 2818 1305 2878 rogat,
1338 2825 1435 2864 nec
1459 2808 1669 2865 vindice
1692 2810 1818 2863 fletu

485 2894 775 2952 Praecurrit
798 2899 1040 2952 meritam
1070 2901 1293 2968 supplex
1330 2899 1596 2954 confessio
1622 2917 1854 2968 pmnain.

483 2987 710 3059 Jamque
741 2987 904 3043 miser
934 2987 1123 3052 factus,
1155 2989 1389 3044 nondum
1439 2991 1754 3045 miserabilis
1783 2991 1871 3046 ille
1891 3001 1992 3047 est.

484 3078 718 3149 Erigitur
747 3095 927 3145 sensu,
965 3081 1270 3152 timidisque
1301 3098 1523 3138 accensa
1546 3082 1780 3152 querelis

486 3171 677 3225 Fertur
705 3173 757 3225 in
790 3167 1005 3226 insanas
1037 3173 1208 3227 laxata
1241 3175 1487 3241 superbia
1512 3190 1689 3230 voces.

480 3264 596 3320 lleu
621 3265 760 3320 male
791 3265 1064 3334 perdendo
1093 3269 1285 3322 mulier
1315 3269 1598 3338 conjuncta
1633 3271 1862 3326 merito!

481 3355 650 3423 Quam
680 3358 878 3412 sociam
908 3359 1107 3414 misero
1137 3362 1308 3429 prima
1339 3362 1437 3415 sub
1467 3362 1583 3431 lege
1607 3362 1822 3430 dedisti,

482 3449 604 3504 κως
637 3466 721 3506 me
747 3451 988 3507 consiliis
1019 3455 1143 3508 vicit
1177 3454 1382 3510 devicm
1411 3456 1667 3522 sinistris,

477 3543 546 3595 Et
576 3542 672 3598 sibi
693 3542 801 3613 jam
838 3553 1021 3598 notum
1053 3546 1320 3615 persuasit
1345 3561 1560 3602 sumere
1583 3563 1820 3620 pomum.

477 3633 579 3690 Ista
601 3637 724 3691 mali
753 3622 914 3708 eaput
934 3651 1036 3706 est,
1068 3641 1270 3695 crimen
1295 3643 1528 3694 surrexit
1560 3644 1625 3698 ab
1654 3645 1774 3700 ista.

477 3729 737 3784 Credulus
769 3732 883 3799 ipse
913 3733 1007 3798 fui,
1031 3733 1124 3788 sed
1147 3734 1368 3788 credere
1402 3746 1456 3788 tu
1489 3735 1740 3803 docuisti,

478 3821 824 3888 Conuubium'.
846 3817 1070 3888 donans.
1094 3837 1146 3881 et
1168 3827 1340 3882 dulcia
1369 3829 1576 3884 vincula
1605 3839 1845 3886 nectens.

476 3913 649 3982 Atque
682 3916 878 3969 utinam
912 3917 1064 3981 felix,
1095 3933 1212 3987 qua:
1243 3920 1510 3989 quondam
1542 3922 1656 3977 sola
1683 3923 1913 3992 vigebat,

475 4004 681 4062 Ctelebs
713 4008 816 4063 vita
849 4008 1003 4075 foret,
1030 4011 1148 4066 talis
1175 4028 1272 4068 nec
1299 4015 1541 4084 conjugis
1572 4032 1805 4086 unquam

473 4096 697 4162 Foedera
726 4100 1002 4167 sensisset,
1028 4103 1213 4160 comiti
1239 4119 1342 4158 non
1371 4106 1585 4161 subdita
1612 4123 1806 4174 prawc.
1872 4122 1896 4150 κ

543 4191 651 4246 llac
673 4192 831 4263 igitur
858 4195 1013 4264 rigidi
1037 4207 1336 4252 commotus
1366 4207 1544 4256 mente
1569 4201 1814 4270 Creator,

468 4283 780 4341 Maerentem
819 4287 980 4342 celsis
1014 4290 1300 4360 compellat
1325 4292 1547 4350 vocibus
1579 4292 1768 4347 Evam.

469 4377 574 4432 Cur
601 4378 853 4433 miserum
897 4381 1083 4435 labens
1113 4384 1319 4438 traxisti
1349 4385 1401 4438 iu
1429 4401 1594 4453 prona
1625 4389 1912 4443 maritum?

467 4466 576 4522 Nec
610 4479 858 4522 contenta
891 4482 980 4524 tuo
1009 4473 1277 4542 decepti-ix
1310 4475 1504 4531 femina
1545 4493 1692 4541 casu,

466 4559 695 4615 Sublimi
725 4575 939 4616 sensum
963 4563 1137 4632 jecisti
1168 4582 1232 4620 ex
1259 4582 1379 4622 arce
1406 4570 1654 4625 virilem?

467 4648 554 4705 Illa
589 4653 812 4720 pudens,
837 4655 1080 4727 tristique
1100 4671 1265 4726 genas
1286 4659 1482 4721 suffusa
1511 4664 1732 4729 rubore,

464 4746 751 4799 Auctorem
776 4747 992 4803 sceleris
1017 4749 1212 4804 clamat
1240 4752 1460 4823 decepta
1489 4754 1803 4824 draconem,

464 4835 564 4901 Qui
596 4850 809 4905 pomum
838 4843 1001 4894 vetito
1024 4845 1285 4911 persuasit
1309 4855 1525 4916 tangere
1555 4864 1756 4914 morsu,

536 4925 655 4982 Post
688 4929 801 4984 haec
828 4932 1034 4986 finalem
1071 4937 1262 5002 proruit
1301 4940 1565 4994 sententia
1598 4938 1829 5012 legem,’

460 5017 887 5091 Serpentemquc
909 5041 1058 5088 reum
1087 5029 1254 5096 prima
1286 5032 1361 5085 sic
1384 5047 1514 5088 voce
1547 5037 1769 5092 notavit.

457 5111 537 5168 Tu
560 5117 799 5182 coluber,
834 5123 986 5187 cujus
1016 5125 1254 5190 peccavit
1282 5125 1475 5181 femina
1505 5128 1722 5198 fraude,

455 5203 775 5276 Errorisque
798 5212 967 5263 'virum
991 5225 1304 5274 consortem.
1326 5219 1556 5274 reddidit
1578 5220 1719 5290 ipsa,

453 5292 679 5367 Propter
708 5308 991 5371 utrumque
1019 5320 1164 5370 reus,
1188 5309 1392 5375 pendes
1435 5311 1577 5380 quod
1616 5310 1746 5368 fecit
1790 5322 2037 5372 uterque.

450 5387 560 5444 Nec
584 5392 676 5445 tibi
705 5393 916 5448 sublimi
949 5397 1216 5454 constabit
1248 5409 1464 5468 pectore
1496 5414 1704 5468 vertex,

449 5479 650 5535 Callida
677 5485 770 5538 sed
801 5502 1002 5554 pronus
1032 5505 1126 5558 per
1156 5500 1351 5549 terram
1387 5507 1601 5563 pectora
1630 5499 1815 5553 volves
1841 5515 1855 5553 :

450 5569 624 5641 thue
656 5573 771 5643 fuga
805 5581 1012 5646 trepido
1039 5583 1252 5639 sinuosa
1277 5588 1542 5642 volumina
1574 5601 1814 5657 currant,

449 5667 563 5720 Non
589 5681 805 5736 gressus
826 5672 918 5726 sed
947 5674 1126 5745 lapsus
1156 5680 1279 5748 erit,
1315 5691 1468 5751 teque
1502 5684 1612 5752 ipse
1641 5685 1888 5753 sequeris

450 5757 718 5827 lt‘lexibus,
755 5769 810 5816 et
837 5764 1008 5832 spiras
1039 5768 1268 5826 viventia
1295 5775 1506 5829 vincula
1539 5789 1775 5834 nectent.

1783 280 1840 336 S.
1884 277 2068 334 AVITI
2109 277 2504 338 VIENNENSIS

2099 390 2152 450 Λ

3631 282 3733 339 340

2179 395 2310 450 Τιιιιι
2343 406 2560 466 propter
2590 411 2802 452 suasam
2832 399 3151 455 miserorum
3174 399 3428 455 cordibus
3459 414 3660 467 escam,

2189 486 2456 542 Tellurem
2477 497 2719 558 captans,
2752 500 2906 558 pastu
2930 489 3166 544 vesceris
3192 491 3334 544 inani
3363 507 3378 555 ;

2105 566 2110 568 ’
2187 580 2457 662 Mensibus
2488 591 2540 635 et
2569 581 2732 637 certis
2757 596 2954 651 supero
2983 582 3235 651 depulsus
3258 582 3324 635 ab
3346 582 3500 647 orbe,

2103 1769 2166 1833 ιι,

2095 3147 2144 3213 α

1985 4507 2145 4596 ,ΓΒ

2187 674 2428 729 Inclusus
2459 677 2615 731 terris
2650 676 2920 730 communi
2951 675 3066 730 sole
3099 675 3326 730 carebis.

2184 766 2328 822 lnter
2368 778 2555 823 cuncta
2603 767 2812 837 replent
2845 783 2963 838 qua:
2996 785 3137 822 nunc
3182 767 3469 820 animantia
3516 768 3750 824 mundun

2184 860 2388 914 Auctor
2407 861 2593 914 mortis
2622 862 2748 926 eris,
2782 861 2878 914 fies
2901 862 3084 931 gravis
3106 862 3354 916 omnibus
3383 862 3590 916 horror.

2185 952 2459 1023 Praecipue
2482 955 2663 1010 infelix
2688 955 2898 1018 mulier,
2927 971 3048 1010 cum
3080 956 3452 1023 prole‘futura,

2184 1046 2274 1102 Sic
2303 1047 2607 1104 inimicitias
2635 1049 2756 1102 odio
2785 1060 3036 1103 currente
3060 1059 3305 1118 reponat,

2182 1139 2399 1194 Semina
2430 1141 2720 1195 seminibus
2747 1140 2998 1195 mandem
3041 1150 3098 1194 ut
3128 1152 3250 1194 vota
3277 1138 3526 1195 nocendi.

2184 1229 2437 1285 lnsistcns
2459 1245 2672 1300 semper
2706 1231 2910 1300 pavidae
2936 1232 3220 1286 sectabere
3245 1232 3479 1296 calcem;

2186 1321 2434 1377 Conterat
2464 1322 2551 1375 illa
2581 1333 2759 1392 caput,
2785 1323 3152 1392 victoremque
3184 1322 3368 1376 ultima
3391 1322 3591 1376 vincat.

2253 1415 2382 1469 Post
2404 1415 2520 1469 haec
2547 1415 2827 1469 attonitam
2849 1413 3019 1470 Judex
3053 1424 3355 1468 commotus
3381 1414 3433 1467 in
3460 1413 3646 1478 Evam,

2181 1509 2250 1565 At
2275 1517 2352 1575 tu,
2382 1523 2500 1576 qua!
2528 1508 2755 1577 primam
2776 1505 2988 1561 violasti
3016 1505 3212 1560 femina
3249 1506 3442 1577 legem,

2174 1599 2376 1669 Accipe
2400 1599 2710 1655 succiduum
2736 1597 2860 1654 vita
2883 1598 3024 1669 quod
3053 1607 3218 1654 restat
3247 1598 3300 1653 in
3325 1613 3518 1654 avum.

2181 1687 2466 1761 Imperium
2496 1691 2701 1761 patiere
2729 1689 2854 1756 tori,
2897 1688 3281 1760 dominumque
3323 1688 3536 1745 timebis

2181 1780 2353 1863 Quem
2381 1780 2586 1837 socium
2617 1779 2869 1837 dederam
2904 1797 2916 1835 :
2951 1779 3163 1852 parebis
3189 1778 3402 1837 subdita
3422 1777 3606 1852 jussis.

2183 1874 2249 1930 Et
2269 1884 2486 1929 curvata
2517 1881 2678 1945 caput
2703 1871 2886 1931 libitus
2914 1887 3164 1930 assuesce
3189 1872 3393 1930 viriles.

2183 1966 2414 2038 Moxque
2444 1965 2532 2022 ubi
2560 1965 2878 2036 concipiens
2897 1965 3064 2023 fetum
3099 1964 3440 2036 pmsenserit
3466 1965 3637 2031 alvus,

2183 2059 2400 2118 Ventris
2428 2074 2565 2119 onus
2584 2060 2783 2132 gemitu
2812 2059 3117 2124 testaberis,
3151 2073 3213 2115 uc
3237 2057 3332 2114 tibi
3358 2057 3596 2113 clausum

2182 2150 2354 2209 Anxia
2379 2161 2709 2208 crescentem
2741 2152 3028 2222 portabunt
3055 2145 3262 2208 viscera
3291 2148 3524 2214 fascem;

2186 2247 2366 2303 Donec
2389 2255 2659 2304 transacto
2683 2245 2896 2302 fastidia
2916 2245 3155 2317 tempore
3183 2242 3480 2312 complens,

2182 2339 2434 2396 Naturale
2455 2340 2652 2395 malum
2679 2348 2832 2410 partu
2862 2339 2960 2394 sub
2991 2337 3204 2393 vindice
3232 2335 3430 2406 pendat

2181 2431 2492 2490 Produccns
2525 2434 2688 2488 vitam
2721 2431 2897 2501 proles
2927 2431 3004 2486 sic
3032 2445 3190 2500 ptena
3221 2428 3475 2499 parentis.

2180 2524 2318 2593 Quid
2348 2523 2557 2580 diversa
2579 2524 2771 2591 loquar
2795 2532 2918 2593 post
2943 2523 3051 2593 jam
3073 2521 3386 2577 discrimina
3411 2518 3637 2575 matris?

2181 2617 2313 2671 Nam
2334 2631 2455 2672 cum
2490 2615 2738 2686 praeduro
2767 2615 2958 2670 mulier
2978 2612 3224 2669 confecta
3258 2612 3442 2668 labore

2180 2711 2427 2779 Optatam
2449 2709 2690 2766 sobolem
2729 2709 2819 2764 tali
2850 2707 3164 2778 produxeris
3195 2715 3336 2770 ortu,

2180 2803 2411 2872 Lugebis
2441 2818 2636 2858 vacuos
2665 2803 3046 2870 nonnunquam
3097 2800 3281 2857 orbata
3312 2797 3549 2854 dolores.

2253 2896 2457 2952 interea
2489 2896 2731 2966 trepidus
2756 2896 2866 2965 jam
2889 2887 3086 2950 dud‘um
3108 2895 3335 2950 sustinet
3361 2891 3554 2958 Adam,

2179 2989 2317 3057 Quid
2341 2988 2443 3044 sibi
2476 2989 2734 3044 terribilis
2757 2987 2971 3043 tandem
2998 2987 3264 3043 sententia
3287 2994 3488 3042 servet.

2177 3082 2274 3138 Cui
2300 3091 2471 3152 pater,
2502 3082 2757 3146 Attentis,
2787 3083 3149 3153 inquit,.nunc
3176 3081 3395 3135 auribus
3421 3089 3475 3134 et
3497 3087 3552 3132 tu

2180 3177 2376 3246 Accipe
2405 3176 2530 3245 quid
2555 3191 2824 3245 mereare,
2847 3176 2979 3230 levis
3002 3190 3160 3244 quem
3192 3169 3389 3228 fet'nina
3415 3169 3563 3225 vicit.

2177 3267 2460 3336 lmpolluta
2489 3267 2635 3339 prius
2658 3267 2882 3337 pulchro
2905 3269 3002 3320 sub
3028 3268 3268 3337 germine
3300 3263 3475 3323 tellus,

2177 3361 2294 3417 Non
2313 3362 2420 3429 jam
2452 3361 2556 3416 fida
2585 3361 2738 3426 satis,
2770 3375 2870 3415 nec
2897 3375 3029 3427 puro
3063 3358 3268 3412 semine
3300 3354 3552 3424 simplex,

2181 3457 2410 3512 Pristina
2440 3456 2762 3511 monstrabit
2793 3465 3104 3524 corruptum
3134 3463 3279 3522 terga
3308 3466 3402 3518 per
3427 3449 3636 3514 orbem,

2179 3551 2542 3621 Exemploque
2570 3559 2661 3606 tuo
2689 3565 2905 3618 semper
2937 3549 3029 3604 tibi
3064 3557 3207 3602 terra
3232 3545 3519 3609 rcbellans,

2179 3643 2444 3712 Vepribus
2468 3658 2531 3698 ac
2557 3644 2766 3700 tribulis
2800 3651 3006 3696 armata
3039 3641 3291 3695 resistere
3318 3636 3509 3692 discet.

2176 3737 2284 3790 Aut
2309 3736 2352 3792 si
2387 3736 2646 3806 frangeuti
2677 3735 2874 3790 cedens
2903 3732 3215 3787 succumbet
3245 3735 3444 3790 aratro,

2174 3827 2422 3883 Vomeris
2449 3835 2504 3882 et
2535 3829 2636 3882 fixo
2665 3825 2898 3880 mordaci
2923 3824 3083 3878 dente
3109 3823 3323 3876 subacta
3355 3833 3454 3884 εει,

2173 3919 2395 3990 Pinguia
2425 3919 2694 3988 decipient
2718 3919 2940 3971 mentito
2961 3915 3201 3986 germine
3234 3911 3394 3966 culta.

2171 4013 2304 4067 Nam
2335 4028 2431 4083 pro
2464 4013 2674 4068 triticeo
2703 4012 2883 4066 lolium
2914 4023 3235 4076 consurgere
3266 4006 3460 4070 fructu,

2171 4107 2236 4161 Et
2269 4107 2418 4161 ﬁctas
2447 4115 2673 4177 segetes,
2701 4118 3003 4172 vacuasque
3024 4101 3230 4158 dolebis
3255 4114 3470 4163 avenas,

2171 4200 2257 4256 Sic
2284 4201 2367 4254 vix
2394 4210 2658 4255 extortum
2693 4200 2986 4267 producent
3010 4196 3195 4266 jugera
3224 4210 3432 4262 panem,
3462 4206 3466 4210 '

2173 4292 2381 4348 Sudore
2409 4291 2627 4345 as.~itlno
2658 4291 2834 4344 nitens
2860 4305 3019 4358 quem
3050 4298 3224 4342 sumat
3251 4295 3478 4356 egestas,

2171 4385 2584 4453 lllecebramque
2613 4383 2712 4437 cibi
2748 4382 2969 4452 poenalis
3001 4381 3231 4435 vindicet
3256 4395 3398 4434 esca.

2169 4469 2449 4547 {Equalem
2481 4477 2650 4531 brutis
2689 4477 2884 4529 facient
2911 4473 3000 4528 tibi
3033 4472 3222 4541 pabula
3253 4473 3434 4531 vitam.
3463 4461 3482 4475 ’

2170 4572 2236 4627 Et
2265 4572 2420 4628 simul
2453 4570 2734 4625 herbarum
2768 4582 2954 4622 succos
2987 4577 3299 4635 pastumque
3342 4565 3641 4634 requirens.

2168 4665 2417 4718 Stercore
2442 4659 2707 4715 consimili
2739 4657 2989 4726 depressa
3019 4655 3326 4724 gravabitur
3349 4655 3516 4709 alvus.

2166 4759 2491 4815 Erumuosa
2521 4756 2609 4810 diu
2642 4754 2882 4807 volvetur
2914 4752 3104 4806 talibus
3133 4759 3285 4810 tetas.

2169 4852 2346 4904 Donec
2375 4849 2740 4917 pra-scriptum
2774 4856 2970 4913 ponant
3001 4843 3092 4898 tibi
3119 4843 3312 4897 smcnla
3337 4844 3511 4902 finem,

2166 4943 2234 4998 Et
2261 4952 2534 5011 compacta
2560 4944 2668 4992 luto
2695 4938 2972 4992 solvantur
3003 4945 3244 5004 tempore
3273 4932 3531 4986 membra.

2161 5035 2316 5090 Limo
2346 5034 2601 5086 formatus
2629 5045 2815 5085 rursus
2838 5029 3094 5096 rediget-is
3118 5028 3169 5081 in
3202 5041 3406 5081 arvum.

2158 5129 2298 5183 Ante
2327 5136 2499 5179 tamen
2534 5123 2802 5191 proprium
2834 5119 2940 5174 nati
2966 5132 3298 5189 prmcurrere
3325 5113 3525 5168 letbum

2155 5220 2491 5288 Conspicics,
2528 5229 2820 5284 prauusque
2854 5221 2970 5266 tuas
3004 5212 3055 5264 in
3087 5210 3232 5278 prole
3267 5206 3496 5270 videbis,

2156 5313 2228 5369 Ut
2257 5308 2538 5367 metuenda
2571 5308 2737 5376 magis
2768 5313 3017 5359 cernatur
3044 5302 3228 5356 mortis
3258 5300 3456 5368 imago;

2151 5404 2419 5460 Peccasse
2441 5413 2699 5471 agnoscas
2725 5398 2852 5468 quid
2885 5398 2981 5462 sit,
3013 5395 3139 5465 quid
3168 5403 3374 5447 mortua
3405 5390 3541 5452 fieri,

2151 5502 2360 5570 Quidve
2383 5500 2539 5553 mori.
2573 5497 2650 5552 Ac
2676 5510 2744 5551 ne
2772 5492 2898 5563 quid
2927 5491 3068 5547 desit
3093 5490 3183 5544 tibi
3214 5489 3348 5542 forte
3382 5485 3646 5542 malorum

2153 5597 2286 5663 Qua:
2314 5590 2638 5661 castigandis
2663 5593 2946 5655 corruptus
2973 5580 3201 5653 parturit
3231 5579 3398 5642 orbis,

2153 5686 2343 5740 Acrior
2369 5686 2633 5738 immenso
2659 5678 2968 5734 miscebitur
2989 5675 3067 5729 ira
3094 5670 3300 5729 dolori:

2153 5778 2284 5833 Nam
2314 5791 2434 5831 cum
2459 5775 2628 5842 prima
2660 5771 2748 5827 tibi
2781 5767 3080 5840 producent
3101 5773 3339 5834 tempora
3371 5769 3551 5827 natos,
