4092 6350
228 381 314 435 561
1504 374 1873 433 ΡΟΕΜΑῘΕΜ
1918 376 2116 433 LIBER
2161 378 2243 433 ΙΙΙ.
3371 383 3473 440 313

232 499 378 553 Livor
403 500 532 553 edax
563 510 709 554 arcto
732 500 955 554 certabit
982 499 1148 554 limite
1178 500 1353 553 mundi
1382 517 1394 550 ι

226 592 323 646 Nec
351 591 459 659 jam
491 592 719 647 sufﬁciet
748 608 944 647 vacuus
976 609 1073 661 qua
1106 593 1335 647 tenditur
1356 593 1520 658 orbis,

228 680 456 751 Totaque
480 686 745 753 germanis
772 686 1061 754 strittgctur
1086 698 1219 739 terra
1259 684 1488 740 duobus.

230 772 370 827 Alter
393 775 440 827 in
472 775 689 829 alterius
715 785 998 844 consurgnt
1021 778 1200 829 funera
1232 776 1415 841 frater,

224 864 596 937 Telluremque
622 883 810 921 novam
840 878 1062 937 cognato
1087 870 1342 938 sanguine
1371 869 1555 938 tinget.

228 954 355 1013 Exin
389 962 685 1028 posteritas,
718 965 891 1017 varios
919 978 1135 1031 passura
1167 964 1404 1025 labores,

228 1050 443 1107 Casibus
472 1056 521 1107 in
548 1056 726 1109 multis
756 1057 996 1109 mortalia
1024 1056 1197 1110 debita
1225 1055 1437 1124 pendet,

226 1143 357 1199 Dum
385 1157 616 1201 veterem
651 1148 837 1202 ductus
866 1150 1120 1203 dissolvat
1151 1151 1405 1202 terminus
1436 1149 1648 1210 orbem,

226 1238 438 1292 Utcidat
470 1254 627 1294 omne
657 1242 862 1309 vigens,
896 1242 1117 1310 finisque
1150 1242 1428 1308 redargnat
1460 1248 1596 1291 orta.

226 1331 498 1399 Audierat,
526 1343 832 1402 motumque
862 1334 1004 1387 dedit
1029 1335 1317 1387 conterrita
1351 1333 1528 1386 tellus.

297 1424 386 1478 llis
414 1424 565 1478 Pater
590 1426 788 1479 exactis
812 1425 1080 1479 haedorum
1111 1426 1336 1493 pellibus
1366 1427 1550 1480 ambos

224 1515 412 1582 Induit,
444 1526 497 1573 et
523 1528 701 1572 satu-ta
736 1519 961 1587 paradisi
992 1519 1057 1572 ab
1083 1520 1207 1572 sede
1240 1518 1441 1586 tejeeit.

223 1609 373 1663 Tunc
403 1613 557 1664 terris
583 1611 827 1664 cecidere
855 1610 1035 1672 simul,
1073 1609 1435 1677 mundumque
1459 1616 1734 1663 vacantem

223 1704 448 1769 latrant,
490 1712 544 1757 et
573 1704 733 1755 celeri
765 1704 1092 1770 perlustrant
1117 1704 1295 1754 omnia
1317 1716 1495 1753 cursu.

222 1794 567 1849 Gcrmiuibus
589 1808 887 1863 quanquam
918 1792 1096 1855 variis,
1128 1803 1179 1845 et
1201 1792 1440 1859 gramine
1472 1792 1631 1858 picta,

1826 500 1880 556 Α
1908 499 2154 553 Blandior
2184 511 2235 553 et
2270 502 2412 555 fesso
2443 502 2630 557 feritas
2663 503 2989 558 mt‘tiiCniliiiS
3020 503 3195 567 ad~it,.

1901 594 2021 648 Sola
2058 593 2329 647 hominum
2362 597 2530 649 nescit
2561 612 2710 650 meus
2742 612 2954 664 semper
2982 596 3112 647 dura
3147 595 3369 646 moveri.

1905 688 2048 749 Ilaec,
2077 687 2169 741 sed
2203 686 2409 740 diversa
2445 689 2653 755 penitus
2684 689 2806 739 dmn
2836 697 2979 741 sorte
3006 694 3284 755 geruntur,

1904 784 2220 851 lutpcudeus
2245 782 2420 835 obitus
2450 784 2645 849 pariter
2673 782 2896 851 pulsavit
2928 792 3228 847 utrumque,

1903 876 2075 931 Divite
2097 887 2382 945 prmvento,
2414 891 2678 943 nunquam
2711 875 2798 943 qui
2832 873 3057 928 credidit
3089 873 3261 926 istud:

1904 974 2109 1038 Pauper
2141 972 2205 1025 ad
2239 982 2470 1040 optatam
2503 971 2660 1039 longo
2690 972 2773 1022 vix
2804 964 3047 1035 temthi'e
3078 981 3303 1021 morte'u

1904 1066 2029 1119 PoSt
2057 1064 2220 1129 venit,
2253 1078 2301 1115 et
2333 1063 2507 1117 vietor
2534 1061 2749 1116 morbos
2779 1059 3333 1128 artusquerelinquit.

1903 1158 1995 1210 llle
2023 1156 2256 1223 quidem,
2289 1155 2429 1208 celsa
2458 1152 2543 1222 qui
2575 1152 2774 1205 dudum
2806 1149 2985 1204 ﬂoruit
3017 1164 3159 1213 arce,

1906 1248 2139 1302 Fletibus
2172 1246 2235 1299 ad
2270 1246 2526 1299 tumulum
2560 1245 2754 1311 stipato
2788 1242 2971 1295 funere
3004 1240 3193 1303 fertur,

1904 1343 2211 1407 Auratoqne
2239 1338 2395 1390 datur
2423 1336 2667 1389 cnnditns
2698 1336 2933 1387 membra
2966 1332 3235 1401 sepulcro,

1907 1432 1973 1485 Et
2002 1430 2229 1498 pretiosa
2263 1438 2445 1497 tegunt
2473 1429 2671 1481 elatum
2703 1427 2860 1479 lintea
2898 1440 3149 1477 marmor.

1908 1523 2138 1591 Spiritus
2165 1520 2413 1575 abstruso
2442 1521 2534 1573 sed
2566 1536 2684 1573 mox
2716 1511 2977 1573 demissus
3008 1532 3207 1572 avet-uo

1909 1614 2098 1668 Incidit
2128 1624 2356 1667 aeternas
2388 1628 2480 1681 per
2507 1627 2643 1665 smva
2679 1612 2921 1665 incendia
2957 1626 3161 1679 pmuas.

1850 1704 1857 1709 ’
1910 1705 1953 1757 Ε
1983 1720 2205 1774 quarum
2241 1704 2415 1757 medio
2444 1702 2657 1755 sublimi
2690 1704 2740 1755 in
2774 1702 2898 1755 sede
2926 1702 3154 1755 locatum

1916 1796 2063 1849 llaud
2099 1794 2281 1861 procul
2308 1795 2324 1863 (
2335 1794 2432 1847 hoc
2462 1802 2607 1847 certe
2637 1802 2907 1857 censetur,
2932 1808 3053 1845 nam
3085 1792 3270 1861 procul
3301 1791 3445 1858 inde,

223 1888 294 1941 Et
320 1887 516 1941 virides
538 1900 773 1955 campos,
810 1885 1089 1951 fontesque
1110 1892 1163 1939 et
1186 1882 1402 1937 ﬂumina
1440 1892 1763 1947 monstrans,
1834 1872 1883 1932 B
1916 1887 1982 1942 Ut
2008 1888 2163 1941 docet
2190 1885 2437 1954 eventus)
2467 1886 2671 1940 sinibus
2700 1884 2977 1954 conspexit
3009 1893 3257 1939 clamem

223 1978 336 2033 Illis
369 1979 508 2034 foeda
542 1991 714 2033 tamen
746 1976 949 2048 species
980 1981 1239 2033 mundana
1268 1988 1476 2047 putatur

220 2070 373 2133 Post,
406 2071 669 2137 paradise,
703 2081 863 2135 tttam,
891 2078 1063 2133 totum,
1087 2071 1429 2125 cernentibus
1460 2071 1690 2135 horret,.

219 2162 401 2230 thue
433 2161 706 2215 hominum
734 2177 851 2215 mos
875 2172 975 2226 est,
1012 2163 1123 2226 plus
1146 2162 1285 2230 quod
1308 2163 1540 2215 cessavit
1570 2173 1798 2214 amatur.

216 2257 552 2321 Angustatur
596 2252 808 2316 humus,
856 2252 1204 2321 strictumque
1244 2252 1583 2321 gementibus
1615 2251 1798 2305 orbem

218 2339 512 2395 Terrarum
540 2343 657 2395 finis
686 2357 789 2394 non
822 2340 1059 2395 cernitur
1093 2349 1145 2395 et
1174 2353 1350 2395 tamen
1381 2341 1559 2394 insmt.

216 2434 444 2503 Sqttalet
472 2442 525 2487 et
554 2434 665 2502 ipse
690 2434 821 2498 dies,
847 2443 1133 2487 causantur
1160 2434 1272 2487 sole
1300 2434 1400 2487 sub
1430 2434 1541 2499 ipso

216 2526 550 2581 Bubdttctam
584 2527 775 2592 lucem,
806 2527 942 2581 coelo
968 2542 1223 2595 suspensa
1254 2536 1460 2580 remoto

217 2620 382 2675 Astra
413 2627 651 2689 gemunt,
684 2628 964 2688 tactusque
996 2620 1141 2688 prius
1176 2619 1265 2671 vix
1292 2618 1529 2672 cernitur
1558 2618 1693 2671 axis.

292 2713 448 2767 Tunc
478 2713 615 2767 inter
642 2727 797 2766 curas
826 2712 1076 2781 permixti
1109 2712 1232 2765 felle
1259 2711 1481 2775 doloris,

216 2803 464 2859 Affectus
489 2818 709 2857 sensere
739 2818 925 2871 novas,
952 2814 1005 2857 et
1036 2812 1247 2872 pectora
1283 2803 1497 2870 pulsam

220 2892 473 2951 Nondum
500 2904 802 2963 compertas
828 2894 1125 2963 prorumpit
1156 2894 1310 2947 fletus
1340 2894 1390 2947 in
1423 2892 1608 2957 undas,

218 2986 565 3054 Attentisque
593 2986 742 3055 genis
770 2986 1000 3055 injussus
1030 2985 1215 3038 deﬂuit
1241 2985 1449 3039 humor.

220 3080 383 3134 Haud
416 3078 569 3133 aliter
596 3081 744 3133 vivax
775 3080 1027 3148 deceptus
1054 3078 1195 3132 mole
1223 3078 1421 3132 caduca

218 3172 484 3240 Spiritus,
514 3173 727 3238 impleto
754 3174 899 3226 venit
928 3187 1047 3225 cum
1080 3172 1336 3225 terminus
1368 3186 1501 3233 mvo,

1912 1981 2141 2034 Abrahae
2169 1979 2297 2046 justi
2330 1987 2589 2032 mutatum
2624 1977 2673 2030 in
2709 1992 2941 2046 paupere
2972 1978 3196 2043 vultum,

1911 2070 2022 2124 Nec
2053 2069 2169 2137 ejus
2200 2070 2454 2133 similem,
2488 2084 2646 2138 quem
2679 2068 2877 2122 dudum
2914 2070 3031 2122 luce
3063 2077 3355 2136 receptutn,

1910 2166 2113 2231 Quarto
2146 2162 2281 2217 forte
2312 2163 2397 2216 die
2422 2163 2505 2215 vix
2536 2162 2813 2231 quisquam
2854 2162 3028 2227 largus
3057 2159 3331 2228 humandi,

1910 2254 1987 2310 Ne
2013 2255 2121 2309 cito
2150 2253 2450 2323 dispersum
2485 2263 2686 2306 naturte
2719 2252 2833 2322 lege
2863 2253 3093 2307 cadaver

1910 2346 2036 2401 Dira
2068 2345 2420 2415 frequentatae
2451 2347 2696 2413 contagia
2728 2344 2961 2398 mitteret
2993 2342 3135 2409 urbi,

1909 2440 2190 2494 Oblectum
2226 2438 2413 2493 laceris
2447 2438 2590 2492 tenui
2621 2425 3127 2506 velamine'pannis,

1910 2533 2136 2587 Naribus
2169 2531 2401 2585 astrictls
2432 2530 2568 2583 nuda
2602 2530 2790 2584 tellure
2821 2530 3034 2583 locavit.

1910 2621 2179 2692 Angelicis
2211 2622 2454 2676 manibus
2485 2630 2609 2676 tunc
2636 2622 2686 2674 in
2718 2620 2943 2675 sublime
2974 2621 3197 2681 levatus.

1910 2718 2026 2773 Jam
2055 2717 2227 2781 dives,
2256 2716 2363 2785 jam
2392 2728 2557 2768 sanus
2579 2724 2693 2769 erat
2720 2732 2732 2767 :
2766 2723 3061 2783 contraque
3088 2712 3325 2780 superbi,

1910 2810 2012 2877 Qui
2038 2817 2285 2875 congesta
2322 2819 2508 2862 tenens
2537 2807 2729 2875 opibus
2759 2806 3061 2860 diffluxerat
3091 2804 3301 2873 amplis,

1912 2902 2073 2955 Arida
2104 2903 2180 2956 sic
2207 2899 2432 2953 flammis
2464 2898 2769 2952 mendicant
2798 2908 3007 2965 guttura
3038 2905 3232 2966 guttas.

1982 2996 2027 3050 0
2058 3003 2228 3063 pater,
2262 2995 2461 3047 electas
2488 2995 2695 3046 animas
2724 2993 2811 3060 qui
2844 2991 2971 3046 sede
3002 2991 3154 3045 beata

1911 3086 2152 3151 Colligis,
2183 3094 2235 3138 et
2264 3084 2469 3138 meritis
2497 3083 2781 3151 dispensas
2812 3081 3027 3152 praemia
3054 3081 3234 3150 justis,

1914 3177 2039 3231 llaec
2065 3192 2163 3245 ego
2193 3192 2297 3229 non
2329 3189 2569 3237 mereor;
2607 3174 2698 3227 sed
2731 3174 2915 3227 saltem
2944 3172 3203 3241 deprecor
3228 3185 3414 3236 unum,

219 3262 358 3317 Post
385 3262 584 3316 obitum
616 3260 828 3331 peccata
858 3262 1034 3327 dolet;
1072 3273 1180 3316 tum
1209 3262 1463 3331 quidquid
1494 3262 1728 3331 iniquum
1830 3246 1877 3309 Ο
1915 3269 2147 3323 Lazarus
2175 3278 2231 3321 ut
2260 3268 2457 3321 missus
2483 3268 2661 3320 veniat
2690 3266 2959 3330 digitoque
2989 3264 3219 3318 levatum

218 3353 470 3407 Gesserit
499 3353 564 3406 ad
593 3362 823 3407 mentem
856 3363 1091 3417 revocat,
1125 3363 1233 3407 tum
1269 3355 1490 3421 pmnitet
1516 3351 1689 3407 omnis

218 3445 485 3499 Errorum
519 3446 717 3513 lapsus,
750 3455 922 3499 semet
949 3460 1081 3513 quos
1107 3444 1287 3513 judice
1318 3445 1567 3507 damnat;

217 3533 288 3589 Et
322 3527 378 3589 si
406 3537 689 3603 praeteritae
719 3536 975 3590 reddatur
1003 3537 1153 3604 copia
1185 3537 1326 3601 vitm,

216 3628 435 3696 Sponte
462 3627 595 3681 ferat
622 3642 967 3697 quoscunque
994 3628 1193 3682 dabunt
1222 3628 1467 3681 mandata
1502 3627 1732 3681 labores.

288 3720 531 3774 Sanctus
557 3734 783 3790 namque
812 3721 975 3774 refert
1001 3720 1066 3774 de
1096 3720 1321 3789 quodam
1354 3720 1515 3774 divite
1545 3720 1732 3785 Lucas,

214 3813 399 3876 Quem
432 3811 596 3866 nimio
624 3812 745 3865 luxu
775 3812 1073 3867 dissolvens
1098 3812 1201 3866 vita
1234 3811 1465 3866 fovebat.

214 3904 344 3974 Ipse
382 3906 729 3960 cothurnatus
758 3906 1002 3973 gemmis,
1033 3913 1087 3958 et
1118 3903 1347 3974 fulgidus
1375 3918 1525 3969 auro,

162 3981 167 3984 ’
215 3998 415 4053 Serica
448 3997 529 4051 bis
557 3998 723 4051 coctis
754 3998 993 4051 mutabat
1021 3997 1251 4064 tegmina
1285 3995 1485 4049 blattis.

213 4089 359 4145 lude
389 4099 446 4143 ut
475 4090 823 4145 bacchantem
856 4090 1152 4142 suasissent
1182 4099 1418 4157 tempora
1452 4104 1713 4149 mensam,

213 4181 535 4237 Currebam
563 4183 755 4249 epulte,
789 4190 931 4234 totus
960 4195 1093 4247 quas
1123 4182 1345 4249 porrigit
1374 4182 1539 4234 orbis.

214 4275 478 4345 Cumque
508 4276 817 4343 peregrinus
845 4274 1045 4343 frugem
1079 4273 1311 4327 misisset
1343 4287 1584 4337 acervus,

214 4367 501 4422 Fervebat
528 4367 759 4435 priscum
787 4367 1039 4435 crystallo
1069 4367 1279 4433 algente
1309 4366 1610 4418 Falernum.

213 4459 400 4514 Uvida
430 4459 558 4526 quin
591 4458 751 4512 etiam
784 4458 1080 4512 miscebant
1110 4459 1351 4512 cinnama
1383 4457 1542 4521 thttri,

210 4555 283 4607 Et
316 4552 505 4607 suffita
533 4551 719 4604 domus
748 4550 929 4620 pingui
956 4550 1221 4619 fragrabat
1249 4564 1478 4602 amomo.

1913 3359 2119 3415 All‘erat
2148 3362 2249 3414 huc
2273 3360 2443 3412 labris
2474 3358 2786 3411 ardentibus
2815 3358 2937 3409 inde
2968 3357 3253 3424 liquorem,

1914 3453 2121 3521 Quique
2148 3451 2444 3519 refrigerio,
2474 3451 2514 3504 si
2546 3465 2649 3503 non
2678 3450 2994 3504 exstinxerit
3023 3463 3227 3510 omnes,

1914 3543 1995 3598 Ad
2027 3552 2236 3611 tempus
2265 3541 2453 3595 saltem
2485 3550 2661 3594 tantos
2689 3541 2768 3593 vel
2803 3540 3010 3607 mitiget
3036 3547 3217 3605 :estus,

1914 3636 2093 3691 Donec
2123 3637 2257 3689 fessa
2290 3635 2434 3689 brevi
2466 3635 2730 3703 respirent
2761 3632 3001 3687 membra
3030 3631 3226 3701 quiete.

1913 3728 2115 3783 Taliter
2141 3726 2382 3780 immixto
2410 3726 2657 3796 lacrymis
2687 3723 2915 3779 stridore
2943 3731 3215 3793 rogantem

1913 3818 2281 3887 Magnanimus
2314 3817 2525 3871 tandem
2553 3817 2840 3885 compellat
2870 3816 2947 3869 sic
2973 3814 3296 3884 patriarcha.

1916 3910 2107 3963 Desine
2136 3910 2243 3976 jam
2273 3924 2419 3963 seras
2448 3910 2712 3962 incassum
2738 3907 2959 3963 fundere
2983 3923 3165 3971 voces,

1920 4004 1981 4051 Iit
2010 4016 2201 4054 vacuas
2235 4001 2459 4055 miscere
2491 4014 2707 4067 preces;
2742 3999 2879 4053 haud
2914 4000 3035 4053 talia
3064 3998 3262 4053 dudum

1918 4090 2066 4143 Dicta
2098 4091 2285 4154 dabas,
2316 4090 2516 4143 foribus
2545 4103 2666 4142 cum
2697 4100 2747 4141 te
2773 4087 3065 4156 prandente
3086 4087 3290 4156 jaceret

1919 4180 2035 4248 Ipse
2068 4181 2300 4248 ignotus,
2334 4194 2516 4247 egens,
2550 4194 2711 4248 aeger,
2740 4179 2973 4247 jejunus,
3005 4178 3198 4243 inanis,

1917 4270 2048 4324 Cum
2084 4280 2173 4324 tua
2205 4286 2308 4325 non
2337 4279 2548 4338 caperet
2576 4277 2860 4339 congestos
2887 4282 3068 4322 mensa
3100 4277 3313 4336 paratus

1920 4362 2175 4431 Pauperis
2206 4372 2363 4431 atque
2395 4372 2512 4416 tuas
2541 4375 2644 4415 non
2675 4362 2777 4415 iret
2803 4360 3009 4415 clamor
3036 4360 3101 4413 ad
3133 4372 3309 4415 aures.

1919 4458 2253 4525 Quapropter
2281 4456 2515 4521 tandem,
2547 4455 2740 4509 librato
2768 4453 3013 4509 examine
3037 4453 3172 4520 veri,

1921 4549 2211 4607 l‘rmteritm
2238 4550 2359 4605 vitae
2390 4557 2587 4602 sortem
2613 4546 2869 4616 dependit
2893 4555 3136 4617 uterque,

208 4645 383 4711 Quod
408 4612 801 4712 pelagus,quod
822 4612 961 4696 terra
979 4612 1142 4705 creat,
1166 4642 1305 4710 quod
1332 4642 1546 4695 flumina
1571 4640 1809 4709 gignunt,
1842 4612 1901 4681 Di
1923 4641 2298 4712 Permutatqne
2326 4641 2501 4705 vices;
2534 4649 2587 4694 et
2618 4648 2668 4694 te
2687 4612 2801 4709 jam
2833 4612 3044 4693 sufﬁcit
3059 4638 3249 4707 amplis

206 4737 493 4790 Certatim
520 4734 721 4789 mensis
750 4734 1060 4789 cedentibus
1092 4735 1325 4804 undique
1358 4735 1527 4787 lassus

134 4888 135 4893 η
208 4828 492 4882 l‘ortabat
520 4827 724 4896 pallens
751 4828 863 4881 auri
893 4842 1014 4881 cum
1043 4827 1186 4880 fasce
1216 4827 1476 4880 minister.

203 4920 546 4990 lnnguidus
572 4929 696 4974 ante
718 4920 859 4973 fores
885 4935 1087 4988 pauper
1115 4929 1240 4972 tunc
1267 4920 1402 4972 forte
1428 4919 1637 4987 jaecbat

204 5013 451 5076 Divitis,
485 5011 755 5069 obstrictis
783 5012 1023 5065 resoluto
1054 5025 1278 5079 curpore
1310 5012 1582 5071 membris.

202 5107 283 5161 Et
316 5102 559 5173 supplex
591 5102 864 5172 poscebat,
893 5116 1073 5167 opem,
1106 5115 1209 5154 non
1239 5116 1457 5154 munera
1485 5112 1723 5170 captans,

201 5198 538 5267 Belliquias
565 5205 766 5251 tantunt
793 5194 887 5250 sed
918 5194 962 5248 si
991 5207 1122 5263 quas
1148 5195 1300 5262 copia
1327 5194 1474 5261 jecit,

198 5294 330 5348 llas
360 5303 503 5346 tunc
525 5291 807 5359 opperiens
828 5288 975 5341 alvus
1000 5286 1181 5355 jejuna
1210 5286 1448 5353 rogabat.

199 5384 326 5441 Sed
366 5381 726 5453 proclamanti
757 5380 903 5435 dives
933 5393 1035 5433 non
1068 5376 1270 5431 addidit
1299 5389 1503 5437 aurem,

197 5476 505 5542 Nullaque
531 5472 864 5542 languentem
900 5470 1067 5540 pietas
1098 5469 1331 5537 respexit
1358 5483 1603 5537 egenum.

195 5568 331 5625 Nec
368 5579 503 5635 quae
532 5562 810 5632 completis
836 5560 1078 5616 cecidere
1107 5558 1371 5628 superﬂua
1407 5560 1627 5623 mensis,

194 5657 504 5729 Pauperis
532 5654 599 5709 ad
626 5654 820 5709 victum
850 5654 1125 5723 quisquam
1158 5651 1335 5707 dedit:
1373 5652 1591 5720 insuper
1620 5654 1746 5721 agri

196 5749 547 5817 Destvcitnr
578 5746 758 5812 facies,
786 5756 840 5801 et
864 5746 1037 5815 putria
1065 5745 1297 5801 vulneris
1326 5744 1569 5799 horrent.

196 5849 336 5908 ϐω.
370 5854 487 5905 quc
515 5853 677 5895 canes
707 5839 820 5896 miti
849 5838 1180 5911 perlambant
1208 5838 1387 5893 ulcera
1416 5836 1612 5906 lingua,

1925 4735 2231 4789 Exundasse
2258 4734 2447 4798 bonis;
2481 4732 2691 4787 ltetetur
2722 4732 2825 4785 line
2854 4732 3112 4786 malorum

1922 4828 2022 4892 Qui
2051 4826 2219 4879 doluit
2246 4826 2472 4893 cceptis:
2508 4839 2615 4878 non
2645 4831 2727 4878 est
2752 4824 2861 4893 jam
2892 4823 3153 4878 terminus
3182 4822 3338 4878 ultra.

1926 4917 2147 4986 ktsuper
2174 4917 2441 4971 horrendo
2476 4917 2638 4984 cingit
2667 4916 2757 4985 qui
2790 4916 2999 4971 tramite
3028 4915 3200 4980 limes,

1929 5010 1993 5063 Et
2021 5008 2184 5062 chaos
2212 5008 2479 5078 objectum
2512 5008 2620 5061 lato
2650 5006 2925 5076 distinguit
2951 5007 3117 5073 hiatu,

1926 5099 2039 5153 Non
2073 5100 2199 5153 sinit
2227 5100 2507 5167 abjunctas
2535 5098 2747 5153 misceri
2776 5098 2979 5153 {aedere
3008 5107 3210 5168 partes,

1928 5194 2321 5260 Accessumque
2353 5200 2529 5261 negat,
2560 5190 2637 5244 sic
2664 5191 2813 5245 vobis
2844 5204 3078 5261 semper,
3109 5197 3167 5245 ut
3191 5190 3326 5247 istis.

2000 5282 2095 5335 llle
2123 5296 2342 5351 gemens
2373 5296 2563 5335 vanum
2596 5281 2820 5352 repetita
2850 5296 2982 5335 voce
3012 5289 3277 5350 precatur.

1930 5374 1983 5427 Si
2017 5374 2087 5427 nil
2122 5381 2242 5442 post
2272 5374 2471 5427 obitum
2502 5374 2719 5443 prodest
2745 5371 3031 5429 commissa
3060 5372 3232 5437 fateri,

1929 5468 2034 5522 Nec
2062 5479 2147 5521 tua
2180 5475 2415 5521 mutatur
2443 5466 2558 5521 lixis
2584 5467 2844 5522 sententia
2871 5464 3068 5527 verbis,

1929 5559 2040 5613 lloc
2066 5560 2299 5615 concede
2334 5560 2484 5623 mihi,
2518 5559 2659 5613 nulla
2688 5556 2828 5627 quod
2857 5556 2971 5624 lege
2999 5562 3243 5608 vetatur.‘

1929 5658 2146 5712 Fratres
2176 5658 2405 5726 quinque
2434 5656 2594 5709 modo
2622 5652 2903 5707 discedens
2932 5650 3051 5702 luce
3083 5647 3269 5716 reliqui
3296 5667 3306 5700 :

1928 5749 2020 5803 llis
2048 5759 2167 5813 peto
2198 5747 2433 5801 mittatur
2465 5745 2551 5813 qui
2583 5744 2737 5796 vivos
2764 5740 3016 5806 corrigat,
3051 5742 3175 5793 ante

1927 5838 1982 5892 In
2015 5848 2270 5893 tormenta
2300 5836 2487 5892 cadant
2514 5847 2669 5902 quam
2699 5830 2818 5887 talia
2855 5842 3015 5883 carne
3040 5829 3227 5887 soluti.
