4092 6350
562 367 664 424 543
972 406 975 409 -
1836 356 1891 411 S.
1938 352 2119 417 AYITI
2164 352 2178 393 l

2213 349 2560 407 lENNENSlS
3728 351 3829 407 ΞΜ

562 485 691 541 Nam
721 483 962 555 quamvis
991 482 1125 535 duro
1154 478 1439 546 persist-mt
1473 474 1634 527 curde
1666 473 1915 536 rebelles,

563 579 618 633 Si
648 588 825 632 tamen
859 575 1129 630 obstructa
1158 571 1437 639 quisquam
1468 567 1534 619 de
1566 575 1740 619 morte
1767 563 1992 630 r.ediret,

564 668 793 724 Credent
817 674 1057 735 experto,
1088 675 1377 731 poenasque
1408 660 1607 714 intrare
1636 658 1919 712 timebunt.

564 760 655 816 Ille
683 759 895 830 quidem
927 771 1151 825 poscens
1180 754 1428 809 effectum
1458 768 1562 806 non
1589 752 1733 821 capit
1762 752 1959 815 ullum;

563 851 666 904 Nos
694 859 893 910 autem,
918 847 1043 902 dum
1071 846 1178 901 vita
1206 854 1405 909 manet,
1432 844 1558 898 dum
1586 843 1705 898 luce
1729 844 1994 910 vigemus,

562 944 697 999 Olim
726 942 964 997 defuncti
996 950 1256 1011 perterret
1283 942 1500 995 nuntius
1529 940 1718 994 Adam.

564 1035 695 1089 Dum
730 1036 875 1089 locus
903 1043 984 1089 est
1008 1032 1191 1097 flendi,
1218 1032 1341 1086 dttm
1376 1049 1479 1086 non
1511 1032 1705 1100 injusta
1737 1042 2014 1101 petuntur,

564 1123 670 1178 Nec
699 1125 963 1178 obturatis
994 1123 1235 1193 pulsatur
1260 1123 1422 1193 janna
1452 1125 1639 1178 serris.

636 1216 888 1271 Novimus
918 1231 986 1269 en
1014 1215 1209 1279 cuncti,
1241 1216 1367 1285 quid
1396 1217 1601 1285 primus
1629 1216 1894 1286 planxerit
1922 1216 2032 1286 ille,

566 1310 665 1377 Qui
696 1310 875 1378 pulsus
902 1309 1076 1379 prisca
1106 1308 1329 1363 nescivit
1357 1308 1486 1363 sede
1515 1308 1739 1363 reverti.

568 1399 806 1465 Namque
834 1401 1035 1454 obitum
1066 1399 1350 1468 quemdam
1380 1415 1506 1455 casu
1540 1411 1651 1456 tum
1684 1401 1901 1471 pertulit
1933 1403 2070 1472 ipso,

571 1492 781 1545 Perdita
816 1508 880 1547 ne
911 1493 1155 1561 precibus
1181 1492 1499 1563 lacrymisve
1530 1495 1810 1550 reduceret
1840 1494 1987 1549 ullis.

571 1585 642 1637 Ex
678 1593 802 1638 tunc
833 1585 1083 1653 paulatim
1114 1596 1257 1639 retro
1285 1586 1531 1655 sublapsa
1562 1587 1750 1643 referri

574 1678 684 1731 Vita
720 1678 882 1747 prior.
910 1681 1179 1748 erupitque
1210 1680 1362 1734 malis
1396 1680 1567 1735 laxata
1602 1690 1857 1749 potestas.

570 1767 703 1823 Tum
731 1770 908 1823 tristes
936 1772 1127 1835 morbi,
1157 1779 1212 1825 et
1238 1773 1370 1826 varii
1402 1773 1615 1828 subiere
1643 1774 1879 1842 dolores,

572 1861 637 1915 Et
662 1871 910 1930 corrupta
941 1862 1069 1916 satis
1097 1863 1210 1916 dira
1243 1865 1565 1934 pinguedine
1597 1867 1751 1921 tellus

568 1955 773 2009 Lethali
805 1955 1045 2025 quaedam
1076 1956 1293 2010 suffudit
1321 1958 1562 2025 germina
1595 1972 1777 2014 succo.

568 2047 696 2102 Inde
724 2058 898 2123 truces
926 2048 1117 2103 saevire
1144 2049 1295 2115 ferte,
1322 2050 1629 2120 dudumque
1662 2052 1913 2107 timentes

570 2139 780 2193 Excitat
806 2139 872 2193 ad
907 2154 1133 2209 pugnam
1166 2150 1277 2194 tum
1308 2141 1537 2210 primum
1571 2143 1783 2197 conscia
1814 2144 2002 2210 virtus,

570 2229 760 2284 Reddit
793 2239 847 2284 et
876 2242 1107 2285 armatas
1136 2233 1346 2299 unguis,
1371 2232 1526 2301 dens,
1552 2234 1769 2303 ungula,
1796 2250 1985 2290 cornu.

571 2322 685 2392 Ipsa
712 2323 872 2377 etiam
904 2322 1049 2393 leges
1075 2334 1335 2393 rupemtmt
1366 2330 1490 2379 tunc
1516 2325 1806 2393 elementa,
1840 2386 1841 2389 η

575 2414 636 2467 Et
664 2414 867 2469 violare
894 2414 1050 2469 fidem
1084 2415 1397 2481 mortalibus
1424 2418 1601 2473 omnia
1633 2429 1863 2475 certant.

572 2506 788 2562 luflatur
816 2509 989 2564 ventis
1020 2509 1259 2578 pelagus,
1288 2510 1573 2565 volvuntur
1601 2519 1655 2566 et
1680 2514 1860 2582 undae,

574 2600 894 2670 Excitosque
924 2617 1117 2657 novum
1147 2604 1403 2672 turgescit
1434 2614 1625 2672 pontus
1656 2605 1708 2660 in
1740 2606 1950 2662 testam.

568 2692 716 2747 'l'unc
747 2693 974 2762 primum
1006 2695 1160 2749 tectis
1190 2704 1321 2749 tetra
1351 2698 1578 2767 caligine
1601 2698 1775 2766 caelis,

569 2783 806 2853 Ingratos
834 2785 1105 2839 hominum
1136 2787 1455 2857 castigatum
1487 2790 1719 2852 labores,
1800 2780 1805 2784 ’

570 2874 902 2931 Grandineos
929 2877 1135 2947 pavidis
1161 2878 1407 2932 fuderunt
1440 2881 1618 2935 nubila
1652 2883 1887 2951 nimbos,

572 2971 743 3038 Atque
774 2970 929 3037 polus
954 2970 1159 3023 discors
1192 2970 1379 3025 invidit
1407 2974 1645 3041 germina
1677 2980 1854 3031 terris.

573 3062 709 3127 Quin
741 3062 908 3132 magis
938 3062 1051 3130 ipsa
1082 3062 1180 3115 sibi
1213 3062 1369 3116 tellus
1396 3062 1620 3119 adversa
1653 3066 1885 3131 negavit,

572 3155 807 3210 Seminis
832 3156 1037 3225 excepti
1067 3163 1281 3210 vertens
1308 3158 1526 3211 mentita
1554 3158 1807 3214 nitorem.

646 3247 770 3301 llzec
794 3248 990 3316 gemini
1020 3249 1247 3316 primum
1276 3259 1558 3304 senserunt
1590 3259 1715 3304 tunc
1748 3251 2085 3321 protoplasti.

575 3340 863 3395 Posteritas
894 3355 1014 3393 nam
1045 3349 1241 3409 quanta
1272 3338 1406 3394 ferat
1434 3340 1712 3409 diSpendia
1742 3360 1946 3407 rerum,

573 3433 708 3497 Non,
734 3430 819 3485 cui
847 3431 929 3488 vel
959 3440 1173 3487 centum
1204 3432 1418 3499 lingute,
1445 3432 1527 3487 vel
1558 3433 1729 3488 ferrea
1759 3452 1857 3491 vnx
1888 3446 1994 3505 est,

575 3528 897 3579 Enumerare
925 3534 1113 3594 queat;
1147 3538 1244 3579 nec
1272 3526 1315 3579 si
1341 3540 1499 3594 quem
1529 3526 1738 3580 Mantua
1771 3530 1936 3591 misit.

573 3618 893 3672 Maeoniusve
917 3626 1113 3673 canant
1136 3618 1347 3674 diversa
1376 3633 1509 3673 voce
1538 3627 1732 3687 poetae.

573 3712 700 3775 Quis
731 3712 866 3766 tales
897 3711 1094 3766 referat
1119 3714 1331 3766 motus?
1362 3714 1480 3783 quis
1508 3713 1738 3787 denique
1765 3713 1924 3770 fando

576 3802 797 3856 Evolvat
825 3808 965 3856 totos
994 3802 1084 3871 qui
1112 3803 1334 3857 volvunt
1362 3805 1553 3858 saecula
1586 3806 1824 3861 fluctus?

576 3896 737 3946 Arma
766 3892 1019 3959 fremunt,
1045 3894 1235 3948 crebra
1261 3895 1496 3963 quatitur
1522 3896 1805 3952 formidine
1833 3900 2083 3966 mundus,

548 4004 553 4009 λ
577 3986 837 4040 Funditur
865 3986 1094 4056 irriguns
1125 3988 1363 4055 sanguis,
1390 3988 1667 4058 majorque
1693 3991 1888 4046 sititur.

572 4080 709 4147 Quid
738 4078 909 4134 dicam
943 4077 1115 4133 celsas
1146 4079 1415 4159 prazclaris
1444 4082 1673 4137 cmtibus
1698 4084 1857 4138 urbes

575 4172 629 4225 ln
659 4171 867 4225 deserta
894 4168 1053 4227 dari?
1085 4170 1307 4240 populos
1341 4173 1629 4240 populante
1661 4176 1814 4229 ruina

572 4262 836 4332 Dispergi,
863 4272 917 4317 et
948 4262 1181 4317 lacerum
1207 4264 1419 4318 vacuari
1450 4266 1688 4333 partibus
1717 4266 1945 4320 orbem?

570 4355 809 4408 Servitio
826 4354 980 4411 subdi
1011 4354 1279 4420 dominos,
1309 4356 1643 4425 fanmlosqne
1672 4358 1902 4414 vicissim

572 4434 814 4498 l’rmferri
842 4444 1093 4508 dominis,
1121 4454 1176 4499 et
1205 4445 1330 4499 belli
1359 4456 1506 4500 sorte
1537 4450 1734 4515 perire.

574 4536 704 4589 Sors
732 4536 944 4602 generis
975 4534 1117 4589 claro
1142 4537 1413 4603 quondam
1439 4551 1574 4605 quos
1605 4538 1864 4608 sanguine
1892 4540 2079 4593 misit?

574 4628 643 4680 At
670 4627 710 4678 si
741 4626 877 4679 forte
906 4625 1053 4683 brevi
1081 4628 1425 4695 requiescant
1455 4639 1697 4698 tempore
1726 4631 1883 4697 helia,

573 4716 801 4785 Legibus
828 4726 1059 4771 armatas
1094 4717 1268 4773 furere
1298 4719 1349 4771 in
1378 4723 1671 4775 certamina
1706 4722 1847 4787 lites,

570 4806 664 4860 Jns
693 4820 889 4875 anceps
919 4821 1152 4875 pugnare
1183 4808 1320 4873 foro,
1343 4824 1449 4877 quo
1470 4810 1645 4885 jurgia
1676 4811 1897 4867 fratrum

572 4900 685 4955 Non
716 4900 883 4955 levius
909 4902 1043 4956 votis
1076 4902 1292 4967 feriunt,
1317 4919 1476 4972 quam
1510 4907 1690 4974 prmlia
1727 4909 1890 4962 telis?

568 4993 674 5047 Sed
703 4993 821 5061 quis
846 5001 967 5048 vota
1000 5002 1167 5057 notet,
1190 4995 1423 5050 clament
1451 5011 1569 5051 cum
1604 5002 1737 5053 facta
1772 5003 2099 5058 nocentum?

568 5084 699 5149 Quis
727 5082 941 5147 fraudes
969 5084 1024 5138 et
1048 5082 1187 5137 furta
1214 5094 1392 5153 gemat
1417 5088 1685 5156 gaudente
1716 5092 1895 5159 rapina
1919 5095 1942 5145 ?

569 5175 763 5243 Quisve
791 5175 994 5230 minora
1026 5174 1194 5230 ﬂeat?
1224 5178 1411 5247 stringi
1443 5195 1542 5234 nec
1573 5183 1801 5236 maxima
1831 5196 2073 5253 possunt.

569 5266 697 5323 Inde
724 5269 931 5323 minora
960 5276 1159 5333 tamen,
1189 5270 1233 5324 si
1264 5273 1488 5326 summis
1514 5274 1695 5341 juncta
1732 5287 2019 5332 n0tentur:

569 5357 698 5415 Nam
730 5375 825 5429 per
849 5375 909 5417 se
935 5360 1137 5416 nullum
1164 5359 1371 5421 facinus
1399 5365 1500 5420 sub
1524 5366 1707 5435 judice
1738 5384 1957 5435 parvum
1987 5380 2088 5427 est.

570 5450 678 5507 Nec
703 5451 871 5509 refert
892 5463 1113 5509 cunctas
1136 5456 1374 5524 percurri
1401 5456 1641 5513 carmine
1670 5473 1885 5515 causas.

570 5545 681 5599 Hoc
714 5561 875 5614 parvo
901 5562 1148 5603 sermone
1174 5548 1391 5619 loquar:
1426 5560 1543 5618 post
1566 5551 1760 5607 damna
1789 5556 2025 5623 priorum

572 5637 652 5694 Nil
678 5652 956 5708 superesse
982 5641 1127 5705 mali,
1152 5640 1297 5711 quod
1328 5657 1432 5696 non
1460 5643 1545 5697 vel
1574 5652 1840 5712 perpetret
1873 5648 2044 5714 orbis,

574 5730 665 5784 Vel
698 5733 907 5795 toleret,
940 5732 1125 5803 plenus
1150 5732 1435 5799 scelerum,
1464 5734 1767 5805 pariterque
1796 5737 2067 5805 laborum,

574 5823 627 5883 la
658 5837 781 5879 casu
810 5822 1095 5880 discrimen
1128 5826 1349 5896 habens,
1377 5834 1430 5882 et
1456 5826 1658 5891 crimen
1690 5827 1740 5884 in
1772 5836 1910 5887 actu.

2161 466 2214 526 Α
2240 497 2249 505 -
2320 465 2426 521 Sed
2457 476 2532 531 tu,
2559 465 2774 521 Christe
2802 474 3015 537 potens,
3046 464 3131 519 cui
3162 478 3377 534 semper
3400 478 3621 535 parcere
3651 480 3829 536 prom-

2390 568 2537 628 ptum
2567 568 2668 624 est,

2248 654 2329 709 Tu
2367 654 2558 724 figulus
2589 668 2819 708 massam
2854 653 2995 725 potis
3023 667 3082 708 es
3113 667 3364 724 reparare
3390 654 3666 721 caducam,

2250 746 2318 801 Et
2348 746 2621 801 confracta
2651 745 2742 799 diu
2774 746 3117 815 resolutaque
3148 745 3351 815 ﬁngere
3382 759 3529 800 vasa.

2246 839 2349 907 Qui
2373 839 2572 895 dudum
2604 841 2771 894 multo
2802 839 3099 893 latitantem
3133 840 3352 910 pulvere
3380 840 3690 895 drachmam

2249 932 2459 987 Iuvenis
2489 932 2730 988 accensis
2759 932 2909 986 verbi
2940 931 3137 987 virtute
3168 932 3427 993 lucernis.

2249 1025 2602 1096 Linquentem
2636 1024 2839 1089 caulas,
2871 1024 3119 1095 turpique
3148 1040 3337 1080 errore
3365 1034 3671 1094 vagantem,

2252 1119 2439 1174 Pastor
2462 1134 2615 1197 ovem
2647 1119 2809 1173 celeri
2841 1118 3090 1188 dignatus
3117 1134 3361 1190 quaerere
3390 1134 3606 1189 gressu,

2249 1210 2537 1275 Subvehis,
2568 1221 2730 1280 utque
2760 1225 2858 1264 suo
2880 1210 3121 1279 gaudens
3151 1210 3407 1265 reddatur
3437 1210 3584 1271 ovili.

2253 1304 2474 1360 Sarcina
2509 1304 2566 1357 fit
2596 1320 2714 1371 quae
2743 1318 2868 1359 cura
2894 1302 3019 1358 fuit.
3053 1303 3143 1358 Sic
3170 1302 3310 1356 filius
3339 1301 3433 1356 ille

2250 1399 2465 1465 Junior,
2494 1400 2785 1455 exhaustos
2815 1408 3095 1469 postquam
3125 1395 3375 1466 dispersit
3401 1409 3643 1457 acervos,

2188 1528 2189 1531 η
2255 1494 2483 1564 Vitaqne
2514 1502 2835 1563 consumpto
2865 1500 3064 1545 mutata
3095 1497 3178 1543 est
3208 1488 3425 1559 prodiga
3452 1500 3639 1550 censu,

2254 1585 2448 1654 Turpia
2483 1600 2768 1654 porcorum
2798 1583 2957 1653 digne
2988 1582 3234 1637 convivia
3263 1588 3499 1646 sectans,

2252 1680 2466 1751 Optavit
2494 1678 2699 1749 siliquis
2727 1678 2984 1748 compleri
3010 1676 3211 1731 vilibus
3242 1674 3448 1738 alvum,
3556 1731 3566 1740 ,

2265 1774 2443 1827 Donec
2472 1787 2613 1828 satva
2645 1771 2813 1825 fames
2845 1769 3003 1839 longo
3033 1766 3340 1823 discrimine
3368 1766 3567 1820 victum

2179 1847 2229 1908 B
2254 1864 2485 1936 Cogeret
2507 1864 2714 1920 offenso
2746 1861 2960 1917 tandem
2990 1876 3048 1915 se
3077 1859 3306 1915 reddere
3335 1858 3495 1927 patri,

2253 1951 2686 2026 Confessumque'
2712 1972 2865 2012 reum
2896 1957 3075 2010 laxato
3103 1954 3331 2009 crimine
3359 1952 3496 2007 solvi

2254 2052 2498 2121 Denique
2526 2058 2850 2120 prostratum
2879 2048 3023 2102 mitis
3053 2055 3211 2117 pater
3230 2045 3421 2100 allevat
3448 2043 3617 2107 ultro,

2256 2145 2325 2201 Et
2353 2145 2621 2215 trepidum
2652 2144 2845 2198 blanda
2874 2143 3080 2197 solatur
3107 2156 3239 2196 voce
3270 2140 3553 2211 pudorem.

2255 2234 2490 2291 Ornatus
2521 2234 2705 2291 reduci
2733 2234 2899 2288 vestis
2923 2232 3015 2287 dat
3046 2233 3215 2302 prima
3249 2229 3539 2295 secundos,

2256 2328 2508 2398 Laetaque
2538 2327 2796 2382 solemnis
2826 2323 3064 2380 celebrat
3088 2322 3333 2378 convivia
3360 2332 3554 2386 caelus,

2255 2418 2409 2486 Quod
2441 2417 2678 2473 rediviva
2704 2416 2815 2471 suis
2838 2415 3071 2486 quodam
3099 2415 3167 2470 de
3196 2414 3387 2469 funere
3414 2413 3590 2483 proles

2180 2538 2183 2539 ν
2258 2512 2478 2582 Surgat,
2503 2520 2558 2565 et
2583 2511 2773 2565 orbato
2801 2507 3025 2565 redeant
3056 2522 3192 2561 nova
3220 2507 3420 2560 lumina
3456 2504 3615 2574 patri.

2254 2608 2324 2661 At
2358 2616 2438 2671 tu,
2468 2604 2785 2676 prmpollens
2815 2604 3089 2659 hominum
3122 2616 3412 2672 rerumque
3438 2599 3680 2664 Creator,
3709 2620 3713 2624 ·

2254 2702 2568 2772 Quanquam
2596 2710 2787 2756 cuncta
2811 2701 2945 2755 velis
2973 2699 3093 2754 fida:
3121 2708 3373 2754 constare
3403 2695 3584 2764 saluti,

2254 2790 2403 2845 Nulla
2437 2800 2614 2847 tamen
2649 2792 2846 2862 pateris
2876 2801 3073 2846 nostra).
3103 2789 3381 2859 dispendia
3417 2787 3627 2851 mortis,

2255 2883 2363 2938 Nec
2389 2900 2656 2954 quoqttam
2684 2892 2945 2953 pereunte
2976 2883 3079 2937 tuis
3108 2882 3421 2950 contingere
3449 2880 3699 2934 damnum

2257 2975 2465 3029 Divitiis
2491 2975 2714 3045 poterit;
2750 2975 2925 3029 nescis
2954 2973 3294 3036 decrescere,
3323 2974 3503 3027 nescis

2257 3068 2479 3136 Angeri,
2506 3075 2561 3121 et
2587 3066 2746 3135 pleno
2776 3073 2979 3135 perstat
3012 3063 3103 3119 tibi
3132 3064 3300 3134 gloria
3333 3077 3519 3133 regno.

2253 3158 2357 3213 Sed
2389 3157 2597 3212 famulis
2629 3167 2682 3212 tu
2714 3156 2878 3212 redde
2904 3157 3010 3211 tuis
3037 3154 3177 3225 quod
3210 3153 3444 3225 perdidit
3474 3153 3675 3215 Adam;

2254 3250 2513 3320 Quodque
2544 3248 2661 3304 tulit
2692 3249 2920 3319 primum
2950 3248 3146 3301 vitiatae
3174 3244 3362 3315 stirpis
3393 3245 3567 3316 origo,

2253 3342 2387 3397 Ortu
2418 3343 2665 3397 restituat
2696 3341 2885 3395 melior
2912 3339 3022 3408 jam
3051 3340 3157 3393 vita
3190 3338 3450 3395 secundo.

2253 3433 2533 3489 Sorduerit
2562 3432 2782 3487 nimium
2811 3431 2991 3486 lacero
3016 3429 3345 3485 circumdata
3378 3429 3535 3499 peplo

2256 3526 2454 3581 Forma
2483 3534 2654 3589 vetus,
2682 3522 2901 3579 scissam
2935 3538 3140 3593 ponens
3169 3536 3290 3577 cum
3319 3520 3543 3576 crimine
3570 3526 3782 3581 vestem,

2256 3618 2421 3673 Pallia
2453 3618 2624 3686 prima
2656 3626 2809 3688 pater
2838 3616 3085 3672 redeunti
3121 3615 3334 3685 porrige
3363 3613 3520 3685 proli.

2259 3712 2596 3769 Semiuecem
2622 3710 2888 3782 quondam
2922 3710 3183 3765 miserans
3207 3709 3295 3780 qui
3324 3708 3463 3764 forte
3493 3716 3755 3777 repertum

2261 3804 2670 3873 Projectumque
2697 3802 2801 3869 via,
2829 3818 2986 3872 quem
3022 3802 3148 3857 saevi
3180 3802 3327 3857 crede
3362 3801 3600 3857 latrones
3662 3866 3663 3869 η

2258 3893 2529 3962 Impositis
2558 3903 2747 3949 cuncto
2774 3895 3065 3963 spiiliarant
3094 3894 3328 3964 tegmine
3355 3892 3543 3963 plagis,

2259 3986 2366 4042 Sed
2395 3994 2469 4051 tu,
2506 3994 2712 4051 sancte,
2736 3987 2873 4041 viam
2901 3996 3114 4056 sumpto
3140 3988 3266 4040 dum
3291 3999 3522 4054 corpore
3549 3984 3713 4038 curris
3737 3998 3752 4046 ;

2259 4079 2473 4133 Iuvenis
2501 4078 2733 4145 allisum,
2761 4093 2859 4133 nec
2888 4078 3134 4147 prieteris
3160 4096 3171 4131 :
3206 4078 3426 4147 insuper
3458 4091 3656 4147 aegrum

2258 4170 2514 4225 Jumento
2542 4172 2718 4225 carnis
2748 4170 2978 4240 proprii:
3010 4171 3108 4225 sub
3140 4178 3276 4224 tecta
3304 4181 3569 4239 reportas.

2258 4264 2366 4318 Nos
2394 4262 2589 4318 fuimus
2618 4261 2885 4333 quondam
2916 4261 3105 4317 rabido
3133 4261 3255 4316 data
3287 4262 3465 4332 przeda
3500 4261 3699 4326 furori;

2258 4356 2361 4413 Sed
2392 4357 2437 4411 si
2468 4372 2608 4411 nunc
2637 4356 2844 4411 medico
2875 4364 3156 4425 percurrat
3185 4356 3405 4411 vulnera
3439 4356 3549 4411 fotu

2258 4447 2438 4502 Gratia
2470 4447 2770 4517 producens
2797 4447 2998 4511 oleum,
3026 4447 3285 4517 sapientia
3315 4448 3519 4514 vinum,

2259 4538 2609 4594 Commendet
2639 4540 2851 4595 srabulo
2879 4540 3215 4594 Santaritidis
3246 4554 3430 4596 extera
3462 4556 3611 4607 cura,

2174 4596 2229 4679 Β
2262 4632 2499 4688 Pelletur
2528 4634 2737 4688 validus
2765 4633 3028 4689 medicato
3054 4649 3280 4704 corpore
3312 4634 3554 4705 languor.

2265 4726 2512 4795 Suscipe,
2541 4727 2628 4795 qui
2658 4742 2764 4781 non
2794 4728 2870 4780 vis
2900 4727 3164 4782 moriendi
3195 4743 3445 4783 crescere
3471 4741 3670 4793 causas,

2257 4817 2401 4883 Quos
2432 4817 2677 4874 cOizfessa
2709 4819 2800 4874 tibi
2828 4819 3061 4889 gemitus
3090 4821 3174 4889 pia
3208 4830 3424 4891 pectora
3454 4820 3688 4875 fundunt.

2264 4911 2333 4965 Ut
2360 4908 2627 4979 quondam
2662 4920 2859 4975 tecum,
2890 4926 3060 4980 passa:
3094 4910 3193 4965 sub
3226 4922 3467 4983 tempore
3496 4910 3685 4973 carnis,

2256 5000 2542 5055 Proximus
2574 5002 2791 5056 immani
2817 5003 3128 5073 dependens
3156 5005 3335 5074 stipite
3366 5005 3546 5074 praedo
3567 5048 3581 5071 ,

2260 5094 2430 5160 Quem
2463 5110 2567 5149 non
2596 5096 2749 5165 culpa
2782 5096 2872 5151 tibi
2905 5097 3131 5153 similem
3161 5098 3255 5153 sed
3288 5113 3444 5169 pinna
3478 5100 3712 5159 tenebat;

2258 5186 2353 5241 llle
2384 5196 2559 5242 tanten
2591 5205 2757 5243 nexus
2785 5191 3059 5255 membris,
3093 5207 3191 5246 nec
3219 5192 3381 5247 corde
3413 5194 3593 5262 ligato.

2262 5277 2326 5332 Et
2356 5278 2399 5333 si
2429 5280 2667 5334 confian
2692 5280 2856 5335 claris
2884 5282 3173 5338 extendere
3205 5284 3409 5354 palmas
3662 5274 3665 5277 ’

2259 5370 2374 5425 Νοη
2405 5372 2597 5441 potuit,
2628 5372 2760 5428 liber
2793 5384 3026 5429 mentem
3059 5392 3183 5429 cum
3213 5391 3343 5432 voce
3374 5377 3617 5432 tetendit.

2246 5464 2452 5550 Sicque
2481 5480 2605 5520 reus
2635 5466 2898 5522 scelerum
2931 5467 3055 5522 dum
3086 5468 3243 5538 digna
3276 5470 3483 5539 piacula
3516 5467 3706 5541 pendili

2257 5556 2569 5627 Martyrium
2600 5558 2667 5614 de
2695 5568 2866 5614 morte
2896 5561 3072 5630 rapit:
3106 5562 3188 5617 cui
3220 5561 3325 5617 fine
3352 5565 3526 5632 sagaci

2258 5648 2489 5703 Maxima
2520 5664 2648 5705 cura
2679 5651 2777 5706 fuit
2805 5650 2937 5705 tales
2970 5668 3075 5707 non
3106 5654 3330 5723 perdere
3358 5668 3564 5724 pinnas,

2258 5739 2536 5811 Prmripuit
2566 5744 2827 5798 scandens
2852 5744 3079 5811 aditum,
3108 5746 3351 5816 caeloque
3380 5746 3633 5804 levandus

2257 5831 2433 5888 Ardua
2464 5835 2677 5893 sublimi
2706 5846 2873 5893 tenuit
2901 5836 3217 5908 compendia
3249 5837 3408 5895 saltu.
