4092 6350
266 436 367 490 515
1443 391 1816 454 PUEMATUM
1856 387 2062 445 LIBER
2101 383 2189 438 IV.
3440 343 3537 401 διο

267 543 480 611 Porrige
508 541 585 595 sic
617 536 771 593 nobis
802 531 1026 590 celsam,
1057 533 1206 594 pater
1235 517 1456 588 inclyte,
1486 513 1755 566 dextram.

264 639 372 696 Nos
397 648 611 707 quoque
637 636 909 700 perpetuae
938 619 1216 688 conquirat
1245 614 1348 666 vita
1378 607 1558 673 saluti,

267 703 439 802 Atque
467 703 728 799 profanati
757 715 995 787 deceptis
1023 708 1209 766 fraude
1241 703 1486 765 latronis,

1125 832 1158 833 κ
1173 827 1294 834 οσ--ς
1311 826 1350 829 _-
1371 823 1466 828 --.ση-
1477 817 1626 825 νσ----
1639 813 1777 821 -α-ουοε

1790 806 2055 817 __.___————

1881 508 1932 567 Α
1958 503 2067 558 Ceu
2096 499 2190 553 tibi
2217 506 2502 563 compasso
2535 489 2807 556 miserans.
2827 491 3081 536 succurre
3109 471 3321 529 latroni.

1960 592 2142 650 Livida
2173 603 2306 660 quos
2337 585 2504 638 hostis
2537 579 2783 650 paradiso
2814 572 3022 642 depulit
3053 569 3152 632 ira,

1955 685 2171 742 Fortior
2196 659 2430 748 antiquze
2460 673 2651 729 reddat
2678 678 2768 724 tua
2799 665 2966 736 gratia
2995 659 3130 717 sedi.

2437 773 3264 801 __________________..————

2063 802 2244 810 __—'—

1217 826 1686 1011 iiBEn
1771 870 2595 1012 QUARTUS.

1567 1055 1653 1110 DE
1690 1041 1968 1106 DlLUVlO
2007 1041 2243 1099 MUNDI.

345 1212 602 1269 Infectum
627 1201 892 1278 quondam
927 1195 1070 1250 vitiis
1099 1184 1452 1246 concordibus
1479 1176 1691 1234 orbem,

273 1306 699 1376 Legitimumque
720 1292 868 1350 nefas
889 1291 1068 1344 laxata
1098 1288 1270 1338 morte
1296 1277 1495 1346 piatum

277 1396 488 1454 Diluvio
516 1401 785 1462 repetam;
818 1383 910 1438 sed
937 1395 1046 1436 non
1069 1389 1174 1446 quo
1205 1369 1378 1425 fabula
1412 1361 1643 1418 mendax

281 1451 530 1542 Ticinros
559 1451 764 1549 lapides
791 1472 1046 1530 mundum
1077 1464 1339 1536 sparsisse
1364 1473 1454 1529 per
1480 1451 1717 1522 amplum

282 1577 600 1633 Deitraliona
629 1570 813 1630 refert,
848 1566 1039 1620 durum
1066 1571 1234 1629 genus
1261 1551 1401 1608 unde
1429 1542 1690 1612 resumpti

284 1668 621 1725 Descendunt
649 1662 930 1724 homines,
964 1651 1278 1718 cunctisque
1310 1641 1580 1698 laboribus
1619 1633 1728 1705 apti

285 1764 460 1818 Saxea
489 1773 585 1828 per
607 1756 794 1809 duram
823 1752 1121 1804 monstrent
1144 1737 1435 1810 primordia
1466 1737 1723 1785 mentem.

287 1856 394 1911 Sed
426 1854 536 1906 veri
562 1861 782 1916 compos
801 1883 816 1906 ,
845 1841 1039 1895 fluctus
1069 1848 1211 1888 nunc
1242 1839 1536 1900 prosequar
1565 1820 1709 1880 illos,

293 1946 394 2000 Per
410 1958 544 2014 quos
570 1939 843 1995 immissus
864 1934 1025 1987 rebus
1053 1930 1140 1981 vix
1171 1939 1306 1994 pene
1330 1917 1525 1975 creatis

295 2037 601 2092 Lactentem
625 2031 781 2085 velox
807 2023 1062 2093 prrevenit
1088 2018 1348 2074 terminus
1382 2011 1594 2064 orbem.

365 2126 641 2181 Extulerat
669 2119 896 2175 mortale
917 2127 1085 2185 genus
1110 2105 1418 2164 crudelibus
1446 2101 1590 2154 ausis

297 2219 542 2286 Ingentes
563 2215 770 2268 animos
805 2229 815 2264 :
854 2208 1056 2262 licitum
1088 2201 1228 2272 quod
1256 2198 1448 2264 cuique
1473 2192 1661 2246 liberet

297 2308 565 2369 Credidit;
596 2316 650 2360 et
679 2301 894 2373 propria
925 2296 1086 2351 valuit
1107 2307 1202 2362 pro
1232 2290 1347 2358 lege
1371 2284 1633 2337 voluntas.

297 2408 393 2462 lus
416 2403 553 2458 adeo
583 2399 786 2454 nullum
808 2439 822 2461 ,
857 2394 934 2448 sic
958 2391 1030 2445 nil
1062 2388 1262 2442 distare
1286 2386 1526 2452 putatum

300 2499 510 2565 Fasque
538 2494 793 2561 nefasque
821 2489 980 2552 inter,
1011 2480 1142 2536 recti
1173 2472 1415 2532 custodia
1441 2479 1719 2536 nusquam.

299 2592 418 2645 Non
440 2588 624 2657 iudex,
649 2598 754 2638 non
781 2581 932 2635 testis
953 2583 1088 2639 erat,
1113 2587 1217 2627 non
1240 2568 1472 2636 denique
1495 2569 1672 2616 rector
1697 2601 1710 2625 ,

302 2680 520 2735 Arbiter
545 2685 634 2729 aut
665 2685 896 2731 morum,
924 2668 1003 2719 Vel
1037 2663 1126 2732 qui
1155 2659 1406 2714 suaderet
1435 2655 1744 2708 honestum;

304 2770 415 2825 Sed
443 2769 691 2838 princeps
721 2762 822 2817 sibi
845 2758 1068 2829 quisque
1092 2753 1190 2806 fuit
1219 2750 1414 2802 virtute
1447 2740 1670 2797 nocendi
1699 2756 1711 2790 :

306 2863 420 2918 Nec
448 2837 652 2916 meritis
681 2855 774 2910 sed
798 2852 936 2908 mole
967 2857 1186 2919 potens,
1211 2842 1299 2912 qui
1324 2837 1512 2892 fortior
1534 2840 1676 2888 esset

308 2954 410 3011 llic
430 2953 618 3008 melior
649 2948 880 3010 sibimet,
920 2941 1014 2996 sed
1044 2955 1102 2994 se
1131 2946 1375 2995 censore,
1407 2925 1669 2998 placebat.

308 3047 404 3100 Sic
425 3045 697 3100 hominum
726 3039 887 3092 vitam
917 3035 1193 3088 brutorum
1226 3039 1376 3079 more
1402 3019 1615 3075 tenebat

312 3139 547 3195 Motibus
573 3135 830 3189 addicens
852 3143 1004 3185 mens
1031 3125 1281 3180 inclinata
1312 3116 1519 3173 ferinis.

312 3233 588 3302 Sanguine
615 3240 770 3299 potus
797 3235 942 3290 erat,
974 3231 1237 3276 caesorum
1255 3216 1461 3268 viscera
1491 3207 1689 3280 passim

315 3327 597 3381 Indomitis
639 3323 842 3376 laceras
873 3313 1181 3386 praebebant
1210 3308 1451 3363 faucibus
1477 3316 1649 3358 escas.

317 3428 547 3490 Insuper
569 3431 622 3476 et
649 3417 983 3488 quadrupes,
1008 3406 1222 3480 propria
1247 3403 1336 3473 qui
1368 3409 1541 3455 morte
1562 3403 1800 3457 necatur,

317 3517 525 3576 Saevior
548 3524 636 3567 aut
665 3519 812 3566 certe
841 3521 997 3576 quem
1027 3507 1244 3556 vincens
1270 3496 1434 3551 bestia
1457 3492 1617 3560 cepit,

321 3615 518 3668 Pastus
545 3618 682 3671 erat,
707 3619 863 3675 quem
897 3599 1043 3654 nulla
1080 3595 1232 3661 fides,
1269 3592 1350 3646 lex
1385 3588 1526 3643 nulla
1557 3581 1787 3639 vetabat.

325 3704 398 3761 Ut
422 3718 549 3756 vero
572 3713 822 3768 pecorum
855 3694 961 3748 ritu
989 3689 1246 3761 permissa
1278 3683 1542 3750 voluptas,

325 3800 400 3853 Et
429 3795 618 3850 diffusa
643 3792 817 3861 palant
853 3787 1022 3856 ruptis
1051 3780 1268 3837 lascivia
1298 3776 1488 3842 frenis,

325 3887 685 3954 Luxurimque
717 3882 916 3945 forum,
940 3889 1100 3948 atque
1128 3871 1350 3929 obsceni
1373 3864 1611 3924 nundina
1643 3860 1824 3916 mundi

330 3982 621 4040 Ferveret,
649 3983 797 4029 casto
831 3974 908 4025 fas
937 3985 1042 4024 non
1068 3976 1150 4023 est
1177 3966 1358 4020 dicere
1379 3969 1566 4015 cantu.

407 4071 627 4126 Talibus
647 4083 709 4121 ac
739 4065 898 4118 tantis
937 4058 1214 4115 hominum
1246 4069 1377 4124 gens
1408 4047 1652 4120 improba
1687 4042 1851 4115 gestis

333 4168 628 4225 Silvestrcs
657 4160 886 4220 animos,
918 4163 1120 4209 naturae
1151 4149 1352 4205 findi-re
1375 4151 1532 4211 rupto
1555 4182 1567 4201 ,

338 4261 624 4322 lnduerat,
659 4253 914 4323 pulsaque
945 4245 1103 4302 simul
1127 4241 1332 4297 ratione
1364 4234 1606 4295 furebat,

338 4355 411 4410 Et
439 4351 653 4407 deserta
673 4347 857 4415 jacens
877 4337 1086 4394 Domini
1118 4330 1356 4388 cmlestis
1383 4329 1557 4394 imago

339 4450 518 4501 Omne
543 4441 706 4496 decus
734 4435 928 4490 mentis
961 4428 1099 4498 turpi
1119 4425 1390 4492 deiecerat
1420 4429 1563 4472 actu.

340 4534 500 4592 llaud
531 4545 686 4586 secus
714 4541 776 4582 ac
806 4523 1010 4596 pulchri
1032 4535 1152 4574 cum
1186 4515 1374 4570 fertilis
1403 4524 1524 4564 area
1553 4500 1757 4571 campi,

343 4631 520 4697 Quam
549 4622 754 4678 succisa
781 4617 927 4672 dedit
959 4621 1181 4684 purgato
1207 4609 1398 4663 robore
1428 4604 1584 4666 silva,

345 4696 489 4777 Dum
511 4718 734 4778 colitur,
764 4713 908 4782 justo
935 4715 1086 4779 paret
1117 4702 1342 4759 fecunda
1376 4696 1566 4758 labori,

343 4811 648 4882 Subjicitur
680 4805 891 4869 rastris,
917 4798 1192 4869 respondit
1224 4794 1482 4862 frugibus,
1510 4803 1571 4842 ac
1602 4802 1662 4860 se

346 4909 549 4965 Servat
580 4901 877 4970 composito
899 4893 1091 4951 ruralis
1119 4892 1288 4961 gratia
1320 4887 1466 4940 vultu
1497 4900 1511 4947 ;

351 4997 601 5068 Agricola
624 4993 822 5049 oblitus
845 4990 888 5042 si
918 4984 1132 5040 brachia
1167 4981 1302 5035 forte
1334 4976 1559 5038 remisit,

349 5089 690 5155 Laxavitque
714 5096 922 5144 manus,
957 5078 1202 5144 fessoque
1229 5070 1424 5140 quievit
1444 5074 1626 5120 aratro
1644 5102 1660 5125 ,

351 5179 618 5253 Pigreszit
642 5176 870 5246 primtnn
902 5172 1092 5225 durato
1121 5165 1321 5233 ceSpite
1362 5160 1549 5224 tellus,

354 5277 484 5331 Mox
509 5271 732 5326 rudibus
764 5264 928 5321 ramis
969 5270 1126 5330 atque
1146 5269 1332 5323 aspera
1363 5249 1583 5321 palmite
1606 5242 1795 5300 crebro

356 5365 740 5435 Disciplinatos
761 5355 1044 5412 dissuescit
1076 5361 1320 5420 promere
1347 5345 1570 5403 fructus,

356 5459 607 5518 Effundit
634 5454 852 5509 frutices
876 5449 1073 5509 varios,
1110 5445 1405 5508 silvamque
1429 5433 1661 5489 minatur
1689 5446 1704 5483 :

354 5555 537 5621 Quim
566 5548 612 5602 si
636 5561 735 5599 nec
771 5557 890 5596 sera
923 5539 1160 5592 succisor
1189 5533 1322 5586 falce
1355 5533 1639 5596 repurget,

358 5620 486 5703 Non
522 5644 632 5712 jam
663 5634 926 5706 virgultis,
952 5632 1043 5687 sed
1069 5631 1236 5682 denso
1263 5625 1442 5691 stipite
1465 5620 1619 5673 lucus

359 5711 614 5800 Texitur,
645 5741 699 5787 et
717 5729 927 5785 steriles
949 5725 1194 5780 diffundit
1221 5722 1273 5775 iu
1302 5732 1424 5772 acra
1454 5711 1705 5775 frondes;

351 5836 558 5890 Donec
587 5829 834 5884 conclusa
859 5822 1023 5879 ramis
1051 5815 1391 5875 currentibus
1423 5809 1606 5863 umbra
1638 5846 1652 5865 .

367 5929 503 5990 uox
534 5932 870 5997 opportunae,
893 5915 1113 5988 depulso
1141 5909 1278 5966 sole.
1309 5904 1543 5961 tenebrae

1935 3265 1982 3329 C

1881 1225 1888 1229 _
1969 1165 2085 1219 Jam
2114 1173 2302 1216 secura
2332 1159 2474 1213 feras
2495 1147 2720 1209 invitent
2746 1147 2968 1203 credere
3001 1143 3198 1198 lustra:

1971 1256 2172 1314 Taliter
2203 1248 2422 1306 humani
2453 1245 2688 1316 generis,
2720 1257 2828 1296 non
2857 1236 3046 1292 ordine
3079 1241 3248 1291 recto,

1973 1348 2192 1406 Perdita
2217 1339 2604 1409 mandataejam
2632 1345 2752 1406 post
2775 1327 3066 1402 primordia
3095 1322 3226 1390 legis
3245 1365 3259 1388 ,

1982 1442 2040 1496 In
2073 1453 2293 1510 pravum
2321 1434 2507 1489 labens
2539 1427 2792 1500 paulatim
2826 1424 2934 1477 vita
2964 1414 3215 1482 tetendit,

1980 1530 2276 1588 Proﬁciens
2310 1525 2492 1595 peiore
2514 1523 2627 1582 via,
2657 1506 2987 1572 constantior
3019 1510 3135 1579 ipso

1983 1623 2107 1678 lam
2137 1620 2353 1690 paribus
2376 1613 2568 1671 studiis
2595 1609 2781 1665 nutriti
2805 1602 3047 1661 criminis
3071 1614 3188 1654 usu.

1985 1715 2047 1768 Et
2073 1723 2248 1766 tamen
2269 1717 2538 1763 auctoretn
2561 1703 2696 1770 vitii,
2723 1699 2997 1768 culpmque
3019 1690 3354 1760 magistrum,

1987 1805 2205 1860 Doctior
2235 1813 2502 1861 errorum,
2531 1797 2787 1863 lapsuque
2812 1787 3031 1858 peritior
3055 1783 3223 1847 omni,

1913 1890 1962 1950 Β
1990 1895 2270 1954 Succiduzn
2295 1892 2460 1962 prolis
2489 1900 2741 1944 crescens
2765 1879 2986 1938 audacia
3015 1877 3163 1932 vicit.

2059 1990 2130 2046 Ut
2161 1988 2352 2042 ﬂuvius
2374 1997 2531 2053 parva
2565 1981 2793 2051 primum
2815 1974 3041 2030 diffusus
3064 1970 3132 2024 ab
3162 1979 3326 2030 urna,

1993 2080 2342 2148 Perspicuum
2376 2076 2481 2130 leni
2517 2071 2713 2140 promit
2741 2083 2862 2123 cum
2885 2064 3093 2135 gurgite
3119 2061 3321 2114 fontem
3342 2093 3358 2118 ,

1987 2173 2224 2228 Tramite
2245 2184 2403 2238 quem
2429 2179 2642 2220 summo
2661 2161 2801 2216 facili
2825 2157 3190 2214 transmittere
3219 2149 3366 2206 saltu

1989 2267 2224 2336 Quisque
2248 2270 2458 2333 potest,
2483 2273 2606 2313 mox
2638 2256 2840 2324 irriguo
2862 2251 3124 2305 deductus
3155 2247 3223 2300 ab
3243 2252 3366 2299 ortu

1995 2358 2207 2412 Viribus
2230 2362 2452 2424 augetur
2481 2349 2698 2412 subitis,
2726 2347 2978 2413 ripasque
2999 2349 3295 2395 retrorsum

2000 2451 2212 2506 Pellens
2232 2489 2245 2512 ,
2275 2453 2586 2502 crescentes
2610 2439 2776 2494 tendit
2806 2452 2900 2507 per
2920 2436 3077 2505 plana
3103 2430 3338 2499 liquores
3355 2465 3370 2490 ,

2005 2545 2244 2611 Occupat
2261 2547 2315 2593 et
2339 2537 2594 2606 spatium,
2619 2528 2971 2601 pereuntique
2991 2521 3235 2577 imminet
3255 2529 3404 2580 arvo,

1998 2635 2134 2690 Tum
2165 2628 2520 2687 circumfusos
2544 2623 2731 2677 vicinis
2759 2617 2990 2672 vallibus
3016 2625 3203 2667 amnes

2001 2727 2197 2786 Sorbet
2219 2721 2554 2795 pneteriens,
2588 2724 2945 2780 externasque
2969 2705 3158 2774 incipit
3180 2701 3352 2757 undas

2001 2823 2299 2890 Augmento
2325 2816 2479 2868 finire
2502 2825 2620 2874 suo,
2647 2808 2954 2872 mixtasque
2983 2798 3081 2854 sub
3105 2809 3216 2850 uno

2007 2916 2257 2979 Nomine,
2290 2909 2530 2966 corrasis
2559 2902 2752 2960 diffuso
2782 2896 2988 2968 gurgite
3019 2890 3196 2955 terris,

2004 3013 2138 3068 Cum
2165 3006 2426 3071 trabibus,
2445 2998 2772 3066 stabulisque
2791 2994 2973 3055 boum,
3005 2985 3294 3053 lustrisque
3325 2979 3578 3040 ferarum,

2008 3104 2214 3162 Saevior
2243 3112 2485 3159 accessu,
2511 3095 2778 3160 longoque
2807 3084 2990 3139 furore
3016 3078 3239 3148 potitus,

2011 3194 2250 3250 Tandem
2282 3189 2550 3244 desistens
2581 3179 2752 3251 pelagi
2790 3178 3119 3242 transportat
3143 3169 3194 3223 in
3224 3163 3416 3220 undas.

2087 3286 2196 3341 llos
2219 3286 2356 3337 inter
2373 3287 2571 3338 motus,
2602 3269 2898 3337 similisque
2917 3263 2981 3318 ad
3003 3257 3232 3315 turbinis
3255 3256 3422 3310 instar
3441 3293 3453 3314 ,

2019 3383 2316 3437 llumanum
2353 3371 2492 3427 vitiis
2519 3368 2630 3422 ibat
2653 3375 2824 3434 genus
2852 3377 2865 3410 ι
2895 3364 2952 3411 et
2977 3363 3154 3409 tamen
3177 3350 3290 3418 ipsa

2019 3472 2252 3543 Longior
2282 3470 2497 3522 insanas
2529 3469 2736 3515 mentes
2762 3452 3082 3509 dissolverat
3101 3454 3250 3500 mtas.

2017 3569 2286 3622 Centenos
2309 3559 2495 3615 novies
2523 3551 2713 3608 crebro
2739 3560 2859 3602 cum
2885 3543 3108 3598 duceret
3137 3548 3308 3590 annos

2029 4039 2164 4104 Spes
2206 4032 2414 4090 inerat,
2441 4023 2692 4087 solusque
2717 4013 2818 4067 sibi
2848 4007 3163 4063 fundaverat
3190 4009 3405 4053 omnem

2033 4125 2289 4183 Sensibus
2324 4122 2374 4173 in
2399 4116 2557 4172 caecis
2577 4109 2845 4180 periturus
2865 4098 3093 4155 mundus
3113 4103 3369 4146 amorem.

2105 4219 2372 4282 Tempore
2402 4207 2531 4276 quin
2553 4203 2711 4257 etiam
2742 4188 3015 4266 peccatrix
3042 4195 3184 4240 terra
3212 4179 3310 4233 sub
3335 4176 3452 4244 ipso

2039 4308 2287 4367 Nutribat
2314 4315 2486 4358 saevos
2518 4290 2771 4350 immania
2806 4290 3044 4340 monstra
3072 4277 3334 4346 gigantes.

2041 4405 2148 4461 Nec
2171 4412 2344 4454 tamen
2373 4390 2521 4449 cliari
2556 4386 2757 4442 licitum
2781 4394 2886 4450 quo
2913 4372 3117 4429 semine
3146 4373 3342 4420 cretos.

2005 4525 2016 4538 -
2043 4497 2391 4552 Communem
2425 4481 2630 4539 cunctis
2659 4483 2834 4530 ortum
2861 4469 2929 4524 de
2954 4473 3122 4519 matre
3153 4455 3414 4514 ferebant,

2047 4589 2145 4657 Qui
2177 4597 2369 4655 genus,
2389 4577 2528 4653 unde
2557 4580 2756 4641 patres,
2782 4559 3070 4635 prohibent
3088 4566 3280 4608 arcana
3312 4542 3482 4601 fateri.

2056 4682 2109 4735 Si
2135 4677 2368 4748 speciem
2393 4681 2624 4741 quaeras,
2657 4649 3131 4720 humanieorporis
3161 4644 3266 4699 illis

2057 4728 2109 4735 η-
2136 4728 2274 4748 Ὗπ
2411 4728 2423 4741 _
2612 4728 2619 4731 _

2051 4773 2176 4828 Plus
2203 4768 2377 4822 vultus
2403 4776 2558 4831 quam
2583 4759 2748 4816 forma
2781 4749 2911 4812 fuit;
2936 4746 3012 4800 sic
3037 4743 3172 4795 linea
3203 4728 3458 4789 membris

2053 4859 2392 4917 Conveniens
2415 4851 2691 4907 hominem
2725 4838 3075 4898 monstrabat,
3110 4830 3323 4884 dissona
3347 4820 3564 4877 molem.

2055 4958 2224 5025 Quam
2256 4957 2477 5023 propter
2505 4941 2760 5004 deinceps
2791 4925 3108 4989 commentis
3139 4918 3341 4976 Grzrcia
3371 4909 3506 4967 lictis

2060 5048 2302 5104 Dedecus
2325 5036 2604 5096 infandum
2637 5027 2830 5084 massis
2860 5016 3176 5076 informibus
3205 5009 3387 5069 auxit,

2065 5141 2131 5194 Et
2162 5132 2483 5206 portentosis
2506 5117 2794 5186 descripsit
2819 5125 3044 5182 corpora
3074 5103 3357 5161 membris;

2065 5232 2208 5289 Pube
2237 5239 2392 5283 tenus
2411 5219 2549 5294 quod
2585 5217 2752 5270 forma
2781 5209 2910 5264 viris
2929 5245 2944 5272 ,
2977 5217 3096 5258 cum
3124 5192 3364 5262 corporis
3398 5189 3499 5242 ima

2066 5325 2383 5395 Supplerent
2417 5314 2550 5371 vasti
2573 5310 2739 5367 mixto
2762 5318 2859 5374 pro
2888 5312 3042 5356 crure
3071 5295 3353 5347 dracones.

2070 5374 2226 5395 ""rr'
2244 5374 2279 5376 "
2312 5374 2319 5376 '
2353 5374 2358 5375 ’

2070 5423 2230 5474 Artus
2259 5408 2670 5466 semibominum
2704 5396 2898 5469 patulis
2924 5390 3011 5459 qui
3041 5383 3279 5440 faucibus
3305 5374 3404 5428 atri

2069 5605 2219 5661 Tunc
2241 5599 2401 5655 etiam
2423 5592 2631 5652 solitos,
2658 5586 2809 5654 jusso
2833 5585 3038 5631 terrore
3072 5561 3298 5626 tonanti,

2074 5690 2404 5762 BlaSphemis
2422 5684 2558 5742 cwlo
2584 5674 2819 5734 convicia
2843 5667 3054 5722 mittese
3082 5654 3293 5728 plantis,

2074 5746 2454 5850 Mordacesque
2486 5773 2645 5846 pedes
2675 5772 2819 5820 motu
2849 5753 3127 5813 fremuisse
3159 5746 3366 5804 veneni.

2079 5839 2172 5935 llis
2196 5839 2398 5933 similes
2425 5839 2650 5924 mendax
2677 5848 2942 5924 Phlegrati
2965 5844 3142 5902 fabula
3174 5839 3299 5896 belli
