4092 6350
467 384 563 445 ὅ47
1635 395 1688 449 S.
1735 393 1914 450 AVl'fl
1957 385 2083 448 VlEl

2115 392 2349 452 NENSIS
3627 406 3727 462 ωε

467 500 728 558 Excussas
751 497 902 558 ﬂuxit
923 513 1116 573 fecisse
1147 519 1242 575 per
1271 515 1393 560 aera
1423 519 1583 577 rupes
1602 548 1615 571 ,

469 589 570 645 Pro
598 594 716 648 telis
745 595 974 664 spatiosa
1007 609 1194 650 manus
1219 598 1359 667 quod
1381 598 1592 652 turbine
1621 612 1828 652 mentes

464 681 761 752 Sparserit,
794 695 845 741 et
876 687 1052 743 missis
1079 689 1273 744 cmlum
1298 690 1630 761 quassaverit
1660 689 1821 745 arvis.

533 776 658 832 Haec
685 787 808 833 sunt
823 781 1118 849 priscorum
1137 799 1255 854 qua:
1278 785 1343 839 de
1368 795 1575 840 terrore
1597 785 1868 856 gigantum

463 866 704 924 Carmine
735 874 958 928 mentito
975 873 1118 930 Graii
1146 877 1392 932 cecinere
1418 885 1610 948 poetm,

464 959 527 1014 Et
553 969 728 1018 tamen
757 965 943 1022 audaci
966 968 1134 1023 voluit
1158 971 1486 1044 contendere
1514 988 1684 1042 pugna

459 1052 692 1124 Quisque
732 1057 946 1113 rebellis
971 1071 1126 1116 erat:
1159 1061 1249 1132 qui
1272 1078 1390 1118 cum
1414 1066 1706 1136 conﬂigere
1741 1065 1860 1121 telis

461 1141 574 1198 Non
604 1149 803 1214 potuit,
833 1151 1262 1223 saevus-concepit
1289 1157 1466 1224 pmlia
1495 1160 1647 1213 votis.

461 1233 724 1292 Montibus
754 1240 1035 1307 impositos
1066 1243 1146 1299 fas
1170 1259 1387 1302 non-est
1415 1249 1634 1305 credere
1663 1261 1894 1317 montes,

463 1323 574 1380 Hoc
591 1336 766 1385 tamen
797 1340 849 1385 et
872 1332 1132 1404 deinceps
1163 1337 1283 1391 illos
1311 1349 1546 1396 tentasse
1575 1343 1789 1411 putabo,

424 1469 426 1472 ,
459 1414 559 1481 Qui
583 1427 764 1475 coctos
785 1422 1006 1493 lateres,
1042 1427 1290 1498 lentoque
1313 1430 1824 1500 bituminejunctos,

459 1505 515 1560 In
540 1509 768 1567 sublime
795 1518 891 1568 rati
916 1505 1162 1574 manibus
1193 1522 1269 1576 sic
1302 1538 1455 1591 posse
1475 1525 1721 1594 superbis

404 1676 412 1685 .
458 1597 698 1667 Sustolli,
732 1614 786 1659 et
809 1607 1052 1664 eelsasiu
1082 1613 1256 1668 sidera
1284 1629 1505 1687 surgere
1527 1619 1733 1674 moles:

458 1687 589 1746 Cum
613 1693 814 1753 fureret
836 1703 1061 1758 mertale
1080 1719 1245 1772 genus
1265 1749 1279 1772 ,
1307 1724 1566 1779 cassoque
1600 1712 1778 1767 labore

456 1779 608 1838 Irrita
644 1791 965 1846 transcensis
989 1805 1254 1857 Carmenta
1281 1799 1502 1855 inferret
1533 1804 1583 1857 in
1612 1806 1774 1858 altum

421 1938 425 1940 _
455 1873 726 1943 Nubibus,
759 1889 812 1935 et
837 1883 1077 1954 refugum
1102 1901 1416 1958 sequeretur
1443 1897 1927 1969 machiua'cmlum,

453 1963 568 2020 Non
599 1969 1061 2042 priusiabsisteus,
1095 1981 1334 2038 subditas
1358 1984 1626 2042 discordia
1650 1989 1856 2060 linguas

453 2057 620 2124 Quam
651 2061 822 2130 daret,
855 2075 911 2122 et
933 2071 1113 2126 varius
1137 2074 1492 2132 confunderet
1522 2083 1698 2136 omnia
1726 2057 1922 2139 sermo.

524 2150 663 2226 Hoc
681 2167 924 2223 sparsum
957 2159 1161 2226 foedus,
1187 2167 1351 2221 scissa
1384 2170 1460 2223 sic
1489 2172 1605 2240 lege
1627 2172 1877 2238 loquendi

453 2239 791 2302 Conseusum
810 2252 1072 2308 scelerum
1099 2257 1305 2312 turbata
1334 2239 1581 2329 superbia
1615 2266 1785 2334 rupit,

455 2331 588 2388 Dum
618 2350 678 2392 se
707 2339 929 2412 quisque
958 2345 1090 2416 suis,
1125 2351 1295 2417 possit
1320 2368 1437 2420 quae
1465 2370 1705 2423 noscere,
1734 2359 1911 2414 verbis

452 2423 738 2521 533733",
757 2439 914 2502 ειειιιε
931 2450 1097 2491 "(ms
1108 2441 1350 2510 sequitur
1371 2460 1498 2514 gens
1522 2464 1747 2518 qumque
1771 2452 2028 2521 loquelas.

450 2515 539 2571 Sic
566 2518 876 2595 interrupta:
898 2529 1170 2596 perierunt
1199 2535 1427 2591 culmina
1460 2515 1671 2610 massae,

451 2607 760 2682 Eﬂ'cctuque
785 2631 972 2674 carens
1001 2625 1230 2682 cessavit
1255 2628 1306 2682 in
1341 2631 1540 2688 aethere
1564 2638 1742 2692 turris.

449 2698 574 2801 llaec
602 2715 722 2773 post
745 2707 1027 2769 dilvium.
1051 2717 1181 2772 Nam
1205 2709 1427 2789 quantas
1458 2742 1576 2796 quae
1596 2737 1836 2795 tempore
1857 2734 2032 2801 prisco

447 2791 635 2851 Pressa
665 2801 952 2870 gigantmas
983 2811 1136 2866 tellus
1164 2816 1470 2882 produxerit
1495 2836 1674 2886 arces,

445 2887 618 2958 Atque
641 2892 908 2951 lacessitis
931 2912 1294 2973 contemptum
1328 2909 1603 2967 immiserit
1636 2919 1813 2982 astris,

444 2979 932 3051 Absterge’ute‘Dco
955 2997 1240 3058 satnostra
1266 3001 1474 3056 silentia
1501 3004 1777 3062 damnant.

514 3072 781 3132 Ceruebat
803 3081 1010 3147 patiens
1033 3085 1144 3154 jam
1169 3089 1367 3146 dudum
1391 3093 1575 3152 insana
1606 3100 1834 3157 frement
1855 3122 1894 3159 -s

445 3159 727 3260 Terrarum
760 3175 980 3242 populos
1011 3177 1287 3236 hominum
1319 3200 1605 3259 rerumque
1632 3191 1878 3260 Creator,

444 3251 1017 3334 Exspectans=si'qtt'em
1041 3270 1166 3325 Varii
1196 3278 1460 3331 consortia
1485 3251 1665 3336 mundi

443 3343 797 3442 linquentem
823 3360 1012 3416 melior
1043 3373 1258 3423 maneat
1281 3373 1596 3442 resipiscere
1623 3393 1770 3435 cura.

441 3435 885 3540 Sed-conjuratus
907 3464 1188 3526 postquam
1218 3435 1531 3531 percurrere
1561 3480 1798 3540 coeptum

441 3528 759 3594 Pet-ditionis
783 3541 886 3597 iter
905 3549 1110 3615 statuit,
1143 3528 1469 3627 sensumque
1497 3577 1591 3631 per
1621 3528 1836 3622 omnem

439 3623 679 3722 Dbtinuit
699 3633 870 3689 victor
891 3644 1093 3707 peccati
1117 3645 1343 3718 insignia
1375 3623 1627 3722 mnu-dus,

439 3714 546 3820 [fec
575 3733 827 3780 revocare
856 3730 1078 3797 gradum
1113 3739 1415 3809 quisq-nam,
1440 3761 1792 3820 gressumque
1821 3753 2022 3810 referre

438 3808 666 3911 graec-ipf-
669 3817 706 3869 ti
723 3817 832 3887 jam
863 3836 1046 3908 mente
1075 3808 1276 3899 potest,
1302 3808 1579 3893 exliurruit
1599 3808 1806 3911 auctor,

440 3899 796 3995 lieuituitque
826 3904 1010 3972 videns
1053 3931 1218 3978 totum
1250 3928 1389 3995 quod
1420 3929 1602 3987 fecerit
1635 3899 1838 3992 orbem.

439 3993 570 4049 Tum
605 4001 744 4056 tales
762 4007 999 4066 tonuisse
1031 4017 1200 4070 minas
1233 4032 1534 4077 cmmnotus
1565 4027 1632 4080 ab
1662 4029 1774 4084 alto

437 4086 662 4161 Fertur,
697 4095 749 4150 et
776 4099 1218 4164 cxci'tas‘laxasse
1243 4110 1323 4165 his
1359 4115 1574 4171 vocibus
1607 4119 1733 4176 iras.

505 4180 549 4235 0
578 4185 738 4241 nullis
765 4182 988 4250 attracta
1017 4196 1188 4266 bonis,
1225 4204 1492 4276 nullisque
1525 4226 1769 4280 repressa

435 4273 696 4369 1—.egibus;
722 4285 941 4354 antiquo
973 4297 1176 4347 tantum
1205 4273 1468 4354 submissa
1492 4273 1731 4369 draconi,

436 4365 608 4423 Effera
638 4387 769 4440 gens
794 4376 1093 4449 hominum,
1117 4385 1276 4442 ducto
1307 4392 1609 4462 corruptior
1631 4413 1764 4452 tero.

433 4459 550 4550 Non
582 4465 743 4521 Evam
767 4472 1028 4529 cecidisse
1051 4488 1132 4532 sat
1157 4492 1272 4545 est;
1307 4490 1700 4546 transcentlitur
1724 4500 1868 4550 omni

435 4549 684 4642 lnventor
714 4557 843 4612 letbi
873 4561 1022 4630 lapsu
1047 4581 1060 4619 :
1088 4583 1190 4622 nec
1217 4572 1414 4628 sufficit
1441 4577 1586 4642 illud,

437 4641 574 4736 Yicit
603 4646 937 4718 inexpertum
969 4658 1111 4725 quod
1135 4675 1357 4731 serpens
1388 4641 1644 4736 pristinus
1675 4675 1865 4732 Adam.

432 4732 546 4790 Non
577 4749 822 4796 contenta
847 4761 944 4800 suo
975 4747 1160 4806 fmdari
1187 4755 1292 4808 vita
1318 4732 1569 4830 parente,

432 4828 659 4888 Affecmt
689 4847 912 4894 mortem
939 4846 1154 4914 propria
1186 4849 1380 4907 virtute
1408 4828 1620 4912 mereri.

437 4921 792 4992 Exspectasse
819 4930 906 4984 diu
931 4949 1034 4989 non
1067 4938 1296 5008 profuit;
1329 4942 1546 5014 insuper
1568 4964 1728 5009 omne

431 5010 756 5071 Concessum
782 5024 939 5077 venia
965 5041 1258 5094 rapuerunt
1283 5036 1504 5093 crimina
1533 5052 1760 5115 tempus.

429 5102 544 5157 Jam
576 5109 798 5165 nimium
828 5113 1010 5184 longas
1041 5122 1290 5189 patientia
1314 5136 1570 5196 presserit
1598 5102 1704 5191 iras
1736 5155 1750 5191 :

435 5195 692 5254 Vindictae
717 5203 1064 5277 jam'tempus
1093 5214 1264 5270 adest.
1296 5195 1410 5274 Non
1444 5222 1664 5280 fulmina
1697 5231 1834 5284 caelo

430 5288 732 5351 b‘lammcus
769 5298 930 5354 ardor
951 5311 1100 5373 aget;
1136 5318 1286 5363 vasto
1306 5316 1580 5372 nec'cedet
1608 5318 1752 5373 hiatu

427 5379 553 5448 Qua:
578 5391 834 5454 premitur
858 5394 1023 5449 nimio
1050 5402 1402 5458 succumbens
1437 5412 1575 5460 terra
1609 5411 1837 5466 tumultu
1874 5431 1885 5464 :

427 5474 532 5529 Sed
562 5482 784 5538 sordens
807 5486 951 5542 vitiis
982 5489 1146 5546 ﬂuctu
1183 5493 1454 5551 delebitur
1481 5500 1648 5555 orbis.

426 5569 507 5662 ad
536 5570 698 5626 chaos
725 5579 1000 5650 antiquum
1024 5589 1232 5652 species
1261 5592 1529 5646 mundana
1565 5607 1822 5662 recurrat,

428 5657 590 5728 luque
617 5678 738 5718 suas
765 5671 986 5728 redeant
1008 5678 1267 5734 undarum
1301 5683 1537 5749 pondera
1570 5687 1750 5743 sedes.

2072 506 2123 564 Α
2153 507 2275 567 lbec
2296 511 2475 565 clades
2508 514 2658 579 vivis,
2701 516 2956 585 caruique
2988 517 3074 573 hic
3106 520 3358 574 terminus
3382 532 3517 577 esto.

2147 601 2234 657 Sic
2257 612 2411 672 pater
2438 615 2673 662 mteruus
2697 609 2987 678 diSponens
3019 612 3202 668 funera
3228 629 3428 680 rerum,

2147 693 2415 751 Diluvium
2447 698 2632 753 dextra
2667 712 2838 755 terras
2861 704 3104 759 vibrabat
3134 706 3187 759 in
3215 722 3426 761 omnes.

2220 785 2428 844 Interea
2455 791 2613 859 pleno
2633 793 2857 864 {vivebat
2881 795 3057 862 justus
3089 797 3138 850 in
3169 798 3302 854 orbe

2152 879 2299 935 Unus
2331 884 2512 946 homo,
2541 897 2592 938 et
2611 894 2844 941 mentem
2873 889 3019 943 solus
3054 890 3301 944 servabat
3322 890 3623 946 honestam.

2149 973 2331 1029 Nullus
2355 986 2477 1031 vota
2508 977 2616 1032 Deo
2644 978 2797 1035 donis
2824 982 3180 1051 precibusque
3205 981 3413 1039 ferebat

2149 1067 2299 1123 llunc
2324 1080 2534 1139 prmter,
2564 1071 2781 1141 dignmn
2813 1091 2970 1145 quem
2999 1091 3239 1130 summus
3259 1076 3414 1132 laude
3438 1076 3666 1133 Creator’

2146 1159 2359 1228 Nosset,
2391 1173 2444 1216 et
2471 1173 2751 1233 exceptum
2788 1168 2906 1221 vitae
2927 1182 3146 1223 servare
3169 1179 3403 1238 pararet.

2147 1253 2459 1310 Stemmatis
2491 1257 2576 1312 hic
2602 1259 2771 1320 sancti
2795 1278 2809 1324 ;
2842 1276 2963 1315 nam
2992 1262 3142 1316 claro
3171 1262 3363 1318 nobilis
3391 1263 3501 1318 ibat

2145 1347 2191 1400 A
2223 1363 2418 1416 proavo
2439 1390 2454 1415 ,
2481 1364 2638 1420 quem
2669 1352 2842 1420 prisca
2868 1353 2998 1408 lidcs
3028 1363 3078 1408 et
3106 1355 3319 1408 conscia
3351 1356 3518 1410 virtus
3595 1405 3608 1412 -

2146 1439 2204 1494 ln
2230 1443 2423 1496 malum
2452 1446 2566 1498 sine
2597 1456 2770 1501 morte
2802 1447 2922 1500 tulit
2955 1465 2966 1500 :
3000 1449 3080 1502 sic
3109 1450 3250 1504 celsa
3280 1450 3483 1518 petenti

2145 1535 2416 1590 Successit
2449 1553 2640 1607 magno
2668 1554 2770 1592 non
2803 1538 2974 1608 impar
3008 1557 3272 1611 pronepos
3301 1553 3442 1597 actu.

2145 1629 2253 1684 Nec
2279 1629 2397 1699 plus
2425 1639 2508 1685 est
2528 1631 2674 1685 illum
2699 1632 2830 1686 salvi
2860 1648 2980 1686 cum
3010 1637 3250 1704 corporis
3277 1651 3374 1689 usu

2142 1722 2646 1793 Terrenasliqnisse
2667 1723 2878 1791 domos,
2911 1726 3135 1781 intrasse
3161 1743 3439 1796 supernas.

2145 1815 2385 1884 Denique
2408 1830 2514 1885 quo
2541 1817 2747 1885 priscus
2769 1816 3038 1886 quondam
3063 1819 3449 1872 consct-nderat
3475 1818 3655 1872 Euocli

2068 1886 2119 1946 Β
2146 1905 2292 1960 Elias
2321 1922 2481 1961 curru
2511 1916 2634 1976 post
2661 1917 2900 1977 tempora
2932 1908 3086 1978 longa
3119 1922 3351 1974 secutus,

2142 1997 2405 2052 Scribitur
2437 1999 2615 2068 ignitis
2643 2000 2904 2054 scandens
2934 2011 3243 2070 penetrasse
3272 2003 3564 2072 quadrigis,

2142 2090 2273 2143 Cum
2307 2105 2568 2159 suspensa
2590 2089 2736 2146 leves
2765 2091 3153 2145 transmitteret
3179 2091 3350 2146 orbita
3382 2102 3599 2157 ventos,

2144 2181 2347 2250 Ungula
2379 2183 2462 2237 vel
2501 2194 2764 2251 premeret
2795 2184 3025 2238 calcatae
3058 2184 3293 2252 pondere
3323 2185 3512 2238 nubes.

2145 2271 2520 2344 Vallatumqne
2547 2273 2724 2329 ferens
2745 2286 2986 2330 sanctum
3011 2293 3116 2330 non
3148 2288 3319 2330 ureret
3347 2275 3511 2345 ignis,

2069 2407 2072 2409 .
2144 2364 2209 2416 Et
2241 2375 2417 2422 motus
2449 2380 2668 2420 servans
2715 2365 2944 2422 nesciret
2977 2368 3190 2421 ﬂamma
3220 2368 3472 2422 calorem.

2142 2457 2248 2511 llos
2282 2458 2443 2528 igitur
2468 2459 2597 2512 satis
2626 2468 2708 2512 est
2733 2461 2926 2515 caelum
2953 2461 3191 2534 potuisse
3214 2461 3406 2514 mereri

2140 2547 2498 2605 lllembrorum
2521 2552 2622 2606 sub
2643 2551 2756 2619 lege
2780 2553 2939 2615 sitos;
2969 2552 3060 2606 sed
3096 2562 3396 2606 nontamen
3421 2550 3550 2605 illud

2141 2641 2372 2711 Segnius
2401 2643 2670 2706 admirer,
2703 2647 2871 2699 sancti
2895 2648 3035 2715 quod
3062 2656 3300 2714 tempora
3327 2646 3436 2700 Noe

2141 2733 2305 2789 Unius
2329 2734 2399 2790 ob
2426 2735 2698 2799 meritum,
2724 2738 2861 2790 natis
2889 2737 3215 2808 nuribusque
3245 2739 3454 2793 tuendis

2139 2825 2295 2879 Urbis
2327 2825 2378 2879 iu
2401 2825 2574 2880 exitio
2601 2836 2889 2895 potuerunt
2914 2829 3055 2884 ferre
3074 2830 3321 2884 salutem.

2212 2917 2308 2971 Est
2328 2917 2416 2972 ille
2438 2917 2490 2973 in
2513 2919 2686 2985 caelis,
2715 2935 2942 2976 numero
2959 2925 3300 2990 prmstantior
3323 2927 3490 2988 omni,

2140 3008 2427 3078 Angelicus
2447 3011 2562 3064 sine
2594 3011 2698 3065 line
2730 3011 2948 3078 chorus,
2980 3015 3067 3082 qui
3102 3015 3256 3068 laude
3284 3019 3504 3083 perenni

2137 3100 2448 3156 Conclamat
2476 3103 2816 3174 celebratque
2841 3105 3029 3170 Deum,
3061 3107 3368 3162 famulantia
3396 3119 3579 3164 suetus

2140 3194 2306 3248 Ferre
2338 3196 2658 3264 ministeria,
2691 3209 2744 3253 et
2766 3199 2930 3268 jussis
2955 3215 3142 3268 parere
3167 3202 3433 3268 supernis.

2058 3269 2107 3337 α
2143 3287 2201 3341 ΙΙὶ
2224 3303 2366 3342 nunc
2388 3290 2528 3358 quod
2554 3302 2755 3345 rectum
2790 3293 3035 3347 mortalia
3063 3296 3223 3349 corda
3253 3308 3538 3364 precantur
3557 3339 3571 3363 ,

2133 3379 2443 3450 Concipitur
2469 3381 2643 3453 dignis
2667 3399 2820 3439 sacro
2849 3387 2990 3454 quod
3025 3399 3239 3456 pectivre
3267 3389 3424 3451 votis,

2131 3472 2397 3542 Quidquid
2429 3475 2568 3543 larga
2601 3481 2788 3530 manus
2812 3479 3060 3532 culleetio
3085 3491 3297 3547 sparget
3325 3485 3507 3550 egenis
3530 3525 3543 3543 ,

2139 3567 2444 3637 Excipiunt,
2479 3582 2772 3639 sanctoque
2805 3571 2979 3625 fertmt
3009 3589 3170 3641 super
3199 3585 3338 3627 astra
3374 3577 3572 3630 volatu.

2129 3660 2267 3727 Quin
2293 3663 2452 3715 etiam
2481 3661 2676 3729 justus,
2703 3663 2906 3734 fragilis
2928 3667 3053 3720 dum
3081 3668 3182 3721 vita
3217 3667 3435 3740 fatigat,

2130 3753 2413 3818 Tutantur,
2447 3755 2737 3820 munditue
2768 3757 2902 3813 inter
2933 3757 3240 3814 discrimina
3269 3774 3502 3816 servant.

2128 3844 2233 3899 Sed
2261 3856 2434 3899 tamen
2461 3846 2511 3899 in
2539 3849 2743 3902 cunctis
2776 3851 3033 3918 praecellit
3059 3853 3254 3907 clarior
3286 3854 3393 3920 ille,

2129 3939 2355 3994 Maxima
2386 3957 2608 4010 quaeque
2636 3941 2724 3996 Dei
2755 3959 2858 4012 quo
2890 3943 3239 4012 lli>pel|51llle
3269 3946 3519 4000 llillllSliO

2130 4030 2235 4086 Res
2262 4034 2483 4101 geritur,
2508 4035 2836 4103 summisque
2869 4045 3022 4103 parat
3050 4040 3301 4106 mysteria
3333 4040 3528 4094 causis.

2130 4123 2227 4177 llic
2251 4123 2531 4178 Dominum
2561 4128 2678 4181 (celi
2711 4137 2987 4182 venturum
3021 4145 3250 4199 corpore
3279 4143 3490 4200 sumpto

2132 4217 2363 4289 Virginis
2389 4220 2638 4274 intactam
2663 4221 2842 4289 jussus
2869 4224 3109 4290 praedixit
3137 4224 3188 4278 in
3211 4226 3385 4280 alium
3407 4270 3420 4291 ,

2130 4311 2399 4378 Sacraque
2429 4311 2592 4366 dotali
2619 4313 2908 4380 complevit
2933 4315 3133 4368 viscera
3163 4317 3348 4380 verbo,

2134 4399 2228 4453 Hic
2253 4409 2305 4453 ct
2330 4401 2576 4470 Baptista:
2594 4419 2925 4469 pran‘nrrens
2953 4407 3167 4462 nuntius
3189 4421 3386 4470 ortum,

2029 4518 2049 4542 ο
2133 4495 2418 4563 Desperata
2447 4497 2534 4549 diu
2563 4497 2686 4550 dum
2714 4497 2878 4552 ferret
2909 4504 3143 4570 germina
3179 4504 3337 4571 patri,

2127 4586 2269 4640 Inter
2293 4602 2443 4642 sacra
2478 4590 2647 4644 virum
2680 4579 2992 4656 conterruit,
3021 4604 3072 4647 et
3099 4595 3400 4650 dubitantes

2047 4645 2102 4708 Β
2132 4681 2378 4737 Protinus
2411 4684 2618 4754 ingrato
2644 4685 2918 4738 restrinxit
2948 4686 2998 4740 in
3032 4702 3125 4741 ore
3149 4689 3388 4758 loquelas
3410 4733 3423 4752 ,

2133 4775 2309 4829 Donec
2340 4776 2594 4844 praadicto
2621 4776 2898 4831 fecundam
2928 4779 3177 4833 redderet
3197 4790 3314 4835 ortu

2129 4868 2300 4922 Prelis
2328 4883 2508 4933 anum,
2539 4869 2704 4922 multo
2731 4871 2926 4925 sterilis
2951 4889 3069 4939 qua:
3103 4882 3245 4927 tenta
3272 4890 3364 4944 per
3381 4891 3578 4939 annos,

2126 4961 2285 5016 Fudit
2314 4962 2559 5015 difﬁdens
2585 4961 2738 5017 clTeta
2773 4979 3034 5031 puerpera
3061 4964 3245 5021 fetant.

2130 5053 2222 5107 llic
2248 5068 2424 5106 rerum
2455 5053 2619 5105 solers
2644 5068 2992 5124 sommusqne
3021 5057 3393 5127 archangelus,
3420 5060 3526 5112 alto

2126 5147 2297 5199 Aerca
2328 5160 2422 5213 per
2455 5145 2732 5215 liquidum,
2765 5147 2968 5202 levibus
2999 5148 3358 5204 circumdatus
3386 5153 3558 5218 auris,

2127 5236 2475 5307 Vibratacque
2497 5252 2714 5292 movens
2746 5239 2910 5309 iguito
2935 5241 2984 5293 in
3016 5256 3242 5310 corpore
3265 5257 3486 5311 pennas,

2120 5329 2256 5382 Nulli
2286 5331 2586 5399 conspectis
2609 5331 2672 5384 ad
2708 5341 2904 5387 terram
2941 5335 3172 5388 motibus
3195 5335 3320 5390 ibat.

2118 5421 2183 5474 Et
2212 5431 2320 5477 tum
2355 5423 2490 5478 forte
2509 5440 2730 5494 gemens
2753 5437 3065 5481 cunctorum
3089 5430 3311 5483 crimina
3342 5431 3450 5483 Noe

2117 5511 2329 5566 inﬂexis
2357 5527 2555 5569 stratus
2577 5519 2800 5586 genibus
2821 5561 2834 5583 ,
2861 5535 2981 5572 cum
3011 5520 3250 5588 supplice
3277 5521 3485 5588 planctu

2116 5603 2394 5659 Muntlanis
2415 5610 2644 5674 veniam,
2679 5611 2874 5664 mundo
2905 5613 3140 5679 nolente,
3178 5613 3409 5680 petebat.

2113 5696 2244 5750 Cum
2279 5699 2455 5753 subito
2478 5703 2675 5756 clausis
2713 5702 2914 5757 foribus
2947 5715 3070 5757 tunc
3093 5704 3256 5773 aliger
3288 5705 3447 5771 intrat

2112 5787 2463 5858 Conspicuus,
2491 5794 2635 5848 claro
2666 5794 3009 5861 re5plendens
3039 5797 3254 5850 nuntius
3288 5811 3404 5852 ore.

2111 5881 2380 5940 Horrescit
2411 5887 2523 5941 visu
2555 5897 2699 5942 tanto
2723 5889 3039 5956 perterritus
3071 5889 3251 5962 heros,

4090 1874 4092 1984 l

4089 1985 4092 2108 ἓ

4089 2177 4092 2304 i

4089 2377 4092 2494 l
