4092 6350
235 342 336 397 549

234 459 573 529 Mortalisque
602 460 791 515 oculus
825 474 1109 535 personam
1148 464 1285 517 terre
1311 478 1596 531 supernam

233 552 329 607 Vix
350 552 508 618 valet,
535 562 587 606 et
611 552 786 621 pavidi
814 552 1096 622 detorquet
1120 553 1320 607 lumina
1353 554 1547 607 vultus.

231 646 320 702 Ille
341 645 629 701 salutiferis
660 646 886 714 primum
915 644 1150 700 mulcere
1175 645 1450 699 timentem

230 737 556 808 Aggrediens
580 737 779 803 verbis,
808 736 928 791 caeli
954 736 1200 789 mandata
1229 735 1451 789 ferebat.

230 826 337 883 Pax
368 829 490 892 tibi,
517 830 661 899 juste
690 830 864 883 virum
883 869 898 894 ,
933 843 1115 895 pacem
1145 828 1235 882 tibi
1266 827 1460 881 missus
1483 827 1550 881 ab
1575 826 1682 879 alto

228 920 519 991 lmprecor,
552 933 609 977 ut
640 924 796 992 pulso
822 924 1002 993 capias
1034 937 1150 978 mea
1182 922 1320 985 dicta
1356 938 1572 993 pavore.

227 1014 355 1071 Haec
383 1018 597 1071 mandat
627 1026 1048 1072 summus'terra:
1077 1017 1354 1086 pelagique
1383 1017 1624 1072 Creator.

228 1106 497 1176 insperata
525 1109 738 1177 quidem
761 1108 967 1163 cunctis
992 1108 1259 1163 sententia
1283 1108 1411 1163 letbi

229 1199 502 1266 imminet;
538 1201 674 1254 hanc
701 1201 847 1255 solus
874 1200 970 1255 sed
1000 1201 1089 1267 qui
1121 1201 1353 1255 transire
1386 1197 1632 1259 mereris,

226 1292 295 1355 Et
324 1296 571 1362 praescire
602 1302 771 1362 potes.
798 1293 928 1348 Nam
962 1301 1015 1347 te
1043 1296 1245 1349 calcata
1273 1292 1521 1361 voluptas

225 1383 342 1439 Jam
368 1382 568 1453 pridem
598 1393 805 1438 rectum
827 1394 937 1439 toto
968 1385 1225 1439 discrevit
1257 1385 1324 1437 ab
1349 1384 1500 1439 orbe.

227 1474 390 1531 Unica
420 1477 511 1531 sed
538 1476 785 1547 quoniam
817 1492 1018 1532 savum
1049 1477 1320 1546 depellere
1349 1475 1549 1531 letbum

224 1567 344 1622 Vita
371 1569 719 1639 tibi~poterit,
753 1579 931 1624 tantos
959 1570 1187 1625 evadere
1214 1583 1368 1623 rasus

224 1660 462 1727 Qualiter
492 1661 734 1731 incipias,
768 1662 950 1733 paucis
969 1676 1039 1717 ex
1072 1662 1260 1716 ordine
1293 1660 1462 1712 fabor.

221 1755 373 1811 Finis
407 1755 510 1810 erit
536 1771 753 1823 rerum,
788 1754 1062 1823 permissis
1087 1754 1322 1823 undique
1354 1751 1606 1821 lymphis,

221 1850 399 1917 Atque
429 1847 667 1903 relaxata
696 1846 990 1901 vastabitur
1020 1845 1165 1900 orbis
1192 1844 1407 1913 abysso.

222 1940 379 1995 Nunc
408 1954 526 2010 ago,
552 1938 818 2008 congestis
842 1944 1049 1993 crescat
1078 1936 1364 1991 fortissima
1401 1934 1559 2005 lignis

220 2030 500 2097 Machina,
529 2045 649 2100 qua
677 2044 904 2101 surgens
932 2028 1124 2085 ﬂuctus
1154 2036 1497 2098 superenatet
1526 2038 1733 2080 omnes.

220 2123 333 2178 Ter
359 2134 572 2179 centum
605 2123 813 2178 cubitos
840 2137 934 2191 per
960 2122 1178 2191 longum
1202 2120 1359 2174 ducta
1394 2117 1592 2174 tem-bit
1612 2157 1625 2181 ,

220 2214 315 2270 Bis
344 2214 523 2283 quinis
548 2213 654 2268 late
683 2211 981 2276 ciaudetur,
1012 2210 1200 2279 bisque
1225 2208 1446 2265 vicenis.

218 2304 283 2359 lu
318 2306 529 2375 triginta
562 2303 638 2360 illi
664 2303 929 2359 constabit
953 2303 1199 2359 culminis
1230 2300 1414 2355 altum.

217 2401 326 2456 Per
349 2398 580 2454 medium
612 2414 706 2469 per
729 2408 809 2454 ter
840 2400 997 2467 longo
1024 2395 1301 2451 cmoacula
1334 2400 1505 2446 tractu

218 2492 382 2547 Edita
419 2490 700 2561 suspensis
728 2489 975 2545 domibus
1005 2487 1237 2542 tabulata
1266 2484 1514 2541 levabunt
1540 2498 1553 2535 :

218 2583 291 2639 l't
321 2585 535 2654 generis
569 2582 770 2653 proprii
800 2595 1020 2636 servans
1051 2578 1322 2635 consortia
1349 2588 1565 2630 mansor

218 2678 523 2747 Componat
555 2680 727 2745 parcis
764 2676 1004 2745 dispersa
1037 2673 1229 2729 cubilia
1259 2671 1427 2726 cellis.

215 2766 360 2822 Tum
390 2783 455 2820 ne
482 2767 669 2821 rimosi
696 2781 1011 2835 compagnm
1048 2764 1181 2818 forte
1212 2773 1420 2816 meatus

218 2861 506 2926 accipiant
532 2860 805 2914 inimicum
836 2858 1093 2923 imbrem,
1128 2856 1284 2911 linire
1309 2857 1591 2909 'memento

216 2937 516 3008 Juuciuras
543 2956 765 3008 laterum
785 2994 801 3019 ,
838 2953 1151 3022 pigrumque
1182 2951 1400 3005 infunde
1440 2949 1699 3005 bitumen.

216 3047 427 3103 Taliter
458 3048 703 3103 allectam
729 3063 848 3102 cum
875 3047 1337 3102 eonsummaveris
1369 3045 1537 3100 :edcm
1559 3088 1573 3111 ,

215 3136 479 3193 Protinus
511 3140 807 3208 ingredere,
833 3155 894 3194 ac
918 3138 1405 3216 mundumldimitte
1426 3137 1735 3203 cadentem;

218 3230 467 3286 Esc'usit
491 3247 645 3301 quem
676 3233 833 3300 culpa
861 3231 1131 3301 frequens,
1162 3231 1437 3285 includere
1467 3232 1574 3285 vita

218 3321 333 3377 lnci
345 3325 485 3391 piat,
513 3324 819 3393 circumque
850 3323 1081 3379 fremant
1109 3335 1160 3377 te
1188 3324 1389 3392 sospite
1420 3333 1640 3379 mortes.

215 3414 366 3480 Quin
395 3416 553 3468 etiam
584 3417 763 3470 lateris
788 3418 986 3470 sociam
1011 3416 1303 3472 succedere
1332 3427 1492 3485 tecto,

215 3507 290 3561 Et
324 3522 449 3563 cum
474 3509 788 3578 conjugibus
812 3519 964 3563 natos
997 3510 1197 3564 intrare
1225 3510 1426 3578 jubeto.

216 3598 415 3667 Tuque
445 3600 717 3654 secundus
747 3600 855 3655 eris
881 3600 1043 3655 deleti
1074 3602 1332 3671 germinis
1354 3612 1559 3665 auctor,

216 3690 292 3748 Ut
322 3701 376 3747 te
407 3702 524 3761 post
554 3693 780 3762 primum
810 3693 1078 3762 repleatur
1100 3702 1238 3748 terra
1273 3705 1513 3763 parente.

214 3784 332 3839 Sed
362 3783 486 3853 quia
513 3786 747 3854 perfecto
774 3784 971 3839 divinis
992 3784 1194 3839 viribus
1221 3786 1375 3849 orbe,

214 3874 356 3929 Post
386 3877 565 3944 operis
595 3876 749 3931 ﬁnem
770 3923 785 3947 ,
817 3888 936 3945 post
964 3878 1131 3947 leges,
1164 3886 1389 3947 postque
1416 3886 1619 3932 sacrata

215 3967 462 4022 Sabbata
485 4010 498 4030 ,
533 3969 747 4022 formari
779 3969 1066 4039 quidquam
1098 3985 1201 4022 non
1231 3971 1481 4024 convenit
1509 3971 1644 4023 ultra
1676 3987 1687 4021 :

213 4058 302 4114 Ne
337 4062 554 4129 pt-nitus
577 4076 795 4116 cessans
824 4062 1107 4116 intercidat
1137 4076 1297 4115 omne
1326 4070 1599 4123 creatum,

214 4152 540 4223 Spirantum
566 4170 591 4206 c.
620 4156 827 4209 cunctis
847 4169 1125 4225 pecorum,
1153 4154 1495 4222 celerumque
1512 4152 1813 4216 volucrum,

214 4245 603 4316 Silv.trumque
635 4248 784 4315 feris,
816 4256 870 4302 et
897 4262 1012 4315 quae
1041 4248 1278 4317 jumenta
1321 4255 1598 4300 vocantur.

216 4336 327 4391 Vel
360 4353 479 4406 quin
508 4353 602 4405 per
632 4338 823 4392 tacitos
854 4347 1065 4404 reptant
1096 4338 1322 4393 labentia
1356 4350 1559 4401 motus,

216 4428 367 4482 Bina
396 4443 549 4497 cape,
575 4438 631 4483 et
660 4439 833 4484 tecum
864 4430 1100 4483 claustro
1133 4430 1326 4483 victura
1357 4429 1607 4485 reconde.

211 4520 320 4576 Sic
359 4530 535 4573 tamen
568 4530 624 4573 ut
655 4522 899 4589 proprios
928 4530 1143 4576 teneant
1167 4538 1260 4576 sua
1291 4522 1501 4577 vincula
1529 4536 1712 4588 sexus,

213 4609 388 4665 Unde
416 4626 584 4680 genus
616 4627 827 4666 rursum
860 4613 1018 4668 tellus
1048 4614 1318 4683 implenda
1347 4624 1609 4670 resumat.

209 4702 301 4759 Ne
340 4704 529 4759 timeas
557 4720 623 4759 ne
649 4704 793 4759 forte
817 4706 958 4761 feros
986 4708 1276 4762 animantia
1308 4719 1487 4763 motus

212 4795 501 4858 Servent,
528 4806 618 4849 aut
652 4796 841 4850 sobitis
872 4808 1197 4867 praasumant
1228 4799 1449 4853 rictibus
1478 4802 1603 4855 iras.

211 4885 437 4942 Fmdus
467 4887 569 4941 erit
599 4888 746 4953 totis,
776 4904 895 4958 qua:
926 4888 1289 4944 discordantia
1321 4891 1527 4960 profert

211 4984 337 5038 Per
370 4983 547 5037 varios
575 4991 759 5037 natura
789 4984 997 5049 modos,
1026 4994 1080 5039 et
1109 5000 1239 5052 pace
1269 4984 1411 5039 ﬁdeli

208 5080 464 5136 Parebit
481 5080 647 5149 jussis
677 5080 932 5149 quidquid
962 5081 1288 5135 concluseris
1317 5081 1446 5135 illic.

206 5170 521 5239 Serpentis
544 5178 747 5224 tantum
782 5186 995 5240 semper
1026 5170 1274 5239 ﬁgmenta
1301 5183 1506 5225 caveto.

206 5264 459 5319 Vertice
486 5263 754 5319 submisso
784 5263 1035 5318 blandum
1065 5263 1187 5316 licet
1212 5263 1299 5316 ille
1325 5264 1557 5317 trisulcis

206 5357 489 5411 Finxerit
519 5354 855 5429 abscondens
887 5370 981 5423 per
1011 5354 1183 5409 dulcia
1215 5354 1367 5408 sibila
1400 5355 1594 5422 linguis

208 5451 555 5508 lmmortale
579 5451 792 5515 odium,
824 5465 1092 5519 nunquam
1120 5460 1173 5502 tu
1206 5447 1454 5503 credulus
1484 5450 1593 5513 illi,

206 5547 419 5612 Quem
450 5542 610 5597 nimis
638 5551 887 5611 expertus
913 5541 1186 5595 vitandum
1222 5552 1511 5608 prmmonet
1547 5541 1737 5595 Adam.

209 5635 431 5693 Hostis
460 5648 693 5703 namque
719 5633 883 5687 semel
916 5633 1084 5687 voluit
1109 5633 1411 5701 quicunque
1441 5648 1654 5697 nocere,

208 5732 335 5787 Hic
372 5743 591 5798 semper
616 5736 894 5795 suspectus
916 5727 1040 5792 erit,
1074 5726 1388 5795 penitusque
1414 5728 1704 5781 cavendum
1729 5738 1828 5794 est,

209 5824 310 5883 Ne
341 5819 466 5890 jam
498 5819 723 5877 mentito
752 5819 1032 5889 conjuugat
1060 5818 1255 5873 foedera
1290 5818 1545 5888 prudens.

1403 332 1775 403 poenarum
1819 345 2015 401 LIBER
2057 345 2141 401 tv.

1839 465 1891 525 Α
1919 465 1996 518 'l‘u
2031 474 2147 533 post
2178 466 2477 534 exemplum
2505 466 2667 535 jussis
2700 467 2903 522 servire
2926 475 3212 521 memento.

1982 558 2103 611 Haec
2136 557 2299 624 fatus,
2331 560 2788 616 vacuuutlevibus
2815 570 2961 616 secat
2986 576 3107 615 aera
3139 560 3347 629 pennis,

1911 652 2186 707 Met-talem
2219 651 2424 721 fugiens
2446 654 2648 719 aciem,
2676 655 2920 724 cmloque
2952 654 3149 708 relatus

1910 744 2135 801 lleroem
2167 746 2429 814 trepidum
2460 749 2705 801 mandata
2736 750 2851 816 lege
2881 749 3113 816 reliquit.

1908 836 2025 904 Ipse
2054 847 2229 891 tamen
2260 827 2352 890 tali
2382 839 2628 891 manibus
2661 854 2781 893 cum
2810 855 2941 894 voce
2966 842 3172 903 levatis,

1909 926 2183 995 Quisquis,
2208 928 2312 993 ait,
2345 930 2499 983 nobis
2533 940 2728 984 tantam
2764 932 3031 1000 spondere
3057 934 3281 986 salutem

1906 1021 2012 1074 Seu
2044 1021 2255 1085 missus,
2287 1036 2380 1076 seu
2406 1035 2599 1091 sponte
2626 1035 2743 1088 tua,
2775 1042 2935 1089 super
2960 1027 3161 1080 aethere
3190 1029 3335 1079 celso

1909 1112 2149 1177 Venisti,
2174 1124 2227 1169 et
2257 1116 2520 1184 placidum
2553 1120 2774 1171 sacrasti
2807 1118 3008 1173 ftedere
3039 1129 3244 1187 pactum
3264 1158 3277 1178 ,

1908 1206 1991 1261 Sis
2023 1206 2213 1271 (auter,
2248 1207 2563 1275 ﬁrmeutquo
2589 1219 2705 1262 tuas
2735 1211 2993 1277 promiSsa
3027 1210 3284 1277 loquelas;

1906 1297 2278 1364 Auxiliumque
2306 1309 2451 1353 tuum
2484 1302 2765 1355 countibus
2798 1302 2975 1356 insere
3009 1301 3205 1353 nostris
3228 1340 3242 1362 ,

1910 1387 1971 1442 Ut
2005 1391 2178 1444 tenuis
2211 1400 2408 1444 tantam
2437 1395 2611 1447 valeat
2640 1409 2827 1446 manus
2855 1394 3018 1447 edere
3050 1395 3266 1446 molem.

1982 1480 2071 1533 llis
2101 1481 2335 1538 breviter
2357 1483 2534 1547 dictis,
2562 1486 2681 1538 vita:
2705 1498 2853 1551 Spem
2885 1484 3045 1538 corde
3081 1484 3287 1550 reponit
3312 1526 3326 1547 ,

1905 1573 2331 1644 Agereditnrqne
2359 1575 2502 1630 celer
2533 1577 2668 1630 sacri
2704 1586 2968 1644 prmcepta
3002 1576 3217 1629 laboris.

1908 1665 2038 1731 Quis
2063 1677 2237 1723 tantos
2268 1670 2441 1736 capiat
2466 1671 2690 1723 sensus?
2711 1672 2829 1739 quis
2860 1671 3090 1739 denique
3115 1684 3293 1725 set-too

1909 1756 2177 1826 Explicet,
2210 1759 2443 1813 advectis
2480 1761 2636 1815 fuerit
2659 1778 2776 1830 qum
2806 1763 2956 1826 capia
2992 1761 3185 1829 lignis?

1842 1822 1882 1890 Β
1912 1846 2101 1903 Nudati
2134 1847 2328 1915 colles,
2350 1850 2587 1916 spoliabo
2618 1851 2811 1907 robore
2840 1852 3009 1913 silvm,

1916 1939 2066 1993 Mons
2102 1950 2155 1993 ut
2189 1941 2414 2010 qni~que
2443 1942 2531 1996 fuit
2553 1984 2568 2008 ,
2598 1943 2793 1999 fantulo
2824 1944 3071 2013 placuere
3102 1957 3308 2014 paratu.

1913 2030 2092 2085 Pelion
2130 2034 2414 2087 immensas
2439 2050 2556 2088 cum
2591 2036 2763 2090 mittat
2792 2037 2991 2091 vertice
3019 2052 3269 2105 qurrcus,

1912 2122 2133 2192 insuper
2162 2130 2380 2194 exponit
2410 2129 2571 2181 multa
2603 2130 2799 2183 virtute
2835 2131 3062 2184 recisum

1911 2215 2039 2269 Ossa
2071 2212 2279 2284 bemus,
2309 2220 2581 2289 Pindoque
2611 2221 2755 2275 abies
2782 2223 3092 2277 subducitur
3120 2224 3167 2277 al
3195 2238 3245 2277 a.

1910 2308 2061 2362 Atlas
2093 2309 2204 2377 ipse
2236 2327 2398 2365 novas
2430 2312 2535 2366 ictu
2565 2322 2849 2368 resonante
2880 2330 3099 2369 secures

1912 2396 2106 2467 Sensit,
2131 2411 2184 2456 et
2210 2418 2437 2456 annosas
2464 2404 2608 2457 dedit
2630 2405 2695 2458 ad
2724 2406 2928 2459 navalia
2960 2408 3131 2475 pinus.

1913 2491 2166 2547 Invictum
2198 2506 2322 2549 tunc
2354 2497 2515 2564 surgit
2548 2512 2701 2564 opus,
2728 2505 2974 2551 contexta
3008 2498 3213 2550 levatur

1914 2584 2177 2639 Porrectis
2210 2588 2447 2641 trabibus
2478 2590 2717 2654 prrcolsi
2749 2590 2997 2643 eulmiuis
3023 2590 3182 2643 ades.

1985 2677 2104 2731 llaec
2135 2678 2291 2741 inter,
2320 2679 2523 2733 discors
2550 2682 2677 2733 varii
2710 2681 2973 2733 sententia
3006 2682 3169 2744 vulgi.

1912 2768 2042 2822 Nam
2077 2771 2224 2823 mu’ti
2260 2771 2487 2841 lymphis
2514 2773 2783 2825 obstacula
2820 2782 2963 2825 tanta
3000 2781 3270 2839 parantem

1912 2859 2129 2915 lrrisere
2152 2862 2343 2924 virum,
2375 2864 2544 2915 moles
2572 2863 2711 2932 quod
2743 2864 2921 2917 clausa
2954 2878 3120 2915 movet
3140 2863 3150 2914 i
3172 2895 3189 2909 ο

1913 2952 2351 3022 Fluminibusque
2372 2954 2485 3008 dari
2513 2966 2735 3023 neque'tt
2752 2996 2766 3017 ,
2791 2941 2948 3024 quain
2977 2955 3109 3008 forte
3133 2954 3213 3008 vel
3238 2954 3394 3021 ampli

1916 3047 2215 3117 Euphrates
2239 3048 2491 3117 Nilusque
2512 3062 2707 3117 queant
2738 3050 2819 3102 viv
2850 3049 3097 3103 claudere
3130 3049 3277 3115 ripis.

1916 3138 2142 3193 llttmani
2174 3141 2386 3209 generis
2414 3140 2540 3209 quid
2573 3158 2722 3194 utens
2752 3132 3018 3195 iu'credula
3053 3142 3187 3193 reris

1842 3207 1889 3269 (δ
1924 3232 2199 3286 Mortalem
2229 3248 2332 3284 non
2369 3232 2522 3298 p‘usse
2553 3248 2764 3285 manum
2793 3233 3118 3301 conjungere
3155 3241 3319 3300 ponto

1920 3325 2110 3379 ZEdem
2145 3325 2301 3393 longi-
2327 3326 2516 3393 quam?
2545 3338 2737 3393 pontvs
2768 3340 2994 3393 namque
3022 3325 3209 3378 Obvius
3233 3327 3376 3377 u'ti'o

1917 3417 2139 3482 Curret,
2167 3432 2219 3471 et
2251 3418 2532 3469 adductum
2562 3428 2772 3485 tangent
2799 3428 2946 3471 stans
2976 3418 3169 3470 fabrica
3199 3418 3364 3469 littus.

1919 3507 2014 3561 Ast
2047 3507 2179 3561 alios
2207 3507 2399 3560 celsam
2430 3517 2708 3573 Cotnpacto
2740 3509 2931 3559 robore
2965 3520 3214 3561 nassam.

1920 3600 2135 3670 ignaros
2159 3613 2459 3669 quanquzuu
2485 3599 2674 3663 eladis,
2704 3614 2983 3666 causaque
3018 3596 3249 3661 luenti,

1920 3691 2095 3745 Mirari
2128 3691 2335 3745 novitas
2364 3701 2416 3744 et
2445 3690 2730 3743 formidare
2760 3690 2953 3757 coegit.

1920 3783 2068 3838 llaud
2098 3783 2253 3837 aliter
2276 3784 2507 3837 studium
2540 3783 2648 3850 jam
2681 3794 2802 3835 tunc
2833 3782 3085 3836 divi-crat
3114 3798 3319 3845 omnes,

1919 3876 2085 3940 Quam
2119 3892 2259 3929 nunc.
2291 3874 2520 3928 mundus
2544 3875 2667 3943 agit.
2696 3875 2829 3928 Sunt
2862 3875 2949 3943 qui
2971 3885 3287 3943 compuncti
3326 3874 3467 3927 lideli

1919 3967 2092 4021 Corda
2118 3968 2295 4021 dicant
2322 3969 2507 4033 operi,
2538 3968 2803 4037 rebusque
2829 3968 3030 4022 instare
3056 3984 3362 4038 supremum

1920 4058 2215 4113 Discrimen
2248 4070 2475 4123 norunt,
2500 4074 2580 4113 cui
2599 4074 2823 4126 pus.quo
2854 4060 3102 4131 concidat
3128 4076 3306 4125 omne,

1923 4150 2346 4217 Baccbatamque
2378 4151 2467 4203 diu
2498 4159 2817 4203 consumant
2845 4151 3041 4203 smcula
3069 4164 3305 4203 carnem.

1926 4241 2154 4309 Ellugiet
2178 4252 2303 4295 tunc
2334 4241 2423 4294 ille
2456 4242 2683 4303 malum,
2708 4241 3010 4309 quicunque
3041 4250 3256 4309 paratus

1924 4335 2211 4389 Construat
2241 4344 2296 4388 ut
2327 4333 2552 4387 validum
2585 4333 2811 4401 Prmduri
2848 4333 3093 4401 tegminis
3119 4348 3326 4397 arcam,

1930 4428 2028 4482 Per
2062 4428 2261 4497 lignum
2295 4427 2457 4482 vitale
2488 4427 2663 4481 crucis
2689 4436 2931 4480 servatus
2954 4427 3022 4480 ab
3051 4426 3229 4489 undis,

1932 4520 2079 4575 Tunc
2104 4530 2289 4575 cernet
2314 4530 2515 4591 quanto
2544 4522 2926 4589 contempserit
2956 4522 3061 4575 otia
3095 4521 3287 4577 fructu.

2014 4612 2163 4669 Haud
2188 4614 2373 4683 procul
2405 4622 2666 4670 attentum
2699 4613 3066 4682 contemplans
3111 4613 3248 4667 hunc
3286 4628 3484 4678 operati

3278 4705 3405 4777 [teut
3430 4748 3444 4771 ,

1937 4799 2124 4854 Nonne
2154 4800 2304 4868 piger
2331 4800 2607 4869 quisquam
2641 4800 2801 4861 lucri,
2827 4801 3131 4868 cedensque
3158 4798 3369 4865 laboris,

1935 4890 2172 4945 lnsauire
2201 4898 2387 4959 putet,
2415 4905 2540 4944 cura
2574 4890 2713 4959 quod
2741 4891 2885 4945 solus
2918 4892 3057 4944 inani

1935 4983 2184 5047 Estuet,
2211 4993 2263 5038 et
2295 4984 2450 5037 rebus
2486 4982 2615 5036 nolit
2646 4984 2993 5052 peteuutibns
3020 4985 3129 5037 uti?

1939 5078 2029 5132 Sic
2058 5077 2284 5145 epulans
2310 5092 2548 5144 parcum,
2576 5077 2653 5131 sic
2681 5078 2883 5147 largum
2907 5079 3143 5147 quisquis
3165 5094 3376 5145 avarus,

1939 5168 2027 5223 Sic
2055 5168 2252 5222 nudum
2283 5179 2482 5236 raptor,
2508 5169 2584 5224 s'c
2608 5178 2810 5222 castum
2841 5170 2977 5225 ridet
3004 5171 3235 5234 adulter,

1938 5261 2030 5316 Sic
2060 5262 2513 5315 circumscribens
2550 5263 2704 5315 illuso
2732 5262 2969 5331 simplice
3001 5263 3222 5331 gaudet.

1945 5354 2033 5408 Sic
2070 5353 2313 5421 sapuisse
2339 5353 2484 5407 dolet
2514 5354 2681 5421 dives,
2711 5373 2827 5409 cum
2853 5368 3133 5423 Congregat
3160 5369 3378 5418 aurum,

1942 5446 2291 5514 Spargeutem
2320 5463 2586 5507 nummos,
2613 5453 2859 5517 ultroque
2883 5451 2933 5502 in
2968 5464 3196 5517 paupere
3220 5462 3384 5501 censu

1939 5538 2281 5607 Consumptis
2311 5539 2499 5607 opibus
2534 5540 2784 5593 miserum
2817 5549 2958 5591 ratus
2986 5553 3104 5590 esse
3137 5537 3371 5591 beatum.

2014 5633 2139 5688 lnde
2172 5636 2502 5702 repentinum
2535 5635 2703 5689 .ludex
2734 5651 2850 5687 cum
2881 5642 3123 5687 cerneret
3147 5635 3262 5687 orbi

1942 5728 2249 5781 Adventare
2278 5729 2418 5781 diem
2456 5745 2467 5780 :
2510 5729 2650 5781 Finis
2677 5728 2751 5779 sic.
2783 5727 3045 5794 protinus,
3074 5726 3272 5797 inquit,

1944 5822 2224 5889 Imminet,
2257 5834 2311 5877 ut
2336 5824 2463 5890 justi
2498 5821 2765 5891 quondam
2797 5821 2896 5877 sub
2928 5830 3167 5891 tempore
3194 5821 3326 5891 Non,

3392 347 3569 403 550'
