4124 6350
552 358 653 415 551
1724 356 1782 410 S.
1828 351 2011 411 AVI'II
2053 353 2131 409 VII

2238 350 2461 415 iENSIS.

555 475 818 531 Diluvium
844 473 1016 529 varios
1046 470 1224 526 mundi
1253 476 1373 524 eum
1405 469 1637 540 repperit
1660 482 1832 534 actus,

557 566 625 622 Et
649 582 864 622 carnem
892 563 1221 630 consumpsit
1250 561 1422 632 aquis,
1454 562 1739 631 opifexque
1769 562 1961 616 salutis
2044 587 2055 597 ο

554 659 737 716 Evasit
762 668 911 727 parto
936 654 1121 709 diffusa
1154 654 1385 723 pericula
1413 655 1668 708 claustro.

553 749 679 806 Huic
702 747 1022 817 evangelicis
1047 756 1173 801 sunt
1203 746 1483 801 inclamata
1515 745 1721 815 figuris.

578 884 583 889 .
622 840 880 895 Providus
913 839 1115 893 interea
1140 846 1477 893 consummat
1507 840 1753 893 conditor
1782 829 1982 894 arcam.

550 936 699 992 Tunc
730 936 895 1004 iussa:
921 942 1210 990 accurrunt
1239 933 1504 997 volucres,
1535 942 1663 988 tunc
1687 933 1856 988 bestia
1886 947 2127 1004 quaeque,

549 1029 874 1086 Consuetum
905 1028 1151 1097 linquens
1179 1028 1378 1081 silvoso
1410 1027 1642 1096 tegmine
1674 1027 1897 1082 lustrum
1918 1068 1933 1093 ,

552 1122 801 1193 Deposita
827 1120 1040 1177 feritate
1063 1120 1236 1183 venit,
1271 1133 1497 1189 seseque
1530 1119 1813 1176 tenendam

482 1261 494 1272 .
551 1214 749 1285 Ingerit
773 1227 1081 1277 occurrens,
1105 1222 1157 1267 e'.
1183 1212 1427 1267 libertate
1449 1213 1633 1267 relicta

552 1307 755 1365 Includi
782 1306 1013 1378 gaudet:
1043 1314 1244 1360 tantum
1273 1306 1485 1361 decreta
1510 1307 1669 1361 futuri

553 1404 646 1459 Vis
674 1402 846 1468 valet;
877 1401 1115 1457 occultus
1143 1400 1311 1454 brutis
1338 1399 1392 1453 in
1419 1400 1666 1455 sensibus
1698 1400 1852 1457 ardet

553 1498 771 1562 Terror,
803 1506 856 1551 et
882 1504 1196 1565 exspectans
1221 1494 1384 1562 agitat
1415 1493 1697 1549 formidine
1729 1495 1913 1549 vitam.

552 1593 651 1647 Ast
680 1592 925 1646 homines
950 1604 1085 1659 quos
1114 1602 1233 1642 sors
1261 1588 1391 1642 certi
1423 1588 1747 1642 discriminis
1774 1598 1961 1659 urget,

554 1684 737 1739 Vicina
770 1699 868 1740 nec
898 1692 1071 1738 morte
1098 1692 1326 1752 pavent,
1359 1682 1491 1737 satis
1522 1683 1754 1751 undique
1778 1691 1990 1737 constat

553 1775 713 1830 Vitali
738 1776 935 1831 indicio
964 1775 1269 1845 pnecedere
1297 1790 1439 1845 saepe
1469 1774 1736 1831 timorem.

550 1869 779 1924 Securos
809 1866 1211 1939 laetosque’reos
1240 1869 1430 1924 tellure
1456 1866 1775 1925 Gomorrhte

550 1962 665 2019 Iam
699 1978 867 2032 prope
893 1964 993 2017 sub
1020 1961 1250 2017 flammis
1275 1961 1541 2018 sententia
1570 1962 1715 2021 dicta
1746 1962 1975 2017 videbat.

551 2054 752 2108 Ninivaa
778 2064 962 2109 contra
995 2054 1205 2127 populis
1234 2061 1443 2109 terrore
1468 2053 1669 2111 salubri

553 2138 833 2203 Praevaluit
862 2162 959 2217 pro
985 2162 1113 2217 pace
1140 2156 1335 2202 metus.
1359 2146 1491 2202 Nam
1525 2157 1745 2201 venerat
1774 2146 1901 2201 illuc

554 2237 766 2304 Iussus,
794 2238 1021 2295 multum
1048 2238 1138 2293 ille
1158 2246 1214 2292 et
1246 2238 1403 2293 terris
1430 2236 1658 2306 iactatus
1684 2249 1739 2293 et
1764 2240 1903 2303 alto,

552 2330 654 2397 Qui
683 2330 1007 2391 clamaturos
1032 2338 1193 2386 tanta:
1215 2328 1523 2383 discrimina
1560 2330 1701 2399 plebi

555 2421 822 2477 Diluvium
854 2422 1028 2478 timuit
1058 2421 1258 2476 mundo
1285 2431 1568 2477 constante
1594 2423 1875 2493 propheta.

553 2516 816 2573 Ilattserat
842 2514 943 2569 huc
969 2514 1149 2569 valido
1182 2514 1481 2583 pervadens
1513 2515 1689 2570 bellua
1720 2518 1886 2582 rictu,

554 2608 974 2680 Immersumque
998 2609 1131 2664 mari
1160 2609 1362 2664 ventris
1386 2610 1727 2664 concluserat
1756 2624 1901 2663 area.

554 2698 820 2772 Deglntire
851 2702 1057 2765 virum,
1090 2701 1379 2771 faucesque
1403 2700 1630 2769 implere
1656 2715 1901 2768 capaces,

552 2792 772 2847 Ardenti
801 2803 1040 2846 monstro
1063 2808 1184 2847 cum
1211 2794 1281 2845 sit
1309 2792 1569 2859 permissa
1599 2799 1858 2859 p0testas,

553 2884 665 2938 Non
694 2885 844 2938 licu'.t
874 2884 1123 2937 mordere
1149 2893 1323 2937 tamen
1347 2923 1362 2948 ,
1392 2882 1466 2935 nil
1495 2881 1746 2936 dentibus
1772 2892 1971 2937 actum.

555 2976 773 3031 Intravit
802 2977 1051 3047 cnpidtnn
1083 2977 1343 3031 deludens
1372 2975 1548 3045 praeda
1580 2985 1854 3031 vorantem
1874 3020 1887 3040 ,

556 3069 878 3139 Invasusqne
902 3070 1053 3124 cibus
1080 3070 1259 3138 jejuna
1287 3067 1418 3123 vixit
1447 3070 1499 3123 in
1529 3070 1670 3124 alvo.

557 3162 691 3217 Dum
725 3172 832 3217 tres
862 3163 979 3217 luce
1008 3162 1123 3217 dies
1154 3178 1257 3216 una
1282 3162 1381 3215 sub
1412 3171 1570 3217 nocte
1600 3163 1875 3233 propheta:

560 3252 655 3308 Sol
687 3264 895 3324 ageret,
924 3253 1179 3324 littnsqne
1216 3269 1407 3307 novum
1440 3254 1710 3309 vacuanda
1742 3254 2013 3319 viderent,

561 3343 625 3399 Et
648 3345 961 3415 castigatum
992 3355 1267 3399 vomerent
1289 3346 1555 3415 ergastula
1590 3356 1821 3415 pastum.

627 3435 693 3492 Ut
724 3448 965 3493 monstro
988 3446 1179 3491 exutus
1202 3448 1376 3502 vates,
1404 3439 1705 3508 caelumque
1728 3440 1929 3511 recepit

554 3527 878 3599 Contingens
910 3539 1101 3595 terras,
1137 3544 1380 3600 magnam
1414 3539 1538 3588 tunc
1563 3532 1796 3601 percitus
1827 3534 2011 3589 urbem

554 3620 804 3677 Terribili
828 3637 948 3676 cum
978 3637 1111 3677 voce
1142 3630 1330 3691 petens
1356 3639 1368 3675 :
1393 3623 1527 3689 Quid
1552 3624 1812 3691 criminis,
1839 3626 2029 3696 inquit,

554 3712 767 3768 Ardetis
795 3714 1059 3768 llatnmis?
1086 3713 1409 3784 restringent
1434 3715 1611 3770 omnia
1642 3732 1829 3784 pusum.

556 3804 781 3871 Jamque
810 3804 953 3858 venit
986 3804 1127 3866 linis,
1154 3806 1353 3859 lentum
1377 3816 1460 3861 est
1484 3807 1585 3861 huc
1610 3807 1809 3871 dicere,
1836 3808 2000 3864 venit.

560 3894 677 3948 Non
709 3895 828 3963 plus
855 3894 996 3949 fatus
1028 3904 1177 3950 erat:
1212 3905 1353 3951 totus
1378 3896 1623 3966 conjurat
1652 3899 1705 3953 in
1733 3916 1892 3955 omne

560 3986 876 4043 Lamentum
908 3989 1135 4059 populus
1162 4007 1175 4043 :
1200 3999 1518 4058 procurrunt
1542 3990 1775 4062 undique
1796 3992 1973 4059 llctus,

557 4083 778 4139 Pectora
812 4085 1126 4147 tunduntur,
1153 4085 1349 4141 caelum
1372 4087 1602 4155 suspiria
1628 4076 1863 4157 pulsant.

554 4175 801 4231 Mollibus
821 4176 1042 4246 abjectis
1063 4176 1284 4233 Cilicum
1309 4176 1437 4233 dant
1463 4179 1691 4249 tegmina
1716 4188 1864 4246 setae,

554 4268 717 4340 Inque
762 4270 912 4326 cibos
953 4272 1229 4341 cinerem,
1275 4272 1644 4344 lacrymasque
1686 4273 1737 4327 in
1782 4273 1971 4343 pocula
2015 4273 2134 4326 fun-

1881 4364 2063 4436 [dnnt,

557 4451 674 4520 Ipse
694 4454 854 4507 etiam
871 4497 886 4521 ,
909 4454 1101 4525 dignus
1130 4456 1221 4511 tali
1245 4458 1333 4527 qui
1358 4466 1600 4526 tempore
1623 4459 1875 4527 princeps

563 4546 702 4598 Ante
725 4545 891 4599 aciem
917 4546 1135 4601 llentum
1159 4557 1335 4617 portet
1357 4548 1547 4601 vexilla
1572 4540 1782 4615 salutis,

558 4639 728 4709 Atque
759 4654 959 4693 novum
982 4639 1123 4693 dictu
1155 4652 1398 4696 metuens
1423 4641 1730 4697 discrimina
1762 4643 1966 4706 vincat,

558 4728 776 4799 Projicit
801 4730 925 4786 hinc
948 4742 1217 4802 sceptrum
1241 4774 1256 4795 ,
1289 4733 1478 4803 linquit
1502 4734 1728 4789 sublime
1766 4734 2028 4801 tribunal,

560 4822 720 4876 Pallia
753 4823 1036 4878 blattarum
1062 4835 1245 4895 Spreto
1266 4824 1528 4881 difﬁbulat
1560 4842 1712 4893 attro,

557 4914 741 4967 Serica
763 4914 1087 4985 desiticiens,
1113 4908 1270 4986 atque
1292 4933 1477 4987 aspera
1503 4920 1731 4986 tegmina
1755 4933 1992 4975 sumens.

626 5006 695 5060 At
724 5006 840 5075 pius
863 5022 926 5060 ex
949 5008 1057 5061 alto
1082 5011 1450 5079 contemplans
1475 4994 1597 5064 talia
1624 5010 1820 5065 licctor

557 5097 806 5152 Exsertas
830 5108 1043 5152 revocat
1064 5099 1263 5154 sedatis
1287 5103 1517 5157 motibus
1544 5103 1668 5170 ints,

561 5189 940 5262 Vibratnmque
964 5200 1151 5247 tenens
1183 5197 1427 5251 restinxit
1452 5200 1652 5257 missile
1680 5202 1901 5261 fulmen.

555 5281 907 5354 Temporibus
928 5284 1161 5355 propriis
1188 5287 1366 5356 justus
1391 5291 1468 5346 sic
1491 5295 1733 5350 conditor
1755 5312 1892 5351 arca:

557 5373 757 5447 Securo
774 5378 920 5432 solus
946 5378 1186 5435 timuisse
1220 5382 1450 5449 pericula
1485 5387 1682 5440 mundo

560 5463 846 5532 Gautlebit,
880 5468 1038 5523 linem
1062 5473 1292 5537 cunctis,
1318 5472 1419 5528 sibi
1452 5473 1597 5529 ferre
1624 5478 1849 5533 salutem
1868 5519 1883 5541 ,

562 5553 831 5611 Diversam
860 5573 1090 5617 cernens
1118 5563 1298 5617 meriti
1325 5563 1635 5621 discrimine
1666 5581 1887 5624 sortem.

562 5644 703 5717 Ergo
723 5648 811 5703 ubi
840 5652 1115 5709 silvestres
1137 5669 1265 5711 sexu
1299 5657 1513 5727 collegit
1543 5668 1767 5730 utroque

560 5737 887 5813 Inclusitque
915 5746 1075 5811 feras.
1101 5750 1359 5818 pecudum
1393 5758 1519 5808 tunc
1543 5753 1694 5823 eligit
1719 5754 1805 5810 illa

562 5835 805 5904 Sumere,
822 5854 941 5908 quae
968 5841 1163 5896 licitum
1189 5855 1263 5898 est
1298 5846 1496 5912 mandi,
1520 5847 1599 5901 vel
1626 5848 1821 5903 munda
1856 5855 2133 5912 vocantur.

2161 473 2211 532 Α
2241 470 2373 526 Ilinc
2398 482 2598 526 tantum
2623 482 2841 542 septena
2864 471 3013 525 dedit
3038 470 3270 525 viventia
3294 454 3542 537 claustro,

2243 561 2313 619 Ut
2336 564 2501 618 ternis
2529 564 2741 632 paribus
2768 573 2982 619 servato
3014 563 3218 617 semine
3244 563 3429 629 salvis,

2138 656 2143 661 ’
2240 657 2477 725 Septima
2501 674 2619 728 qua:
2646 657 2841 713 fuerint
2875 659 3043 712 sacris
3078 657 3399 726 quandoque
3435 657 3668 712 litentnr.

2240 750 2438 820 EtJatn
2465 752 2640 807 vitalis
2662 751 3000 806 concluserat
3020 750 3197 805 omnia
3221 766 3425 804 carcer.

2238 841 2390 898 Tunc
2412 842 2613 912 justum
2636 888 2650 911 ,
2681 852 3006 912 cunctosque
3028 858 3175 907 suos,
3204 852 3480 912 natosque,
3516 857 3808 910 nurusque,

2194 968 2197 971 -
2238 934 2446 1005 Accipit
2465 944 2782 1005 exspectans
2803 935 3093 990 claustrum
3112 975 3126 999 ,
3148 934 3378 1003 vitasque
3407 934 3635 1003 reponit.

2236 1025 2371 1082 Nam
2399 1041 2583 1081 servos
2613 1027 2847 1081 nondum
2880 1026 3103 1081 dederat
3132 1034 3321 1081 natura
3349 1026 3559 1090 vocari,

2237 1117 2348 1175 Nec
2369 1118 2615 1174 dominos
2636 1118 2847 1173 famulis
2868 1118 3179 1174 discernere
3207 1127 3429 1173 noverat
3450 1118 3603 1173 ordo.

2237 1210 2447 1266 Primus
2466 1212 2609 1267 enim
2638 1212 2902 1267 maculam
2927 1212 3105 1267 servili
3130 1212 3355 1267 nomine
3369 1212 3538 1266 sensit

2238 1301 2407 1373 llujus
2431 1312 2675 1359 natorum
2707 1303 2936 1370 medius,
2960 1303 3048 1372 qui
3077 1303 3213 1359 forte
3235 1304 3499 1359 cachinno

2238 1397 2531 1453 Distectum
2566 1398 2715 1468 petiit
2743 1400 2943 1453 misero
2967 1399 3299 1468 spectamine
3329 1407 3533 1467 patrem
3554 1437 3568 1461 ,

2235 1491 2616 1564 Materiamque
2636 1493 2716 1548 sui
2739 1493 2859 1549 risit
2880 1491 3171 1548 deformior
3191 1498 3364 1557 ortus,

2235 1589 2303 1645 Et
2334 1588 2453 1659 plus
2470 1588 2579 1657 jam
2605 1586 2774 1656 turpis
2798 1586 2997 1640 nudato
3018 1585 3261 1655 simplice
3284 1598 3535 1655 nequam.

2235 1686 2385 1753 Quod
2409 1693 2688 1756 postquam
2719 1691 2935 1738 sanctus
2956 1682 3126 1753 potuit
3152 1696 3476 1752 cognoscere
3502 1678 3633 1741 Noe,

2237 1777 2427 1833 Natum
2452 1775 2718 1845 germanis
2739 1776 2993 1830 famulum
3016 1773 3193 1838 dedit;
3218 1773 3339 1827 inde
3368 1780 3636 1839 repertum

2113 1920 2123 1925 _
2162 1859 2213 1921 Β
2238 1871 2367 1927 Tale
2391 1871 2609 1941 iugum;
2634 1869 2811 1923 cuncti
2845 1884 2965 1923 nam
2994 1868 3199 1921 semine
3230 1867 3499 1921 nascimur
3523 1879 3649 1919 uno.

2240 1962 2455 2019 Servitii
2477 1971 2625 2017 certe
2652 1975 2869 2015 causam
2901 1958 3089 2014 fecisse
3120 1966 3301 2013 reatus

2237 2054 2507 2117 Cernitur,
2531 2062 2587 2108 et
2614 2052 2750 2107 liber
2778 2065 3006 2122 peccans
3031 2052 3087 2105 lit
3107 2049 3333 2104 crimine
3366 2062 3579 2113 servus;

2239 2144 2298 2201 Si
2333 2162 2541 2200 rursum
2567 2160 2705 2201 nexu
2735 2129 2962 2198 famulus
2992 2141 3283 2211 stringatur
3309 2139 3555 2205 honesti,

2240 2238 2453 2293 Natales
2482 2237 2678 2292 faciens
2700 2237 2945 2303 sibimet,
2970 2237 3078 2304 jam
3110 2232 3303 2288 nobilis
3326 2231 3411 2285 hic
3432 2240 3534 2285 est.

2312 2332 2540 2388 Nuntius
2561 2334 2787 2398 interea,
2812 2330 3008 2385 dudum
3032 2330 3122 2401 qtti
3154 2328 3348 2383 missus
3368 2327 3436 2382 ab
3456 2326 3564 2379 alto

2243 2426 2515 2481 Detnlerat
2538 2425 2684 2494 justo
2705 2424 2940 2480 caelestis
2964 2437 3181 2477 munera
3207 2420 3384 2485 verbi,

2240 2518 2489 2572 Protinus
2518 2527 2571 2571 ut
2595 2518 2835 2571 clausum
2866 2515 3026 2579 vidit,
3059 2514 3325 2583 rebusque
3354 2509 3551 2581 paratis

2245 2610 2569 2680 Exspectare
2599 2609 2737 2664 diem
2758 2655 2770 2673 ,
2806 2623 2988 2663 rursus
3015 2604 3343 2661 descendere
3363 2602 3501 2658 coelo

2241 2701 2541 2768 Festinans,
2572 2700 2720 2755 laxos
2750 2700 2977 2755 lirmavit
2999 2698 3215 2753 cardine
3246 2704 3424 2766 postes
3444 2737 3458 2760 ,

2245 2792 2570 2863 Inclusitque
2601 2794 2951 2875 viros,.atque
2971 2791 3103 2846 ostia
3136 2790 3289 2844 fortia
3318 2787 3509 2851 traxit,

2240 2882 2640 2953 Confestimque
2660 2885 2842 2939 levans
2867 2899 3060 2953 supero
3089 2897 3146 2935 se
3168 2880 3371 2937 rettulit
3392 2878 3501 2937 axi.

2242 2976 2378 3033 [Evo
2406 2987 2689 3032 sexcentos
2718 2979 2896 3031 senior
2926 2974 3328 3030 transcenderat
3352 2986 3544 3038 annos,

2244 3068 2495 3137 Lunaque
2526 3069 2604 3121 bis
2636 3068 2819 3137 plenos
2841 3066 3068 3123 addebat
3100 3078 3367 3121 menstrua
3394 3078 3603 3129 cursus,

2244 3162 2510 3232 Septimus
2539 3171 2593 3217 et
2622 3162 2859 3217 decimus
2879 3162 2966 3232 qni
3000 3171 3118 3231 post
3147 3161 3389 3215 illuxerat
3417 3157 3566 3223 orbi,

2163 3236 2210 3298 ο
2247 3254 2471 3309 Ultimus
2504 3255 2593 3309 ille
2621 3254 2736 3308 dies
2759 3253 2867 3322 jam
2900 3268 3039 3308 nunc
3068 3251 3213 3307 dabit
3241 3252 3414 3305 omnia
3438 3249 3604 3304 letho.

2312 3346 2454 3401 Ilicet
2481 3347 2746 3415 obtegitur
2766 3346 2991 3410 cadum,
3029 3344 3311 3411 nimiisque
3344 3342 3579 3398 tenebris

2247 3438 2393 3493 Victa
2425 3439 2755 3507 repelluntur
2782 3437 2969 3492 fuscati
2993 3436 3187 3491 lumina
3212 3435 3359 3489 solis.

2239 3530 2459 3584 lnsanas
2490 3530 2763 3585 hominum
2795 3536 3000 3583 mentes
3026 3527 3110 3581 vix
3141 3536 3357 3595 tangere
3388 3534 3559 3580 terror

2238 3626 2518 3695 Coeperat,
2550 3624 2788 3678 insuetus
2818 3639 2939 3677 mox
2974 3621 3191 3692 prolluit
3215 3621 3415 3675 :ctltere
3439 3618 3671 3684 nimbus,

2240 3718 2306 3774 Et
2336 3716 2509 3770 valido
2541 3717 2766 3784 primum
2798 3715 2989 3770 similis
3016 3714 3314 3770 demittitur
3338 3712 3515 3768 imbri.

2241 3810 2399 3865 Arida
2436 3820 2694 3863 terrarum
2727 3813 2927 3878 pariter
2954 3809 3205 3863 maduere
3236 3822 3329 3876 per
3350 3805 3566 3874 orbem,

2246 3900 2358 3956 Una
2388 3900 2482 3953 fuit
2510 3908 2623 3954 toto
2649 3900 2809 3956 facies
2828 3912 2877 3956 et
2914 3901 3089 3957 nubila
3119 3900 3256 3955 caelo

2241 3990 2505 4061 z‘Egyptus
2535 4001 2661 4045 tunc
2690 3993 2799 4061 ipsa
2830 4008 2993 4047 novas
3020 3992 3233 4062 expavit
3260 3991 3325 4044 ad
3350 3988 3538 4055 undas,

2240 4084 2382 4138 Alsit
2406 4094 2460 4139 et
2491 4084 2696 4139 infusus
2724 4085 3001 4151 Garamas,
3034 4085 3338 4153 dudumque
3364 4084 3597 4137 calentes

2241 4177 2471 4232 Humida
2500 4178 2756 4249 Massylas
2786 4180 3071 4246 tetigerunt
3101 4175 3291 4247 frigora
3319 4174 3520 4245 Syrtes.

2241 4271 2349 4327 Nec
2381 4272 2595 4342 longum
2627 4271 2817 4341 pluviae
2841 4271 3068 4339 species,
3102 4284 3207 4323 non
3232 4268 3460 4337 denique
3488 4272 3650 4335 gutta

2237 4362 2482 4428 Stillant,
2508 4363 2599 4418 sed
2632 4372 2789 4432 rupto
2818 4360 3105 4415 funduntur
3133 4359 3346 4414 flumina
3374 4358 3533 4413 caelo.

2240 4458 2354 4513 Non
2386 4459 2539 4513 aliter
2571 4457 2786 4521 Tanais,
2817 4456 3028 4510 nivibus
3056 4469 3177 4510 cum
3207 4452 3441 4523 pascitur
3472 4448 3637 4515 albis,

2245 4550 2463 4618 Riphaeo
2484 4550 2551 4605 de
2576 4560 2757 4604 monte
2785 4563 2945 4603 ruens
2972 4546 3196 4603 illiditur
3220 4545 3393 4613 amni,

2162 4613 2219 4673 D
2248 4613 2653 4715 Principitatqne
2684 4643 2840 4698 simul
2872 4643 3031 4712 longo
3056 4642 3198 4712 quod
3231 4639 3443 4696 tramite
3470 4638 3630 4694 ducit.

2250 4738 2519 4793 Undarum
2552 4738 2641 4792 tali
2673 4735 2905 4805 quatitur
2931 4736 3222 4791 certamine
3254 4733 3435 4798 tellus,

2250 4832 2439 4902 Fitque
2471 4832 2616 4886 lacus
2646 4831 2813 4885 instar
2839 4844 3176 4900 compressus
3208 4828 3455 4884 fluctibus
3478 4840 3588 4881 aer.

2246 4924 2355 4978 Nec
2385 4933 2559 4978 tamen
2596 4922 2679 4977 hic
2705 4922 2950 4992 lymphas
2975 4932 3177 4978 tantum
3210 4920 3394 4976 fudere
3415 4932 3680 4989 superna,

2247 5016 2555 5071 Terrestres
2582 5016 2743 5071 etiam
2771 5015 3001 5071 mundus
3028 5014 3301 5083 consurgit
3324 5013 3375 5068 in
3404 5014 3531 5068 iras.

2247 5108 2528 5179 Rumpitur
2555 5124 2713 5163 omne
2736 5109 2905 5163 solum
2925 5150 2938 5172 ,
2966 5097 3190 5162 crebros
3210 5107 3340 5160 dant
3366 5119 3491 5159 arva
3524 5111 3750 5165 meatus,

2248 5202 2538 5257 Prosiliunt
2568 5202 2741 5256 fontes
2772 5202 3053 5270 ignotaque
3083 5200 3297 5253 llnmina
3330 5207 3566 5251 manant.

2248 5298 2496 5369 Vergitur
2528 5297 2579 5352 in
2608 5312 2817 5351 sursum
2848 5304 3050 5349 mutato
3087 5293 3321 5361 pondere
3352 5290 3583 5356 nimbus,

2250 5391 2373 5447 Inde
2408 5390 2605 5445 cadens
2632 5390 2804 5454 caelis,
2837 5387 2958 5440 hinc
2990 5387 3149 5441 terris
3178 5383 3411 5454 undique
3433 5395 3677 5452 surgens,

2245 5481 2491 5539 Occurrit
2517 5495 2637 5535 mox
2670 5481 2809 5533 unda
2835 5478 2970 5544 sibi,
3002 5478 3291 5547 jnnctoqne
3319 5475 3498 5529 furore

2244 5574 2544 5643 Conjurant
2571 5574 2837 5631 elementa
2871 5572 3023 5636 neci;
3056 5570 3447 5625 transcenditur
3475 5568 3650 5623 omnis

2248 5664 2509 5736 Riparum
2539 5665 2693 5720 limes
2723 5664 2917 5729 ﬂuviis,
2950 5671 3111 5732 atque
3137 5661 3291 5716 obice
3317 5670 3467 5729 rupta

2240 5755 2406 5813 Saevit
2436 5756 2624 5811 laxatis
2649 5756 2953 5811 discurrens
2980 5754 3171 5809 humor
3199 5752 3439 5808 habenis.

2242 5846 2348 5907 Sed
2374 5863 2495 5903 cum
2520 5846 2727 5903 diffusae
2754 5846 2981 5919 spatium
3011 5844 3339 5903 concludere
3368 5853 3524 5900 terra
