  <div class='ocr_page' id='page_1' title='image "/cluster/home/n/w/nwhite01/storage/ocr_20150623/59/hvd.32044015471626/182.png"; bbox 0 0 4124 6350; ppageno 0'>
   <div class='ocr_carea' id='block_1_1' title="bbox 288 357 395 415">
    <p class='ocr_par' dir='ltr' id='par_1_1' title="bbox 288 357 395 415">
     <span class='ocr_line' id='line_1_1' title="bbox 288 357 395 415; baseline 0 -1"><span class='ocrx_word' id='word_1_1' title='bbox 288 357 395 415; x_wconf 71' lang='grc'><strong>’553</strong></span> 
     </span>
    </p>
   </div>
   <div class='ocr_carea' id='block_1_2' title="bbox 285 472 1773 551">
    <p class='ocr_par' dir='ltr' id='par_1_2' title="bbox 285 472 1773 551">
     <span class='ocr_line' id='line_1_2' title="bbox 285 472 1773 551; baseline -0.007 -13"><span class='ocrx_word' id='word_1_2' title='bbox 285 480 475 538; x_wconf 86' lang='lat' dir='ltr'><strong>Omnia</strong></span> <span class='ocrx_word' id='word_1_3' title='bbox 506 484 812 542; x_wconf 88' lang='lat' dir='ltr'><strong>certarent,</strong></span> <span class='ocrx_word' id='word_1_4' title='bbox 846 472 1205 551; x_wconf 83' lang='lat' dir='ltr'><strong>Inundumque</strong></span> <span class='ocrx_word' id='word_1_5' title='bbox 1234 473 1457 543; x_wconf 88' lang='lat' dir='ltr'><strong>implere</strong></span> <span class='ocrx_word' id='word_1_6' title='bbox 1486 488 1735 543; x_wconf 85' lang='lat' dir='ltr'><strong>capacem</strong></span> <span class='ocrx_word' id='word_1_7' title='bbox 1760 514 1773 535; x_wconf 94' lang='lat'><strong>,</strong></span> 
     </span>
    </p>
   </div>
   <div class='ocr_carea' id='block_1_3' title="bbox 288 562 1446 641">
    <p class='ocr_par' dir='ltr' id='par_1_3' title="bbox 288 562 1446 641">
     <span class='ocr_line' id='line_1_3' title="bbox 288 562 1446 641; baseline -0.01 -14"><span class='ocrx_word' id='word_1_8' title='bbox 288 570 552 641; x_wconf 83' lang='lat' dir='ltr'><strong>Suspendi</strong></span> <span class='ocrx_word' id='word_1_9' title='bbox 585 570 762 623; x_wconf 77' lang='lat' dir='ltr'><strong>forsan</strong></span> <span class='ocrx_word' id='word_1_10' title='bbox 795 564 964 635; x_wconf 90' lang='lat' dir='ltr'><strong>potuit</strong></span> <span class='ocrx_word' id='word_1_11' title='bbox 989 562 1252 618; x_wconf 91' lang='lat' dir='ltr'><strong>sententia</strong></span> <span class='ocrx_word' id='word_1_12' title='bbox 1283 562 1446 627; x_wconf 90' lang='lat' dir='ltr'><strong>lethi,</strong></span> 
     </span>
    </p>
   </div>
   <div class='ocr_carea' id='block_1_4' title="bbox 286 653 1667 732">
    <p class='ocr_par' dir='ltr' id='par_1_4' title="bbox 286 653 1667 732">
     <span class='ocr_line' id='line_1_4' title="bbox 286 653 1667 732; baseline -0.007 -16"><span class='ocrx_word' id='word_1_13' title='bbox 286 664 459 732; x_wconf 86' lang='lat' dir='ltr'><strong>Atque</strong></span> <span class='ocrx_word' id='word_1_14' title='bbox 490 676 636 715; x_wconf 89' lang='lat' dir='ltr'><strong>mora</strong></span> <span class='ocrx_word' id='word_1_15' title='bbox 666 659 867 727; x_wconf 86' lang='lat' dir='ltr'><strong>majore</strong></span> <span class='ocrx_word' id='word_1_16' title='bbox 898 656 1065 720; x_wconf 91' lang='lat' dir='ltr'><strong>trahi,</strong></span> <span class='ocrx_word' id='word_1_17' title='bbox 1088 670 1195 724; x_wconf 90' lang='lat' dir='ltr'><strong>quo</strong></span> <span class='ocrx_word' id='word_1_18' title='bbox 1226 653 1430 707; x_wconf 89' lang='lat' dir='ltr'><strong>tardius</strong></span> <span class='ocrx_word' id='word_1_19' title='bbox 1456 668 1667 707; x_wconf 89' lang='lat' dir='ltr'><strong>omnem</strong></span> 
     </span>
    </p>
   </div>
   <div class='ocr_carea' id='block_1_5' title="bbox 284 747 1695 821">
    <p class='ocr_par' dir='ltr' id='par_1_5' title="bbox 284 747 1695 821">
     <span class='ocr_line' id='line_1_5' title="bbox 284 747 1695 821; baseline -0.006 -14"><span class='ocrx_word' id='word_1_20' title='bbox 284 752 598 809; x_wconf 85' lang='lat' dir='ltr'><strong>Concedens</strong></span> <span class='ocrx_word' id='word_1_21' title='bbox 624 752 854 821; x_wconf 86' lang='lat' dir='ltr'><strong>spatium</strong></span> <span class='ocrx_word' id='word_1_22' title='bbox 887 748 1058 819; x_wconf 74' lang='lat' dir='ltr'><strong>rapiat</strong></span> <span class='ocrx_word' id='word_1_23' title='bbox 1084 762 1203 801; x_wconf 90' lang='lat' dir='ltr'><strong>sors</strong></span> <span class='ocrx_word' id='word_1_24' title='bbox 1229 747 1414 801; x_wconf 88' lang='lat' dir='ltr'><strong>ultima</strong></span> <span class='ocrx_word' id='word_1_25' title='bbox 1445 762 1695 809; x_wconf 88' lang='lat' dir='ltr'><strong>carnem;</strong></span> 
     </span>
    </p>
   </div>
   <div class='ocr_carea' id='block_1_6' title="bbox 284 841 1430 902">
    <p class='ocr_par' dir='ltr' id='par_1_6' title="bbox 284 841 1430 902">
     <span class='ocr_line' id='line_1_6' title="bbox 284 841 1430 902; baseline -0.006 0"><span class='ocrx_word' id='word_1_26' title='bbox 284 849 530 902; x_wconf 80' lang='lat' dir='ltr'><strong>Oceanus</strong></span> <span class='ocrx_word' id='word_1_27' title='bbox 556 857 737 901; x_wconf 77' lang='lat' dir='ltr'><strong>vertex</strong></span> <span class='ocrx_word' id='word_1_28' title='bbox 766 859 945 898; x_wconf 87' lang='lat' dir='ltr'><strong>rerum</strong></span> <span class='ocrx_word' id='word_1_29' title='bbox 978 842 1030 895; x_wconf 91' lang='lat' dir='ltr'><strong>ni</strong></span> <span class='ocrx_word' id='word_1_30' title='bbox 1063 841 1297 896; x_wconf 79' lang='lat' dir='ltr'><strong>fervidus</strong></span> <span class='ocrx_word' id='word_1_31' title='bbox 1324 857 1430 895; x_wconf 92' lang='lat' dir='ltr'><strong>uno</strong></span> 
     </span>
    </p>
   </div>
   <div class='ocr_carea' id='block_1_7' title="bbox 283 932 1720 1007">
    <p class='ocr_par' dir='ltr' id='par_1_7' title="bbox 283 932 1720 1007">
     <span class='ocr_line' id='line_1_7' title="bbox 283 932 1720 1007; baseline -0.003 -14"><span class='ocrx_word' id='word_1_32' title='bbox 283 938 508 1002; x_wconf 84' lang='lat' dir='ltr'><strong>Littnre,</strong></span> <span class='ocrx_word' id='word_1_33' title='bbox 533 953 638 1007; x_wconf 92' lang='lat' dir='ltr'><strong>quo</strong></span> <span class='ocrx_word' id='word_1_34' title='bbox 667 945 871 991; x_wconf 88' lang='lat' dir='ltr'><strong>tantum</strong></span> <span class='ocrx_word' id='word_1_35' title='bbox 905 945 1075 989; x_wconf 89' lang='lat' dir='ltr'><strong>terras</strong></span> <span class='ocrx_word' id='word_1_36' title='bbox 1097 945 1255 1003; x_wconf 89' lang='lat' dir='ltr'><strong>atque</strong></span> <span class='ocrx_word' id='word_1_37' title='bbox 1280 947 1493 1004; x_wconf 75' lang='lat' dir='ltr'><strong>aequora</strong></span> <span class='ocrx_word' id='word_1_38' title='bbox 1524 932 1720 1005; x_wconf 88' lang='lat' dir='ltr'><strong>cingit,</strong></span> 
     </span>
    </p>
   </div>
   <div class='ocr_carea' id='block_1_8' title="bbox 284 1026 1632 1100">
    <p class='ocr_par' dir='ltr' id='par_1_8' title="bbox 284 1026 1632 1100">
     <span class='ocr_line' id='line_1_8' title="bbox 284 1026 1632 1100; baseline -0.003 -14"><span class='ocrx_word' id='word_1_39' title='bbox 284 1032 503 1096; x_wconf 76' lang='lat' dir='ltr'><strong>Exiret,</strong></span> <span class='ocrx_word' id='word_1_40' title='bbox 535 1045 890 1100; x_wconf 88' lang='lat' dir='ltr'><strong>rmnpensque</strong></span> <span class='ocrx_word' id='word_1_41' title='bbox 921 1029 1079 1083; x_wconf 81' lang='lat' dir='ltr'><strong>fidem</strong></span> <span class='ocrx_word' id='word_1_42' title='bbox 1111 1026 1455 1097; x_wconf 79' lang='lat' dir='ltr'><strong>perfunderet</strong></span> <span class='ocrx_word' id='word_1_43' title='bbox 1484 1041 1632 1082; x_wconf 87' lang='lat' dir='ltr'><strong>arva.</strong></span> 
     </span>
    </p>
   </div>
   <div class='ocr_carea' id='block_1_9' title="bbox 284 1120 1403 1190">
    <p class='ocr_par' dir='ltr' id='par_1_9' title="bbox 284 1120 1403 1190">
     <span class='ocr_line' id='line_1_9' title="bbox 284 1120 1403 1190; baseline -0.004 -12"><span class='ocrx_word' id='word_1_44' title='bbox 284 1124 514 1190; x_wconf 78' lang='lat' dir='ltr'><strong>Dissipat</strong></span> <span class='ocrx_word' id='word_1_45' title='bbox 534 1132 763 1176; x_wconf 63' lang='lat' dir='ltr'><strong>arternas</strong></span> <span class='ocrx_word' id='word_1_46' title='bbox 794 1121 959 1190; x_wconf 82' lang='lat' dir='ltr'><strong>leges,</strong></span> <span class='ocrx_word' id='word_1_47' title='bbox 987 1131 1040 1175; x_wconf 87' lang='lat' dir='ltr'><strong>et</strong></span> <span class='ocrx_word' id='word_1_48' title='bbox 1070 1120 1194 1175; x_wconf 90' lang='lat' dir='ltr'><strong>sede</strong></span> <span class='ocrx_word' id='word_1_49' title='bbox 1218 1120 1403 1175; x_wconf 89' lang='lat' dir='ltr'><strong>relicta</strong></span> 
     </span>
    </p>
   </div>
   <div class='ocr_carea' id='block_1_10' title="bbox 282 1214 1577 1288">
    <p class='ocr_par' dir='ltr' id='par_1_10' title="bbox 282 1214 1577 1288">
     <span class='ocr_line' id='line_1_10' title="bbox 282 1214 1577 1288; baseline -0.002 -16"><span class='ocrx_word' id='word_1_50' title='bbox 282 1218 462 1288; x_wconf 81' lang='lat' dir='ltr'><strong>Regna</strong></span> <span class='ocrx_word' id='word_1_51' title='bbox 493 1218 661 1273; x_wconf 87' lang='lat' dir='ltr'><strong>aliena</strong></span> <span class='ocrx_word' id='word_1_52' title='bbox 692 1225 878 1287; x_wconf 89' lang='lat' dir='ltr'><strong>petens</strong></span> <span class='ocrx_word' id='word_1_53' title='bbox 903 1227 1108 1269; x_wconf 66' lang='lat' dir='ltr'><strong>natura:</strong></span> <span class='ocrx_word' id='word_1_54' title='bbox 1139 1214 1339 1271; x_wconf 65' lang='lat' dir='ltr'><strong>foedera</strong></span> <span class='ocrx_word' id='word_1_55' title='bbox 1372 1214 1577 1269; x_wconf 82' lang='lat' dir='ltr'><strong>turbat.</strong></span> 
     </span>
    </p>
   </div>
   <div class='ocr_carea' id='block_1_11' title="bbox 355 1307 1546 1377">
    <p class='ocr_par' dir='ltr' id='par_1_11' title="bbox 355 1307 1546 1377">
     <span class='ocr_line' id='line_1_11' title="bbox 355 1307 1546 1377; baseline -0.004 -13"><span class='ocrx_word' id='word_1_56' title='bbox 355 1310 419 1364; x_wconf 88' lang='lat' dir='ltr'><strong>Ut</strong></span> <span class='ocrx_word' id='word_1_57' title='bbox 446 1308 591 1364; x_wconf 89' lang='lat' dir='ltr'><strong>diros</strong></span> <span class='ocrx_word' id='word_1_58' title='bbox 624 1309 850 1375; x_wconf 89' lang='lat' dir='ltr'><strong>primum</strong></span> <span class='ocrx_word' id='word_1_59' title='bbox 884 1307 1053 1377; x_wconf 80' lang='lat' dir='ltr'><strong>pelagi</strong></span> <span class='ocrx_word' id='word_1_60' title='bbox 1084 1321 1305 1361; x_wconf 87' lang='lat' dir='ltr'><strong>sensere</strong></span> <span class='ocrx_word' id='word_1_61' title='bbox 1337 1307 1546 1360; x_wconf 84' lang='lat' dir='ltr'><strong>furores</strong></span> 
     </span>
    </p>
   </div>
   <div class='ocr_carea' id='block_1_12' title="bbox 281 1398 1546 1471">
    <p class='ocr_par' dir='ltr' id='par_1_12' title="bbox 281 1398 1546 1471">
     <span class='ocr_line' id='line_1_12' title="bbox 281 1398 1546 1471; baseline 0 -19"><span class='ocrx_word' id='word_1_62' title='bbox 281 1399 515 1454; x_wconf 83' lang='lat' dir='ltr'><strong>ltlu-tres</strong></span> <span class='ocrx_word' id='word_1_63' title='bbox 545 1401 719 1465; x_wconf 88' lang='lat' dir='ltr'><strong>ﬂuvii,</strong></span> <span class='ocrx_word' id='word_1_64' title='bbox 751 1414 971 1471; x_wconf 87' lang='lat' dir='ltr'><strong>magnos</strong></span> <span class='ocrx_word' id='word_1_65' title='bbox 995 1415 1129 1468; x_wconf 91' lang='lat' dir='ltr'><strong>quos</strong></span> <span class='ocrx_word' id='word_1_66' title='bbox 1161 1398 1358 1469; x_wconf 82' lang='lat' dir='ltr'><strong>inclyta</strong></span> <span class='ocrx_word' id='word_1_67' title='bbox 1384 1413 1546 1452; x_wconf 85' lang='lat' dir='ltr'><strong>cursu</strong></span> 
     </span>
    </p>
   </div>
   <div class='ocr_carea' id='block_1_13' title="bbox 279 1493 1789 1563">
    <p class='ocr_par' dir='ltr' id='par_1_13' title="bbox 279 1493 1789 1563">
     <span class='ocr_line' id='line_1_13' title="bbox 279 1493 1789 1563; baseline -0.003 -14"><span class='ocrx_word' id='word_1_68' title='bbox 279 1494 438 1549; x_wconf 82' lang='lat' dir='ltr'><strong>I-‘ama</strong></span> <span class='ocrx_word' id='word_1_69' title='bbox 470 1493 664 1562; x_wconf 87' lang='lat' dir='ltr'><strong>refert,</strong></span> <span class='ocrx_word' id='word_1_70' title='bbox 698 1504 978 1563; x_wconf 86' lang='lat' dir='ltr'><strong>motusque</strong></span> <span class='ocrx_word' id='word_1_71' title='bbox 1010 1508 1177 1547; x_wconf 87' lang='lat' dir='ltr'><strong>novos</strong></span> <span class='ocrx_word' id='word_1_72' title='bbox 1203 1503 1455 1561; x_wconf 84' lang='lat' dir='ltr'><strong>stupuere</strong></span> <span class='ocrx_word' id='word_1_73' title='bbox 1483 1505 1789 1561; x_wconf 87' lang='lat' dir='ltr'><strong>parumper,</strong></span> 
     </span>
    </p>
   </div>
   <div class='ocr_carea' id='block_1_14' title="bbox 278 1586 1681 1656">
    <p class='ocr_par' dir='ltr' id='par_1_14' title="bbox 278 1586 1681 1656">
     <span class='ocr_line' id='line_1_14' title="bbox 278 1586 1681 1656; baseline -0.001 -15"><span class='ocrx_word' id='word_1_74' title='bbox 278 1586 347 1641; x_wconf 89' lang='lat' dir='ltr'><strong>Ut</strong></span> <span class='ocrx_word' id='word_1_75' title='bbox 374 1586 567 1642; x_wconf 86' lang='lat' dir='ltr'><strong>credas</strong></span> <span class='ocrx_word' id='word_1_76' title='bbox 586 1587 833 1655; x_wconf 74' lang='lat' dir='ltr'><strong>sapuisse</strong></span> <span class='ocrx_word' id='word_1_77' title='bbox 863 1587 1036 1656; x_wconf 80' lang='lat' dir='ltr'><strong>fugam</strong></span> <span class='ocrx_word' id='word_1_78' title='bbox 1057 1626 1073 1651; x_wconf 96' lang='lat'><strong>,</strong></span> <span class='ocrx_word' id='word_1_79' title='bbox 1104 1586 1182 1640; x_wconf 89' lang='lat' dir='ltr'><strong>sic</strong></span> <span class='ocrx_word' id='word_1_80' title='bbox 1211 1600 1363 1640; x_wconf 90' lang='lat' dir='ltr'><strong>versa</strong></span> <span class='ocrx_word' id='word_1_81' title='bbox 1392 1594 1681 1640; x_wconf 88' lang='lat' dir='ltr'><strong>retrorsum</strong></span> 
     </span>
    </p>
   </div>
   <div class='ocr_carea' id='block_1_15' title="bbox 277 1672 1621 1750">
    <p class='ocr_par' dir='ltr' id='par_1_15' title="bbox 277 1672 1621 1750">
     <span class='ocr_line' id='line_1_15' title="bbox 277 1672 1621 1750; baseline -0.002 -16"><span class='ocrx_word' id='word_1_82' title='bbox 277 1680 375 1735; x_wconf 81' lang='lat' dir='ltr'><strong>I’er</strong></span> <span class='ocrx_word' id='word_1_83' title='bbox 409 1692 579 1737; x_wconf 87' lang='lat' dir='ltr'><strong>terras</strong></span> <span class='ocrx_word' id='word_1_84' title='bbox 609 1672 867 1750; x_wconf 88' lang='lat' dir='ltr'><strong>spargunt</strong></span> <span class='ocrx_word' id='word_1_85' title='bbox 896 1681 1103 1734; x_wconf 86' lang='lat' dir='ltr'><strong>sublata</strong></span> <span class='ocrx_word' id='word_1_86' title='bbox 1135 1680 1407 1734; x_wconf 86' lang='lat' dir='ltr'><strong>volumine</strong></span> <span class='ocrx_word' id='word_1_87' title='bbox 1441 1689 1621 1746; x_wconf 91' lang='lat' dir='ltr'><strong>ponto.</strong></span> 
     </span>
    </p>
   </div>
   <div class='ocr_carea' id='block_1_16' title="bbox 277 1770 1651 1842">
    <p class='ocr_par' dir='ltr' id='par_1_16' title="bbox 277 1770 1651 1842">
     <span class='ocr_line' id='line_1_16' title="bbox 277 1770 1651 1842; baseline -0.001 -17"><span class='ocrx_word' id='word_1_88' title='bbox 277 1772 580 1842; x_wconf 85' lang='lat' dir='ltr'><strong>Insequitur</strong></span> <span class='ocrx_word' id='word_1_89' title='bbox 603 1780 782 1826; x_wconf 83' lang='lat' dir='ltr'><strong>tamen</strong></span> <span class='ocrx_word' id='word_1_90' title='bbox 813 1772 1078 1835; x_wconf 86' lang='lat' dir='ltr'><strong>Oceanus,</strong></span> <span class='ocrx_word' id='word_1_91' title='bbox 1102 1771 1409 1839; x_wconf 89' lang='lat' dir='ltr'><strong>refugisque</strong></span> <span class='ocrx_word' id='word_1_92' title='bbox 1437 1770 1651 1823; x_wconf 90' lang='lat' dir='ltr'><strong>ﬂuentis</strong></span> 
     </span>
    </p>
   </div>
   <div class='ocr_carea' id='block_1_17' title="bbox 278 1859 1570 1929">
    <p class='ocr_par' dir='ltr' id='par_1_17' title="bbox 278 1859 1570 1929">
     <span class='ocr_line' id='line_1_17' title="bbox 278 1859 1570 1929; baseline -0.005 -12"><span class='ocrx_word' id='word_1_93' title='bbox 278 1863 562 1927; x_wconf 80' lang='lat' dir='ltr'><strong>Imminet,</strong></span> <span class='ocrx_word' id='word_1_94' title='bbox 588 1874 641 1917; x_wconf 90' lang='lat' dir='ltr'><strong>et</strong></span> <span class='ocrx_word' id='word_1_95' title='bbox 668 1862 827 1915; x_wconf 83' lang='lat' dir='ltr'><strong>salsis</strong></span> <span class='ocrx_word' id='word_1_96' title='bbox 856 1860 1081 1929; x_wconf 86' lang='lat' dir='ltr'><strong>impellit</strong></span> <span class='ocrx_word' id='word_1_97' title='bbox 1111 1859 1343 1913; x_wconf 86' lang='lat' dir='ltr'><strong>molibus</strong></span> <span class='ocrx_word' id='word_1_98' title='bbox 1365 1873 1570 1912; x_wconf 88' lang='lat' dir='ltr'><strong>amnes.</strong></span> 
     </span>
    </p>
   </div>
   <div class='ocr_carea' id='block_1_18' title="bbox 279 1951 1583 2025">
    <p class='ocr_par' dir='ltr' id='par_1_18' title="bbox 279 1951 1583 2025">
     <span class='ocr_line' id='line_1_18' title="bbox 279 1951 1583 2025; baseline -0.005 -14"><span class='ocrx_word' id='word_1_99' title='bbox 279 1958 432 2012; x_wconf 81' lang='lat' dir='ltr'><strong>Tunc</strong></span> <span class='ocrx_word' id='word_1_100' title='bbox 462 1956 631 2025; x_wconf 87' lang='lat' dir='ltr'><strong>major</strong></span> <span class='ocrx_word' id='word_1_101' title='bbox 656 1954 883 2023; x_wconf 85' lang='lat' dir='ltr'><strong>strepitu</strong></span> <span class='ocrx_word' id='word_1_102' title='bbox 913 1962 1057 2007; x_wconf 88' lang='lat' dir='ltr'><strong>tanto</strong></span> <span class='ocrx_word' id='word_1_103' title='bbox 1085 1952 1398 2006; x_wconf 76' lang='lat' dir='ltr'><strong>mortalibus</strong></span> <span class='ocrx_word' id='word_1_104' title='bbox 1427 1951 1583 2020; x_wconf 69' lang='lat' dir='ltr'><strong>aegris</strong></span> 
     </span>
    </p>
   </div>
   <div class='ocr_carea' id='block_1_19' title="bbox 278 2042 1701 2113">
    <p class='ocr_par' dir='ltr' id='par_1_19' title="bbox 278 2042 1701 2113">
     <span class='ocr_line' id='line_1_19' title="bbox 278 2042 1701 2113; baseline -0.007 -10"><span class='ocrx_word' id='word_1_105' title='bbox 278 2049 365 2103; x_wconf 81' lang='lat' dir='ltr'><strong>Fit</strong></span> <span class='ocrx_word' id='word_1_106' title='bbox 395 2056 589 2113; x_wconf 89' lang='lat' dir='ltr'><strong>metus,</strong></span> <span class='ocrx_word' id='word_1_107' title='bbox 615 2045 915 2101; x_wconf 80' lang='lat' dir='ltr'><strong>ascendunt</strong></span> <span class='ocrx_word' id='word_1_108' title='bbox 942 2054 1134 2108; x_wconf 82' lang='lat' dir='ltr'><strong>turres,</strong></span> <span class='ocrx_word' id='word_1_109' title='bbox 1160 2054 1212 2097; x_wconf 92' lang='lat' dir='ltr'><strong>et</strong></span> <span class='ocrx_word' id='word_1_110' title='bbox 1246 2043 1388 2097; x_wconf 88' lang='lat' dir='ltr'><strong>celsa</strong></span> <span class='ocrx_word' id='word_1_111' title='bbox 1418 2042 1701 2096; x_wconf 86' lang='lat' dir='ltr'><strong>domorum</strong></span> 
     </span>
    </p>
   </div>
   <div class='ocr_carea' id='block_1_20' title="bbox 272 2134 1758 2206">
    <p class='ocr_par' dir='ltr' id='par_1_20' title="bbox 272 2134 1758 2206">
     <span class='ocr_line' id='line_1_20' title="bbox 272 2134 1758 2206; baseline -0.005 -13"><span class='ocrx_word' id='word_1_112' title='bbox 272 2138 554 2200; x_wconf 84' lang='lat' dir='ltr'><strong>Culmina,</strong></span> <span class='ocrx_word' id='word_1_113' title='bbox 590 2147 1019 2206; x_wconf 63' lang='lat' dir='ltr'><strong>pra’sentemquc</strong></span> <span class='ocrx_word' id='word_1_114' title='bbox 1042 2134 1195 2203; x_wconf 84' lang='lat' dir='ltr'><strong>juvat</strong></span> <span class='ocrx_word' id='word_1_115' title='bbox 1222 2134 1302 2188; x_wconf 88' lang='lat' dir='ltr'><strong>vel</strong></span> <span class='ocrx_word' id='word_1_116' title='bbox 1331 2143 1567 2201; x_wconf 90' lang='lat' dir='ltr'><strong>tempore</strong></span> <span class='ocrx_word' id='word_1_117' title='bbox 1598 2149 1758 2201; x_wconf 90' lang='lat' dir='ltr'><strong>parvo</strong></span> 
     </span>
    </p>
   </div>
   <div class='ocr_carea' id='block_1_21' title="bbox 270 2225 1759 2286">
    <p class='ocr_par' dir='ltr' id='par_1_21' title="bbox 270 2225 1759 2286">
     <span class='ocr_line' id='line_1_21' title="bbox 270 2225 1759 2286; baseline -0.005 -1"><span class='ocrx_word' id='word_1_118' title='bbox 270 2231 365 2286; x_wconf 88' lang='lat' dir='ltr'><strong>Sic</strong></span> <span class='ocrx_word' id='word_1_119' title='bbox 391 2228 606 2284; x_wconf 80' lang='lat' dir='ltr'><strong>diﬂ&#39;erre</strong></span> <span class='ocrx_word' id='word_1_120' title='bbox 635 2243 821 2283; x_wconf 89' lang='lat' dir='ltr'><strong>necem</strong></span> <span class='ocrx_word' id='word_1_121' title='bbox 846 2244 859 2280; x_wconf 89' lang='lat'><strong>:</strong></span> <span class='ocrx_word' id='word_1_122' title='bbox 894 2227 1089 2280; x_wconf 85' lang='lat' dir='ltr'><strong>multos</strong></span> <span class='ocrx_word' id='word_1_123' title='bbox 1115 2225 1242 2279; x_wconf 92' lang='lat' dir='ltr'><strong>dum</strong></span> <span class='ocrx_word' id='word_1_124' title='bbox 1270 2225 1531 2279; x_wconf 85' lang='lat' dir='ltr'><strong>scandere</strong></span> <span class='ocrx_word' id='word_1_125' title='bbox 1554 2234 1759 2279; x_wconf 83' lang='lat' dir='ltr'><strong>tentant</strong></span> 
     </span>
    </p>
   </div>
   <div class='ocr_carea' id='block_1_22' title="bbox 270 2317 1770 2386">
    <p class='ocr_par' dir='ltr' id='par_1_22' title="bbox 270 2317 1770 2386">
     <span class='ocr_line' id='line_1_22' title="bbox 270 2317 1770 2386; baseline -0.004 -9"><span class='ocrx_word' id='word_1_126' title='bbox 270 2323 534 2377; x_wconf 77' lang='lat' dir='ltr'><strong>CreScens</strong></span> <span class='ocrx_word' id='word_1_127' title='bbox 562 2318 700 2373; x_wconf 84' lang='lat' dir='ltr'><strong>unda</strong></span> <span class='ocrx_word' id='word_1_128' title='bbox 738 2318 934 2382; x_wconf 89' lang='lat' dir='ltr'><strong>trahit,</strong></span> <span class='ocrx_word' id='word_1_129' title='bbox 963 2317 1221 2386; x_wconf 85' lang='lat' dir='ltr'><strong>quosdam</strong></span> <span class='ocrx_word' id='word_1_130' title='bbox 1252 2326 1501 2370; x_wconf 86' lang='lat' dir='ltr'><strong>montana</strong></span> <span class='ocrx_word' id='word_1_131' title='bbox 1530 2325 1770 2385; x_wconf 89' lang='lat' dir='ltr'><strong>petentes</strong></span> 
     </span>
    </p>
   </div>
   <div class='ocr_carea' id='block_1_23' title="bbox 269 2408 1712 2480">
    <p class='ocr_par' dir='ltr' id='par_1_23' title="bbox 269 2408 1712 2480">
     <span class='ocr_line' id='line_1_23' title="bbox 269 2408 1712 2480; baseline 0.001 -16"><span class='ocrx_word' id='word_1_132' title='bbox 269 2409 656 2480; x_wconf 81' lang='lat' dir='ltr'><strong>Consequitur,</strong></span> <span class='ocrx_word' id='word_1_133' title='bbox 685 2409 933 2479; x_wconf 87' lang='lat' dir='ltr'><strong>lethoque</strong></span> <span class='ocrx_word' id='word_1_134' title='bbox 963 2408 1138 2478; x_wconf 90' lang='lat' dir='ltr'><strong>fugam</strong></span> <span class='ocrx_word' id='word_1_135' title='bbox 1168 2408 1450 2478; x_wconf 90' lang='lat' dir='ltr'><strong>deprendit</strong></span> <span class='ocrx_word' id='word_1_136' title='bbox 1482 2411 1712 2465; x_wconf 83' lang='lat' dir='ltr'><strong>inanem.</strong></span> 
     </span>
    </p>
   </div>
   <div class='ocr_carea' id='block_1_24' title="bbox 270 2483 1642 2571">
    <p class='ocr_par' dir='ltr' id='par_1_24' title="bbox 270 2483 1642 2571">
     <span class='ocr_line' id='line_1_24' title="bbox 270 2483 1642 2571; baseline -0.006 -11"><span class='ocrx_word' id='word_1_137' title='bbox 270 2504 373 2560; x_wconf 83' lang='lat' dir='ltr'><strong>Ast</strong></span> <span class='ocrx_word' id='word_1_138' title='bbox 401 2504 491 2557; x_wconf 82' lang='lat' dir='ltr'><strong>alii</strong></span> <span class='ocrx_word' id='word_1_139' title='bbox 520 2502 678 2571; x_wconf 88' lang='lat' dir='ltr'><strong>longo</strong></span> <span class='ocrx_word' id='word_1_140' title='bbox 702 2500 969 2571; x_wconf 86' lang='lat' dir='ltr'><strong>jactantes</strong></span> <span class='ocrx_word' id='word_1_141' title='bbox 987 2504 1225 2555; x_wconf 89' lang='lat' dir='ltr'><strong>membra</strong></span> <span class='ocrx_word' id='word_1_142' title='bbox 1258 2509 1460 2568; x_wconf 82' lang='lat' dir='ltr'><strong>natatu,</strong></span> <span class='ocrx_word' id='word_1_143' title='bbox 1632 2483 1642 2495; x_wconf 71' lang='grc'><em>’</em></span> 
     </span>
    </p>
   </div>
   <div class='ocr_carea' id='block_1_25' title="bbox 268 2590 1602 2663">
    <p class='ocr_par' dir='ltr' id='par_1_25' title="bbox 268 2590 1602 2663">
     <span class='ocr_line' id='line_1_25' title="bbox 268 2590 1602 2663; baseline -0.007 -12"><span class='ocrx_word' id='word_1_144' title='bbox 268 2594 481 2651; x_wconf 82' lang='lat' dir='ltr'><strong>Defessi</strong></span> <span class='ocrx_word' id='word_1_145' title='bbox 508 2594 781 2663; x_wconf 89' lang='lat' dir='ltr'><strong>exspirant</strong></span> <span class='ocrx_word' id='word_1_146' title='bbox 806 2593 1036 2657; x_wconf 76' lang='lat' dir='ltr'><strong>animas,</strong></span> <span class='ocrx_word' id='word_1_147' title='bbox 1060 2600 1150 2646; x_wconf 90' lang='lat' dir='ltr'><strong>aut</strong></span> <span class='ocrx_word' id='word_1_148' title='bbox 1176 2592 1411 2661; x_wconf 89' lang='lat' dir='ltr'><strong>pondere</strong></span> <span class='ocrx_word' id='word_1_149' title='bbox 1441 2590 1602 2644; x_wconf 82' lang='lat' dir='ltr'><strong>nimbi</strong></span> 
     </span>
    </p>
   </div>
   <div class='ocr_carea' id='block_1_26' title="bbox 268 2683 1752 2754">
    <p class='ocr_par' dir='ltr' id='par_1_26' title="bbox 268 2683 1752 2754">
     <span class='ocr_line' id='line_1_26' title="bbox 268 2683 1752 2754; baseline -0.003 -12"><span class='ocrx_word' id='word_1_150' title='bbox 268 2687 476 2743; x_wconf 87' lang='lat' dir='ltr'><strong>Obruta</strong></span> <span class='ocrx_word' id='word_1_151' title='bbox 508 2686 789 2740; x_wconf 88' lang='lat' dir='ltr'><strong>ﬂumineas</strong></span> <span class='ocrx_word' id='word_1_152' title='bbox 808 2686 1097 2740; x_wconf 75' lang='lat' dir='ltr'><strong>commixm</strong></span> <span class='ocrx_word' id='word_1_153' title='bbox 1126 2700 1221 2754; x_wconf 89' lang='lat' dir='ltr'><strong>per</strong></span> <span class='ocrx_word' id='word_1_154' title='bbox 1255 2698 1472 2753; x_wconf 58' lang='lat' dir='ltr'><strong>a‘quora</strong></span> <span class='ocrx_word' id='word_1_155' title='bbox 1508 2683 1752 2754; x_wconf 86' lang='lat' dir='ltr'><strong>lympnas</strong></span> 
     </span>
    </p>
   </div>
   <div class='ocr_carea' id='block_1_27' title="bbox 268 2776 1677 2848">
    <p class='ocr_par' dir='ltr' id='par_1_27' title="bbox 268 2776 1677 2848">
     <span class='ocr_line' id='line_1_27' title="bbox 268 2776 1677 2848; baseline -0.004 -16"><span class='ocrx_word' id='word_1_156' title='bbox 268 2779 328 2833; x_wconf 88' lang='lat' dir='ltr'><strong>In</strong></span> <span class='ocrx_word' id='word_1_157' title='bbox 361 2792 680 2848; x_wconf 88' lang='lat' dir='ltr'><strong>quocunque</strong></span> <span class='ocrx_word' id='word_1_158' title='bbox 712 2776 897 2831; x_wconf 89' lang='lat' dir='ltr'><strong>bibunt</strong></span> <span class='ocrx_word' id='word_1_159' title='bbox 925 2776 1203 2831; x_wconf 87' lang='lat' dir='ltr'><strong>morientia</strong></span> <span class='ocrx_word' id='word_1_160' title='bbox 1228 2789 1452 2843; x_wconf 89' lang='lat' dir='ltr'><strong>corpora</strong></span> <span class='ocrx_word' id='word_1_161' title='bbox 1475 2783 1677 2829; x_wconf 85' lang='lat' dir='ltr'><strong>monte.</strong></span> 
     </span>
    </p>
   </div>
   <div class='ocr_carea' id='block_1_28' title="bbox 268 2867 1350 2938">
    <p class='ocr_par' dir='ltr' id='par_1_28' title="bbox 268 2867 1350 2938">
     <span class='ocr_line' id='line_1_28' title="bbox 268 2867 1350 2938; baseline -0.007 -11"><span class='ocrx_word' id='word_1_162' title='bbox 268 2870 509 2927; x_wconf 63' lang='lat' dir='ltr'><strong>Edibus</strong></span> <span class='ocrx_word' id='word_1_163' title='bbox 538 2868 781 2937; x_wconf 88' lang='lat' dir='ltr'><strong>impulsis</strong></span> <span class='ocrx_word' id='word_1_164' title='bbox 805 2869 893 2923; x_wconf 90' lang='lat' dir='ltr'><strong>alii</strong></span> <span class='ocrx_word' id='word_1_165' title='bbox 927 2868 1135 2938; x_wconf 90' lang='lat' dir='ltr'><strong>periere</strong></span> <span class='ocrx_word' id='word_1_166' title='bbox 1165 2867 1319 2922; x_wconf 89' lang='lat' dir='ltr'><strong>ruina</strong></span> <span class='ocrx_word' id='word_1_167' title='bbox 1338 2912 1350 2935; x_wconf 88' lang='lat'><strong>,</strong></span> 
     </span>
    </p>
   </div>
   <div class='ocr_carea' id='block_1_29' title="bbox 268 2959 1721 3034">
    <p class='ocr_par' dir='ltr' id='par_1_29' title="bbox 268 2959 1721 3034">
     <span class='ocr_line' id='line_1_29' title="bbox 268 2959 1721 3034; baseline -0.006 -14"><span class='ocrx_word' id='word_1_168' title='bbox 268 2964 443 3034; x_wconf 87' lang='lat' dir='ltr'><strong>Inque</strong></span> <span class='ocrx_word' id='word_1_169' title='bbox 474 2962 645 3017; x_wconf 88' lang='lat' dir='ltr'><strong>undas</strong></span> <span class='ocrx_word' id='word_1_170' title='bbox 670 2976 867 3016; x_wconf 90' lang='lat' dir='ltr'><strong>venere</strong></span> <span class='ocrx_word' id='word_1_171' title='bbox 888 2960 1046 3015; x_wconf 90' lang='lat' dir='ltr'><strong>simul</strong></span> <span class='ocrx_word' id='word_1_172' title='bbox 1069 2960 1379 3029; x_wconf 83' lang='lat' dir='ltr'><strong>dominique</strong></span> <span class='ocrx_word' id='word_1_173' title='bbox 1407 2959 1721 3029; x_wconf 81' lang='lat' dir='ltr'><strong>domusque.</strong></span> 
     </span>
    </p>
   </div>
   <div class='ocr_carea' id='block_1_30' title="bbox 269 3036 1610 3126">
    <p class='ocr_par' dir='ltr' id='par_1_30' title="bbox 269 3036 1610 3126">
     <span class='ocr_line' id='line_1_30' title="bbox 269 3036 1610 3126; baseline -0.004 -15"><span class='ocrx_word' id='word_1_174' title='bbox 269 3056 319 3111; x_wconf 93' lang='lat' dir='ltr'><strong>It</strong></span> <span class='ocrx_word' id='word_1_175' title='bbox 352 3056 534 3126; x_wconf 89' lang='lat' dir='ltr'><strong>fragor</strong></span> <span class='ocrx_word' id='word_1_176' title='bbox 552 3055 607 3111; x_wconf 89' lang='lat' dir='ltr'><strong>in</strong></span> <span class='ocrx_word' id='word_1_177' title='bbox 636 3056 829 3111; x_wconf 68' lang='lat' dir='ltr'><strong>caelum</strong></span> <span class='ocrx_word' id='word_1_178' title='bbox 856 3036 1032 3109; x_wconf 82' lang='lat' dir='ltr'><strong>sonitu</strong></span> <span class='ocrx_word' id='word_1_179' title='bbox 1063 3054 1318 3108; x_wconf 89' lang='lat' dir='ltr'><strong>collectus</strong></span> <span class='ocrx_word' id='word_1_180' title='bbox 1342 3053 1409 3106; x_wconf 87' lang='lat' dir='ltr'><strong>ab</strong></span> <span class='ocrx_word' id='word_1_181' title='bbox 1435 3052 1610 3117; x_wconf 90' lang='lat' dir='ltr'><strong>omni,</strong></span> 
     </span>
    </p>
   </div>
   <div class='ocr_carea' id='block_1_31' title="bbox 266 3143 1859 3216">
    <p class='ocr_par' dir='ltr' id='par_1_31' title="bbox 266 3143 1859 3216">
     <span class='ocr_line' id='line_1_31' title="bbox 266 3143 1859 3216; baseline -0.002 -13"><span class='ocrx_word' id='word_1_182' title='bbox 266 3146 799 3216; x_wconf 82' lang='lat' dir='ltr'><strong>Quadrupedumque</strong></span> <span class='ocrx_word' id='word_1_183' title='bbox 819 3159 1010 3215; x_wconf 86' lang='lat' dir='ltr'><strong>greges</strong></span> <span class='ocrx_word' id='word_1_184' title='bbox 1032 3146 1260 3198; x_wconf 87' lang='lat' dir='ltr'><strong>humana</strong></span> <span class='ocrx_word' id='word_1_185' title='bbox 1284 3145 1337 3197; x_wconf 90' lang='lat' dir='ltr'><strong>in</strong></span> <span class='ocrx_word' id='word_1_186' title='bbox 1362 3153 1533 3197; x_wconf 87' lang='lat' dir='ltr'><strong>morte</strong></span> <span class='ocrx_word' id='word_1_187' title='bbox 1553 3143 1859 3215; x_wconf 74' lang='lat' dir='ltr'><strong>cadentum,</strong></span> 
     </span>
    </p>
   </div>
   <div class='ocr_carea' id='block_1_32' title="bbox 266 3238 1518 3311">
    <p class='ocr_par' dir='ltr' id='par_1_32' title="bbox 266 3238 1518 3311">
     <span class='ocr_line' id='line_1_32' title="bbox 266 3238 1518 3311; baseline -0.003 -15"><span class='ocrx_word' id='word_1_188' title='bbox 266 3246 491 3311; x_wconf 86' lang='lat' dir='ltr'><strong>Augent</strong></span> <span class='ocrx_word' id='word_1_189' title='bbox 517 3240 767 3294; x_wconf 87' lang='lat' dir='ltr'><strong>confusos</strong></span> <span class='ocrx_word' id='word_1_190' title='bbox 792 3239 1055 3308; x_wconf 78' lang='lat' dir='ltr'><strong>permixta</strong></span> <span class='ocrx_word' id='word_1_191' title='bbox 1086 3250 1217 3293; x_wconf 85' lang='lat' dir='ltr'><strong>voce</strong></span> <span class='ocrx_word' id='word_1_192' title='bbox 1241 3238 1518 3293; x_wconf 88' lang='lat' dir='ltr'><strong>tumultus.</strong></span> 
     </span>
    </p>
   </div>
   <div class='ocr_carea' id='block_1_33' title="bbox 267 3331 1515 3409">
    <p class='ocr_par' dir='ltr' id='par_1_33' title="bbox 267 3331 1515 3409">
     <span class='ocr_line' id='line_1_33' title="bbox 267 3331 1515 3409; baseline -0.002 -19"><span class='ocrx_word' id='word_1_193' title='bbox 267 3335 406 3390; x_wconf 68' lang='lat' dir='ltr'><strong>llaec</strong></span> <span class='ocrx_word' id='word_1_194' title='bbox 426 3336 567 3388; x_wconf 84' lang='lat' dir='ltr'><strong>inter</strong></span> <span class='ocrx_word' id='word_1_195' title='bbox 593 3333 772 3389; x_wconf 84' lang='lat' dir='ltr'><strong>miseri</strong></span> <span class='ocrx_word' id='word_1_196' title='bbox 794 3331 1059 3391; x_wconf 71' lang='lat' dir='ltr'><strong>ferventia</strong></span> <span class='ocrx_word' id='word_1_197' title='bbox 1094 3334 1280 3388; x_wconf 87' lang='lat' dir='ltr'><strong>funera</strong></span> <span class='ocrx_word' id='word_1_198' title='bbox 1310 3332 1515 3409; x_wconf 40' lang='lat' dir='ltr'><strong>tri-undi,</strong></span> 
     </span>
    </p>
   </div>
   <div class='ocr_carea' id='block_1_34' title="bbox 266 3424 1501 3499">
    <p class='ocr_par' dir='ltr' id='par_1_34' title="bbox 266 3424 1501 3499">
     <span class='ocr_line' id='line_1_34' title="bbox 266 3424 1501 3499; baseline -0.001 -17"><span class='ocrx_word' id='word_1_199' title='bbox 266 3424 577 3499; x_wconf 72' lang='lat' dir='ltr'><strong>Prmgravis</strong></span> <span class='ocrx_word' id='word_1_200' title='bbox 606 3428 812 3483; x_wconf 88' lang='lat' dir='ltr'><strong>insanis</strong></span> <span class='ocrx_word' id='word_1_201' title='bbox 837 3428 1076 3498; x_wconf 89' lang='lat' dir='ltr'><strong>pulsatur</strong></span> <span class='ocrx_word' id='word_1_202' title='bbox 1106 3427 1337 3482; x_wconf 84' lang='lat' dir='ltr'><strong>motibus</strong></span> <span class='ocrx_word' id='word_1_203' title='bbox 1358 3441 1501 3493; x_wconf 87' lang='lat' dir='ltr'><strong>arca,</strong></span> 
     </span>
    </p>
   </div>
   <div class='ocr_carea' id='block_1_35' title="bbox 266 3518 1752 3591">
    <p class='ocr_par' dir='ltr' id='par_1_35' title="bbox 266 3518 1752 3591">
     <span class='ocr_line' id='line_1_35' title="bbox 266 3518 1752 3591; baseline 0 -16"><span class='ocrx_word' id='word_1_204' title='bbox 266 3522 682 3591; x_wconf 88' lang='lat' dir='ltr'><strong>Compagesque</strong></span> <span class='ocrx_word' id='word_1_205' title='bbox 714 3529 967 3585; x_wconf 89' lang='lat' dir='ltr'><strong>tremunt,</strong></span> <span class='ocrx_word' id='word_1_206' title='bbox 997 3518 1497 3589; x_wconf 90' lang='lat' dir='ltr'><strong>stridensjunctura</strong></span> <span class='ocrx_word' id='word_1_207' title='bbox 1527 3518 1752 3576; x_wconf 84' lang='lat' dir='ltr'><strong>laborat.</strong></span> 
     </span>
    </p>
   </div>
   <div class='ocr_carea' id='block_1_36' title="bbox 268 3610 1863 3682">
    <p class='ocr_par' dir='ltr' id='par_1_36' title="bbox 268 3610 1863 3682">
     <span class='ocr_line' id='line_1_36' title="bbox 268 3610 1863 3682; baseline -0.003 -12"><span class='ocrx_word' id='word_1_208' title='bbox 268 3614 393 3670; x_wconf 81' lang='lat' dir='ltr'><strong>Non</strong></span> <span class='ocrx_word' id='word_1_209' title='bbox 423 3623 599 3668; x_wconf 91' lang='lat' dir='ltr'><strong>tamen</strong></span> <span class='ocrx_word' id='word_1_210' title='bbox 638 3613 966 3668; x_wconf 73' lang='lat' dir='ltr'><strong>obstructum</strong></span> <span class='ocrx_word' id='word_1_211' title='bbox 999 3620 1242 3682; x_wconf 87' lang='lat' dir='ltr'><strong>penetrat</strong></span> <span class='ocrx_word' id='word_1_212' title='bbox 1273 3611 1355 3667; x_wconf 90' lang='lat' dir='ltr'><strong>vis</strong></span> <span class='ocrx_word' id='word_1_213' title='bbox 1382 3610 1624 3682; x_wconf 88' lang='lat' dir='ltr'><strong>improba</strong></span> <span class='ocrx_word' id='word_1_214' title='bbox 1648 3653 1662 3677; x_wconf 96' lang='lat'><strong>,</strong></span> <span class='ocrx_word' id='word_1_215' title='bbox 1695 3624 1863 3680; x_wconf 81' lang='lat' dir='ltr'><strong>quan-</strong></span> 
     </span>
    </p>
   </div>
   <div class='ocr_carea' id='block_1_37' title="bbox 1614 3703 1791 3775">
    <p class='ocr_par' dir='ltr' id='par_1_37' title="bbox 1614 3703 1791 3775">
     <span class='ocr_line' id='line_1_37' title="bbox 1614 3703 1791 3775; baseline 0.011 -18"><span class='ocrx_word' id='word_1_216' title='bbox 1614 3703 1791 3775; x_wconf 67' lang='lat' dir='ltr'><strong>{quam</strong></span> 
     </span>
    </p>
   </div>
   <div class='ocr_carea' id='block_1_38' title="bbox 268 3798 1572 3869">
    <p class='ocr_par' dir='ltr' id='par_1_38' title="bbox 268 3798 1572 3869">
     <span class='ocr_line' id='line_1_38' title="bbox 268 3798 1572 3869; baseline -0.001 -17"><span class='ocrx_word' id='word_1_217' title='bbox 268 3798 564 3864; x_wconf 59' lang='lat' dir='ltr'><strong>\‘crbvrct,</strong></span> <span class='ocrx_word' id='word_1_218' title='bbox 597 3809 652 3853; x_wconf 91' lang='lat' dir='ltr'><strong>et</strong></span> <span class='ocrx_word' id='word_1_219' title='bbox 678 3799 901 3853; x_wconf 87' lang='lat' dir='ltr'><strong>solidam</strong></span> <span class='ocrx_word' id='word_1_220' title='bbox 928 3800 1090 3854; x_wconf 88' lang='lat' dir='ltr'><strong>ﬂuctu</strong></span> <span class='ocrx_word' id='word_1_221' title='bbox 1119 3799 1343 3854; x_wconf 87' lang='lat' dir='ltr'><strong>feriente</strong></span> <span class='ocrx_word' id='word_1_222' title='bbox 1372 3799 1572 3869; x_wconf 87' lang='lat' dir='ltr'><strong>fatiget.</strong></span> 
     </span>
    </p>
   </div>
   <div class='ocr_carea' id='block_1_39' title="bbox 342 3894 1614 3962">
    <p class='ocr_par' dir='ltr' id='par_1_39' title="bbox 342 3894 1614 3962">
     <span class='ocr_line' id='line_1_39' title="bbox 342 3894 1614 3962; baseline -0.003 -9"><span class='ocrx_word' id='word_1_223' title='bbox 342 3896 465 3953; x_wconf 82' lang='lat' dir='ltr'><strong>Non</strong></span> <span class='ocrx_word' id='word_1_224' title='bbox 492 3895 651 3949; x_wconf 83' lang='lat' dir='ltr'><strong>aliter</strong></span> <span class='ocrx_word' id='word_1_225' title='bbox 679 3895 894 3950; x_wconf 74' lang='lat' dir='ltr'><strong>crebras</strong></span> <span class='ocrx_word' id='word_1_226' title='bbox 924 3894 1161 3950; x_wconf 75' lang='lat' dir='ltr'><strong>Ecclesia</strong></span> <span class='ocrx_word' id='word_1_227' title='bbox 1194 3910 1317 3947; x_wconf 77' lang='lat' dir='ltr'><strong>vera</strong></span> <span class='ocrx_word' id='word_1_228' title='bbox 1351 3895 1614 3962; x_wconf 82' lang='lat' dir='ltr'><strong>procellas</strong></span> 
     </span>
    </p>
   </div>
   <div class='ocr_carea' id='block_1_40' title="bbox 267 3986 1615 4051">
    <p class='ocr_par' dir='ltr' id='par_1_40' title="bbox 267 3986 1615 4051">
     <span class='ocr_line' id='line_1_40' title="bbox 267 3986 1615 4051; baseline -0.004 -8"><span class='ocrx_word' id='word_1_229' title='bbox 267 3990 539 4051; x_wconf 87' lang='lat' dir='ltr'><strong>Sustinet,</strong></span> <span class='ocrx_word' id='word_1_230' title='bbox 567 3996 620 4041; x_wconf 90' lang='lat' dir='ltr'><strong>ct</strong></span> <span class='ocrx_word' id='word_1_231' title='bbox 643 3987 800 4041; x_wconf 70' lang='lat' dir='ltr'><strong>smvis</strong></span> <span class='ocrx_word' id='word_1_232' title='bbox 827 3988 904 4041; x_wconf 89' lang='lat' dir='ltr'><strong>sic</strong></span> <span class='ocrx_word' id='word_1_233' title='bbox 933 4003 1071 4041; x_wconf 85' lang='lat' dir='ltr'><strong>nunc</strong></span> <span class='ocrx_word' id='word_1_234' title='bbox 1098 3994 1321 4041; x_wconf 74' lang='lat' dir='ltr'><strong>vexatur</strong></span> <span class='ocrx_word' id='word_1_235' title='bbox 1344 3986 1410 4041; x_wconf 87' lang='lat' dir='ltr'><strong>ab</strong></span> <span class='ocrx_word' id='word_1_236' title='bbox 1440 3986 1615 4041; x_wconf 90' lang='lat' dir='ltr'><strong>undis.</strong></span> 
     </span>
    </p>
   </div>
   <div class='ocr_carea' id='block_1_41' title="bbox 266 4079 1639 4151">
    <p class='ocr_par' dir='ltr' id='par_1_41' title="bbox 266 4079 1639 4151">
     <span class='ocr_line' id='line_1_41' title="bbox 266 4079 1639 4151; baseline -0.004 -15"><span class='ocrx_word' id='word_1_237' title='bbox 266 4081 411 4136; x_wconf 80' lang='lat' dir='ltr'><strong>IIinc</strong></span> <span class='ocrx_word' id='word_1_238' title='bbox 442 4082 661 4151; x_wconf 76' lang='lat' dir='ltr'><strong>gentilis</strong></span> <span class='ocrx_word' id='word_1_239' title='bbox 689 4082 797 4149; x_wconf 88' lang='lat' dir='ltr'><strong>agit</strong></span> <span class='ocrx_word' id='word_1_240' title='bbox 828 4079 1058 4133; x_wconf 87' lang='lat' dir='ltr'><strong>tumidos</strong></span> <span class='ocrx_word' id='word_1_241' title='bbox 1088 4081 1205 4133; x_wconf 86' lang='lat' dir='ltr'><strong>sine</strong></span> <span class='ocrx_word' id='word_1_242' title='bbox 1232 4094 1383 4133; x_wconf 92' lang='lat' dir='ltr'><strong>more</strong></span> <span class='ocrx_word' id='word_1_243' title='bbox 1411 4080 1639 4144; x_wconf 86' lang='lat' dir='ltr'><strong>furores,</strong></span> 
     </span>
    </p>
   </div>
   <div class='ocr_carea' id='block_1_42' title="bbox 266 4170 1573 4240">
    <p class='ocr_par' dir='ltr' id='par_1_42' title="bbox 266 4170 1573 4240">
     <span class='ocr_line' id='line_1_42' title="bbox 266 4170 1573 4240; baseline -0.002 -12"><span class='ocrx_word' id='word_1_244' title='bbox 266 4173 411 4228; x_wconf 90' lang='lat' dir='ltr'><strong>IIinc</strong></span> <span class='ocrx_word' id='word_1_245' title='bbox 450 4173 635 4228; x_wconf 67' lang='lat' dir='ltr'><strong>Juda&#39;a</strong></span> <span class='ocrx_word' id='word_1_246' title='bbox 666 4172 865 4237; x_wconf 84' lang='lat' dir='ltr'><strong>fremit,</strong></span> <span class='ocrx_word' id='word_1_247' title='bbox 895 4170 1186 4240; x_wconf 83' lang='lat' dir='ltr'><strong>rabidoque</strong></span> <span class='ocrx_word' id='word_1_248' title='bbox 1208 4170 1428 4224; x_wconf 83' lang='lat' dir='ltr'><strong>illiditur</strong></span> <span class='ocrx_word' id='word_1_249' title='bbox 1457 4185 1573 4235; x_wconf 87' lang='lat' dir='ltr'><strong>ore,</strong></span> 
     </span>
    </p>
   </div>
   <div class='ocr_carea' id='block_1_43' title="bbox 266 4260 1785 4333">
    <p class='ocr_par' dir='ltr' id='par_1_43' title="bbox 266 4260 1785 4333">
     <span class='ocr_line' id='line_1_43' title="bbox 266 4260 1785 4333; baseline -0.001 -14"><span class='ocrx_word' id='word_1_250' title='bbox 266 4262 542 4321; x_wconf 80' lang='lat' dir='ltr'><strong>Provocat</strong></span> <span class='ocrx_word' id='word_1_251' title='bbox 572 4265 694 4319; x_wconf 89' lang='lat' dir='ltr'><strong>inde</strong></span> <span class='ocrx_word' id='word_1_252' title='bbox 715 4264 897 4318; x_wconf 86' lang='lat' dir='ltr'><strong>furens</strong></span> <span class='ocrx_word' id='word_1_253' title='bbox 928 4262 1191 4317; x_wconf 65' lang='lat' dir='ltr'><strong>haeresum</strong></span> <span class='ocrx_word' id='word_1_254' title='bbox 1226 4277 1420 4316; x_wconf 83' lang='lat' dir='ltr'><strong>vesana</strong></span> <span class='ocrx_word' id='word_1_255' title='bbox 1449 4260 1785 4333; x_wconf 81' lang='lat' dir='ltr'><strong>Charybdis;</strong></span> 
     </span>
    </p>
   </div>
   <div class='ocr_carea' id='block_1_44' title="bbox 264 4354 1601 4428">
    <p class='ocr_par' dir='ltr' id='par_1_44' title="bbox 264 4354 1601 4428">
     <span class='ocr_line' id='line_1_44' title="bbox 264 4354 1601 4428; baseline -0.002 -17"><span class='ocrx_word' id='word_1_256' title='bbox 264 4357 510 4428; x_wconf 88' lang='lat' dir='ltr'><strong>Turgida</strong></span> <span class='ocrx_word' id='word_1_257' title='bbox 541 4356 824 4411; x_wconf 87' lang='lat' dir='ltr'><strong>Graiorum</strong></span> <span class='ocrx_word' id='word_1_258' title='bbox 853 4356 1110 4423; x_wconf 83' lang='lat' dir='ltr'><strong>sapientia</strong></span> <span class='ocrx_word' id='word_1_259' title='bbox 1139 4354 1601 4424; x_wconf 79' lang='lat' dir='ltr'><strong>pliilosOphorum,</strong></span> 
     </span>
    </p>
   </div>
   <div class='ocr_carea' id='block_1_45' title="bbox 264 4447 1597 4519">
    <p class='ocr_par' dir='ltr' id='par_1_45' title="bbox 264 4447 1597 4519">
     <span class='ocr_line' id='line_1_45' title="bbox 264 4447 1597 4519; baseline -0.003 -13"><span class='ocrx_word' id='word_1_260' title='bbox 264 4452 421 4506; x_wconf 87' lang='lat' dir='ltr'><strong>Inter</strong></span> <span class='ocrx_word' id='word_1_261' title='bbox 452 4464 512 4505; x_wconf 91' lang='lat' dir='ltr'><strong>se</strong></span> <span class='ocrx_word' id='word_1_262' title='bbox 540 4448 772 4504; x_wconf 82' lang='lat' dir='ltr'><strong>tumidos</strong></span> <span class='ocrx_word' id='word_1_263' title='bbox 801 4447 997 4519; x_wconf 89' lang='lat' dir='ltr'><strong>gaudet</strong></span> <span class='ocrx_word' id='word_1_264' title='bbox 1026 4448 1361 4502; x_wconf 86' lang='lat' dir='ltr'><strong>committere</strong></span> <span class='ocrx_word' id='word_1_265' title='bbox 1388 4448 1597 4502; x_wconf 88' lang='lat' dir='ltr'><strong>ﬂuctus.</strong></span> 
     </span>
    </p>
   </div>
   <div class='ocr_carea' id='block_1_46' title="bbox 263 4538 1534 4619">
    <p class='ocr_par' dir='ltr' id='par_1_46' title="bbox 263 4538 1534 4619">
     <span class='ocr_line' id='line_1_46' title="bbox 263 4538 1534 4619; baseline -0.002 -21"><span class='ocrx_word' id='word_1_266' title='bbox 263 4544 553 4614; x_wconf 88' lang='lat' dir='ltr'><strong>Ubloquiis</strong></span> <span class='ocrx_word' id='word_1_267' title='bbox 585 4556 748 4596; x_wconf 85' lang='lat' dir='ltr'><strong>vanos</strong></span> <span class='ocrx_word' id='word_1_268' title='bbox 776 4542 991 4619; x_wconf 85' lang='lat' dir='ltr'><strong>sufﬂant</strong></span> <span class='ocrx_word' id='word_1_269' title='bbox 1022 4538 1295 4595; x_wconf 83' lang='lat' dir='ltr'><strong>mendacia</strong></span> <span class='ocrx_word' id='word_1_270' title='bbox 1328 4550 1534 4607; x_wconf 81' lang='lat' dir='ltr'><strong>ventos,</strong></span> 
     </span>
    </p>
   </div>
   <div class='ocr_carea' id='block_1_47' title="bbox 261 4635 1561 4705">
    <p class='ocr_par' dir='ltr' id='par_1_47' title="bbox 261 4635 1561 4705">
     <span class='ocr_line' id='line_1_47' title="bbox 261 4635 1561 4705; baseline -0.005 -10"><span class='ocrx_word' id='word_1_271' title='bbox 261 4638 378 4695; x_wconf 89' lang='lat' dir='ltr'><strong>Sed</strong></span> <span class='ocrx_word' id='word_1_272' title='bbox 412 4639 649 4693; x_wconf 77' lang='lat' dir='ltr'><strong>clausam</strong></span> <span class='ocrx_word' id='word_1_273' title='bbox 672 4650 838 4690; x_wconf 80' lang='lat' dir='ltr'><strong>vacuo</strong></span> <span class='ocrx_word' id='word_1_274' title='bbox 865 4635 1077 4704; x_wconf 86' lang='lat' dir='ltr'><strong>pulsant</strong></span> <span class='ocrx_word' id='word_1_275' title='bbox 1103 4636 1321 4705; x_wconf 90' lang='lat' dir='ltr'><strong>impune</strong></span> <span class='ocrx_word' id='word_1_276' title='bbox 1350 4635 1561 4690; x_wconf 89' lang='lat' dir='ltr'><strong>latratu.</strong></span> 
     </span>
    </p>
   </div>
   <div class='ocr_carea' id='block_1_48' title="bbox 336 4730 1713 4799">
    <p class='ocr_par' dir='ltr' id='par_1_48' title="bbox 336 4730 1713 4799">
     <span class='ocr_line' id='line_1_48' title="bbox 336 4730 1713 4799; baseline -0.002 -13"><span class='ocrx_word' id='word_1_277' title='bbox 336 4733 465 4787; x_wconf 87' lang='lat' dir='ltr'><strong>.Iam</strong></span> <span class='ocrx_word' id='word_1_278' title='bbox 490 4730 723 4786; x_wconf 87' lang='lat' dir='ltr'><strong>medium</strong></span> <span class='ocrx_word' id='word_1_279' title='bbox 753 4745 1001 4784; x_wconf 83' lang='lat' dir='ltr'><strong>crescens</strong></span> <span class='ocrx_word' id='word_1_280' title='bbox 1032 4732 1185 4784; x_wconf 75' lang='lat' dir='ltr'><strong>Area:</strong></span> <span class='ocrx_word' id='word_1_281' title='bbox 1216 4739 1530 4784; x_wconf 79' lang='lat' dir='ltr'><strong>contexerat</strong></span> <span class='ocrx_word' id='word_1_282' title='bbox 1553 4730 1713 4799; x_wconf 89' lang='lat' dir='ltr'><strong>unda,</strong></span> 
     </span>
    </p>
   </div>
   <div class='ocr_carea' id='block_1_49' title="bbox 259 4822 1749 4894">
    <p class='ocr_par' dir='ltr' id='par_1_49' title="bbox 259 4822 1749 4894">
     <span class='ocr_line' id='line_1_49' title="bbox 259 4822 1749 4894; baseline -0.003 -12"><span class='ocrx_word' id='word_1_283' title='bbox 259 4825 687 4894; x_wconf 77' lang='lat' dir='ltr'><strong>Corinnovitque</strong></span> <span class='ocrx_word' id='word_1_284' title='bbox 707 4838 890 4878; x_wconf 86' lang='lat' dir='ltr'><strong>cavam</strong></span> <span class='ocrx_word' id='word_1_285' title='bbox 918 4822 1253 4894; x_wconf 84' lang='lat' dir='ltr'><strong>suspendens</strong></span> <span class='ocrx_word' id='word_1_286' title='bbox 1274 4822 1507 4893; x_wconf 78' lang='lat' dir='ltr'><strong>undique</strong></span> <span class='ocrx_word' id='word_1_287' title='bbox 1536 4825 1749 4880; x_wconf 88' lang='lat' dir='ltr'><strong>molem.</strong></span> 
     </span>
    </p>
   </div>
   <div class='ocr_carea' id='block_1_50' title="bbox 258 4915 1439 4985">
    <p class='ocr_par' dir='ltr' id='par_1_50' title="bbox 258 4915 1439 4985">
     <span class='ocr_line' id='line_1_50' title="bbox 258 4915 1439 4985; baseline -0.003 -10"><span class='ocrx_word' id='word_1_288' title='bbox 258 4922 336 4975; x_wconf 80' lang='lat' dir='ltr'><strong>Et</strong></span> <span class='ocrx_word' id='word_1_289' title='bbox 368 4919 571 4974; x_wconf 87' lang='lat' dir='ltr'><strong>melius</strong></span> <span class='ocrx_word' id='word_1_290' title='bbox 597 4926 765 4971; x_wconf 86' lang='lat' dir='ltr'><strong>tutam</strong></span> <span class='ocrx_word' id='word_1_291' title='bbox 794 4915 935 4970; x_wconf 88' lang='lat' dir='ltr'><strong>facili</strong></span> <span class='ocrx_word' id='word_1_292' title='bbox 966 4925 1209 4985; x_wconf 86' lang='lat' dir='ltr'><strong>portante</strong></span> <span class='ocrx_word' id='word_1_293' title='bbox 1236 4924 1439 4983; x_wconf 89' lang='lat' dir='ltr'><strong>natatu,</strong></span> 
     </span>
    </p>
   </div>
   <div class='ocr_carea' id='block_1_51' title="bbox 258 5006 1849 5080">
    <p class='ocr_par' dir='ltr' id='par_1_51' title="bbox 258 5006 1849 5080">
     <span class='ocr_line' id='line_1_51' title="bbox 258 5006 1849 5080; baseline -0.002 -16"><span class='ocrx_word' id='word_1_294' title='bbox 258 5014 504 5080; x_wconf 87' lang='lat' dir='ltr'><strong>Quoque</strong></span> <span class='ocrx_word' id='word_1_295' title='bbox 533 5018 725 5063; x_wconf 89' lang='lat' dir='ltr'><strong>vocant</strong></span> <span class='ocrx_word' id='word_1_296' title='bbox 748 5009 902 5061; x_wconf 80' lang='lat' dir='ltr'><strong>undae</strong></span> <span class='ocrx_word' id='word_1_297' title='bbox 921 5048 935 5071; x_wconf 92' lang='lat'><strong>,</strong></span> <span class='ocrx_word' id='word_1_298' title='bbox 965 5008 1204 5076; x_wconf 86' lang='lat' dir='ltr'><strong>sequitur</strong></span> <span class='ocrx_word' id='word_1_299' title='bbox 1227 5008 1336 5076; x_wconf 89' lang='lat' dir='ltr'><strong>jam</strong></span> <span class='ocrx_word' id='word_1_300' title='bbox 1367 5006 1563 5062; x_wconf 90' lang='lat' dir='ltr'><strong>mobile</strong></span> <span class='ocrx_word' id='word_1_301' title='bbox 1594 5008 1849 5078; x_wconf 54' lang='lat' dir='ltr'><strong>pondusu</strong></span> 
     </span>
    </p>
   </div>
   <div class='ocr_carea' id='block_1_52' title="bbox 255 5099 1760 5166">
    <p class='ocr_par' dir='ltr' id='par_1_52' title="bbox 255 5099 1760 5166">
     <span class='ocr_line' id='line_1_52' title="bbox 255 5099 1760 5166; baseline -0.004 -6"><span class='ocrx_word' id='word_1_302' title='bbox 255 5104 550 5160; x_wconf 81' lang='lat' dir='ltr'><strong>Cedamus</strong></span> <span class='ocrx_word' id='word_1_303' title='bbox 580 5102 801 5166; x_wconf 90' lang='lat' dir='ltr'><strong>mundo,</strong></span> <span class='ocrx_word' id='word_1_304' title='bbox 832 5100 960 5155; x_wconf 91' lang='lat' dir='ltr'><strong>dum</strong></span> <span class='ocrx_word' id='word_1_305' title='bbox 988 5099 1231 5154; x_wconf 89' lang='lat' dir='ltr'><strong>ducimur</strong></span> <span class='ocrx_word' id='word_1_306' title='bbox 1255 5116 1268 5151; x_wconf 86' lang='lat'><strong>:</strong></span> <span class='ocrx_word' id='word_1_307' title='bbox 1294 5114 1452 5155; x_wconf 90' lang='lat' dir='ltr'><strong>omne</strong></span> <span class='ocrx_word' id='word_1_308' title='bbox 1480 5100 1760 5165; x_wconf 87' lang='lat' dir='ltr'><strong>resistens,</strong></span> 
     </span>
    </p>
   </div>
   <div class='ocr_carea' id='block_1_53' title="bbox 254 5190 1554 5262">
    <p class='ocr_par' dir='ltr' id='par_1_53' title="bbox 254 5190 1554 5262">
     <span class='ocr_line' id='line_1_53' title="bbox 254 5190 1554 5262; baseline -0.006 -7"><span class='ocrx_word' id='word_1_309' title='bbox 254 5199 322 5256; x_wconf 83' lang='lat' dir='ltr'><strong>Si</strong></span> <span class='ocrx_word' id='word_1_310' title='bbox 347 5198 502 5253; x_wconf 85' lang='lat' dir='ltr'><strong>ﬂecti</strong></span> <span class='ocrx_word' id='word_1_311' title='bbox 530 5196 721 5260; x_wconf 63' lang='lat' dir='ltr'><strong>nesnit,</strong></span> <span class='ocrx_word' id='word_1_312' title='bbox 755 5203 955 5248; x_wconf 89' lang='lat' dir='ltr'><strong>metuat</strong></span> <span class='ocrx_word' id='word_1_313' title='bbox 978 5192 1062 5246; x_wconf 87' lang='lat' dir='ltr'><strong>vel</strong></span> <span class='ocrx_word' id='word_1_314' title='bbox 1093 5191 1330 5261; x_wconf 90' lang='lat' dir='ltr'><strong>pondere</strong></span> <span class='ocrx_word' id='word_1_315' title='bbox 1360 5190 1554 5262; x_wconf 88' lang='lat' dir='ltr'><strong>frangi.</strong></span> 
     </span>
    </p>
   </div>
   <div class='ocr_carea' id='block_1_54' title="bbox 253 5285 1515 5352">
    <p class='ocr_par' dir='ltr' id='par_1_54' title="bbox 253 5285 1515 5352">
     <span class='ocr_line' id='line_1_54' title="bbox 253 5285 1515 5352; baseline -0.007 -5"><span class='ocrx_word' id='word_1_316' title='bbox 253 5293 379 5349; x_wconf 76' lang='lat' dir='ltr'><strong>Sed</strong></span> <span class='ocrx_word' id='word_1_317' title='bbox 420 5291 468 5345; x_wconf 80' lang='lat' dir='ltr'><strong>si</strong></span> <span class='ocrx_word' id='word_1_318' title='bbox 498 5289 771 5352; x_wconf 84' lang='lat' dir='ltr'><strong>cedamus,</strong></span> <span class='ocrx_word' id='word_1_319' title='bbox 802 5287 1000 5341; x_wconf 77' lang='lat' dir='ltr'><strong>ﬂuxum</strong></span> <span class='ocrx_word' id='word_1_320' title='bbox 1033 5300 1101 5338; x_wconf 90' lang='lat' dir='ltr'><strong>ne</strong></span> <span class='ocrx_word' id='word_1_321' title='bbox 1126 5285 1324 5339; x_wconf 88' lang='lat' dir='ltr'><strong>sentiat</strong></span> <span class='ocrx_word' id='word_1_322' title='bbox 1352 5285 1515 5352; x_wconf 92' lang='lat' dir='ltr'><strong>intus,</strong></span> 
     </span>
    </p>
   </div>
   <div class='ocr_carea' id='block_1_55' title="bbox 254 5378 1679 5453">
    <p class='ocr_par' dir='ltr' id='par_1_55' title="bbox 254 5378 1679 5453">
     <span class='ocr_line' id='line_1_55' title="bbox 254 5378 1679 5453; baseline -0.007 -11"><span class='ocrx_word' id='word_1_323' title='bbox 254 5388 637 5441; x_wconf 79' lang='lat' dir='ltr'><strong>Peccatumve</strong></span> <span class='ocrx_word' id='word_1_324' title='bbox 663 5380 837 5436; x_wconf 89' lang='lat' dir='ltr'><strong>trahat</strong></span> <span class='ocrx_word' id='word_1_325' title='bbox 865 5393 1015 5433; x_wconf 89' lang='lat' dir='ltr'><strong>mens</strong></span> <span class='ocrx_word' id='word_1_326' title='bbox 1046 5378 1465 5453; x_wconf 77' lang='lat' dir='ltr'><strong>impenetrabilis</strong></span> <span class='ocrx_word' id='word_1_327' title='bbox 1491 5378 1679 5432; x_wconf 89' lang='lat' dir='ltr'><strong>ullum.</strong></span> 
     </span>
    </p>
   </div>
   <div class='ocr_carea' id='block_1_56' title="bbox 254 5469 1516 5544">
    <p class='ocr_par' dir='ltr' id='par_1_56' title="bbox 254 5469 1516 5544">
     <span class='ocr_line' id='line_1_56' title="bbox 254 5469 1516 5544; baseline -0.009 -10"><span class='ocrx_word' id='word_1_328' title='bbox 254 5477 511 5544; x_wconf 79' lang='lat' dir='ltr'><strong>Navigat</strong></span> <span class='ocrx_word' id='word_1_329' title='bbox 535 5471 736 5526; x_wconf 88' lang='lat' dir='ltr'><strong>interea</strong></span> <span class='ocrx_word' id='word_1_330' title='bbox 759 5471 991 5525; x_wconf 86' lang='lat' dir='ltr'><strong>claustro</strong></span> <span class='ocrx_word' id='word_1_331' title='bbox 1021 5469 1339 5523; x_wconf 89' lang='lat' dir='ltr'><strong>commissus</strong></span> <span class='ocrx_word' id='word_1_332' title='bbox 1367 5470 1516 5523; x_wconf 88' lang='lat' dir='ltr'><strong>eunti</strong></span> 
     </span>
    </p>
   </div>
   <div class='ocr_carea' id='block_1_57' title="bbox 201 5564 1720 5643">
    <p class='ocr_par' dir='ltr' id='par_1_57' title="bbox 201 5564 1720 5643">
     <span class='ocr_line' id='line_1_57' title="bbox 201 5564 1720 5643; baseline -0.005 -16"><span class='ocrx_word' id='word_1_333' title='bbox 201 5636 209 5643; x_wconf 90' lang='lat'>_</span> <span class='ocrx_word' id='word_1_334' title='bbox 254 5573 427 5628; x_wconf 87' lang='lat' dir='ltr'><strong>Fons</strong></span> <span class='ocrx_word' id='word_1_335' title='bbox 460 5568 605 5633; x_wconf 70' lang='lat' dir='ltr'><strong>vitm,</strong></span> <span class='ocrx_word' id='word_1_336' title='bbox 630 5572 912 5634; x_wconf 85' lang='lat' dir='ltr'><strong>servatque</strong></span> <span class='ocrx_word' id='word_1_337' title='bbox 935 5564 1117 5617; x_wconf 88' lang='lat' dir='ltr'><strong>furens</strong></span> <span class='ocrx_word' id='word_1_338' title='bbox 1138 5577 1298 5631; x_wconf 88' lang='lat' dir='ltr'><strong>super</strong></span> <span class='ocrx_word' id='word_1_339' title='bbox 1318 5564 1494 5616; x_wconf 86' lang='lat' dir='ltr'><strong>omnia</strong></span> <span class='ocrx_word' id='word_1_340' title='bbox 1529 5574 1720 5631; x_wconf 88' lang='lat' dir='ltr'><strong>pontus</strong></span> 
     </span>
    </p>
   </div>
   <div class='ocr_carea' id='block_1_58' title="bbox 252 5655 1623 5729">
    <p class='ocr_par' dir='ltr' id='par_1_58' title="bbox 252 5655 1623 5729">
     <span class='ocr_line' id='line_1_58' title="bbox 252 5655 1623 5729; baseline -0.007 -9"><span class='ocrx_word' id='word_1_341' title='bbox 252 5662 443 5720; x_wconf 83' lang='lat' dir='ltr'><strong>Urbis</strong></span> <span class='ocrx_word' id='word_1_342' title='bbox 475 5659 799 5729; x_wconf 86' lang='lat' dir='ltr'><strong>depositum,</strong></span> <span class='ocrx_word' id='word_1_343' title='bbox 832 5655 937 5713; x_wconf 83' lang='lat' dir='ltr'><strong>fido</strong></span> <span class='ocrx_word' id='word_1_344' title='bbox 966 5656 1104 5724; x_wconf 89' lang='lat' dir='ltr'><strong>quod</strong></span> <span class='ocrx_word' id='word_1_345' title='bbox 1139 5656 1366 5727; x_wconf 87' lang='lat' dir='ltr'><strong>tegmine</strong></span> <span class='ocrx_word' id='word_1_346' title='bbox 1398 5666 1623 5725; x_wconf 86' lang='lat' dir='ltr'><strong>promat,</strong></span> 
     </span>
    </p>
   </div>
   <div class='ocr_carea' id='block_1_59' title="bbox 252 5749 1577 5823">
    <p class='ocr_par' dir='ltr' id='par_1_59' title="bbox 252 5749 1577 5823">
     <span class='ocr_line' id='line_1_59' title="bbox 252 5749 1577 5823; baseline -0.008 -8"><span class='ocrx_word' id='word_1_347' title='bbox 252 5760 414 5815; x_wconf 86' lang='lat' dir='ltr'><strong>Cum</strong></span> <span class='ocrx_word' id='word_1_348' title='bbox 453 5770 547 5823; x_wconf 77' lang='lat' dir='ltr'><strong>pax</strong></span> <span class='ocrx_word' id='word_1_349' title='bbox 584 5762 844 5806; x_wconf 85' lang='lat' dir='ltr'><strong>terrarum</strong></span> <span class='ocrx_word' id='word_1_350' title='bbox 870 5750 1018 5807; x_wconf 84' lang='lat' dir='ltr'><strong>reddi</strong></span> <span class='ocrx_word' id='word_1_351' title='bbox 1042 5749 1139 5804; x_wconf 87' lang='lat' dir='ltr'><strong>sibi</strong></span> <span class='ocrx_word' id='word_1_352' title='bbox 1171 5752 1350 5805; x_wconf 86' lang='lat' dir='ltr'><strong>debita</strong></span> <span class='ocrx_word' id='word_1_353' title='bbox 1378 5766 1577 5818; x_wconf 81' lang='lat' dir='ltr'><strong>poscet.</strong></span> 
     </span>
    </p>
   </div>
   <div class='ocr_carea' id='block_1_60' title="bbox 332 5844 1607 5921">
    <p class='ocr_par' dir='ltr' id='par_1_60' title="bbox 332 5844 1607 5921">
     <span class='ocr_line' id='line_1_60' title="bbox 332 5844 1607 5921; baseline -0.004 -15"><span class='ocrx_word' id='word_1_354' title='bbox 332 5852 500 5921; x_wconf 72' lang='lat' dir='ltr'><strong>Ergo</strong></span> <span class='ocrx_word' id='word_1_355' title='bbox 522 5851 669 5905; x_wconf 77' lang='lat' dir='ltr'><strong>ibant</strong></span> <span class='ocrx_word' id='word_1_356' title='bbox 699 5846 871 5904; x_wconf 67' lang='grc' dir='ltr'><strong>υιιάιυ.</strong></span> <span class='ocrx_word' id='word_1_357' title='bbox 907 5847 1062 5900; x_wconf 87' lang='lat' dir='ltr'><strong>tellus</strong></span> <span class='ocrx_word' id='word_1_358' title='bbox 1092 5844 1409 5901; x_wconf 83' lang='lat' dir='ltr'><strong>subducitur</strong></span> <span class='ocrx_word' id='word_1_359' title='bbox 1435 5847 1607 5901; x_wconf 89' lang='lat' dir='ltr'><strong>omnis</strong></span> 
     </span>
    </p>
   </div>
   <div class='ocr_carea' id='block_1_61' title="bbox 1468 356 2219 415">
    <p class='ocr_par' dir='ltr' id='par_1_61' title="bbox 1468 356 2219 415">
     <span class='ocr_line' id='line_1_61' title="bbox 1468 356 2219 415; baseline 0.003 -5"><span class='ocrx_word' id='word_1_360' title='bbox 1468 357 1842 415; x_wconf 74' lang='lat' dir='ltr'><strong>I’OEMA&#39;IUM</strong></span> <span class='ocrx_word' id='word_1_361' title='bbox 1883 356 2086 412; x_wconf 72' lang='lat' dir='ltr'><strong>LIBER</strong></span> <span class='ocrx_word' id='word_1_362' title='bbox 2124 361 2219 415; x_wconf 64' lang='grc' dir='ltr'><strong>μ’.</strong></span> 
     </span>
    </p>
   </div>
   <div class='ocr_carea' id='block_1_62' title="bbox 1899 475 3215 550">
    <p class='ocr_par' dir='ltr' id='par_1_62' title="bbox 1899 475 3215 550">
     <span class='ocr_line' id='line_1_62' title="bbox 1899 475 3215 550; baseline 0.003 -23"><span class='ocrx_word' id='word_1_363' title='bbox 1899 476 1953 533; x_wconf 85' lang='grc' dir='ltr'>Λ</span> <span class='ocrx_word' id='word_1_364' title='bbox 1979 475 2214 530; x_wconf 60' lang='lat' dir='ltr'><strong>Collibus</strong></span> <span class='ocrx_word' id='word_1_365' title='bbox 2238 477 2497 543; x_wconf 72' lang='lat' dir='ltr'><strong>imposita:</strong></span> <span class='ocrx_word' id='word_1_366' title='bbox 2526 479 2765 533; x_wconf 86' lang='lat' dir='ltr'><strong>vicerunt</strong></span> <span class='ocrx_word' id='word_1_367' title='bbox 2793 480 2932 534; x_wconf 83' lang='lat' dir='ltr'><strong>edita</strong></span> <span class='ocrx_word' id='word_1_368' title='bbox 2966 480 3215 550; x_wconf 65' lang='lat' dir='ltr'><strong>iymplne.</strong></span> 
     </span>
    </p>
   </div>
   <div class='ocr_carea' id='block_1_63' title="bbox 1983 568 3171 642">
    <p class='ocr_par' dir='ltr' id='par_1_63' title="bbox 1983 568 3171 642">
     <span class='ocr_line' id='line_1_63' title="bbox 1983 568 3171 642; baseline 0.006 -23"><span class='ocrx_word' id='word_1_369' title='bbox 1983 568 2195 623; x_wconf 78' lang='lat' dir='ltr'><strong>Delituit</strong></span> <span class='ocrx_word' id='word_1_370' title='bbox 2219 579 2391 624; x_wconf 89' lang='lat' dir='ltr'><strong>lectus</strong></span> <span class='ocrx_word' id='word_1_371' title='bbox 2422 581 2585 642; x_wconf 89' lang='lat' dir='ltr'><strong>ponto</strong></span> <span class='ocrx_word' id='word_1_372' title='bbox 2616 584 2723 628; x_wconf 91' lang='lat' dir='ltr'><strong>tum</strong></span> <span class='ocrx_word' id='word_1_373' title='bbox 2752 574 2943 642; x_wconf 86' lang='lat' dir='ltr'><strong>pinifer</strong></span> <span class='ocrx_word' id='word_1_374' title='bbox 2970 573 3171 639; x_wconf 86' lang='lat' dir='ltr'><strong>Otltris,</strong></span> 
     </span>
    </p>
   </div>
   <div class='ocr_carea' id='block_1_64' title="bbox 1979 658 3277 736">
    <p class='ocr_par' dir='ltr' id='par_1_64' title="bbox 1979 658 3277 736">
     <span class='ocr_line' id='line_1_64' title="bbox 1979 658 3277 736; baseline 0.006 -23"><span class='ocrx_word' id='word_1_375' title='bbox 1979 658 2226 714; x_wconf 79' lang='lat' dir='ltr'><strong>Parnassi</strong></span> <span class='ocrx_word' id='word_1_376' title='bbox 2262 672 2440 716; x_wconf 74' lang='lat' dir='ltr'><strong>vertex</strong></span> <span class='ocrx_word' id='word_1_377' title='bbox 2472 675 2679 719; x_wconf 90' lang='lat' dir='ltr'><strong>cautem</strong></span> <span class='ocrx_word' id='word_1_378' title='bbox 2713 682 2817 720; x_wconf 90' lang='lat' dir='ltr'><strong>non</strong></span> <span class='ocrx_word' id='word_1_379' title='bbox 2848 667 3067 736; x_wconf 89' lang='lat' dir='ltr'><strong>protulit</strong></span> <span class='ocrx_word' id='word_1_380' title='bbox 3095 668 3277 733; x_wconf 89' lang='lat' dir='ltr'><strong>altam,</strong></span> 
     </span>
    </p>
   </div>
   <div class='ocr_carea' id='block_1_65' title="bbox 1985 750 3140 828">
    <p class='ocr_par' dir='ltr' id='par_1_65' title="bbox 1985 750 3140 828">
     <span class='ocr_line' id='line_1_65' title="bbox 1985 750 3140 828; baseline 0.009 -25"><span class='ocrx_word' id='word_1_381' title='bbox 1985 750 2098 815; x_wconf 83' lang='lat' dir='ltr'><strong>Ipsa</strong></span> <span class='ocrx_word' id='word_1_382' title='bbox 2124 752 2759 818; x_wconf 60' lang='lat' dir='ltr'><strong>cujireSsiferidatueruitt</strong></span> <span class='ocrx_word' id='word_1_383' title='bbox 2788 773 2914 811; x_wconf 66' lang='lat' dir='ltr'><strong>saxa</strong></span> <span class='ocrx_word' id='word_1_384' title='bbox 2945 758 3140 828; x_wconf 66' lang='lat' dir='ltr'><strong>Lycaei,</strong></span> 
     </span>
    </p>
   </div>
   <div class='ocr_carea' id='block_1_66' title="bbox 1974 840 3199 920">
    <p class='ocr_par' dir='ltr' id='par_1_66' title="bbox 1974 840 3199 920">
     <span class='ocr_line' id='line_1_66' title="bbox 1974 840 3199 920; baseline 0.007 -24"><span class='ocrx_word' id='word_1_385' title='bbox 1974 840 2261 897; x_wconf 66' lang='lat' dir='ltr'><strong>Subducta:</strong></span> <span class='ocrx_word' id='word_1_386' title='bbox 2292 860 2471 913; x_wconf 87' lang='lat' dir='ltr'><strong>rupes,</strong></span> <span class='ocrx_word' id='word_1_387' title='bbox 2497 857 2721 917; x_wconf 79' lang='lat' dir='ltr'><strong>:equata:</strong></span> <span class='ocrx_word' id='word_1_388' title='bbox 2746 848 2996 904; x_wconf 86' lang='lat' dir='ltr'><strong>ﬂuctibus</strong></span> <span class='ocrx_word' id='word_1_389' title='bbox 3018 851 3199 920; x_wconf 84' lang='lat' dir='ltr'><strong>Alpes,</strong></span> 
     </span>
    </p>
   </div>
   <div class='ocr_carea' id='block_1_67' title="bbox 1972 932 3322 1011">
    <p class='ocr_par' dir='ltr' id='par_1_67' title="bbox 1972 932 3322 1011">
     <span class='ocr_line' id='line_1_67' title="bbox 1972 932 3322 1011; baseline 0.008 -25"><span class='ocrx_word' id='word_1_390' title='bbox 1972 932 2231 988; x_wconf 89' lang='lat' dir='ltr'><strong>Omnibus</strong></span> <span class='ocrx_word' id='word_1_391' title='bbox 2258 936 2493 991; x_wconf 82' lang='lat' dir='ltr'><strong>exclusis</strong></span> <span class='ocrx_word' id='word_1_392' title='bbox 2520 947 2663 994; x_wconf 90' lang='lat' dir='ltr'><strong>totus</strong></span> <span class='ocrx_word' id='word_1_393' title='bbox 2690 940 2800 1006; x_wconf 88' lang='lat' dir='ltr'><strong>jam</strong></span> <span class='ocrx_word' id='word_1_394' title='bbox 2830 940 3063 1011; x_wconf 87' lang='lat' dir='ltr'><strong>denique</strong></span> <span class='ocrx_word' id='word_1_395' title='bbox 3091 943 3322 1007; x_wconf 79' lang='lat' dir='ltr'><strong>mundus</strong></span> 
     </span>
    </p>
   </div>
   <div class='ocr_carea' id='block_1_68' title="bbox 1973 1024 3349 1088">
    <p class='ocr_par' dir='ltr' id='par_1_68' title="bbox 1973 1024 3349 1088">
     <span class='ocr_line' id='line_1_68' title="bbox 1973 1024 3349 1088; baseline 0.008 -11"><span class='ocrx_word' id='word_1_396' title='bbox 1973 1024 2101 1079; x_wconf 81' lang='lat' dir='ltr'><strong>Axis</strong></span> <span class='ocrx_word' id='word_1_397' title='bbox 2127 1035 2180 1079; x_wconf 92' lang='lat' dir='ltr'><strong>et</strong></span> <span class='ocrx_word' id='word_1_398' title='bbox 2211 1027 2348 1080; x_wconf 55' lang='lat' dir='ltr'><strong>unde</strong></span> <span class='ocrx_word' id='word_1_399' title='bbox 2381 1027 2496 1081; x_wconf 88' lang='lat' dir='ltr'><strong>fuit.</strong></span> <span class='ocrx_word' id='word_1_400' title='bbox 2525 1029 2656 1083; x_wconf 81' lang='lat' dir='ltr'><strong>Nam</strong></span> <span class='ocrx_word' id='word_1_401' title='bbox 2688 1032 2896 1085; x_wconf 91' lang='lat' dir='ltr'><strong>cunctis</strong></span> <span class='ocrx_word' id='word_1_402' title='bbox 2923 1043 3094 1086; x_wconf 90' lang='lat' dir='ltr'><strong>morte</strong></span> <span class='ocrx_word' id='word_1_403' title='bbox 3115 1032 3349 1088; x_wconf 88' lang='lat' dir='ltr'><strong>subactis</strong></span> 
     </span>
    </p>
   </div>
   <div class='ocr_carea' id='block_1_69' title="bbox 1866 1115 3322 1193">
    <p class='ocr_par' dir='ltr' id='par_1_69' title="bbox 1866 1115 3322 1193">
     <span class='ocr_line' id='line_1_69' title="bbox 1866 1115 3322 1193; baseline 0.005 -23"><span class='ocrx_word' id='word_1_404' title='bbox 1866 1124 1877 1131; x_wconf 82' lang='lat'><strong><em>&#39;</em></strong></span> <span class='ocrx_word' id='word_1_405' title='bbox 1971 1115 2281 1187; x_wconf 83' lang='lat' dir='ltr'><strong>Regnabant</strong></span> <span class='ocrx_word' id='word_1_406' title='bbox 2316 1121 2483 1188; x_wconf 86' lang='lat' dir='ltr'><strong>pelagi</strong></span> <span class='ocrx_word' id='word_1_407' title='bbox 2514 1121 2715 1176; x_wconf 85' lang='lat' dir='ltr'><strong>silvoso</strong></span> <span class='ocrx_word' id='word_1_408' title='bbox 2745 1123 2797 1177; x_wconf 90' lang='lat' dir='ltr'><strong>in</strong></span> <span class='ocrx_word' id='word_1_409' title='bbox 2826 1125 3035 1193; x_wconf 87' lang='lat' dir='ltr'><strong>gurgite</strong></span> <span class='ocrx_word' id='word_1_410' title='bbox 3066 1135 3322 1179; x_wconf 91' lang='lat' dir='ltr'><strong>monstra.</strong></span> 
     </span>
    </p>
   </div>
   <div class='ocr_carea' id='block_1_70' title="bbox 1970 1208 3235 1281">
    <p class='ocr_par' dir='ltr' id='par_1_70' title="bbox 1970 1208 3235 1281">
     <span class='ocr_line' id='line_1_70' title="bbox 1970 1208 3235 1281; baseline 0.006 -19"><span class='ocrx_word' id='word_1_411' title='bbox 1970 1208 2035 1262; x_wconf 85' lang='lat' dir='ltr'><strong>Et</strong></span> <span class='ocrx_word' id='word_1_412' title='bbox 2058 1208 2164 1276; x_wconf 86' lang='lat' dir='ltr'><strong>jam</strong></span> <span class='ocrx_word' id='word_1_413' title='bbox 2197 1211 2430 1265; x_wconf 91' lang='lat' dir='ltr'><strong>vicinum</strong></span> <span class='ocrx_word' id='word_1_414' title='bbox 2460 1212 2743 1280; x_wconf 88' lang='lat' dir='ltr'><strong>pulsabant</strong></span> <span class='ocrx_word' id='word_1_415' title='bbox 2769 1214 2985 1269; x_wconf 81' lang='lat' dir='ltr'><strong>humida</strong></span> <span class='ocrx_word' id='word_1_416' title='bbox 3017 1216 3235 1281; x_wconf 64' lang='lat' dir='ltr'><strong>coelum,</strong></span> 
     </span>
    </p>
   </div>
   <div class='ocr_carea' id='block_1_71' title="bbox 1968 1302 3369 1372">
    <p class='ocr_par' dir='ltr' id='par_1_71' title="bbox 1968 1302 3369 1372">
     <span class='ocr_line' id='line_1_71' title="bbox 1968 1302 3369 1372; baseline 0.004 -16"><span class='ocrx_word' id='word_1_417' title='bbox 1968 1302 2193 1371; x_wconf 85' lang='lat' dir='ltr'><strong>Jamque</strong></span> <span class='ocrx_word' id='word_1_418' title='bbox 2217 1313 2406 1371; x_wconf 87' lang='lat' dir='ltr'><strong>quater</strong></span> <span class='ocrx_word' id='word_1_419' title='bbox 2433 1302 2590 1358; x_wconf 82' lang='lat' dir='ltr'><strong>denis</strong></span> <span class='ocrx_word' id='word_1_420' title='bbox 2618 1304 2870 1359; x_wconf 88' lang='lat' dir='ltr'><strong>manabat</strong></span> <span class='ocrx_word' id='word_1_421' title='bbox 2898 1307 3145 1363; x_wconf 89' lang='lat' dir='ltr'><strong>noctibus</strong></span> <span class='ocrx_word' id='word_1_422' title='bbox 3177 1306 3369 1372; x_wconf 86' lang='lat' dir='ltr'><strong>imber,</strong></span> 
     </span>
    </p>
   </div>
   <div class='ocr_carea' id='block_1_72' title="bbox 1967 1394 3450 1468">
    <p class='ocr_par' dir='ltr' id='par_1_72' title="bbox 1967 1394 3450 1468">
     <span class='ocr_line' id='line_1_72' title="bbox 1967 1394 3450 1468; baseline 0.004 -19"><span class='ocrx_word' id='word_1_423' title='bbox 1967 1394 2381 1465; x_wconf 88' lang='lat' dir='ltr'><strong>Compleratque</strong></span> <span class='ocrx_word' id='word_1_424' title='bbox 2409 1411 2617 1461; x_wconf 89' lang='lat' dir='ltr'><strong>necem,</strong></span> <span class='ocrx_word' id='word_1_425' title='bbox 2643 1413 2741 1452; x_wconf 89' lang='lat' dir='ltr'><strong>nec</strong></span> <span class='ocrx_word' id='word_1_426' title='bbox 2760 1397 2870 1467; x_wconf 90' lang='lat' dir='ltr'><strong>jam</strong></span> <span class='ocrx_word' id='word_1_427' title='bbox 2895 1399 3036 1468; x_wconf 92' lang='lat' dir='ltr'><strong>quod</strong></span> <span class='ocrx_word' id='word_1_428' title='bbox 3069 1399 3280 1455; x_wconf 88' lang='lat' dir='ltr'><strong>tolleret</strong></span> <span class='ocrx_word' id='word_1_429' title='bbox 3312 1399 3450 1455; x_wconf 88' lang='lat' dir='ltr'><strong>ultra</strong></span> 
     </span>
    </p>
   </div>
   <div class='ocr_carea' id='block_1_73' title="bbox 1969 1487 3371 1561">
    <p class='ocr_par' dir='ltr' id='par_1_73' title="bbox 1969 1487 3371 1561">
     <span class='ocr_line' id='line_1_73' title="bbox 1969 1487 3371 1561; baseline 0.004 -21"><span class='ocrx_word' id='word_1_430' title='bbox 1969 1487 2114 1540; x_wconf 75' lang='lat' dir='ltr'><strong>Mors</strong></span> <span class='ocrx_word' id='word_1_431' title='bbox 2141 1487 2344 1554; x_wconf 87' lang='lat' dir='ltr'><strong>habuit,</strong></span> <span class='ocrx_word' id='word_1_432' title='bbox 2370 1490 2665 1560; x_wconf 73' lang='lat' dir='ltr'><strong>pressitque</strong></span> <span class='ocrx_word' id='word_1_433' title='bbox 2687 1491 2919 1546; x_wconf 83' lang='lat' dir='ltr'><strong>natantia</strong></span> <span class='ocrx_word' id='word_1_434' title='bbox 2946 1491 3130 1547; x_wconf 89' lang='lat' dir='ltr'><strong>funera</strong></span> <span class='ocrx_word' id='word_1_435' title='bbox 3155 1500 3371 1561; x_wconf 92' lang='lat' dir='ltr'><strong>pontus.</strong></span> 
     </span>
    </p>
   </div>
   <div class='ocr_carea' id='block_1_74' title="bbox 1970 1577 3351 1653">
    <p class='ocr_par' dir='ltr' id='par_1_74' title="bbox 1970 1577 3351 1653">
     <span class='ocr_line' id='line_1_74' title="bbox 1970 1577 3351 1653; baseline 0.007 -22"><span class='ocrx_word' id='word_1_436' title='bbox 1970 1577 2277 1634; x_wconf 79' lang='lat' dir='ltr'><strong>Frenantur</strong></span> <span class='ocrx_word' id='word_1_437' title='bbox 2300 1581 2515 1636; x_wconf 89' lang='lat' dir='ltr'><strong>tandem</strong></span> <span class='ocrx_word' id='word_1_438' title='bbox 2549 1584 2764 1652; x_wconf 77' lang='lat' dir='ltr'><strong>pluvize,</strong></span> <span class='ocrx_word' id='word_1_439' title='bbox 2797 1584 3132 1653; x_wconf 85' lang='lat' dir='ltr'><strong>resplenduit</strong></span> <span class='ocrx_word' id='word_1_440' title='bbox 3159 1584 3351 1651; x_wconf 66' lang='lat' dir='ltr'><strong>aether,</strong></span> 
     </span>
    </p>
   </div>
   <div class='ocr_carea' id='block_1_75' title="bbox 1970 1671 3287 1743">
    <p class='ocr_par' dir='ltr' id='par_1_75' title="bbox 1970 1671 3287 1743">
     <span class='ocr_line' id='line_1_75' title="bbox 1970 1671 3287 1743; baseline 0.005 -19"><span class='ocrx_word' id='word_1_441' title='bbox 1970 1671 2233 1726; x_wconf 82' lang='lat' dir='ltr'><strong>Redditur</strong></span> <span class='ocrx_word' id='word_1_442' title='bbox 2259 1682 2315 1727; x_wconf 90' lang='lat' dir='ltr'><strong>et</strong></span> <span class='ocrx_word' id='word_1_443' title='bbox 2341 1676 2492 1729; x_wconf 70' lang='lat' dir='ltr'><strong>cretis</strong></span> <span class='ocrx_word' id='word_1_444' title='bbox 2514 1676 2713 1731; x_wconf 86' lang='lat' dir='ltr'><strong>vultus.</strong></span> <span class='ocrx_word' id='word_1_445' title='bbox 2747 1677 2837 1732; x_wconf 90' lang='lat' dir='ltr'><strong>Sol</strong></span> <span class='ocrx_word' id='word_1_446' title='bbox 2868 1677 2985 1743; x_wconf 82' lang='lat' dir='ltr'><strong>ipse</strong></span> <span class='ocrx_word' id='word_1_447' title='bbox 3012 1676 3287 1743; x_wconf 89' lang='lat' dir='ltr'><strong>reductus,</strong></span> 
     </span>
    </p>
   </div>
   <div class='ocr_carea' id='block_1_76' title="bbox 1969 1762 3310 1835">
    <p class='ocr_par' dir='ltr' id='par_1_76' title="bbox 1969 1762 3310 1835">
     <span class='ocr_line' id='line_1_76' title="bbox 1969 1762 3310 1835; baseline 0.004 -19"><span class='ocrx_word' id='word_1_448' title='bbox 1969 1762 2076 1818; x_wconf 81' lang='lat' dir='ltr'><strong>Sed</strong></span> <span class='ocrx_word' id='word_1_449' title='bbox 2107 1780 2213 1818; x_wconf 90' lang='lat' dir='ltr'><strong>non</strong></span> <span class='ocrx_word' id='word_1_450' title='bbox 2246 1766 2478 1820; x_wconf 83' lang='lat' dir='ltr'><strong>inventis</strong></span> <span class='ocrx_word' id='word_1_451' title='bbox 2508 1768 2659 1835; x_wconf 88' lang='lat' dir='ltr'><strong>queis</strong></span> <span class='ocrx_word' id='word_1_452' title='bbox 2688 1768 2875 1821; x_wconf 85' lang='lat' dir='ltr'><strong>reddat</strong></span> <span class='ocrx_word' id='word_1_453' title='bbox 2903 1769 3102 1823; x_wconf 91' lang='lat' dir='ltr'><strong>lumina</strong></span> <span class='ocrx_word' id='word_1_454' title='bbox 3130 1768 3310 1833; x_wconf 89' lang='lat' dir='ltr'><strong>terris,</strong></span> 
     </span>
    </p>
   </div>
   <div class='ocr_carea' id='block_1_77' title="bbox 1897 1851 3413 1929">
    <p class='ocr_par' dir='ltr' id='par_1_77' title="bbox 1897 1851 3413 1929">
     <span class='ocr_line' id='line_1_77' title="bbox 1897 1851 3413 1929; baseline 0.003 -20"><span class='ocrx_word' id='word_1_455' title='bbox 1897 1851 1948 1913; x_wconf 83' lang='grc' dir='ltr'><strong><em>Β</em></strong></span> <span class='ocrx_word' id='word_1_456' title='bbox 1975 1855 2200 1910; x_wconf 85' lang='lat' dir='ltr'><strong>Tantum</strong></span> <span class='ocrx_word' id='word_1_457' title='bbox 2234 1856 2367 1913; x_wconf 81' lang='lat' dir='ltr'><strong>luxit</strong></span> <span class='ocrx_word' id='word_1_458' title='bbox 2394 1860 2544 1929; x_wconf 90' lang='lat' dir='ltr'><strong>aquis</strong></span> <span class='ocrx_word' id='word_1_459' title='bbox 2576 1876 2591 1914; x_wconf 83' lang='lat'><strong>:</strong></span> <span class='ocrx_word' id='word_1_460' title='bbox 2626 1861 2790 1915; x_wconf 89' lang='lat' dir='ltr'><strong>tristis</strong></span> <span class='ocrx_word' id='word_1_461' title='bbox 2813 1861 2958 1915; x_wconf 89' lang='lat' dir='ltr'><strong>videt</strong></span> <span class='ocrx_word' id='word_1_462' title='bbox 2978 1874 3195 1929; x_wconf 63' lang='lat' dir='ltr'><strong>aquora</strong></span> <span class='ocrx_word' id='word_1_463' title='bbox 3219 1860 3413 1929; x_wconf 82' lang='lat' dir='ltr'><strong>fulgor.</strong></span> 
     </span>
    </p>
   </div>
   <div class='ocr_carea' id='block_1_78' title="bbox 1970 1946 3452 2020">
    <p class='ocr_par' dir='ltr' id='par_1_78' title="bbox 1970 1946 3452 2020">
     <span class='ocr_line' id='line_1_78' title="bbox 1970 1946 3452 2020; baseline 0.003 -21"><span class='ocrx_word' id='word_1_464' title='bbox 1970 1946 2245 2017; x_wconf 87' lang='lat' dir='ltr'><strong>Quamque</strong></span> <span class='ocrx_word' id='word_1_465' title='bbox 2276 1949 2467 2004; x_wconf 86' lang='lat' dir='ltr'><strong>breves</strong></span> <span class='ocrx_word' id='word_1_466' title='bbox 2493 1950 2673 2004; x_wconf 86' lang='lat' dir='ltr'><strong>radios</strong></span> <span class='ocrx_word' id='word_1_467' title='bbox 2694 1951 2937 2005; x_wconf 87' lang='lat' dir='ltr'><strong>admotas</strong></span> <span class='ocrx_word' id='word_1_468' title='bbox 2968 1950 3161 2020; x_wconf 81' lang='lat' dir='ltr'><strong>frangit</strong></span> <span class='ocrx_word' id='word_1_469' title='bbox 3183 1951 3237 2005; x_wconf 91' lang='lat' dir='ltr'><strong>in</strong></span> <span class='ocrx_word' id='word_1_470' title='bbox 3261 1950 3452 2013; x_wconf 86' lang='lat' dir='ltr'><strong>undas,</strong></span> 
     </span>
    </p>
   </div>
   <div class='ocr_carea' id='block_1_79' title="bbox 1946 2038 3357 2111">
    <p class='ocr_par' dir='ltr' id='par_1_79' title="bbox 1946 2038 3357 2111">
     <span class='ocr_line' id='line_1_79' title="bbox 1946 2038 3357 2111; baseline 0.003 -19"><span class='ocrx_word' id='word_1_471' title='bbox 1946 2038 2099 2092; x_wconf 64' lang='lat' dir='ltr'><strong>~Taiu</strong></span> <span class='ocrx_word' id='word_1_472' title='bbox 2125 2040 2505 2103; x_wconf 80' lang='lat' dir='ltr'><strong>consumendis</strong></span> <span class='ocrx_word' id='word_1_473' title='bbox 2528 2042 2747 2096; x_wconf 89' lang='lat' dir='ltr'><strong>fervens</strong></span> <span class='ocrx_word' id='word_1_474' title='bbox 2773 2056 2836 2096; x_wconf 91' lang='lat' dir='ltr'><strong>ac</strong></span> <span class='ocrx_word' id='word_1_475' title='bbox 2869 2044 3144 2111; x_wconf 86' lang='lat' dir='ltr'><strong>proximus</strong></span> <span class='ocrx_word' id='word_1_476' title='bbox 3174 2044 3357 2097; x_wconf 85' lang='lat' dir='ltr'><strong>instat.</strong></span> 
     </span>
    </p>
   </div>
   <div class='ocr_carea' id='block_1_80' title="bbox 1968 2122 3318 2205">
    <p class='ocr_par' dir='ltr' id='par_1_80' title="bbox 1968 2122 3318 2205">
     <span class='ocr_line' id='line_1_80' title="bbox 1968 2122 3318 2205; baseline 0.003 -22"><span class='ocrx_word' id='word_1_477' title='bbox 1968 2122 2076 2184; x_wconf 78' lang='lat' dir='ltr'><strong>Nec</strong></span> <span class='ocrx_word' id='word_1_478' title='bbox 2106 2131 2283 2185; x_wconf 91' lang='lat' dir='ltr'><strong>minus</strong></span> <span class='ocrx_word' id='word_1_479' title='bbox 2312 2141 2366 2185; x_wconf 90' lang='lat' dir='ltr'><strong>et</strong></span> <span class='ocrx_word' id='word_1_480' title='bbox 2398 2134 2561 2201; x_wconf 82' lang='lat' dir='ltr'><strong>patuli</strong></span> <span class='ocrx_word' id='word_1_481' title='bbox 2588 2141 2746 2187; x_wconf 74' lang='lat' dir='ltr'><strong>terra:</strong></span> <span class='ocrx_word' id='word_1_482' title='bbox 2773 2134 3099 2189; x_wconf 89' lang='lat' dir='ltr'><strong>clauduntur</strong></span> <span class='ocrx_word' id='word_1_483' title='bbox 3124 2133 3318 2205; x_wconf 89' lang='lat' dir='ltr'><strong>hiatus,</strong></span> 
     </span>
    </p>
   </div>
   <div class='ocr_carea' id='block_1_81' title="bbox 1966 2224 3291 2294">
    <p class='ocr_par' dir='ltr' id='par_1_81' title="bbox 1966 2224 3291 2294">
     <span class='ocr_line' id='line_1_81' title="bbox 1966 2224 3291 2294; baseline 0.003 -19"><span class='ocrx_word' id='word_1_484' title='bbox 1966 2224 2202 2292; x_wconf 57' lang='lat' dir='ltr'><strong>Quaque</strong></span> <span class='ocrx_word' id='word_1_485' title='bbox 2230 2226 2373 2291; x_wconf 86' lang='lat' dir='ltr'><strong>prius</strong></span> <span class='ocrx_word' id='word_1_486' title='bbox 2401 2225 2607 2279; x_wconf 90' lang='lat' dir='ltr'><strong>vomuit</strong></span> <span class='ocrx_word' id='word_1_487' title='bbox 2639 2225 2820 2280; x_wconf 91' lang='lat' dir='ltr'><strong>lethali</strong></span> <span class='ocrx_word' id='word_1_488' title='bbox 2845 2242 2909 2281; x_wconf 83' lang='lat' dir='ltr'><strong>ex</strong></span> <span class='ocrx_word' id='word_1_489' title='bbox 2942 2241 3038 2281; x_wconf 89' lang='lat' dir='ltr'><strong>ore</strong></span> <span class='ocrx_word' id='word_1_490' title='bbox 3069 2226 3291 2294; x_wconf 86' lang='lat' dir='ltr'><strong>ﬂuenta,</strong></span> 
     </span>
    </p>
   </div>
   <div class='ocr_carea' id='block_1_82' title="bbox 1965 2310 3345 2392">
    <p class='ocr_par' dir='ltr' id='par_1_82' title="bbox 1965 2310 3345 2392">
     <span class='ocr_line' id='line_1_82' title="bbox 1965 2310 3345 2392; baseline 0.006 -23"><span class='ocrx_word' id='word_1_491' title='bbox 1965 2316 2219 2373; x_wconf 82' lang='lat' dir='ltr'><strong>Obicibus</strong></span> <span class='ocrx_word' id='word_1_492' title='bbox 2248 2320 2477 2390; x_wconf 86' lang='lat' dir='ltr'><strong>propriis</strong></span> <span class='ocrx_word' id='word_1_493' title='bbox 2504 2320 2799 2376; x_wconf 88' lang='lat' dir='ltr'><strong>constricta</strong></span> <span class='ocrx_word' id='word_1_494' title='bbox 2821 2320 3067 2377; x_wconf 88' lang='lat' dir='ltr'><strong>resorbet</strong></span> <span class='ocrx_word' id='word_1_495' title='bbox 3096 2310 3345 2392; x_wconf 84' lang='lat' dir='ltr'><strong>abyssus.</strong></span> 
     </span>
    </p>
   </div>
   <div class='ocr_carea' id='block_1_83' title="bbox 1964 2406 3353 2481">
    <p class='ocr_par' dir='ltr' id='par_1_83' title="bbox 1964 2406 3353 2481">
     <span class='ocr_line' id='line_1_83' title="bbox 1964 2406 3353 2481; baseline 0.004 -19"><span class='ocrx_word' id='word_1_496' title='bbox 1964 2406 2073 2463; x_wconf 86' lang='lat' dir='ltr'><strong>Nec</strong></span> <span class='ocrx_word' id='word_1_497' title='bbox 2097 2420 2273 2464; x_wconf 80' lang='lat' dir='ltr'><strong>lautctt</strong></span> <span class='ocrx_word' id='word_1_498' title='bbox 2301 2422 2358 2465; x_wconf 91' lang='lat' dir='ltr'><strong>ut</strong></span> <span class='ocrx_word' id='word_1_499' title='bbox 2378 2413 2544 2481; x_wconf 91' lang='lat' dir='ltr'><strong>venit,</strong></span> <span class='ocrx_word' id='word_1_500' title='bbox 2578 2413 2814 2469; x_wconf 89' lang='lat' dir='ltr'><strong>breviter</strong></span> <span class='ocrx_word' id='word_1_501' title='bbox 2844 2414 2920 2467; x_wconf 90' lang='lat' dir='ltr'><strong>sic</strong></span> <span class='ocrx_word' id='word_1_502' title='bbox 2952 2413 3093 2468; x_wconf 91' lang='lat' dir='ltr'><strong>unda</strong></span> <span class='ocrx_word' id='word_1_503' title='bbox 3119 2412 3353 2479; x_wconf 84' lang='lat' dir='ltr'><strong>recedit;</strong></span> 
     </span>
    </p>
   </div>
   <div class='ocr_carea' id='block_1_84' title="bbox 1964 2501 3437 2576">
    <p class='ocr_par' dir='ltr' id='par_1_84' title="bbox 1964 2501 3437 2576">
     <span class='ocr_line' id='line_1_84' title="bbox 1964 2501 3437 2576; baseline 0.003 -20"><span class='ocrx_word' id='word_1_504' title='bbox 1964 2501 2182 2557; x_wconf 86' lang='lat' dir='ltr'><strong>Siccant</strong></span> <span class='ocrx_word' id='word_1_505' title='bbox 2213 2521 2317 2558; x_wconf 92' lang='lat' dir='ltr'><strong>non</strong></span> <span class='ocrx_word' id='word_1_506' title='bbox 2344 2508 2493 2571; x_wconf 91' lang='lat' dir='ltr'><strong>pauci</strong></span> <span class='ocrx_word' id='word_1_507' title='bbox 2520 2508 2678 2575; x_wconf 88' lang='lat' dir='ltr'><strong>longo</strong></span> <span class='ocrx_word' id='word_1_508' title='bbox 2704 2506 2800 2562; x_wconf 90' lang='lat' dir='ltr'><strong>sed</strong></span> <span class='ocrx_word' id='word_1_509' title='bbox 2838 2515 3080 2576; x_wconf 88' lang='lat' dir='ltr'><strong>tempore</strong></span> <span class='ocrx_word' id='word_1_510' title='bbox 3109 2520 3346 2571; x_wconf 88' lang='lat' dir='ltr'><strong>menses,</strong></span> <span class='ocrx_word' id='word_1_511' title='bbox 3432 2552 3437 2555; x_wconf 52' lang='grc' dir='ltr'><strong>ς</strong></span> 
     </span>
    </p>
   </div>
   <div class='ocr_carea' id='block_1_85' title="bbox 1963 2595 3237 2667">
    <p class='ocr_par' dir='ltr' id='par_1_85' title="bbox 1963 2595 3237 2667">
     <span class='ocr_line' id='line_1_85' title="bbox 1963 2595 3237 2667; baseline 0.003 -18"><span class='ocrx_word' id='word_1_512' title='bbox 1963 2595 2119 2664; x_wconf 85' lang='lat' dir='ltr'><strong>Quod</strong></span> <span class='ocrx_word' id='word_1_513' title='bbox 2152 2597 2303 2666; x_wconf 89' lang='lat' dir='ltr'><strong>pauci</strong></span> <span class='ocrx_word' id='word_1_514' title='bbox 2330 2595 2515 2651; x_wconf 85' lang='lat' dir='ltr'><strong>fudere</strong></span> <span class='ocrx_word' id='word_1_515' title='bbox 2546 2598 2664 2652; x_wconf 88' lang='lat' dir='ltr'><strong>dies</strong></span> <span class='ocrx_word' id='word_1_516' title='bbox 2690 2614 2705 2652; x_wconf 92' lang='lat'><strong>:</strong></span> <span class='ocrx_word' id='word_1_517' title='bbox 2732 2598 2843 2667; x_wconf 89' lang='lat' dir='ltr'><strong>jam</strong></span> <span class='ocrx_word' id='word_1_518' title='bbox 2874 2598 3031 2652; x_wconf 88' lang='lat' dir='ltr'><strong>ducta</strong></span> <span class='ocrx_word' id='word_1_519' title='bbox 3056 2609 3237 2653; x_wconf 90' lang='lat' dir='ltr'><strong>natatu</strong></span> 
     </span>
    </p>
   </div>
   <div class='ocr_carea' id='block_1_86' title="bbox 1966 2688 3163 2753">
    <p class='ocr_par' dir='ltr' id='par_1_86' title="bbox 1966 2688 3163 2753">
     <span class='ocr_line' id='line_1_86' title="bbox 1966 2688 3163 2753; baseline -0.001 -11"><span class='ocrx_word' id='word_1_520' title='bbox 1966 2688 2237 2743; x_wconf 63' lang='lat' dir='ltr'><strong>Armenia:</strong></span> <span class='ocrx_word' id='word_1_521' title='bbox 2267 2688 2424 2743; x_wconf 86' lang='lat' dir='ltr'><strong>celsis</strong></span> <span class='ocrx_word' id='word_1_522' title='bbox 2456 2688 2688 2743; x_wconf 88' lang='lat' dir='ltr'><strong>instabat</strong></span> <span class='ocrx_word' id='word_1_523' title='bbox 2716 2689 2988 2743; x_wconf 87' lang='lat' dir='ltr'><strong>montibus</strong></span> <span class='ocrx_word' id='word_1_524' title='bbox 3017 2703 3163 2753; x_wconf 88' lang='lat' dir='ltr'><strong>arca,</strong></span> 
     </span>
    </p>
   </div>
   <div class='ocr_carea' id='block_1_87' title="bbox 1967 2780 3210 2837">
    <p class='ocr_par' dir='ltr' id='par_1_87' title="bbox 1967 2780 3210 2837">
     <span class='ocr_line' id='line_1_87' title="bbox 1967 2780 3210 2837; baseline -0.002 -2"><span class='ocrx_word' id='word_1_525' title='bbox 1967 2780 2034 2835; x_wconf 81' lang='lat' dir='ltr'><strong>Et</strong></span> <span class='ocrx_word' id='word_1_526' title='bbox 2058 2782 2294 2835; x_wconf 88' lang='lat' dir='ltr'><strong>nondum</strong></span> <span class='ocrx_word' id='word_1_527' title='bbox 2320 2782 2473 2835; x_wconf 88' lang='lat' dir='ltr'><strong>nudis</strong></span> <span class='ocrx_word' id='word_1_528' title='bbox 2506 2781 2669 2837; x_wconf 91' lang='lat' dir='ltr'><strong>fundo</strong></span> <span class='ocrx_word' id='word_1_529' title='bbox 2700 2784 2945 2836; x_wconf 88' lang='lat' dir='ltr'><strong>consedit</strong></span> <span class='ocrx_word' id='word_1_530' title='bbox 2971 2782 3021 2836; x_wconf 91' lang='lat' dir='ltr'><strong>in</strong></span> <span class='ocrx_word' id='word_1_531' title='bbox 3049 2782 3210 2837; x_wconf 89' lang='lat' dir='ltr'><strong>arvis.</strong></span> 
     </span>
    </p>
   </div>
   <div class='ocr_carea' id='block_1_88' title="bbox 2042 2875 3423 2945">
    <p class='ocr_par' dir='ltr' id='par_1_88' title="bbox 2042 2875 3423 2945">
     <span class='ocr_line' id='line_1_88' title="bbox 2042 2875 3423 2945; baseline 0 -14"><span class='ocrx_word' id='word_1_532' title='bbox 2042 2875 2109 2931; x_wconf 90' lang='lat' dir='ltr'><strong>Ut</strong></span> <span class='ocrx_word' id='word_1_533' title='bbox 2137 2878 2384 2931; x_wconf 85' lang='lat' dir='ltr'><strong>stabilem</strong></span> <span class='ocrx_word' id='word_1_534' title='bbox 2413 2875 2583 2931; x_wconf 88' lang='lat' dir='ltr'><strong>sensit</strong></span> <span class='ocrx_word' id='word_1_535' title='bbox 2606 2877 2807 2943; x_wconf 88' lang='lat' dir='ltr'><strong>senior,</strong></span> <span class='ocrx_word' id='word_1_536' title='bbox 2848 2886 3100 2945; x_wconf 90' lang='lat' dir='ltr'><strong>motuque</strong></span> <span class='ocrx_word' id='word_1_537' title='bbox 3125 2886 3423 2943; x_wconf 88' lang='lat' dir='ltr'><strong>carentem,</strong></span> 
     </span>
    </p>
   </div>
   <div class='ocr_carea' id='block_1_89' title="bbox 1966 2966 3385 3038">
    <p class='ocr_par' dir='ltr' id='par_1_89' title="bbox 1966 2966 3385 3038">
     <span class='ocr_line' id='line_1_89' title="bbox 1966 2966 3385 3038; baseline 0.003 -16"><span class='ocrx_word' id='word_1_538' title='bbox 1966 2966 2074 3022; x_wconf 84' lang='lat' dir='ltr'><strong>Nec</strong></span> <span class='ocrx_word' id='word_1_539' title='bbox 2104 2969 2312 3023; x_wconf 86' lang='lat' dir='ltr'><strong>ﬂuitare</strong></span> <span class='ocrx_word' id='word_1_540' title='bbox 2343 2981 2529 3022; x_wconf 88' lang='lat' dir='ltr'><strong>natans</strong></span> <span class='ocrx_word' id='word_1_541' title='bbox 2558 2977 2778 3022; x_wconf 87' lang='lat' dir='ltr'><strong>ventosa</strong></span> <span class='ocrx_word' id='word_1_542' title='bbox 2818 2984 2911 3038; x_wconf 89' lang='lat' dir='ltr'><strong>per</strong></span> <span class='ocrx_word' id='word_1_543' title='bbox 2938 2983 3152 3037; x_wconf 65' lang='lat' dir='ltr'><strong>aequora</strong></span> <span class='ocrx_word' id='word_1_544' title='bbox 3186 2970 3385 3038; x_wconf 79' lang='lat' dir='ltr'><strong>lignum</strong></span> 
     </span>
    </p>
   </div>
   <div class='ocr_carea' id='block_1_90' title="bbox 1965 3062 3299 3142">
    <p class='ocr_par' dir='ltr' id='par_1_90' title="bbox 1965 3062 3299 3142">
     <span class='ocr_line' id='line_1_90' title="bbox 1965 3062 3299 3142; baseline 0.009 -26"><span class='ocrx_word' id='word_1_545' title='bbox 1965 3062 2202 3118; x_wconf 83' lang='lat' dir='ltr'><strong>Credidit</strong></span> <span class='ocrx_word' id='word_1_546' title='bbox 2236 3062 2477 3125; x_wconf 66' lang='lat' dir='ltr'><strong>abductis</strong></span> <span class='ocrx_word' id='word_1_547' title='bbox 2504 3062 2731 3127; x_wconf 79' lang='lat' dir='ltr'><strong>nituisse</strong></span> <span class='ocrx_word' id='word_1_548' title='bbox 2757 3064 3065 3142; x_wconf 80' lang='lat' dir='ltr'><strong>liquoribus</strong></span> <span class='ocrx_word' id='word_1_549' title='bbox 3092 3065 3299 3131; x_wconf 66' lang='grc' dir='ltr'><strong>θῑιιειεες</strong></span> 
     </span>
    </p>
   </div>
   <div class='ocr_carea' id='block_1_91' title="bbox 1966 3156 3510 3235">
    <p class='ocr_par' dir='ltr' id='par_1_91' title="bbox 1966 3156 3510 3235">
     <span class='ocr_line' id='line_1_91' title="bbox 1966 3156 3510 3235; baseline 0.004 -21"><span class='ocrx_word' id='word_1_550' title='bbox 1966 3156 2116 3217; x_wconf 81' lang='lat' dir='ltr'><strong>Tunc</strong></span> <span class='ocrx_word' id='word_1_551' title='bbox 2142 3174 2349 3218; x_wconf 80' lang='lat' dir='ltr'><strong>reserat</strong></span> <span class='ocrx_word' id='word_1_552' title='bbox 2375 3164 2883 3231; x_wconf 78' lang='lat' dir='ltr'><strong>summamsublimi</strong></span> <span class='ocrx_word' id='word_1_553' title='bbox 2914 3180 2944 3219; x_wconf 91' lang='lat' dir='ltr'><strong>a</strong></span> <span class='ocrx_word' id='word_1_554' title='bbox 2986 3167 3163 3222; x_wconf 88' lang='lat' dir='ltr'><strong>fronte</strong></span> <span class='ocrx_word' id='word_1_555' title='bbox 3195 3167 3510 3235; x_wconf 76' lang='lat' dir='ltr'><strong>fenestram,</strong></span> 
     </span>
    </p>
   </div>
   <div class='ocr_carea' id='block_1_92' title="bbox 1891 3236 3145 3327">
    <p class='ocr_par' dir='ltr' id='par_1_92' title="bbox 1891 3236 3145 3327">
     <span class='ocr_line' id='line_1_92' title="bbox 1891 3236 3145 3327; baseline 0.004 -18"><span class='ocrx_word' id='word_1_556' title='bbox 1891 3236 1938 3300; x_wconf 63' lang='grc' dir='ltr'><strong>(ἶ</strong></span> <span class='ocrx_word' id='word_1_557' title='bbox 1969 3254 2173 3309; x_wconf 83' lang='lat' dir='ltr'><strong>Emissa</strong></span> <span class='ocrx_word' id='word_1_558' title='bbox 2201 3256 2396 3310; x_wconf 87' lang='lat' dir='ltr'><strong>reﬂuos</strong></span> <span class='ocrx_word' id='word_1_559' title='bbox 2421 3256 2662 3325; x_wconf 84' lang='lat' dir='ltr'><strong>exploret</strong></span> <span class='ocrx_word' id='word_1_560' title='bbox 2691 3266 2749 3327; x_wconf 82' lang='lat' dir='ltr'><strong>ut</strong></span> <span class='ocrx_word' id='word_1_561' title='bbox 2774 3256 2902 3312; x_wconf 88' lang='lat' dir='ltr'><strong>alite</strong></span> <span class='ocrx_word' id='word_1_562' title='bbox 2929 3257 3145 3316; x_wconf 89' lang='lat' dir='ltr'><strong>ﬂuctus.</strong></span> 
     </span>
    </p>
   </div>
   <div class='ocr_carea' id='block_1_93' title="bbox 1970 3346 3177 3417">
    <p class='ocr_par' dir='ltr' id='par_1_93' title="bbox 1970 3346 3177 3417">
     <span class='ocr_line' id='line_1_93' title="bbox 1970 3346 3177 3417; baseline 0.002 -17"><span class='ocrx_word' id='word_1_563' title='bbox 1970 3346 2063 3400; x_wconf 87' lang='lat' dir='ltr'><strong>Illa</strong></span> <span class='ocrx_word' id='word_1_564' title='bbox 2090 3346 2275 3400; x_wconf 80' lang='lat' dir='ltr'><strong>volans</strong></span> <span class='ocrx_word' id='word_1_565' title='bbox 2302 3348 2462 3416; x_wconf 88' lang='lat' dir='ltr'><strong>longo</strong></span> <span class='ocrx_word' id='word_1_566' title='bbox 2486 3346 2793 3401; x_wconf 88' lang='lat' dir='ltr'><strong>diverberat</strong></span> <span class='ocrx_word' id='word_1_567' title='bbox 2817 3362 2942 3402; x_wconf 87' lang='lat' dir='ltr'><strong>aera</strong></span> <span class='ocrx_word' id='word_1_568' title='bbox 2968 3350 3177 3417; x_wconf 89' lang='lat' dir='ltr'><strong>plausu,</strong></span> 
     </span>
    </p>
   </div>
   <div class='ocr_carea' id='block_1_94' title="bbox 1968 3439 3358 3508">
    <p class='ocr_par' dir='ltr' id='par_1_94' title="bbox 1968 3439 3358 3508">
     <span class='ocr_line' id='line_1_94' title="bbox 1968 3439 3358 3508; baseline 0.003 -17"><span class='ocrx_word' id='word_1_569' title='bbox 1968 3440 2143 3507; x_wconf 81' lang='lat' dir='ltr'><strong>Atque</strong></span> <span class='ocrx_word' id='word_1_570' title='bbox 2170 3439 2338 3507; x_wconf 90' lang='lat' dir='ltr'><strong>quatit</strong></span> <span class='ocrx_word' id='word_1_571' title='bbox 2370 3453 2567 3493; x_wconf 72' lang='lat' dir='ltr'><strong>vacuas</strong></span> <span class='ocrx_word' id='word_1_572' title='bbox 2593 3452 2890 3508; x_wconf 89' lang='lat' dir='ltr'><strong>pennarum</strong></span> <span class='ocrx_word' id='word_1_573' title='bbox 2922 3439 3157 3494; x_wconf 88' lang='lat' dir='ltr'><strong>motibus</strong></span> <span class='ocrx_word' id='word_1_574' title='bbox 3182 3455 3358 3507; x_wconf 86' lang='lat' dir='ltr'><strong>auras,</strong></span> 
     </span>
    </p>
   </div>
   <div class='ocr_carea' id='block_1_95' title="bbox 1972 3530 3279 3601">
    <p class='ocr_par' dir='ltr' id='par_1_95' title="bbox 1972 3530 3279 3601">
     <span class='ocr_line' id='line_1_95' title="bbox 1972 3530 3279 3601; baseline 0.003 -17"><span class='ocrx_word' id='word_1_575' title='bbox 1972 3531 2211 3597; x_wconf 83' lang='lat' dir='ltr'><strong>Cumque</strong></span> <span class='ocrx_word' id='word_1_576' title='bbox 2240 3530 2332 3585; x_wconf 86' lang='lat' dir='ltr'><strong>diu</strong></span> <span class='ocrx_word' id='word_1_577' title='bbox 2362 3532 2517 3585; x_wconf 82' lang='lat' dir='ltr'><strong>fessis</strong></span> <span class='ocrx_word' id='word_1_578' title='bbox 2550 3531 2719 3585; x_wconf 87' lang='lat' dir='ltr'><strong>undas</strong></span> <span class='ocrx_word' id='word_1_579' title='bbox 2747 3531 3131 3601; x_wconf 88' lang='lat' dir='ltr'><strong>perstringerct</strong></span> <span class='ocrx_word' id='word_1_580' title='bbox 3157 3534 3279 3597; x_wconf 89' lang='lat' dir='ltr'><strong>alis,</strong></span> 
     </span>
    </p>
   </div>
   <div class='ocr_carea' id='block_1_96' title="bbox 1977 3621 3341 3692">
    <p class='ocr_par' dir='ltr' id='par_1_96' title="bbox 1977 3621 3341 3692">
     <span class='ocr_line' id='line_1_96' title="bbox 1977 3621 3341 3692; baseline 0.003 -17"><span class='ocrx_word' id='word_1_581' title='bbox 1977 3621 2087 3677; x_wconf 85' lang='lat' dir='ltr'><strong>Nec</strong></span> <span class='ocrx_word' id='word_1_582' title='bbox 2117 3622 2267 3677; x_wconf 89' lang='lat' dir='ltr'><strong>locus</strong></span> <span class='ocrx_word' id='word_1_583' title='bbox 2297 3631 2534 3692; x_wconf 80' lang='lat' dir='ltr'><strong>Optatam</strong></span> <span class='ocrx_word' id='word_1_584' title='bbox 2566 3622 2804 3692; x_wconf 91' lang='lat' dir='ltr'><strong>requiem</strong></span> <span class='ocrx_word' id='word_1_585' title='bbox 2834 3622 3156 3679; x_wconf 89' lang='lat' dir='ltr'><strong>concederet</strong></span> <span class='ocrx_word' id='word_1_586' title='bbox 3184 3623 3341 3691; x_wconf 86' lang='lat' dir='ltr'><strong>ullus,</strong></span> 
     </span>
    </p>
   </div>
   <div class='ocr_carea' id='block_1_97' title="bbox 1966 3714 3488 3786">
    <p class='ocr_par' dir='ltr' id='par_1_97' title="bbox 1966 3714 3488 3786">
     <span class='ocr_line' id='line_1_97' title="bbox 1966 3714 3488 3786; baseline 0.004 -17"><span class='ocrx_word' id='word_1_587' title='bbox 1966 3714 2289 3770; x_wconf 89' lang='lat' dir='ltr'><strong>Consuetum</strong></span> <span class='ocrx_word' id='word_1_588' title='bbox 2320 3716 2514 3785; x_wconf 90' lang='lat' dir='ltr'><strong>repetit</strong></span> <span class='ocrx_word' id='word_1_589' title='bbox 2541 3724 2822 3785; x_wconf 87' lang='lat' dir='ltr'><strong>prospecto</strong></span> <span class='ocrx_word' id='word_1_590' title='bbox 2848 3731 2913 3770; x_wconf 84' lang='lat' dir='ltr'><strong>ex</strong></span> <span class='ocrx_word' id='word_1_591' title='bbox 2936 3731 3153 3786; x_wconf 68' lang='lat' dir='ltr'><strong>aequore</strong></span> <span class='ocrx_word' id='word_1_592' title='bbox 3176 3716 3488 3775; x_wconf 85' lang='lat' dir='ltr'><strong>claustrum.</strong></span> 
     </span>
    </p>
   </div>
   <div class='ocr_carea' id='block_1_98' title="bbox 1968 3807 3330 3878">
    <p class='ocr_par' dir='ltr' id='par_1_98' title="bbox 1968 3807 3330 3878">
     <span class='ocr_line' id='line_1_98' title="bbox 1968 3807 3330 3878; baseline 0.002 -16"><span class='ocrx_word' id='word_1_593' title='bbox 1968 3807 2265 3877; x_wconf 76' lang='lat' dir='ltr'><strong>Esceptam</strong></span> <span class='ocrx_word' id='word_1_594' title='bbox 2293 3810 2476 3863; x_wconf 86' lang='lat' dir='ltr'><strong>senior</strong></span> <span class='ocrx_word' id='word_1_595' title='bbox 2507 3809 2752 3863; x_wconf 84' lang='lat' dir='ltr'><strong>manibus</strong></span> <span class='ocrx_word' id='word_1_596' title='bbox 2784 3818 2909 3863; x_wconf 91' lang='lat' dir='ltr'><strong>tunc</strong></span> <span class='ocrx_word' id='word_1_597' title='bbox 2938 3809 3142 3878; x_wconf 90' lang='lat' dir='ltr'><strong>colligit</strong></span> <span class='ocrx_word' id='word_1_598' title='bbox 3167 3810 3330 3878; x_wconf 88' lang='lat' dir='ltr'><strong>intus,</strong></span> 
     </span>
    </p>
   </div>
   <div class='ocr_carea' id='block_1_99' title="bbox 1966 3892 3304 3971">
    <p class='ocr_par' dir='ltr' id='par_1_99' title="bbox 1966 3892 3304 3971">
     <span class='ocr_line' id='line_1_99' title="bbox 1966 3892 3304 3971; baseline 0.004 -17"><span class='ocrx_word' id='word_1_599' title='bbox 1966 3898 2263 3954; x_wconf 87' lang='lat' dir='ltr'><strong>Adverlens</strong></span> <span class='ocrx_word' id='word_1_600' title='bbox 2291 3900 2465 3955; x_wconf 90' lang='lat' dir='ltr'><strong>nullas</strong></span> <span class='ocrx_word' id='word_1_601' title='bbox 2497 3892 2731 3969; x_wconf 84' lang='lat' dir='ltr'><strong>patuisse</strong></span> <span class='ocrx_word' id='word_1_602' title='bbox 2758 3916 2851 3971; x_wconf 89' lang='lat' dir='ltr'><strong>per</strong></span> <span class='ocrx_word' id='word_1_603' title='bbox 2875 3902 3089 3955; x_wconf 89' lang='lat' dir='ltr'><strong>humida</strong></span> <span class='ocrx_word' id='word_1_604' title='bbox 3114 3911 3304 3959; x_wconf 86' lang='lat' dir='ltr'><strong>terras.</strong></span> 
     </span>
    </p>
   </div>
   <div class='ocr_carea' id='block_1_100' title="bbox 2038 3990 3235 4061">
    <p class='ocr_par' dir='ltr' id='par_1_100' title="bbox 2038 3990 3235 4061">
     <span class='ocr_line' id='line_1_100' title="bbox 2038 3990 3235 4061; baseline 0.001 -17"><span class='ocrx_word' id='word_1_605' title='bbox 2038 3990 2243 4045; x_wconf 89' lang='lat' dir='ltr'><strong>Interea</strong></span> <span class='ocrx_word' id='word_1_606' title='bbox 2273 4006 2458 4061; x_wconf 87' lang='lat' dir='ltr'><strong>magna</strong></span> <span class='ocrx_word' id='word_1_607' title='bbox 2492 4000 2687 4061; x_wconf 89' lang='lat' dir='ltr'><strong>pontus</strong></span> <span class='ocrx_word' id='word_1_608' title='bbox 2714 4005 2774 4046; x_wconf 91' lang='lat' dir='ltr'><strong>se</strong></span> <span class='ocrx_word' id='word_1_609' title='bbox 2800 3992 2942 4046; x_wconf 90' lang='lat' dir='ltr'><strong>mole</strong></span> <span class='ocrx_word' id='word_1_610' title='bbox 2970 3993 3235 4047; x_wconf 87' lang='lat' dir='ltr'><strong>movendo</strong></span> 
     </span>
    </p>
   </div>
   <div class='ocr_carea' id='block_1_101' title="bbox 1967 4080 3351 4151">
    <p class='ocr_par' dir='ltr' id='par_1_101' title="bbox 1967 4080 3351 4151">
     <span class='ocr_line' id='line_1_101' title="bbox 1967 4080 3351 4151; baseline 0.002 -17"><span class='ocrx_word' id='word_1_611' title='bbox 1967 4080 2022 4135; x_wconf 95' lang='lat' dir='ltr'><strong>In</strong></span> <span class='ocrx_word' id='word_1_612' title='bbox 2054 4082 2220 4135; x_wconf 88' lang='lat' dir='ltr'><strong>chaos</strong></span> <span class='ocrx_word' id='word_1_613' title='bbox 2249 4084 2523 4150; x_wconf 90' lang='lat' dir='ltr'><strong>antiquum</strong></span> <span class='ocrx_word' id='word_1_614' title='bbox 2557 4084 2802 4151; x_wconf 89' lang='lat' dir='ltr'><strong>linquens</strong></span> <span class='ocrx_word' id='word_1_615' title='bbox 2830 4084 3098 4137; x_wconf 88' lang='lat' dir='ltr'><strong>mundana</strong></span> <span class='ocrx_word' id='word_1_616' title='bbox 3129 4085 3351 4139; x_wconf 89' lang='lat' dir='ltr'><strong>redibat.</strong></span> 
     </span>
    </p>
   </div>
   <div class='ocr_carea' id='block_1_102' title="bbox 1967 4173 3256 4242">
    <p class='ocr_par' dir='ltr' id='par_1_102' title="bbox 1967 4173 3256 4242">
     <span class='ocr_line' id='line_1_102' title="bbox 1967 4173 3256 4242; baseline 0 -14"><span class='ocrx_word' id='word_1_617' title='bbox 1967 4173 2177 4229; x_wconf 77' lang='lat' dir='ltr'><strong>Excelsi</strong></span> <span class='ocrx_word' id='word_1_618' title='bbox 2208 4174 2420 4228; x_wconf 88' lang='lat' dir='ltr'><strong>tandem</strong></span> <span class='ocrx_word' id='word_1_619' title='bbox 2452 4174 2693 4242; x_wconf 85' lang='lat' dir='ltr'><strong>proferre</strong></span> <span class='ocrx_word' id='word_1_620' title='bbox 2722 4175 2996 4228; x_wconf 90' lang='lat' dir='ltr'><strong>cacumina</strong></span> <span class='ocrx_word' id='word_1_621' title='bbox 3024 4175 3256 4242; x_wconf 89' lang='lat' dir='ltr'><strong>primum</strong></span> 
     </span>
    </p>
   </div>
   <div class='ocr_carea' id='block_1_103' title="bbox 1966 4263 3407 4333">
    <p class='ocr_par' dir='ltr' id='par_1_103' title="bbox 1966 4263 3407 4333">
     <span class='ocr_line' id='line_1_103' title="bbox 1966 4263 3407 4333; baseline 0.002 -14"><span class='ocrx_word' id='word_1_622' title='bbox 1966 4264 2247 4333; x_wconf 87' lang='lat' dir='ltr'><strong>Incipiunt,</strong></span> <span class='ocrx_word' id='word_1_623' title='bbox 2275 4274 2393 4332; x_wconf 89' lang='lat' dir='ltr'><strong>post</strong></span> <span class='ocrx_word' id='word_1_624' title='bbox 2423 4278 2557 4333; x_wconf 89' lang='lat' dir='ltr'><strong>quos</strong></span> <span class='ocrx_word' id='word_1_625' title='bbox 2588 4274 2775 4318; x_wconf 89' lang='lat' dir='ltr'><strong>tenues</strong></span> <span class='ocrx_word' id='word_1_626' title='bbox 2802 4263 3149 4319; x_wconf 88' lang='lat' dir='ltr'><strong>crebrescere</strong></span> <span class='ocrx_word' id='word_1_627' title='bbox 3176 4276 3407 4321; x_wconf 79' lang='lat' dir='ltr'><strong>montes.</strong></span> 
     </span>
    </p>
   </div>
   <div class='ocr_carea' id='block_1_104' title="bbox 1967 4354 3316 4425">
    <p class='ocr_par' dir='ltr' id='par_1_104' title="bbox 1967 4354 3316 4425">
     <span class='ocr_line' id='line_1_104' title="bbox 1967 4354 3316 4425; baseline 0 -15"><span class='ocrx_word' id='word_1_628' title='bbox 1967 4360 2034 4410; x_wconf 85' lang='lat' dir='ltr'><strong>At</strong></span> <span class='ocrx_word' id='word_1_629' title='bbox 2060 4371 2189 4411; x_wconf 90' lang='lat' dir='ltr'><strong>vero</strong></span> <span class='ocrx_word' id='word_1_630' title='bbox 2218 4364 2275 4409; x_wconf 91' lang='lat' dir='ltr'><strong>ut</strong></span> <span class='ocrx_word' id='word_1_631' title='bbox 2297 4356 2514 4424; x_wconf 86' lang='lat' dir='ltr'><strong>pelagus</strong></span> <span class='ocrx_word' id='word_1_632' title='bbox 2540 4354 2821 4409; x_wconf 83' lang='lat' dir='ltr'><strong>cinxerunt</strong></span> <span class='ocrx_word' id='word_1_633' title='bbox 2850 4354 3029 4409; x_wconf 83' lang='lat' dir='ltr'><strong>littora</strong></span> <span class='ocrx_word' id='word_1_634' title='bbox 3062 4356 3316 4425; x_wconf 91' lang='lat' dir='ltr'><strong>priscum,</strong></span> 
     </span>
    </p>
   </div>
   <div class='ocr_carea' id='block_1_105' title="bbox 1964 4447 3227 4519">
    <p class='ocr_par' dir='ltr' id='par_1_105' title="bbox 1964 4447 3227 4519">
     <span class='ocr_line' id='line_1_105' title="bbox 1964 4447 3227 4519; baseline 0 -16"><span class='ocrx_word' id='word_1_635' title='bbox 1964 4448 2315 4518; x_wconf 85' lang='lat' dir='ltr'><strong>Oceanusque</strong></span> <span class='ocrx_word' id='word_1_636' title='bbox 2339 4463 2508 4513; x_wconf 76' lang='lat' dir='ltr'><strong>sacer,</strong></span> <span class='ocrx_word' id='word_1_637' title='bbox 2538 4458 2690 4503; x_wconf 91' lang='lat' dir='ltr'><strong>notas</strong></span> <span class='ocrx_word' id='word_1_638' title='bbox 2721 4447 2979 4503; x_wconf 90' lang='lat' dir='ltr'><strong>collectus</strong></span> <span class='ocrx_word' id='word_1_639' title='bbox 3002 4449 3053 4502; x_wconf 91' lang='lat' dir='ltr'><strong>in</strong></span> <span class='ocrx_word' id='word_1_640' title='bbox 3081 4463 3227 4519; x_wconf 89' lang='lat' dir='ltr'><strong>oras,</strong></span> 
     </span>
    </p>
   </div>
   <div class='ocr_carea' id='block_1_106' title="bbox 1964 4538 3148 4595">
    <p class='ocr_par' dir='ltr' id='par_1_106' title="bbox 1964 4538 3148 4595">
     <span class='ocr_line' id='line_1_106' title="bbox 1964 4538 3148 4595; baseline 0.002 -2"><span class='ocrx_word' id='word_1_641' title='bbox 1964 4541 2257 4594; x_wconf 87' lang='lat' dir='ltr'><strong>Contentus</strong></span> <span class='ocrx_word' id='word_1_642' title='bbox 2283 4542 2441 4594; x_wconf 79' lang='lat' dir='ltr'><strong>selito</strong></span> <span class='ocrx_word' id='word_1_643' title='bbox 2465 4538 2695 4593; x_wconf 90' lang='lat' dir='ltr'><strong>labentia</strong></span> <span class='ocrx_word' id='word_1_644' title='bbox 2728 4538 2949 4593; x_wconf 91' lang='lat' dir='ltr'><strong>ﬂumina</strong></span> <span class='ocrx_word' id='word_1_645' title='bbox 2974 4548 3148 4595; x_wconf 89' lang='lat' dir='ltr'><strong>tractu</strong></span> 
     </span>
    </p>
   </div>
   <div class='ocr_carea' id='block_1_107' title="bbox 1883 4618 3229 4701">
    <p class='ocr_par' dir='ltr' id='par_1_107' title="bbox 1883 4618 3229 4701">
     <span class='ocr_line' id='line_1_107' title="bbox 1883 4618 3229 4701; baseline 0.001 -14"><span class='ocrx_word' id='word_1_646' title='bbox 1883 4618 1941 4679; x_wconf 78' lang='grc' dir='ltr'><strong><em>Β</em></strong></span> <span class='ocrx_word' id='word_1_647' title='bbox 1968 4631 2205 4701; x_wconf 90' lang='lat' dir='ltr'><strong>Sorbuit,</strong></span> <span class='ocrx_word' id='word_1_648' title='bbox 2239 4641 2293 4687; x_wconf 87' lang='lat' dir='ltr'><strong>et</strong></span> <span class='ocrx_word' id='word_1_649' title='bbox 2320 4633 2527 4686; x_wconf 91' lang='lat' dir='ltr'><strong>cunctis</strong></span> <span class='ocrx_word' id='word_1_650' title='bbox 2547 4630 2793 4687; x_wconf 79' lang='lat' dir='ltr'><strong>distinxit</strong></span> <span class='ocrx_word' id='word_1_651' title='bbox 2820 4630 2966 4687; x_wconf 88' lang='lat' dir='ltr'><strong>frena</strong></span> <span class='ocrx_word' id='word_1_652' title='bbox 2994 4633 3229 4700; x_wconf 88' lang='lat' dir='ltr'><strong>ﬂuentis,</strong></span> 
     </span>
    </p>
   </div>
   <div class='ocr_carea' id='block_1_108' title="bbox 1970 4725 3307 4796">
    <p class='ocr_par' dir='ltr' id='par_1_108' title="bbox 1970 4725 3307 4796">
     <span class='ocr_line' id='line_1_108' title="bbox 1970 4725 3307 4796; baseline -0.001 -16"><span class='ocrx_word' id='word_1_653' title='bbox 1970 4725 2368 4795; x_wconf 88' lang='lat' dir='ltr'><strong>Torrentesque</strong></span> <span class='ocrx_word' id='word_1_654' title='bbox 2396 4739 2508 4779; x_wconf 67' lang='lat' dir='ltr'><strong>sua:</strong></span> <span class='ocrx_word' id='word_1_655' title='bbox 2532 4725 2841 4781; x_wconf 88' lang='lat' dir='ltr'><strong>clauserunt</strong></span> <span class='ocrx_word' id='word_1_656' title='bbox 2864 4725 3099 4796; x_wconf 90' lang='lat' dir='ltr'><strong>undique</strong></span> <span class='ocrx_word' id='word_1_657' title='bbox 3128 4727 3307 4794; x_wconf 63' lang='lat' dir='ltr'><strong>fossm,</strong></span> 
     </span>
    </p>
   </div>
   <div class='ocr_carea' id='block_1_109' title="bbox 1970 4815 3199 4889">
    <p class='ocr_par' dir='ltr' id='par_1_109' title="bbox 1970 4815 3199 4889">
     <span class='ocr_line' id='line_1_109' title="bbox 1970 4815 3199 4889; baseline 0.001 -17"><span class='ocrx_word' id='word_1_658' title='bbox 1970 4815 2159 4874; x_wconf 85' lang='lat' dir='ltr'><strong>Libera</strong></span> <span class='ocrx_word' id='word_1_659' title='bbox 2182 4816 2457 4873; x_wconf 84' lang='lat' dir='ltr'><strong>subductis</strong></span> <span class='ocrx_word' id='word_1_660' title='bbox 2481 4818 2755 4873; x_wconf 90' lang='lat' dir='ltr'><strong>nituerunt</strong></span> <span class='ocrx_word' id='word_1_661' title='bbox 2774 4818 2922 4873; x_wconf 90' lang='lat' dir='ltr'><strong>arida</strong></span> <span class='ocrx_word' id='word_1_662' title='bbox 2951 4819 3199 4889; x_wconf 87' lang='lat' dir='ltr'><strong>lymphis.</strong></span> 
     </span>
    </p>
   </div>
   <div class='ocr_carea' id='block_1_110' title="bbox 1972 4911 3333 4985">
    <p class='ocr_par' dir='ltr' id='par_1_110' title="bbox 1972 4911 3333 4985">
     <span class='ocr_line' id='line_1_110' title="bbox 1972 4911 3333 4985; baseline 0.001 -16"><span class='ocrx_word' id='word_1_663' title='bbox 1972 4911 2120 4969; x_wconf 85' lang='lat' dir='ltr'><strong>I‘unc</strong></span> <span class='ocrx_word' id='word_1_664' title='bbox 2149 4914 2796 4983; x_wconf 60' lang='lat' dir='ltr'><strong>interposito§producens</strong></span> <span class='ocrx_word' id='word_1_665' title='bbox 2824 4922 3066 4985; x_wconf 90' lang='lat' dir='ltr'><strong>tempore</strong></span> <span class='ocrx_word' id='word_1_666' title='bbox 3092 4930 3333 4984; x_wconf 87' lang='lat' dir='ltr'><strong>corvum,</strong></span> 
     </span>
    </p>
   </div>
   <div class='ocr_carea' id='block_1_111' title="bbox 1970 5005 3442 5076">
    <p class='ocr_par' dir='ltr' id='par_1_111' title="bbox 1970 5005 3442 5076">
     <span class='ocr_line' id='line_1_111' title="bbox 1970 5005 3442 5076; baseline 0.001 -15"><span class='ocrx_word' id='word_1_667' title='bbox 1970 5006 2124 5061; x_wconf 89' lang='lat' dir='ltr'><strong>Scire</strong></span> <span class='ocrx_word' id='word_1_668' title='bbox 2147 5006 2295 5075; x_wconf 88' lang='lat' dir='ltr'><strong>cupit</strong></span> <span class='ocrx_word' id='word_1_669' title='bbox 2321 5005 2525 5072; x_wconf 87' lang='lat' dir='ltr'><strong>senior,</strong></span> <span class='ocrx_word' id='word_1_670' title='bbox 2555 5021 2889 5075; x_wconf 88' lang='lat' dir='ltr'><strong>vacuumque</strong></span> <span class='ocrx_word' id='word_1_671' title='bbox 2919 5006 3213 5076; x_wconf 90' lang='lat' dir='ltr'><strong>interrogat</strong></span> <span class='ocrx_word' id='word_1_672' title='bbox 3235 5011 3442 5065; x_wconf 78' lang='lat' dir='ltr'><strong>orbem.</strong></span> 
     </span>
    </p>
   </div>
   <div class='ocr_carea' id='block_1_112' title="bbox 1970 5096 3239 5167">
    <p class='ocr_par' dir='ltr' id='par_1_112' title="bbox 1970 5096 3239 5167">
     <span class='ocr_line' id='line_1_112' title="bbox 1970 5096 3239 5167; baseline 0.001 -14"><span class='ocrx_word' id='word_1_673' title='bbox 1970 5097 2099 5154; x_wconf 85' lang='lat' dir='ltr'><strong>Ales</strong></span> <span class='ocrx_word' id='word_1_674' title='bbox 2126 5107 2182 5151; x_wconf 92' lang='lat' dir='ltr'><strong>ut</strong></span> <span class='ocrx_word' id='word_1_675' title='bbox 2211 5097 2446 5151; x_wconf 84' lang='lat' dir='ltr'><strong>extensis</strong></span> <span class='ocrx_word' id='word_1_676' title='bbox 2476 5096 2701 5151; x_wconf 90' lang='lat' dir='ltr'><strong>nitidum</strong></span> <span class='ocrx_word' id='word_1_677' title='bbox 2726 5096 2858 5166; x_wconf 90' lang='lat' dir='ltr'><strong>petit</strong></span> <span class='ocrx_word' id='word_1_678' title='bbox 2879 5112 3001 5152; x_wconf 89' lang='lat' dir='ltr'><strong>aera</strong></span> <span class='ocrx_word' id='word_1_679' title='bbox 3032 5099 3239 5167; x_wconf 90' lang='lat' dir='ltr'><strong>pennis,</strong></span> 
     </span>
    </p>
   </div>
   <div class='ocr_carea' id='block_1_113' title="bbox 1969 5176 3157 5259">
    <p class='ocr_par' dir='ltr' id='par_1_113' title="bbox 1969 5176 3157 5259">
     <span class='ocr_line' id='line_1_113' title="bbox 1969 5176 3157 5259; baseline 0 -14"><span class='ocrx_word' id='word_1_680' title='bbox 1969 5176 2254 5259; x_wconf 77' lang='lat' dir='ltr'><strong>Aspiciens</strong></span> <span class='ocrx_word' id='word_1_681' title='bbox 2284 5188 2454 5259; x_wconf 90' lang='lat' dir='ltr'><strong>plenis</strong></span> <span class='ocrx_word' id='word_1_682' title='bbox 2478 5188 2669 5258; x_wconf 86' lang='lat' dir='ltr'><strong>stipata</strong></span> <span class='ocrx_word' id='word_1_683' title='bbox 2700 5188 2957 5244; x_wconf 78' lang='lat' dir='ltr'><strong>cadavera</strong></span> <span class='ocrx_word' id='word_1_684' title='bbox 2982 5191 3157 5253; x_wconf 87' lang='lat' dir='ltr'><strong>terris.</strong></span> 
     </span>
    </p>
   </div>
   <div class='ocr_carea' id='block_1_114' title="bbox 1968 5272 3265 5349">
    <p class='ocr_par' dir='ltr' id='par_1_114' title="bbox 1968 5272 3265 5349">
     <span class='ocr_line' id='line_1_114' title="bbox 1968 5272 3265 5349; baseline 0.001 -11"><span class='ocrx_word' id='word_1_685' title='bbox 1968 5282 2230 5339; x_wconf 88' lang='lat' dir='ltr'><strong>Carnibus</strong></span> <span class='ocrx_word' id='word_1_686' title='bbox 2258 5272 2589 5348; x_wconf 81' lang='lat' dir='ltr'><strong>incumbens,</strong></span> <span class='ocrx_word' id='word_1_687' title='bbox 2616 5295 2667 5339; x_wconf 86' lang='lat' dir='ltr'><strong>et</strong></span> <span class='ocrx_word' id='word_1_688' title='bbox 2699 5300 2821 5340; x_wconf 82' lang='lat' dir='ltr'><strong>mox</strong></span> <span class='ocrx_word' id='word_1_689' title='bbox 2857 5286 3016 5340; x_wconf 87' lang='lat' dir='ltr'><strong>oblita</strong></span> <span class='ocrx_word' id='word_1_690' title='bbox 3045 5286 3265 5349; x_wconf 88' lang='lat' dir='ltr'><strong>reverti,</strong></span> 
     </span>
    </p>
   </div>
   <div class='ocr_carea' id='block_1_115' title="bbox 1972 5376 3331 5445">
    <p class='ocr_par' dir='ltr' id='par_1_115' title="bbox 1972 5376 3331 5445">
     <span class='ocr_line' id='line_1_115' title="bbox 1972 5376 3331 5445; baseline -0.003 -14"><span class='ocrx_word' id='word_1_691' title='bbox 1972 5377 2255 5434; x_wconf 84' lang='lat' dir='ltr'><strong>Rectorem</strong></span> <span class='ocrx_word' id='word_1_692' title='bbox 2284 5377 2546 5445; x_wconf 84' lang='lat' dir='ltr'><strong>placidum</strong></span> <span class='ocrx_word' id='word_1_693' title='bbox 2573 5379 2842 5433; x_wconf 90' lang='lat' dir='ltr'><strong>communi</strong></span> <span class='ocrx_word' id='word_1_694' title='bbox 2872 5380 2921 5432; x_wconf 91' lang='lat' dir='ltr'><strong>in</strong></span> <span class='ocrx_word' id='word_1_695' title='bbox 2949 5377 3077 5433; x_wconf 88' lang='lat' dir='ltr'><strong>sede</strong></span> <span class='ocrx_word' id='word_1_696' title='bbox 3099 5376 3331 5444; x_wconf 89' lang='lat' dir='ltr'><strong>reliquit.</strong></span> 
     </span>
    </p>
   </div>
   <div class='ocr_carea' id='block_1_116' title="bbox 1971 5470 3261 5539">
    <p class='ocr_par' dir='ltr' id='par_1_116' title="bbox 1971 5470 3261 5539">
     <span class='ocr_line' id='line_1_116' title="bbox 1971 5470 3261 5539; baseline -0.003 -12"><span class='ocrx_word' id='word_1_697' title='bbox 1971 5471 2062 5528; x_wconf 87' lang='lat' dir='ltr'><strong>Sic</strong></span> <span class='ocrx_word' id='word_1_698' title='bbox 2087 5475 2284 5537; x_wconf 89' lang='lat' dir='ltr'><strong>nescis,</strong></span> <span class='ocrx_word' id='word_1_699' title='bbox 2313 5470 2517 5538; x_wconf 64' lang='lat' dir='ltr'><strong>Judaee,</strong></span> <span class='ocrx_word' id='word_1_700' title='bbox 2555 5472 2712 5529; x_wconf 87' lang='lat' dir='ltr'><strong>fidem</strong></span> <span class='ocrx_word' id='word_1_701' title='bbox 2742 5487 2956 5527; x_wconf 88' lang='lat' dir='ltr'><strong>servare</strong></span> <span class='ocrx_word' id='word_1_702' title='bbox 2988 5471 3261 5539; x_wconf 89' lang='lat' dir='ltr'><strong>magistro,</strong></span> 
     </span>
    </p>
   </div>
   <div class='ocr_carea' id='block_1_117' title="bbox 1969 5562 3373 5634">
    <p class='ocr_par' dir='ltr' id='par_1_117' title="bbox 1969 5562 3373 5634">
     <span class='ocr_line' id='line_1_117' title="bbox 1969 5562 3373 5634; baseline -0.001 -15"><span class='ocrx_word' id='word_1_703' title='bbox 1969 5562 2058 5619; x_wconf 88' lang='lat' dir='ltr'><strong>Sic</strong></span> <span class='ocrx_word' id='word_1_704' title='bbox 2077 5577 2292 5619; x_wconf 80' lang='lat' dir='ltr'><strong>carnem</strong></span> <span class='ocrx_word' id='word_1_705' title='bbox 2319 5562 2572 5620; x_wconf 88' lang='lat' dir='ltr'><strong>dimissus</strong></span> <span class='ocrx_word' id='word_1_706' title='bbox 2601 5580 2770 5629; x_wconf 84' lang='lat' dir='ltr'><strong>amas,</strong></span> <span class='ocrx_word' id='word_1_707' title='bbox 2798 5565 2876 5620; x_wconf 87' lang='lat' dir='ltr'><strong>sic</strong></span> <span class='ocrx_word' id='word_1_708' title='bbox 2903 5566 3072 5634; x_wconf 87' lang='lat' dir='ltr'><strong>gratia</strong></span> <span class='ocrx_word' id='word_1_709' title='bbox 3106 5578 3373 5633; x_wconf 89' lang='lat' dir='ltr'><strong>nunquam</strong></span> 
     </span>
    </p>
   </div>
   <div class='ocr_carea' id='block_1_118' title="bbox 1969 5656 3191 5728">
    <p class='ocr_par' dir='ltr' id='par_1_118' title="bbox 1969 5656 3191 5728">
     <span class='ocr_line' id='line_1_118' title="bbox 1969 5656 3191 5728; baseline 0.001 -16"><span class='ocrx_word' id='word_1_710' title='bbox 1969 5656 2189 5712; x_wconf 84' lang='lat' dir='ltr'><strong>Custodi</strong></span> <span class='ocrx_word' id='word_1_711' title='bbox 2216 5658 2337 5712; x_wconf 68' lang='lat' dir='ltr'><strong>vitae</strong></span> <span class='ocrx_word' id='word_1_712' title='bbox 2368 5658 2696 5728; x_wconf 83' lang='lat' dir='ltr'><strong>Dominoque</strong></span> <span class='ocrx_word' id='word_1_713' title='bbox 2722 5658 3032 5726; x_wconf 89' lang='lat' dir='ltr'><strong>rependitur</strong></span> <span class='ocrx_word' id='word_1_714' title='bbox 3063 5657 3191 5713; x_wconf 91' lang='lat' dir='ltr'><strong>ulla.</strong></span> 
     </span>
    </p>
   </div>
   <div class='ocr_carea' id='block_1_119' title="bbox 1974 5750 3231 5823">
    <p class='ocr_par' dir='ltr' id='par_1_119' title="bbox 1974 5750 3231 5823">
     <span class='ocr_line' id='line_1_119' title="bbox 1974 5750 3231 5823; baseline 0.001 -18"><span class='ocrx_word' id='word_1_715' title='bbox 1974 5751 2147 5806; x_wconf 74' lang='lat' dir='ltr'><strong>Mente</strong></span> <span class='ocrx_word' id='word_1_716' title='bbox 2174 5767 2300 5821; x_wconf 82' lang='lat' dir='ltr'><strong>vaga</strong></span> <span class='ocrx_word' id='word_1_717' title='bbox 2331 5752 2408 5808; x_wconf 88' lang='lat' dir='ltr'><strong>sic</strong></span> <span class='ocrx_word' id='word_1_718' title='bbox 2440 5753 2587 5805; x_wconf 76' lang='lat' dir='ltr'><strong>laxus</strong></span> <span class='ocrx_word' id='word_1_719' title='bbox 2609 5754 2743 5817; x_wconf 63' lang='lat' dir='ltr'><strong>aliis,</strong></span> <span class='ocrx_word' id='word_1_720' title='bbox 2774 5752 2850 5805; x_wconf 80' lang='lat' dir='ltr'><strong>sic</strong></span> <span class='ocrx_word' id='word_1_721' title='bbox 2876 5750 3077 5806; x_wconf 73' lang='lat' dir='ltr'><strong>fmdcra</strong></span> <span class='ocrx_word' id='word_1_722' title='bbox 3102 5752 3231 5823; x_wconf 87' lang='lat' dir='ltr'><strong>legis</strong></span> 
     </span>
    </p>
   </div>
   <div class='ocr_carea' id='block_1_120' title="bbox 1974 5844 3322 5915">
    <p class='ocr_par' dir='ltr' id='par_1_120' title="bbox 1974 5844 3322 5915">
     <span class='ocr_line' id='line_1_120' title="bbox 1974 5844 3322 5915; baseline -0.001 -17"><span class='ocrx_word' id='word_1_723' title='bbox 1974 5844 2199 5913; x_wconf 76' lang='lat' dir='ltr'><strong>ltupisti,</strong></span> <span class='ocrx_word' id='word_1_724' title='bbox 2231 5854 2285 5900; x_wconf 87' lang='lat' dir='ltr'><strong>et</strong></span> <span class='ocrx_word' id='word_1_725' title='bbox 2311 5844 2536 5914; x_wconf 87' lang='lat' dir='ltr'><strong>primum</strong></span> <span class='ocrx_word' id='word_1_726' title='bbox 2559 5844 2792 5915; x_wconf 85' lang='lat' dir='ltr'><strong>violasti,</strong></span> <span class='ocrx_word' id='word_1_727' title='bbox 2826 5845 3050 5914; x_wconf 80' lang='lat' dir='ltr'><strong>perfide,</strong></span> <span class='ocrx_word' id='word_1_728' title='bbox 3084 5859 3322 5915; x_wconf 78' lang='lat' dir='ltr'><strong>paetum.</strong></span> 
     </span>
    </p>
   </div>
  </div>
