4124 6350
603 380 708 438 355
1873 368 1930 422 S.
1972 363 2153 421 AVITI
2197 360 2594 418 VtENNltNSIS
3750 353 3841 409 356

672 492 951 563 Temporis
979 498 1034 545 ut
1061 488 1230 560 spatio
1258 486 1440 541 senior
1465 483 1678 554 collegit
1704 483 1933 536 inertem

607 590 720 646 Jam
743 586 975 658 potuisse
996 582 1124 637 satis
1153 594 1371 635 corvum
1400 593 1460 633 se
1486 577 1710 632 reddere
1731 574 2005 636 claustris,

605 681 819 752 Ignarus
841 675 972 730 lardi
998 672 1222 736 reditus,
1256 684 1538 739 causaeque
1569 665 1835 731 morandi,

602 772 678 826 Ne
706 770 813 823 fors
840 766 1043 820 innexis
1066 763 1263 817 fessum
1288 759 1679 829 consumpserit
1703 757 1824 821 alis,

602 859 845 913 Junxcrit
874 864 927 910 et
950 854 1156 909 cunctis
1182 851 1523 922 pereuntibus
1551 849 1691 903 unda
1718 858 2006 901 recurrens
2029 859 2043 896 :

605 951 857 1005 Protinus
882 947 1146 1000 albentem
1180 943 1340 996 mittit
1369 942 1436 996 de
1463 941 1587 995 sede
1610 938 1935 994 columbam.

602 1043 691 1096 Illa
716 1038 1069 1108 memorjussi
1101 1035 1285 1105 rapido
1312 1034 1441 1104 petit
1470 1047 1594 1087 arva
1622 1032 1825 1097 volatu,

604 1131 964 1200 Paciferaeque
989 1128 1177 1183 videns
1204 1141 1408 1181 ramum
1436 1124 1715 1179 viridantis
1740 1122 1918 1185 olivae,

606 1224 872 1292 Decerpit,
901 1222 1122 1291 mitique
1154 1220 1318 1275 refert
1346 1219 1408 1271 ad
1440 1217 1650 1271 condita
1676 1227 1870 1270 rostro.

604 1314 722 1369 Tali
750 1315 952 1384 legatus
978 1311 1207 1366 firmavit
1238 1309 1441 1364 fcedera
1464 1306 1691 1374 simplex

608 1406 831 1473 Indicio,
864 1418 1161 1475 purumque
1194 1402 1312 1471 pius
1341 1401 1420 1453 sic
1438 1397 1701 1475 comperit
1726 1395 1932 1450 orbem.

681 1499 888 1568 integer
914 1510 1187 1551 emensum
1217 1492 1459 1548 vertebat
1486 1474 1721 1545 circinus
1744 1501 1966 1549 annum,

606 1593 722 1665 Quo
751 1591 872 1646 felix
892 1590 1177 1643 claustrum
1206 1585 1457 1656 spirantia
1488 1591 1675 1637 cuncta
1709 1579 1925 1635 tenebat
1950 1619 1964 1641 ,

605 1691 737 1747 Tum
765 1692 912 1759 pater
933 1682 1121 1734 ablatis
1151 1680 1376 1735 obducta
1398 1676 1651 1746 repagula
1679 1674 1843 1728 serris

605 1781 814 1845 Pandit,
837 1787 891 1834 et
913 1773 1130 1833 inclusis
1154 1771 1426 1825 desuetum
1454 1767 1679 1822 reddere
1708 1766 1873 1820 solem

605 1874 813 1942 lncipit,
840 1871 999 1927 effeto
1031 1870 1250 1924 redeant
1278 1871 1334 1922 ut
1360 1861 1566 1919 semina
1599 1857 1821 1911 mundo.

605 1966 742 2022 Ante
765 1973 941 2018 tamen
971 1963 1152 2017 Justus
1178 1962 1361 2031 jubeat
1391 1967 1548 2030 quam
1581 1965 1765 2019 Sparsa
1798 1948 1999 2018 vagari,

605 2059 820 2131 Singula
852 2058 917 2112 de
946 2067 1171 2125 septem,
1196 2070 1313 2124 qua:
1339 2053 1535 2107 dudum
1567 2044 1817 2104 clautittre
1848 2040 2038 2094 munda
2085 2107 2094 2116 η

605 2156 842 2220 Curavit,
870 2154 1008 2209 natis
1032 2151 1247 2222 pariter,
1279 2149 1608 2215 nuribusque
1640 2146 1859 2208 vocatis,

605 2247 819 2315 Cespite
851 2252 1151 2300 constructa
1183 2242 1473 2309 disponens
1500 2236 1741 2290 immolat
1764 2249 1878 2298 ara,

609 2336 922 2393 Accendens
943 2343 1158 2389 sanctos
1184 2332 1265 2386 his
1296 2329 1524 2399 primum
1557 2325 1812 2380 altaribus
1841 2324 2009 2392 ignes.

611 2428 843 2483 Plurima
866 2425 991 2480 dum
1023 2423 1227 2493 magnis
1257 2421 1539 2476 adolentur
1559 2431 1784 2488 corpora
1813 2414 2041 2469 ﬂammis

612 2523 676 2577 Et
707 2535 989 2576 numerosa
1022 2519 1160 2573 levat
1187 2516 1546 2587 prtepinguem
1572 2513 1781 2568 victima
1812 2511 2045 2574 fumum;

608 2616 798 2671 Suavis
818 2613 952 2668 odor
978 2612 1158 2667 laetum
1193 2609 1360 2680 tetigit
1388 2619 1533 2663 trans
1557 2608 1755 2661 aethera
1785 2606 2005 2671 caelum,

609 2709 890 2778 Primaque
917 2705 1126 2776 purgati
1149 2711 1393 2773 suscepta
1424 2711 1507 2757 est
1538 2701 1710 2754 hostia
1736 2700 1940 2754 mundi.

609 2801 758 2854 Tunc
783 2799 890 2869 igni
920 2796 1181 2867 permixta
1211 2809 1363 2849 sacro
1391 2809 1493 2846 vox
1526 2794 1734 2847 intonat
1758 2793 1875 2846 ista.

612 2890 876 2944 Ilactenus
898 2886 1127 2941 infectus
1151 2885 1394 2955 contagia
1428 2883 1647 2937 traxerit
1674 2884 1841 2945 orbis,

612 2980 855 3035 Sufficiat
883 2993 1136 3048 regnasse
1166 2978 1334 3043 nefas,
1365 2976 1615 3031 mundata
1642 2978 1867 3031 lavando

616 3072 877 3140 Perpetuo
904 3070 1070 3123 niteat
1102 3068 1278 3133 tellus,
1312 3068 1594 3137 vultusque
1620 3067 1871 3122 reductos

608 3161 929 3218 Contineant
955 3161 1213 3214 elementa
1243 3174 1368 3213 suos
1394 3177 1406 3210 :
1442 3158 1579 3221 haud
1606 3159 1836 3227 amplius
1863 3158 1985 3213 ullis

617 3252 928 3309 Perturbata
957 3251 1107 3305 malis
1128 3251 1298 3305 moles
1321 3249 1585 3322 mundana
1605 3251 1833 3304 fatiscat.

619 3344 723 3400 Vos
752 3358 984 3413 quoque,
1014 3357 1148 3413 quos
1174 3341 1305 3397 lethi
1332 3342 1555 3396 salvavit
1593 3351 1830 3410 tempore
1858 3342 1983 3404 vita,

621 3438 953 3506 lntactosque
982 3444 1170 3490 tenens
1199 3448 1325 3489 casu
1352 3433 1585 3488 defendit
1614 3434 1682 3487 ab
1710 3432 1878 3499 omni,

621 3528 801 3585 Ducite
829 3543 1071 3584 securum
1100 3528 1326 3583 servatis
1351 3527 1558 3596 legibus
1588 3542 1755 3581 aevum
1782 3543 1797 3579 :

620 3620 830 3689 Vosque
856 3630 1014 3689 caput
1032 3619 1243 3689 generis
1274 3619 1499 3674 fecundo
1528 3620 1734 3673 semine
1764 3620 1963 3688 prolem

620 3711 885 3781 Spargite,
914 3709 1163 3763 ditiusum
1185 3709 1288 3763 late
1317 3725 1433 3779 qua:
1462 3710 1727 3778 compleat
1750 3710 1959 3774 orbem,

624 3802 863 3856 Dcletum
896 3802 1155 3853 instauret
1183 3814 1483 3864 numerum,
1515 3799 1816 3855 dominetur
1838 3811 1891 3853 et
1916 3800 2056 3854 orbi.

624 3891 824 3946 Fertile
849 3891 976 3959 quin
999 3890 1158 3945 etiam
1181 3890 1407 3943 reddent
1436 3881 1725 3945 animantia
1754 3906 1993 3959 germen,

624 3981 772 4049 Quod
795 3991 969 4036 tamen
999 3980 1247 4035 inflexum
1277 3980 1622 4035 famulabitur
1651 3982 1838 4039 ordine
1865 3984 2038 4051 prisco
2068 4000 2080 4035 :

625 4077 846 4143 Insuper
866 4081 922 4128 et
944 4073 1101 4127 terris
1126 4087 1190 4126 ex
1216 4074 1317 4126 hoc
1341 4072 1449 4141 jam
1473 4087 1576 4126 non
1600 4074 1699 4127 erit
1724 4076 1855 4127 ultra

624 4164 884 4219 Diluvium
913 4177 1160 4233 regnans,
1193 4178 1408 4218 carnem
1451 4164 1591 4235 quod
1621 4173 1864 4220 conterat
1889 4179 2122 4221 omnem.

626 4256 797 4311 Unum
824 4256 966 4325 quod
999 4254 1174 4313 fuerit.
1208 4256 1361 4323 signo
1388 4259 1773 4312 monstrabitur
1796 4273 1921 4313 uno.

624 4348 731 4403 Nec
761 4348 988 4403 similem
1020 4352 1241 4416 repetita
1272 4364 1453 4403 necem
1487 4359 1699 4417 p"ccata
1730 4351 2019 4416 videlutut;

1584 4537 2049 4708 LIBER
2134 4597 2898 4732 QUINTUS.

2206 476 2255 536 Α
2289 475 2353 528 Et
2381 476 2423 526 si
2445 475 2644 527 crimen
2677 471 2797 531 erit,
2833 475 3005 521 terror
3032 480 3138 520 non
3166 465 3366 520 del‘oret
3396 466 3547 519 alter.

2284 567 2369 621 Sic
2401 580 2561 618 ttuttm
2592 562 2996 633 genitorjurans
3020 558 3283 626 baptisma
3310 555 3584 617 sacrabat,

2290 656 2358 713 Ut
2380 657 2546 711 semel
2574 656 2812 709 ablutqu
2844 651 3073 723 lymphis
3095 649 3446 720 purgantibus
3473 648 3680 715 orbem,

2284 750 2373 807 Sic
2398 766 2617 821 sperare
2648 763 2769 804 reos
2800 750 3069 802 lavacrum
3101 759 3207 798 non
3248 756 3408 812 posse
3434 744 3749 796 secundum.

2356 842 2448 895 Vix
2483 840 2650 894 tribus
2680 840 2882 893 exactis
2902 836 3020 891 εωιί
3047 836 3156 903 jam
3184 834 3424 902 partibus
3453 833 3564 887 ibat

2287 932 2487 987 Pronus
2519 932 2569 984 in
2603 944 2847 983 occasum
2876 927 3079 991 radius,
3102 941 3225 980 cum
3258 924 3397 979 forte
3420 933 3678 979 remotam

2286 1031 2397 1079 Axe
2427 1025 2526 1078 sub
2552 1040 2651 1078 eoo
2671 1025 2846 1091 jussus
2876 1020 3186 1090 contingere
3206 1018 3401 1073 nubem
3420 1057 3434 1080 ,

2260 1106 2509 1170 'Protulit
2532 1128 2817 1169 excussum
2851 1111 3150 1167 madefacto
3180 1126 3246 1165 ex
3278 1124 3403 1164 aere
3429 1109 3661 1177 signum,

2284 1214 2453 1263 Arcus
2478 1218 2533 1262 et
2554 1205 2793 1270 emicuit,
2823 1218 2942 1272 qua:
2971 1218 3113 1257 nunc
3130 1201 3518 1257 Thaumantida
3542 1200 3701 1256 Graia

2284 1303 2406 1356 irim
2436 1301 2694 1355 Romuleo
2724 1300 2959 1353 vocitant
2989 1310 3240 1352 sermone
3274 1306 3467 1365 poclm.

2285 1394 2551 1449 Pendulus
2576 1391 2847 1461 obliquum
2875 1390 3044 1444 solem
3074 1404 3195 1444 cum
3219 1388 3451 1442 senserit
3482 1386 3690 1453 humor,

2287 1486 2557 1555 Ancipites
2578 1486 2728 1539 vario
2757 1485 2917 1537 mittit
2944 1482 3230 1552 splendore
3250 1482 3458 1536 colores
3483 1496 3498 1534 :

2284 1579 2392 1632 Nec
2420 1592 2701 1631 numerare
2726 1592 2916 1645 queas,
2942 1577 3019 1631 sic
3048 1576 3240 1629 mixtos
3261 1574 3461 1628 lumine
3486 1573 3629 1626 visus

2287 1668 2516 1723 llludunt
2544 1668 2687 1721 dubii
2713 1668 2939 1722 diversis
2969 1667 3203 1721 vultibus
3233 1666 3413 1730 orbes,

2287 1761 2687 1830 Sapphitusquc
2710 1762 2915 1825 virens,
2939 1760 3255 1823 maculosus,
3290 1760 3547 1825 caerulus,
3578 1757 3752 1823 albus,

2206 1839 2257 1898 ⁸
2285 1856 2616 1923 Purpureum
2641 1857 2704 1908 de
2735 1855 2872 1908 nube
2902 1854 3082 1917 trahit,
3111 1852 3177 1906 de
3206 1854 3319 1907 sole
3344 1866 3625 1907 coruscum

2288 1948 2361 2002 De
2391 1947 2527 1999 malo
2550 1946 2796 2008 nitidum,
2822 1945 2888 2000 de
2918 1954 3057 1999 terra
3089 1945 3250 1998 sumit
3279 1953 3332 1997 et
3353 1951 3548 2009 atrum,

2180 2040 2197 2053 ‘
2285 2040 2350 2093 Et
2381 2049 2555 2092 tamen
2585 2038 2847 2106 abjunctis
2877 2052 2994 2106 quae
3022 2046 3267 2089 constant
3302 2033 3417 2088 haec
3437 2034 3731 2096 clementis,

2286 2130 2374 2187 Sic
2402 2132 2606 2185 diversa
2640 2142 2809 2199 putes,
2846 2142 2900 2183 ut
2922 2129 3299 2184 concordantia
3325 2142 3514 2183 cernas
3542 2144 3555 2180 :

2289 2223 2433 2277 lianc
2463 2222 2686 2275 formam
2718 2223 2871 2291 signo
2901 2220 3120 2289 trepidis
3144 2219 3463 2274 mortalibus
3493 2232 3648 2273 arcus

2289 2315 2540 2369 Praestitit
2569 2330 2689 2369 esse
2720 2314 2880 2378 Deus,
2902 2314 3221 2382 promittens
3246 2311 3386 2366 nube
3412 2324 3679 2372 serenum,

2286 2410 2542 2478 Nullaque
2567 2409 2676 2477 jant
2712 2408 2867 2461 terris
2889 2407 3085 2461 debere
3106 2407 3340 2474 pericula
3371 2405 3563 2460 caelum

2356 2510 2511 2564 Nunc
2538 2504 2839 2574 quicunque
2864 2502 3013 2569 cupis
3042 2515 3220 2555 veram
3248 2512 3463 2554 servare
3489 2498 3737 2560 salutem,

2289 2603 2423 2659 lllud
2452 2604 2709 2671 SIISpiCieS
2737 2602 2968 2670 signum,
2993 2593 3134 2668 quod
3157 2595 3303 2666 signa
3337 2592 3585 2659 figurant.

2289 2697 2525 2766 Namque
2547 2695 2701 2749 dator
2731 2694 2851 2747 vitae
2880 2692 3135 2761 praemisit
3157 2692 3278 2743 talia
3303 2689 3563 2751 Christus,

2291 2791 2353 2844 Et
2382 2787 2645 2857 geminata
2678 2782 2824 2838 dedit
2847 2782 3139 2835 substantia
3166 2779 3504 2833 salvatorem.

2291 2881 2346 2934 In
2372 2878 2531 2933 terris
2559 2883 2785 2944 sumpta:
2810 2873 2973 2928 nitida
3002 2872 3069 2926 de
3097 2872 3299 2941 virgine
3328 2870 3476 2925 carni

2290 2971 2556 3029 Naturalis
2587 2971 2727 3025 inest
2754 2966 2925 3037 patrio
2947 2966 3013 3019 de
3044 2965 3282 3033 germine
3303 2962 3477 3031 fulgor
3502 2979 3521 3039 ξ,

2292 3066 2360 3121 Et
2386 3065 2593 3121 medius
2621 3061 2834 3131 quidam
2861 3058 3121 3114 mediator
3146 3058 3199 3111 in
3223 3056 3423 3111 tcthere
3452 3054 3598 3109 celso

2236 3220 2259 3243 η
2296 3162 2512 3215 Munere
2539 3157 2854 3213 multimodo
2885 3154 3086 3214 varius,
3115 3151 3207 3206 sed
3235 3148 3465 3218 lulgidus
3496 3146 3661 3209 omni,

2216 3223 2261 3283 Ο
2293 3253 2519 3307 Vitalem
2548 3258 2811 3305 monstrat
2834 3247 3025 3303 sacrati
3050 3244 3285 3316 pignoris
3307 3256 3509 3295 arcum.

2294 3345 2454 3398 lsluut
2478 3342 2639 3396 corde
2663 3342 2801 3406 vide,
2830 3339 3067 3409 quisquis
3100 3338 3417 3406 baptismate
3446 3333 3585 3385 lotus

2296 3433 2376 3487 Ad
2407 3432 2599 3487 caelum
2631 3431 2766 3485 liber
2791 3430 2961 3499 culpis
2990 3423 3332 3494 pereuntibus
3359 3420 3501 3476 exis.

2297 3525 2428 3580 Nam
2462 3524 2590 3589 legis
2621 3523 2786 3575 forma
2819 3534 2933 3584 vos,
2969 3517 3134 3586 inquit
3166 3513 3470 3583 Apostolus,
3504 3510 3602 3566 ista

2297 3618 2533 3675 Salvabit
2560 3620 2847 3679 lavacrum,
2880 3613 3037 3681 prisci
3069 3627 3190 3666 cum
3223 3620 3463 3678 tempore
3488 3607 3600 3662 Noe

2299 3711 2586 3764 Conclusas
2610 3705 2766 3775 lignis
2788 3705 2993 3756 animas
3018 3700 3349 3781 describeret
3372 3708 3515 3752 octo.

2299 3800 2583 3868 Comparat
2610 3797 2696 3849 ille
2726 3794 2927 3858 datum,
2954 3803 3007 3846 tu
3037 3807 3259 3846 servans
3288 3790 3447 3857 dilige
3475 3790 3692 3853 donum,

2304 3893 2411 3945 Iloc
2442 3890 2574 3943 votis
2607 3888 2960 3955 precibusque
2983 3897 3198 3953 gerens,
3233 3872 3333 3936 hoc
3352 3880 3564 3935 fletibus
3587 3889 3789 3948 optans,

2302 3986 2375 4040 Ne
2396 3983 2614 4038 redeant
2638 3990 2847 4050 peccata
2880 3980 2995 4043 tibi,
3021 3993 3085 4030 ue
3114 3991 3286 4030 mersa
3314 3976 3570 4039 leventur,

2304 4076 2502 4129 Mortua
2531 4089 2596 4128 ne
2619 4080 2853 4137 surgant,
2874 4085 2940 4123 ne
2968 4068 3231 4123 debellata
3254 4065 3539 4129 rebellent,

2303 4167 2377 4221 Ne
2403 4175 2518 4236 post
2546 4167 2777 4218 ablutum
2806 4161 3017 4215 valeant
3042 4158 3349 4212 discrimina
3378 4156 3603 4218 crimen,

2307 4261 2370 4314 Et
2398 4259 2659 4312 flammam
2695 4259 2898 4317 timeas,
2930 4252 3050 4321 quia
3072 4252 3181 4317 jam
3215 4264 3316 4302 non
3346 4249 3580 4317 suppetit
3606 4246 3758 4299 unda.

2936 4458 3657 4499 H~___._____'____...
3690 4471 3853 4496 ,..———e

1791 4764 1877 4818 DE
1917 4764 2256 4822 TRANSI'I‘U
2294 4765 2504 4819 MARIS
2544 4762 2771 4817 RUBRI.

701 4908 966 4963 llactenus
996 4906 1046 4959 in
1081 4904 1240 4960 terris
1266 4902 1431 4958 undas
1462 4904 1696 4973 patuisse
1723 4905 1935 4958 canenti

634 5000 851 5054 Terram
880 4998 1017 5051 inter
1043 4996 1233 5050 fluctus
1261 4994 1434 5063 aperit
1461 5009 1603 5047 nunc
1624 4995 1875 5049 carminis
1902 4994 2055 5048 ordo.

637 5092 745 5145 Illic
773 5089 1026 5143 diluvium
1053 5102 1188 5157 quos
1220 5086 1467 5156 perderet
1496 5094 1618 5139 ante
1646 5085 1850 5153 petivit,

631 5183 778 5236 Nunc
801 5180 863 5233 ad
896 5178 1150 5233 diluvium
1170 5177 1329 5246 pleno
1354 5190 1610 5230 succensa
1635 5175 1816 5231 furore

629 5275 831 5343 Sponte
859 5286 952 5325 sua
975 5279 1192 5325 current
1216 5268 1461 5335 peritura:
1494 5266 1658 5319 millia
1685 5266 1877 5333 gentis.

631 5370 686 5422 Si
719 5382 821 5420 non
847 5373 903 5420 ut
926 5363 1142 5432 dignum
1168 5361 1303 5415 tanti
1327 5360 1590 5427 praeconia
1615 5359 1737 5412 facti

631 5460 911 5529 Eloquium
939 5464 1176 5524 captent,
1200 5452 1380 5507 divina
1412 5452 1463 5505 in
1494 5450 1647 5504 laude
1672 5451 1920 5505 voluntas

631 5550 856 5611 Sufficit,
888 5559 942 5603 et
972 5546 1169 5602 famulo
1198 5543 1480 5598 monstrari
1515 5557 1736 5597 munere
1762 5553 1959 5598 votum.

633 5641 781 5707 Quod
803 5640 847 5693 si
875 5640 992 5708 quis
1016 5646 1245 5708 nequeat
1264 5635 1437 5690 verbis
1459 5634 1762 5705 persolvere
1791 5644 1986 5702 grates,

636 5732 749 5785 Non
778 5730 1049 5783 tninimum
1079 5730 1285 5789 virtutis
1317 5726 1475 5782 habet
1500 5726 1579 5779 vel
1611 5725 1831 5779 credere
1853 5727 2039 5794 gestis,

634 5824 787 5895 Signa
809 5836 905 5887 per
927 5820 1121 5877 electos
1151 5834 1267 5887 qua:
1300 5833 1577 5887 perrexere
1598 5818 1823 5883 priores.

2232 4907 2287 4968 1)
2314 4902 2368 4954 In
2399 4898 2588 4967 quibus
2619 4897 2832 4952 excellit
2859 4896 3013 4965 longe
3037 4895 3373 4963 praestantius
3396 4892 3544 4959 illud,

2308 4991 2459 5059 Quod
2492 4991 2678 5059 pelago
2706 5000 2911 5056 gestum
2942 4987 3120 5041 Rubro
3147 4986 3499 5040 celeberrima
3531 4981 3728 5052 perfert

2309 5084 2637 5151 Scriptorum
2669 5084 2857 5145 series,
2890 5080 2941 5134 in
2969 5083 3119 5147 cujus
3148 5079 3383 5147 pondere
3410 5092 3565 5130 sacro

2309 5175 2600 5229 Causarum
2632 5187 2781 5241 mage
2808 5172 2995 5240 pignus
3026 5179 3160 5233 erat,
3186 5169 3568 5239 pulchramque
3594 5164 3759 5219 relatu

2314 5265 2591 5320 Pulchrior
2611 5275 2893 5332 exsuperat
2917 5263 3204 5332 praemissae
3233 5261 3397 5315 forma
3424 5259 3629 5321 salutis,

2313 5359 2560 5413 llistoriis
2586 5374 2703 5427 qua:
2735 5372 2919 5425 magna
2945 5365 3096 5420 satis,
3127 5355 3404 5422 majorque
3434 5352 3634 5421 figuris,

2308 5449 2632 5515 Conceptatu
2661 5431 2878 5516 gravido
2907 5445 3109 5513 peperit
3138 5445 3206 5500 de
3234 5445 3461 5513 tegmine
3487 5447 3663 5497 vitam.

2379 5541 2639 5601 Sustinuit
2666 5539 2828 5593 duros
2858 5548 3077 5591 externa
3109 5540 3158 5590 in
3189 5537 3316 5591 sede
3336 5536 3573 5601 labores,

2309 5632 2442 5683 Dum
2476 5629 2756 5684 Pelusiacus
2785 5630 3009 5683 serviret
3038 5630 3244 5683 subdita
3271 5628 3437 5696 genti,

2310 5726 2463 5778 Plebs
2494 5738 2741 5793 oppressa
2771 5725 2858 5777 diu
2885 5739 2896 5774 :
2925 5723 3071 5776 densi
3104 5736 3259 5791 quam
3292 5722 3524 5789 pondere
3554 5730 3714 5783 coam,

2309 5818 2371 5870 Et
2404 5819 2622 5869 laterum
2654 5818 2909 5877 numeris.
2933 5815 3108 5879 oneris
3144 5828 3393 5869 mensura
3422 5814 3593 5868 diurni
