4124 6350
353 262 453 320 557
773 217 780 221 ’
1629 260 2009 319 poenarum
2050 265 2251 321 LIBER
2293 267 2354 320 v.
3523 277 3629 334 558

358 376 615 432 Afflictam
647 375 768 428 srvi
803 375 1024 430 vexabat
1056 374 1241 430 fraude
1271 377 1505 448 tyranni.

355 471 577 526 lnvisam
611 469 823 523 sibimet
852 468 1104 523 frendens
1127 471 1214 537 qui
1244 485 1488 524 crescere
1520 470 1751 537 turbam,

357 561 552 631 Augeri
578 561 747 615 doluit
779 562 1018 616 famulos.
1053 562 1180 616 Nam
1203 562 1455 632 jusserat,
1487 574 1542 617 ut
1572 565 1658 618 lux

357 656 586 711 Vidisset
612 671 959 725 quoscunque
986 673 1182 726 mares,
1217 673 1336 711 mox
1362 659 1515 713 docta
1551 671 1766 714 necaret

354 746 542 802 Omnis
571 763 726 812 anus,
759 759 1046 819 natumque
1079 758 1282 818 premat
1312 750 1527 805 solertia
1561 766 1773 806 sexum.

356 840 461 896 Sed
487 849 660 894 tamen
691 856 890 894 aversa:
923 840 1168 910 fugerunt
1198 841 1320 894 talia
1352 851 1572 905 matres,

355 937 529 1003 Atque
557 935 863 988 interdictos
889 934 1186 990 detrectant
1219 936 1442 1004 perdere
1466 936 1619 1000 fetus,

359 1025 681 1080 Persistente
701 1037 819 1078 Ὸυο
852 1026 1059 1096 plebem
1085 1027 1384 1082 diffundere
1412 1038 1646 1082 sanctam
1679 1049 1689 1081 :

356 1119 578 1188 Quoque
609 1123 774 1188 mags
797 1135 942 1172 mens
972 1135 1110 1174 caeca
1143 1121 1303 1174 trahit
1325 1122 1560 1175 crudelia
1596 1132 1734 1186 \ota,

359 1209 468 1265 Iloc
491 1211 612 1279 plus
639 1222 950 1264 accrescunt
981 1222 1179 1265 tenerae
1213 1213 1503 1280 primordia
1525 1213 1720 1283 gentis.

427 1304 647 1359 Viderat
676 1305 874 1359 interea
903 1303 1131 1360 Genitor
1152 1305 1218 1360 de
1244 1307 1372 1361 sede
1398 1321 1650 1376 superna,

357 1395 727 1466 Afflictamque
752 1412 966 1450 manum
997 1397 1206 1467 placido
1232 1409 1576 1468 prospexerat
1605 1380 1717 1453 ore.

357 1486 472 1541 Jam
499 1503 652 1543 sacer
675 1490 930 1542 innocuas
957 1489 1180 1544 dederat
1211 1490 1278 1544 de
1305 1489 1486 1545 fomite
1516 1490 1778 1556 ﬂammas,

362 1580 426 1634 Et
452 1580 618 1634 rubus
647 1583 697 1633 in
730 1582 894 1636 rubeo
921 1582 1105 1636 viridis
1136 1597 1499 1650 permanserat
1530 1593 1696 1647 :estn;

355 1672 475 1738 Quo
496 1673 647 1742 signo
675 1675 856 1743 spinas
887 1687 1080 1731 nostra:
1114 1677 1410 1748 fervescere
1442 1678 1652 1740 mentis,

362 1763 428 1816 Et
457 1764 637 1818 lucere
669 1767 756 1833 pio
784 1768 870 1834 qui
905 1782 1008 1820 non
1041 1780 1378 1823 consumeret
1414 1770 1554 1836 igne,

362 1855 597 1912 Devotus
628 1870 809 1913 nosset
836 1862 1032 1914 sanctis
1061 1864 1114 1916 in
1141 1861 1387 1916 cordibus
1417 1862 1593 1914 ardor.

367 1948 511 2004 Ilicet
540 1950 692 2004 electi
724 1961 870 2005 vales
902 1953 1144 2006 mandata
1178 1953 1433 2017 ferebant,

367 2044 636 2112 Depromit
672 2046 779 2113 regi
810 2061 926 2098 cum
960 2047 1163 2114 primus
1199 2047 1314 2098 talia
1349 2047 1522 2100 Moses
1555 2061 1565 2096 :

359 2137 574 2190 Servitii
607 2140 760 2206 longo
792 2139 1038 2190 lassatam
1075 2138 1305 2206 pondere
1340 2139 1569 2206 plebem,

353 2227 654 2297 Oppressos
681 2228 922 2296 cophinis
956 2228 1225 2286 humeros.
1257 2231 1539 2298 attritaque
1569 2229 1726 2298 colla,

353 2321 608 2390 Quasque
639 2337 770 2387 opus
802 2320 1075 2374 assiduum
1114 2321 1228 2374 fecit
1265 2320 1549 2374 durescere
1580 2322 1803 2390 palmas.

351 2411 594 2467 Laxandi
616 2411 726 2480 jam
755 2423 963 2480 tempus
995 2413 1145 2464 adest
1175 2429 1188 2463 :
1222 2411 1429 2466 dimitte
1461 2422 1737 2482 precantes

350 2503 597 2559 Tandem
629 2503 834 2558 caelesti
863 2501 1082 2558 Domino
1109 2507 1416 2572 persolvere
1448 2515 1590 2569 vota,

348 2599 422 2653 Et
453 2599 725 2669 complere
755 2600 908 2654 datos
948 2601 1121 2667 patrio
1151 2598 1517 2653 moderamine
1549 2598 1698 2651 ritus.

429 2694 527 2750 llle
554 2694 787 2749 fremens
819 2694 1023 2760 inquit:
1057 2695 1186 2763 Qum
1217 2695 1344 2747 tanti
1375 2709 1534 2749 causa
1568 2695 1839 2753 tumultus,

345 2792 556 2861 Quisve
587 2805 751 2844 novus
784 2794 1031 2860 populum
1066 2791 1202 2843 Deus
1234 2791 1395 2858 exigit
1426 2790 1603 2860 omine
1635 2789 1842 2844 misso?

343 2886 576 2942 Scilicet
607 2884 686 2938 Ine
711 2898 891 2937 vacuae
923 2893 1142 2952 tangunt
1171 2884 1408 2936 cmleStia
1438 2900 1596 2944 curm,

342 2978 422 3034 Ut
459 2976 719 3031 Dominus
745 2974 974 3029 dominis
1009 2975 1231 3027 lamulos
1263 2987 1402 3026 nunc
1436 2973 1624 3028 tollere
1655 2973 1858 3044 priscos

340 3070 567 3135 Vellet,
598 3081 649 3123 et
680 3069 746 3122 ad
781 3067 1012 3122 tumidos
1041 3068 1214 3120 mittat
1242 3065 1486 3120 mandata
1520 3066 1770 3120 rebelles.

337 3162 488 3229 Quis
525 3161 664 3215 Deus
695 3161 796 3214 iste
824 3161 978 3216 foret,
1009 3160 1088 3209 cui
1120 3173 1204 3211 me
1237 3173 1424 3223 parcre
1455 3161 1674 3212 necesse
1702 3159 1826 3212 est?

302 3240 304 3242 ν
334 3258 457 3313 Αυι
491 3255 722 3324 sceptris
749 3254 893 3306 celso
919 3251 1042 3320 quid
1077 3251 1410 3304 iorlltitlalﬁlt:
1441 3252 1590 3320 regi?

331 3347 452 3405 Sed
490 3355 700 3402 vestras
731 3344 952 3398 nimium
986 3343 1245 3397 seducunt
1275 3346 1380 3398 otia
1413 3356 1619 3397 mentes
1650 3360 1664 3408 ;

333 3443 404 3496 Et
435 3441 553 3498 nisi
583 3441 788 3495 laxatos
812 3441 1020 3507 requies
1047 3454 1297 3493 concessa
1332 3439 1552 3502 foveret,

325 3535 506 3590 Nulla
544 3532 889 3602 supervacuis
929 3541 1230 3586 tererentur
1259 3539 1501 3598 tempora
1534 3529 1730 3583 verbis.

324 3630 476 3696 Qum
509 3626 560 3680 si
593 3627 860 3696 castigans
886 3626 1167 3693 restringat
1200 3625 1404 3677 sarcina
1437 3622 1627 3691 major,

322 3722 580 3778 lllicitus
616 3718 836 3772 vetitum
880 3718 1058 3770 conari
1092 3717 1303 3772 desinet
1342 3731 1520 3770 ausus.

320 3818 399 3872 At
434 3829 554 3868 vos
589 3810 848 3882 signifero
874 3813 960 3881 qui
996 3810 1116 3862 talia
1149 3819 1265 3862 vota
1293 3811 1484 3862 ducatu

314 3907 646 3965 lnstruitis.
680 3920 816 3957 vano
841 3913 894 3957 et
923 3903 1131 3972 plebem
1163 3903 1466 3955 subvertitis
1499 3917 1592 3956 ore
1613 3946 1626 3970 ,

317 4003 690 4070 Conspectus
723 3997 882 4048 vitate
913 4011 1082 4058 meos,
1115 3995 1424 4060 vultumque
1455 4001 1662 4047 cavete.

315 4094 518 4147 Ditem
553 4103 787 4157 namque
817 4087 1050 4149 Pharon,
1084 4086 1164 4138 vel
1208 4085 1590 4153 pollentissime
1621 4099 1808 4140 cursus

311 4185 571 4245 Testor,
608 4181 756 4240 Nile,
795 4186 941 4244 tuos,
973 4189 1025 4231 et
1052 4178 1184 4230 divm
1217 4178 1358 4232 vocis
1390 4176 1628 4229 Anubem

303 4277 464 4329 Cum
499 4270 737 4328 rabidus
768 4270 946 4333 latrat,
975 4271 1080 4339 jam
1116 4285 1220 4321 non
1252 4269 1468 4335 impune
1500 4268 1756 4332 fulurttm,

306 4368 369 4423 Si
408 4375 689 4418 nostrum
720 4377 906 4414 rursus
936 4370 1177 4429 repetant
1214 4362 1323 4413 ha-c
1355 4361 1495 4412 dicta
1533 4359 1783 4416 trihttnal.

387 4435 646 4525 Virgarn
673 4455 812 4507 forte
842 4467 998 4507 manu
1025 4454 1266 4522 gestabat
1295 4455 1480 4522 legifer
1513 4453 1690 4513 beros,

300 4554 437 4622 Quo
477 4549 696 4606 baculo
721 4551 896 4602 nitens
926 4562 1167 4618 gressum
1196 4549 1320 4600 dum
1350 4555 1533 4601 dextra
1563 4549 1797 4618 regebat,

295 4644 570 4702 Excutit
602 4643 740 4694 hanc
771 4640 945 4694 valido
975 4641 1262 4710 proiectam
1295 4641 1536 4693 Cominus
1569 4643 1692 4693 ictu.

292 4740 456 4792 Tum
497 4733 719 4788 mirum
753 4733 926 4795 dictu,
954 4740 1277 4785 commotum
1308 4747 1522 4800 serpere
1548 4733 1766 4798 lignum,

287 4831 427 4886 Non
474 4823 851 4880 insensibiles
877 4838 971 4876 ceu
1005 4822 1198 4888 promit
1221 4823 1441 4891 palmite
1472 4836 1647 4874 ramos

291 4927 319 4971 \
346 4923 429 4974 it:
478 4929 737 4971 mm'ens
770 4921 970 4966 tantum
1005 4927 1138 4982 quos
1166 4922 1383 4981 prrestat
1422 4927 1662 4967 crescere
1700 4911 1900 4965 fructus
1929 4927 1946 4964 :

282 5013 406 5068 sed
451 5011 634 5066 flexu
663 5015 908 5072 reptans,
941 5005 1128 5057 mutati
1161 5015 1209 5057 ct
1241 5005 1482 5071 corporis
1508 5020 1606 5057 usu

280 5110 574 5158 Sensum
628 5097 970 5162 animamque
999 5108 1224 5162 gerens,
1261 5097 1423 5162 ρωρὶι
1466 5094 1756 5149 decurrere
1785 5095 1948 5164 \il'gfl,

275 5199 424 5253 Mox
485 5202 756 5257 anguem
795 5187 1019 5240 formata
1047 5184 1228 5239 refert.
1264 5183 1595 5241 Conterritus
1637 5188 1806 5248 lnrsit,

275 5291 757 5348 :‘Eternumque
789 5278 938 5347 niger
969 5287 1076 5330 tum
1111 5278 1297 5347 palluit
1323 5293 1414 5332 ore
1449 5289 1725 5350 tyrannus.

271 5387 402 5441 Sed
449 5394 542 5434 ne
577 5372 877 5428 confusum
912 5371 1000 5422 tali
1035 5371 1382 5425 succumbere
1412 5371 1565 5440 signo

269 5479 612 5531 cerneret
655 5465 912 5516 assistens
940 5465 1085 5515 Vullu
1119 5471 1334 5515 nutante
1364 5463 1597 5528 satelle=,
1683 5474 1687 5482 '

270 5562 681 5628 Dissimulat
711 5573 919 5608 summo
951 5572 1060 5608 rem
1093 5565 1292 5626 gestam
1328 5556 1548 5610 credere
1574 5559 1747 5624 jussu,

263 5668 400 5721 Nec
434 5656 683 5712 divina
715 5650 917 5711 volens,
944 5647 1214 5700 hominum
1248 5650 1336 5702 sed
1375 5651 1507 5701 facta
1541 5652 1732 5717 putari,

264 5759 434 5814 Tum
482 5741 754 5804 mandat
781 5755 1123 5809 quoscunqtte
1151 5757 1348 5810 magos,
1378 5742 1454 5793 vel
1484 5745 1716 5793 carmina
1747 5741 1951 5826 doctos,

1966 385 2012 445 Α
2041 380 2282 436 lllicitam
2313 381 2445 437 diris
2483 389 2749 438 tentantes
2779 382 3054 442 fraudibus
3082 392 3252 442 autem

2040 475 2280 548 Egypti,
2311 478 2596 548 longinqua
2626 480 2816 538 darent
2845 479 3076 545 hastilia,
3107 495 3306 551 cogens

2039 569 2308 624 Murmure
2333 571 2556 626 funereo
2583 572 2743 626 faciat
2773 583 3066 629 monstrata
3100 575 3364 631 minister.

2042 661 2288 731 Undique
2309 672 2444 722 ,tunc
2465 663 2599 732 jussi
2634 674 2980 731 COncurrunt,
3009 677 3062 722 et
3091 666 3384 723 medicatas

2045 759 2268 826 Armant
2296 756 2490 826 quique
2518 772 2641 812 suas
2674 766 2800 811 noto
2829 759 3183 816 medicamine
3218 760 3416 831 virgas,

2045 848 2179 900 Dant
2206 849 2361 914 iacta:
2388 861 2552 900 vanas
2587 849 2816 916 species,
2847 863 3154 920 anguesque
3186 853 3354 921 putati

2042 937 2233 994 lllusos
2264 945 2469 991 terrent
2509 938 2695 994 oculos
2727 938 2950 1000 fallente
2979 941 3168 1012 figura.

2043 1029 2150 1084 Nec
2181 1029 2398 1100 longum
2426 1036 2671 1085 tumuere
2703 1033 2872 1099 magi;
2903 1035 3235 1088 censumitnr
3260 1049 3421 1090 omne

2043 1121 2192 1189 Quod
2224 1121 2416 1176 fecisse
2445 1121 2578 1187 rati;
2615 1121 2766 1178 fictos
2797 1137 3025 1192 namque
3055 1133 3170 1179 arte
3198 1124 3462 1181 dracones

2044 1213 2254 1267 Primus
2284 1211 2459 1266 adhuc
2485 1216 2706 1278 mordax
2736 1213 3015 1270 absorbuit
3036 1227 3132 1270 ore
3153 1224 3381 1270 cerasta.

2046 1305 2333 1375 Postquam
2369 1305 2583 1359 virtutis
2614 1306 2800 1372 clausit
2833 1307 3348 1381 spectacula‘llloses
3369 1350 3382 1373 ,

2051 1399 2384 1469 Victorisque
2418 1407 2606 1454 tenens
2637 1400 2858 1456 caudam
2893 1401 3085 1457 tellure
3114 1402 3332 1468 levavit,

2047 1491 2271 1546 Decedit
2291 1506 2516 1561 serpens
2547 1493 2709 1562 ligno,
2744 1493 3030 1564 vultusque
3056 1493 3282 1560 recedit,

2050 1582 2323 1652 Diriguere
2354 1583 2470 1653 vagi
2499 1583 2694 1639 durato
2724 1600 2954 1654 corpore
2977 1585 3169 1640 ﬂexus.

2050 1674 2185 1742 Quid
2217 1675 2430 1729 multis?
2465 1676 2522 1729 fit
2544 1677 2685 1744 virga
2715 1679 2879 1746 prior,
2906 1692 3009 1746 qua
3040 1678 3234 1734 deinde
3261 1679 3516 1735 sacerdos

1977 1758 2022 1816 Β
2055 1767 2282 1820 Plurima
2310 1765 2564 1820 succiduo
2595 1768 2912 1822 monstravit
2941 1777 3184 1838 tempore
3214 1769 3388 1840 signa.

2127 1858 2261 1912 lline
2295 1858 2468 1911 dirum
2503 1858 2751 1914 frendens
2793 1858 3086 1916 Pharaonis
3114 1861 3362 1916 conscius
3384 1866 3564 1928 ardor,

2061 1949 2264 2003 Divime
2292 1949 2552 2018 incipiens
2582 1963 2678 2018 per
2707 1959 2900 2005 cuncta
2932 1951 3181 2008 resistere
3207 1952 3444 2019 dextrae,

2056 2040 2122 2094 Et
2152 2055 2270 2108 quae
2298 2056 2650 2110 cognoscens,
2678 2027 2874 2098 nolens
2896 2052 3070 2098 tamen
3105 2046 3216 2114 ipse
3243 2045 3391 2100 fateri
3410 2086 3425 2112 ,

2055 2132 2302 2187 Protinus
2332 2132 2584 2201 expulsos
2606 2133 2767 2202 jussit
2796 2133 3074 2192 discedere
3103 2144 3266 2191 vates.

2053 2223 2130 2278 llli
2156 2224 2363 2279 divinas
2391 2225 2602 2296 pulsant
2630 2240 2751 2280 cum
2784 2225 2996 2284 ﬂetibus
3026 2243 3213 2295 aures,

2057 2314 2124 2370 Ut
2155 2315 2398 2374 fremitus
2421 2320 2594 2388 gentis
2622 2317 2833 2373 tandem
2865 2320 3102 2375 freuetur
3130 2322 3324 2390 iniqua:
3346 2364 3362 2391 ,

2055 2412 2221 2478 Quam
2249 2413 2462 2480 gravius
2493 2427 2689 2467 saevam
2719 2414 2954 2469 monitus
2984 2413 3162 2469 fecere
3189 2414 3428 2483 superni,

2057 2505 2187 2577 Ipsis
2218 2506 2348 2577 quin
2370 2508 2531 2562 etiam
2561 2507 2871 2564 ccelestibus
2899 2524 3046 2562 arma
3077 2509 3389 2564 minantem.

2057 2600 2187 2653 Tum
2210 2603 2660 2670 pater,accipiens
2673 2601 2903 2670 gemitus
2923 2603 3287 2672 lacrymasque
3308 2610 3615 2670 precantum

2056 2690 2255 2746 Taliter
2288 2691 2498 2746 hortatu
2527 2690 2722 2746 blando
2752 2693 2954 2746 solatur
2979 2705 3226 2746 amaros:

2003 2835 2014 2844 .
2056 2785 2131 2839 Ne
2160 2793 2360 2840 tantum
2388 2800 2557 2840 vacuo
2583 2786 2878 2841 submittite
2906 2787 3068 2840 corda
3108 2785 3284 2840 timori
3309 2825 3322 2850 ,

2058 2878 2213 2933 Plebs
2245 2893 2382 2947 mea,
2417 2893 2575 2948 quam
2606 2887 2720 2934 toto
2748 2879 2933 2934 mundi
2962 2877 3030 2935 de
3051 2892 3277 2949 corpore
3304 2889 3570 2949 sumptam

2059 2970 2224 3042 Elegi,
2251 2980 2304 3025 et
2334 2972 2544 3040 pr0pria
2573 2971 2741 3026 solam
2771 2969 2898 3026 mihi
2922 2981 3067 3026 sorte
3095 2971 3284 3027 dicavi.

2058 3063 2174 3117 Jam
2199 3080 2338 3117 nunc
2367 3064 2600 3118 cernetis
2632 3072 2830 3132 quanto
2859 3063 3146 3132 primordia
3181 3073 3356 3119 vestra

1977 3141 2023 3200 (Σ
2061 3157 2359 3224 Prosequar
2385 3157 2607 3221 auxilio,
2637 3170 2813 3210 stevos
2839 3169 2899 3210 ac
2928 3171 3220 3226 persequar
3251 3156 3452 3213 hostes.

2059 3251 2253 3304 Ducam
2281 3251 2560 3305 sublimem
2594 3258 2838 3318 portenta
2871 3264 2963 3316 per
2992 3250 3168 3304 omnia
3201 3249 3461 3313 dextram,

2057 3341 2162 3396 Nec
2187 3342 2328 3395 volet
2358 3341 2410 3396 in
2443 3341 2624 3411 paucis
2656 3341 2880 3395 Pharius
2909 3355 3002 3396 rex
3031 3341 3226 3400 cedere
3255 3341 3440 3409 signis,

2059 3434 2286 3502 Longius
2316 3443 2372 3486 ut
2396 3432 2581 3486 duram
2614 3433 2828 3488 vincant
2852 3431 3106 3486 miracula
3137 3441 3391 3488 mentem.

2055 3526 2180 3578 Post
2213 3524 2324 3577 lnec
2357 3525 2564 3579 laxatos
2589 3525 2718 3594 quin
2744 3536 2794 3579 et
2825 3523 3104 3580 discedere
3133 3520 3319 3594 cegel,

2056 3617 2402 3686 Expelletqtte
2428 3618 2544 3673 solo
2572 3636 2585 3673 :
2621 3618 2758 3685 quod
2793 3631 2932 3673 nunc
2959 3625 3137 3686 negat,
3171 3615 3378 3686 ingeret
3403 3615 3565 3672 ultro.

2055 3714 2198 3767 lbitis
2229 3714 2292 3766 ad
2321 3728 2540 3782 magnas
2570 3721 2688 3782 post
2718 3711 2871 3767 fortia
2901 3713 3080 3782 praelia
3109 3711 3284 3777 sedes,

2055 3808 2170 3875 Quo
2196 3816 2350 3862 vocat
2385 3819 2702 3877 exspectans
2743 3808 3046 3875 praefertilis
3073 3805 3236 3861 ubere
3265 3813 3426 3876 terra,

2045 3903 2120 3956 'Et
2151 3902 2321 3955 claras
2349 3901 2500 3956 victis
2527 3895 2770 3955 candelis
2798 3902 3044 3970 gentibus
3070 3903 3250 3955 uri-es.

2058 3994 2162 4047 Vos
2205 3993 2362 4046 modo
2393 3993 2670 4060 promissis
2701 4002 2902 4047 tantum
2935 3993 3188 4047 confidite
3214 3992 3390 4056 donis,

2059 4087 2123 4138 Et
2150 4100 2281 4154 quos
2305 4086 2596 4152 deposccnt
2626 4083 2857 4151 ingentia
2886 4084 3021 4136 facta
3051 4082 3262 4138 labores

2056 4177 2196 4231 laeta
2233 4176 2365 4230 ferat
2392 4175 2591 4238 virtus,
2625 4188 2849 4242 seseque
2876 4174 2939 4230 ad
2973 4186 3224 4240 prosricra
3254 4180 3453 4226 servet.

2054 4269 2269 4323 'l‘alibns
2294 4267 2509 4334 auditis,
2541 4265 2729 4324 melior
2753 4279 2878 4331 spes
2900 4265 3097 4334 accipit
3121 4264 3262 4320 illos.

2054 4361 2317 4416 Attollunt
2345 4359 2572 4422 animos,
2609 4357 2920 4427 palmasque
2954 4356 3020 4410 ad
3057 4356 3230 4416 sidera
3261 4355 3504 4425 tendunt,

2052 4453 2477 4522 Concipiuntque
2511 4452 2668 4508 fidem
2701 4452 2872 4514 votis,
2905 4461 3186 4520 gratesque
3213 4451 3531 4520 rependunt.

2129 4547 2345 4616 Postera
2379 4548 2466 4602 lux
2499 4547 2689 4600 dubios
2721 4546 2948 4614 primum
2979 4546 3308 4614 praemiserat
3338 4558 3506 4612 ortus,

2059 4638 2119 4692 Et
2148 4652 2515 4698 successorem
2547 4635 2770 4705 depulsa
2801 4646 2957 4694 nocte
2989 4636 3194 4692 ferebat

2060 4729 2314 4794 Insistens
2342 4744 2534 4783 aurora
2567 4729 2706 4782 diem
2742 4745 2752 4780 :
2784 4736 2896 4782 tum
2925 4728 3140 4784 flumina
3173 4729 3390 4798 sanguis

2059 4820 2272 4882 lmbuit,
2298 4830 2351 4874 et
2375 4821 2550 4873 subito
2576 4819 2896 4890 maduerunt
2922 4835 3046 4873 arva
3078 4834 3288 4875 cruore.

2057 4915 2161 4968 Sed
2197 4929 2299 4966 non
2341 4914 2440 4967 bne
2467 4913 2700 4967 minimis
2741 4921 3044 4980 portentum
3072 4914 3292 4983 contigit
3320 4914 3499 4981 undis,

2059 5007 2364 5062 Fluviorum
2397 5021 2486 5060 rex
2519 5011 2632 5074 ipse
2664 5005 2818 5060 rubet
2842 5046 2856 5068 ,
2898 5020 2998 5060 nec
3027 5007 3225 5062 lumine
3255 5007 3430 5074 prisco

2059 5103 2207 5156 Nilus
2232 5102 2338 5177 agit
2367 5103 2638 5170 proprium
2669 5115 2828 5170 quem
2855 5101 3084 5170 sumpsit
3110 5100 3258 5154 fonte
3285 5101 3534 5155 nitorem.

2060 5194 2196 5259 Quin
2227 5193 2412 5261 magis,
2439 5208 2628 5246 averso
2655 5207 2722 5248 ne
2748 5201 2926 5262 tangat
2957 5191 3180 5261 pristina
3211 5191 3361 5253 lium,

2061 5285 2286 5354 Sanguis
2319 5285 2366 5336 in
2399 5293 2680 5336 externum
2709 5291 2921 5340 certans
2951 5299 3168 5340 manare
3197 5281 3460 5343 canalem,

2061 5377 2327 5431 Carnosus
2357 5392 2460 5428 non
2491 5375 2666 5430 carnis
2692 5385 2830 5440 erat,
2866 5391 2964 5430 nec
2993 5389 3220 5443 corpore
3250 5375 3418 5437 fusus,

2063 5469 2170 5522 Aut
2200 5476 2403 5535 strages
2427 5466 2543 5534 qua:
2577 5467 2740 5520 multa
2769 5467 2963 5529 simul,
2997 5481 3102 5534 quo
3130 5465 3345 5520 vulnere
3373 5467 3542 5534 possit

2062 5559 2421 5630 Lympharum
2454 5559 2705 5612 damnum
2739 5558 2953 5626 proririu
2994 5556 3242 5624 supplere
3271 5569 3484 5612 cruore.

2062 5651 2286 5704 Naribus
2315 5651 2600 5706 obstructis
2629 5652 2793 5718 pressi
2818 5689 2833 5713 ,
2864 5649 3109 5715 victoque
3140 5656 3352 5715 natatu,

2065 5745 2318 5799 lnteriere
2350 5745 2505 5798 simul
2541 5742 2806 5812 peregrini
2843 5743 2894 5796 in
2922 5743 3131 5810 gurgite
3159 5757 3364 5808 crasso.
