4124 6350
596 325 701 382 559

596 444 983 513 Auxeruntque
1009 457 1107 499 suo
1131 441 1335 498 saniem
1361 442 1431 498 de
1457 442 1644 497 funere
1679 440 1870 509 pisces.

598 536 670 591 Et
700 536 927 590 fortasse
958 550 1075 589 rear
1103 533 1268 588 cladis
1314 534 1610 604 mortisque
1639 531 1833 587 futura:

599 628 883 697 Sanguinis
909 627 1102 681 iudicio
1123 627 1233 695 jam
1262 628 1600 696 praecessissi:
1634 625 1864 690 ruinam,

597 722 711 777 Iloc
740 723 912 789 ipsum
944 720 995 773 ni
1022 734 1178 789 paena
1206 718 1365 775 foret.
1396 721 1527 775 Nam
1555 721 1761 775 scilicet
1786 733 1949 774 omne

595 813 809 883 JEgypti
837 814 1098 881 spatium,
1129 812 1211 867 vel
1242 827 1348 882 quo
1373 823 1520 882 patet
1547 814 1722 883 ampla
1751 812 2020 881 Canopus,

595 904 716 959 Mox
750 904 888 958 inter
929 906 1153 975 pingues
1181 905 1369 965 sitiens
1404 906 1673 963 defecerat
1704 906 1895 973 undas,

595 996 651 1051 Si
679 1012 783 1049 non
808 997 1159 1066 Omnipotens
1184 999 1416 1053 celerem
1444 1014 1606 1067 super
1630 1012 1757 1051 arva
1789 995 2052 1052 medelam

594 1090 902 1160 Spargeret,
927 1099 982 1144 et
1011 1089 1208 1145 nitidos
1238 1100 1519 1145 revocaret
1547 1089 1772 1143 vallibus
1801 1101 2005 1142 amnes.

672 1182 805 1235 Tum
834 1196 961 1236 vero
996 1191 1049 1236 ut
1085 1183 1324 1252 requiem
1356 1183 1522 1252 pestis
1551 1182 1811 1238 subducta
1840 1180 2073 1247 reduxit,

597 1274 833 1330 Eﬂ‘crtur
858 1289 1044 1329 rursus
1069 1274 1230 1329 dilata
1264 1284 1437 1330 morte
1469 1286 1762 1347 tyrannus,

596 1366 667 1421 Et
688 1368 773 1420 vix
803 1381 1023 1436 evasum
1048 1376 1400 1423 contemnens
1426 1381 1604 1424 mente
1631 1366 1920 1437 ﬂagellum,
1968 1404 1971 1405 ν

597 1458 885 1513 Iunocuam
926 1459 1106 1529 ﬂagris
1139 1459 1375 1529 persistit
1403 1459 1636 1514 subdere
1667 1467 1904 1527 gentem.

597 1550 666 1604 At
691 1548 817 1621 quid
845 1565 941 1619 per
966 1558 1213 1603 cunctam
1243 1550 1413 1620 stylus
1440 1558 1628 1604 asstuet
1659 1549 1736 1603 ire
1764 1545 1979 1615 superbi

598 1640 883 1697 Perfidiam
904 1685 916 1709 ,
947 1644 1068 1696 (ιωεί
1101 1656 1389 1709 numerans
1420 1642 1650 1711 perjuria
1682 1640 1872 1710 regni?
1928 1646 1933 1649 '

598 1737 703 1791 Sed
738 1745 915 1791 tamen
952 1746 1272 1806 extorquent
1306 1738 1510 1790 varium
1544 1736 1820 1790 mendacia
1866 1741 2188 1800 monstrum,

600 1830 859 1901 Untlaque
886 1829 1059 1885 vicino
1089 1830 1303 1885 vixdum
1339 1841 1559 1901 purgata
1591 1844 1810 1896 cruore,

598 1923 871 1979 Itauarum
903 1922 1057 1977 laedis
1088 1924 1225 1977 texit
1254 1924 1555 1977 cantatibus
1585 1921 1763 1977 urbes.

598 2020 945 2088 Cotnpleutur
974 2019 1143 2082 cella’,
1176 2017 1328 2071 strati
1362 2017 1680 2087 penetralia,
1718 2032 1940 2081 mensae,

598 2111 841 2169 Sustinet
871 2111 1180 2163 innumeros
1209 2110 1405 2180 regalis
1436 2125 1669 2180 purpura
1700 2109 1891 2171 saltus,

598 2208 774 2273 Atque
800 2218 1046 2273 premens
1074 2203 1319 2257 homines
1340 2203 1547 2258 frendet
1572 2204 1921 2257 succumbere
1949 2200 2117 2269 ranis,

600 2298 833 2365 Quarum
865 2312 985 2350 mox
1025 2294 1249 2351 euululis
1277 2297 1492 2351 ﬂamma
1526 2298 1832 2366 tonitruque
1861 2295 2096 2349 subactis

599 2389 1003 2458 Cougestisque.
1034 2403 1232 2443 sonans
1266 2401 1572 2443 muscarum
1606 2388 1762 2444 nubis
1787 2387 1856 2443 ad
1888 2402 2049 2442 auras

600 2481 765 2547 Exiit,
800 2480 1049 2536 infectum
1080 2496 1431 2550 corrumpens
1456 2496 1579 2536 aera
1608 2482 1757 2536 ﬂatu.

600 2573 713 2630 Illic
741 2590 871 2645 quas
901 2572 1119 2630 scinifes
1146 2576 1413 2641 vocitant,
1448 2584 1781 2645 quantosque
1804 2576 2013 2629 volatus

583 2667 838 2723 .Peudula
870 2669 1215 2723 crnuuittuut
1251 2669 1456 2724 levibus
1482 2668 1797 2738 corpuscula
1826 2666 2021 2731 ventis,

597 2758 1007 2830 Penuarumque
1036 2760 1184 2815 vicos
1212 2769 1473 2831 peragunt
1500 2758 1849 2814 stridentibus
1874 2758 1973 2812 alis
1989 2760 2012 2810 *ί

597 2848 850 2903 Fundunt
882 2865 936 2904 se
968 2851 1189 2919 pariter,
1223 2852 1541 2921 turbataque
1564 2850 1760 2905 muenia
1788 2850 2078 2919 complent.

599 2941 666 2997 Et
693 2942 818 3004 licet
844 2943 1111 2997 immersis
1140 2943 1373 3013 deligant
1400 2944 1616 2999 vulnera
1647 2943 1835 2997 rostris
1855 2980 1874 3009 ,

602 3031 727 3087 I’lus
754 3032 948 3087 horror
971 3049 1130 3103 quant
1164 3050 1318 3104 penna
1352 3043 1562 3099 movet;
1595 3033 1691 3089 sed
1718 3033 1852 3088 tollit
1879 3042 1933 3088 et
1961 3032 2116 3088 istam

601 3124 806 3181 Ventus
835 3140 1021 3196 agens,
1054 3136 1225 3181 cessat
1255 3125 1429 3179 laxata
1456 3125 1698 3180 molestia
1729 3126 1925 3195 paulun

601 3217 893 3272 Confestim
921 3226 1165 3272 cessante
1195 3228 1362 3283 metu,
1392 3232 1491 3273 nec
1522 3218 1730 3289 lengius
1756 3219 1830 3273 ira

602 3313 840 3368 Sentitur
870 3328 1026 3384 quam
1059 3312 1210 3382 plaga
1241 3312 1399 3368 calet.
1430 3312 1533 3369 Sed
1563 3323 1709 3382 peste
1739 3322 1942 3368 remota

602 3408 908 3462 Succedunt
938 3406 1055 3460 alia:
1085 3406 1299 3477 gravius
1330 3422 1342 3459 :
1375 3408 1705 3460 consumitur
1733 3422 1891 3460 omne

602 3500 926 3565 Iumentum,
960 3492 1286 3569 cunctasque
1315 3512 1502 3568 greges
1531 3513 1635 3552 nox
1662 3499 1881 3553 abstulit
1920 3513 2042 3563 una,

602 3592 711 3649 Nec
739 3600 943 3647 tantum
970 3591 1228 3645 damnosa
1256 3604 1381 3645 reos
1414 3598 1655 3659 portenta
1682 3590 1899 3659 fatigant
1933 3606 1945 3641 :

603 3684 845 3740 Vertitur
867 3681 936 3737 ad
964 3696 1181 3737 carnem
1212 3696 1330 3750 qum
1355 3681 1579 3735 suscitat
1606 3681 1683 3734 ira
1712 3680 1944 3734 dolores.

603 3774 846 3832 Insident
873 3773 1083 3843 penitus
1108 3771 1377 3842 turgentia
1406 3771 1626 3825 vulnera
1655 3770 1911 3824 membris
1933 3812 1946 3835 ,

604 3866 677 3923 Et
703 3881 853 3923 sacer
878 3865 1116 3921 incubuit
1146 3864 1413 3934 percussis
1436 3863 1654 3918 artubus
1682 3861 1841 3932 ignis.

607 3960 856 4017 Creditur
887 3960 973 4016 hic
994 3960 1152 4015 etiam
1184 3974 1311 4013 casu
1339 3958 1649 4027 contingere
1679 3957 1901 4025 languor
1936 3974 1946 4008 :

607 4052 714 4109 Sed
742 4051 959 4109 morbus
985 4052 1178 4107 mentis
1203 4047 1510 4105 discrimina
1540 4049 1782 4119 corporis
1812 4057 1982 4119 urget.

607 4145 853 4201 Praeterit
883 4144 972 4198 ille
999 4143 1116 4199 dies
1135 4130 1164 4209 ;’Δ
1183 4151 1294 4197 tum
1321 4143 1536 4198 demum
1566 4142 1685 4197 luce
1711 4152 1889 4197 secuta

607 4238 918 4295 Concutitur
944 4236 1139 4293 caelum
1170 4237 1392 4303 tonitru,
1414 4236 1689 4305 nubesque
1713 4243 1915 4289 coactae

608 4332 855 4389 Terribili
884 4330 1167 4401 splendore
1192 4329 1421 4394 micant;
1455 4328 1575 4384 ferit
1599 4326 1777 4382 omnia
1803 4325 1978 4395 fulgur

608 4424 854 4480 Fulmina
879 4437 1072 4492 agens;
1100 4430 1237 4477 totas
1261 4436 1368 4475 uno
1393 4421 1493 4475 sub
1516 4428 1754 4486 tempore
1781 4427 1984 4472 mortes

612 4513 839 4570 )Etbere
868 4512 1078 4567 turbato
1112 4512 1271 4565 terris
1304 4510 1570 4565 elementa
1602 4510 1890 4562 minantur.

612 4600 828 4679 Ignibus
852 4604 1109 4660 inseritur
1138 4602 1465 4673 praegrandis
1492 4616 1716 4670 corpore
1745 4600 1983 4671 grando,

612 4698 731 4754 Non
762 4705 821 4751 ut
860 4695 1005 4751 nube
1038 4693 1175 4750 solet
1205 4694 1360 4748 terris
1400 4691 1638 4747 nimbosa
1670 4691 1850 4746 venire
1884 4707 1897 4742 :

612 4790 719 4847 Sed
747 4801 1064 4859 quocunque
1090 4785 1288 4842 cadens
1320 4795 1375 4839 ut
1404 4784 1698 4854 deprimat,
1728 4793 1888 4854 atque
1916 4784 2125 4838 ruinam

613 4881 858 4939 Pondere
884 4880 967 4934 vel
991 4880 1107 4934 solo
1129 4877 1324 4943 faciat;
1350 4878 1689 4948 conjungitur
1709 4892 1840 4947 ergo

615 4974 979 5030 Grandineum
1018 4972 1248 5027 ﬂammis
1288 4972 1614 5028 ferventibus
1641 4988 1767 5027 aere
1796 4972 1980 5042 frigus,

614 5066 681 5123 Et
710 5075 900 5121 natura
931 5064 1048 5120 neci
1077 5079 1298 5120 servans
1325 5064 1557 5134 assignat
1586 5074 1891 5134 utrumque.

614 5162 713 5218 llic
743 5161 945 5232 primus
972 5168 1205 5229 stragem
1234 5159 1436 5229 sparsis
1462 5159 1555 5212 dat
1582 5157 1842 5212 mortibus
1874 5156 2072 5217 imber;

614 5257 752 5311 Exin
783 5262 1073 5311 restantem
1100 5253 1271 5321 surgit
1293 5264 1609 5306 consumere
1636 5249 1863 5304 fructum

612 5349 857 5405 Bruclius
882 5388 897 5412 ,
928 5357 984 5402 et
1008 5360 1233 5402 excusso
1262 5342 1542 5399 confidens
1575 5357 1733 5397 crure
1760 5343 1983 5397 locusta.

615 5443 726 5499 lInc
756 5441 848 5496 sed
881 5441 1037 5496 docta
1068 5438 1242 5504 malis,
1268 5446 1323 5491 et
1346 5436 1455 5503 jam
1484 5436 1792 5489 discrimine
1821 5434 2013 5490 crebro

615 5536 891 5602 'l'aaquam
922 5534 1041 5589 lene
1066 5531 1195 5587 satis
1219 5528 1417 5583 callosa
1443 5527 1694 5596 superbia
1723 5526 1893 5580 duxit.

622 5625 920 5692 Insequitur
954 5623 1104 5679 velox
1134 5616 1348 5691 gravius
1377 5634 1496 5688 qua:
1520 5618 1753 5673 vindicet
1782 5619 1877 5671 ira.

572 5702 577 5708 ’
621 5718 799 5769 thecas
829 5728 987 5768 mane
1019 5730 1154 5770 novo
1182 5726 1409 5781 surgens
1438 5710 1518 5764 sol
1548 5721 1817 5777 sparserat
1850 5710 2089 5776 u-nbras,

622 5807 685 5861 Et
718 5808 868 5863 limus
886 5805 1089 5873 iubaris
1114 5804 1425 5874 splendebat
1452 5803 1623 5858 fronte
1646 5803 1843 5866 sereni,

1891 324 1948 381 S.
1993 321 2177 378 AVITI
2224 319 2625 379 \‘IENNENSIS
3770 333 3864 391 560

2207 440 2265 502 Α
2289 437 2421 492 Cum
2452 454 2678 511 surgens
2708 442 2937 497 mediam
2970 442 3149 530 nubes
3170 460 3229 501 se
3259 446 3481 519 porrigit
3509 459 3623 505 atra
3644 491 3659 513 ,

2290 524 2720 604 Nascentemque
2749 534 2891 590 diem
2922 524 3149 603 depulso
3180 538 3381 594 lumine
3410 541 3627 597 claudit.

2290 624 2349 679 In
2374 627 2571 682 molem
2604 643 2707 681 uox
2736 628 2902 683 densa
2934 628 3062 695 coit,
3090 631 3231 699 perit
3260 630 3484 686 obrutus
3512 648 3628 699 aer,

2289 718 2681 790 Palpantesque
2718 736 2910 776 manus
2936 723 3130 777 densas
3153 738 3372 781 sensere
3400 726 3665 796 tenebras,

2289 812 2466 881 Atque
2495 828 2845 883 repercussus
2880 824 3104 871 vexatur
3128 816 3395 873 anhelitus
3422 833 3597 889 aeger;

2290 906 2358 962 Et
2379 907 2425 961 si
2450 908 2655 977 sopitos
2682 906 2861 961 ﬂando
2885 907 3006 977 quis
3035 908 3263 963 suscitet
3288 908 3462 980 ignes,

2289 997 2397 1053 Aut
2421 997 2664 1053 ﬂammas
2690 999 2873 1053 excire
2902 999 3051 1062 velit.
3081 1014 3389 1068 compressa
3414 1010 3675 1057 necantur

2290 1089 2538 1157 Lumina,
2570 1103 2668 1144 uec
2696 1089 2909 1144 vibrant
2932 1091 3167 1145 restricti
3199 1090 3435 1161 pondere
3462 1101 3676 1148 motus:

2290 1182 2409 1251 Quo
2438 1196 2811 1252 quemcunque
2840 1180 2962 1235 loco
2988 1182 3305 1237 tenebrosus
3333 1186 3567 1252 repperit
3597 1188 3807 1257 borrct‘,

2290 1274 2587 1339 Continuit,
2613 1273 2745 1328 vidit
2765 1273 2965 1328 nullum
2983 1314 2998 1339 ,
3033 1289 3132 1329 nec
3161 1275 3307 1330 visus
3336 1276 3405 1330 ab
3434 1277 3541 1331 ullo
3567 1288 3669 1332 est.

2294 1365 2620 1436 Squalentes
2649 1365 2851 1436 pariter
2879 1364 3115 1420 viventia
3143 1366 3309 1421 millia
3334 1366 3525 1422 credas

2294 1456 2537 1513 Infernas
2566 1457 2797 1513 intrasse
2825 1456 3034 1525 domos,
3068 1466 3162 1512 aut
3193 1456 3329 1512 forte
3356 1457 3569 1513 revulsa

2294 1550 2460 1607 Obice
2489 1561 2755 1607 terrarum
2781 1552 3009 1622 patriam
3043 1550 3310 1624 sordentis
3331 1551 3512 1621 abyssi

2296 1642 2553 1714 Migrasse
2583 1643 2637 1698 in
2666 1658 2915 1713 superos,
2950 1657 3013 1697 ac
3042 1643 3299 1699 mundum
3330 1644 3450 1699 luce
3481 1642 3655 1713 fugata

2298 1733 2411 1791 Sub
2440 1735 2584 1806 leges
2612 1734 2826 1790 misisse
2854 1749 3003 1790 suas.
3032 1734 3168 1790 Tres
3196 1735 3425 1805 perdidit
3456 1736 3571 1807 ista]

2218 1827 2269 1891 Β
2295 1826 2461 1884 Nocte
2487 1827 2622 1893 dies,
2654 1826 2813 1894 digne
2840 1827 3079 1896 pendens
3110 1827 3342 1898 perjuria
3374 1827 3532 1882 tellus

2294 1921 2486 1977 Istlizec
2512 1920 2706 1973 damna
2734 1919 2883 1985 tulit;
2914 1934 3036 1973 nam
3064 1928 3262 1975 caetera
3292 1919 3522 1988 fulgidus
3550 1917 3693 1974 orbis
3728 1990 3731 1993 δ

2296 2014 2580 2080 Continet,
2613 2023 2669 2067 et
2695 2012 2881 2067 solitos
2907 2012 3240 2082 distinguunt
3266 2021 3507 2080 tempora
3536 2026 3744 2066 cursus.

2369 2109 2543 2163 Moses
2573 2110 2777 2162 interea
2815 2106 3103 2177 lacrymas,
3125 2105 3354 2176 jejunia,
3388 2114 3510 2159 vota

2294 2202 2601 2268 Continuat,
2634 2201 2986 2272 precibusque
3011 2200 3267 2270 frequens
3296 2213 3360 2254 ac
3388 2198 3615 2269 pervigil
3650 2198 3825 2266 instat,

2297 2296 2513 2366 Ilajoris
2541 2296 2861 2366 natulfultus
2892 2291 3387 2364 solaminexfratris.
3723 2358 3733 2369 .

2296 2391 2527 2463 Instruit~
2550 2389 2649 2445 bos
2677 2389 2846 2443 sacris
2875 2388 3053 2449 simul,
3090 2386 3447 2456 informatque
3473 2384 3697 2442 Creator

2294 2482 2512 2555 Mystica
2554 2481 2855 2538 solemnem
2885 2495 2990 2550 qua
3022 2479 3222 2549 pandat
3251 2478 3463 2534 victima
3492 2479 3673 2534 ritum.

2292 2576 2526 2633 Ceruitis
2555 2583 2617 2630 ut
2644 2575 2809 2631 multa
2850 2572 3121 2647 desudans
3150 2572 3306 2628 clade
3327 2580 3534 2627 reatum

2214 2712 2217 2715 -
2295 2669 2560 2741 Εεγριιιε
2585 2668 2816 2723 contrita
2843 2676 3025 2737 gemat
3054 2666 3189 2721 satis
3215 2665 3449 2734 undique
3478 2672 3640 2727 tacta,

2294 2761 2402 2818 Sed
2433 2773 2607 2817 tamen
2634 2761 2853 2817 immota
2882 2767 3124 2830 perstans
3148 2760 3362 2815 cervice
3387 2758 3637 2815 rebellis?

2183 2868 2199 2879 ’
2294 2854 2404 2911 Nec
2436 2854 2693 2923 portanda
2724 2854 2817 2909 diu
2844 2852 3155 2922 pracedunt
3181 2852 3279 2909 ista
3302 2852 3532 2908 ruinam.

2296 2948 2546 3017 Egrotat
2574 2946 2929 3015 quodcunque
2956 2955 3147 3009 tumet,
3179 2959 3278 3001 nec
3306 2959 3435 3000 sana
3463 2943 3692 3013 superbo

2292 3040 2463 3094 Causa
2486 3040 2692 3104 subest,
2710 3038 2955 3107 junctum
2977 3046 3239 3092 monstrat
3261 3052 3413 3091 mens
3430 3035 3640 3104 turgida
3658 3035 3861 3091 Ietbunt.

2293 3131 2444 3205 Unus
2466 3129 2645 3189 adhuc
2680 3137 2848 3186 restat
2873 3129 2962 3199 qui
2990 3127 3222 3183 vindicet
3247 3128 3426 3182 omnia
3454 3127 3645 3190 luctus.

2214 3200 2263 3265 (ἶ
2300 3202 2533 3293 Postque
2562 3238 2755 3278 novem
2784 3223 2990 3278 decima
3024 3221 3276 3290 percellat
3316 3220 3462 3275 crede
3492 3229 3774 3277 merentes.

2302 3317 2411 3371 Vos
2437 3314 2597 3370 modo
2625 3325 2912 3385 perpetuos
2937 3328 3210 3368 sacrorum
3238 3312 3432 3368 discite
3456 3325 3656 3376 mores,

2300 3406 2544 3461 Cultilius
2573 3415 2627 3461 et
2655 3406 2887 3476 propriis
2914 3418 3161 3459 mansura
3189 3404 3307 3475 lege
3338 3412 3531 3460 tenete.

2301 3499 2574 3556 Mensibus
2602 3499 2652 3552 in
2683 3499 2915 3561 cunctis,
2946 3497 3093 3553 orbis
3119 3513 3255 3568 quos
3285 3497 3506 3551 circinat
3528 3496 3678 3561 anni,

2304 3593 2408 3648 Iste
2436 3602 2596 3663 caput
2626 3592 2983 3661 princepsque
3010 3590 3169 3670 foret,
3196 3606 3354 3661 quem
3388 3592 3603 3647 nomine
3626 3590 3748 3646 belli

2305 3686 2545 3742 Gentiles
2575 3688 2831 3749 vocitant,
2862 3700 2958 3739 vos
2989 3695 3192 3740 tantum
3218 3685 3380 3740 dicite
3410 3686 3637 3753 primum
3666 3701 3678 3737 :

2304 3778 2558 3844 Lu-‘taque
2585 3776 2665 3831 bis
2691 3786 2897 3845 septem
2931 3790 3051 3831 cum
3085 3776 3273 3832 fecerit
3301 3775 3479 3831 addita
3507 3786 3713 3839 noetes,

2308 3871 2541 3941 Vespere
2570 3881 2678 3925 tum
2710 3885 2833 3928 sero
2863 3870 3059 3925 dabitis
3087 3869 3377 3939 primordia
3408 3870 3596 3925 sacris.

2302 3963 2507 4018 Sumite
2535 3972 2870 4018 mansuetum
2910 3963 3131 4033 perfecti
3174 3962 3429 4031 temporis
3461 3977 3677 4033 agnum,

2304 4055 2406 4123 Qui
2438 4063 2618 4110 careat
2641 4054 2880 4119 macula,
2912 4064 2966 4109 et
2996 4069 3183 4122 purum
3213 4053 3307 4108 det
3332 4067 3560 4123 corpore
3590 4053 3778 4108 vellus.

2306 4148 2420 4203 Iloc
2444 4148 2640 4202 animal
2670 4146 2817 4202 festis
2844 4146 3181 4211 mactabitis;
3214 4144 3371 4215 hujus
3399 4154 3682 4217 utrumque

2305 4238 2549 4310 Signabit
2581 4240 2799 4310 sanguis
2827 4238 2994 4295 nitido
3024 4238 3090 4294 de
3130 4254 3358 4309 corpore
3383 4248 3607 4309 postem.

2306 4332 2418 4386 Iloc
2444 4318 2589 4386 dabit
2618 4331 2872 4386 indicium
2903 4331 3183 4386 servanda:
3210 4345 3337 4386 cura
3370 4331 3573 4386 salutis.

2186 4415 2261 4441 κ
2306 4423 2439 4479 Cum
2468 4438 2756 4493 percussor
2782 4433 2898 4493 aget
2931 4423 3144 4478 tacitam
3172 4422 3289 4477 sine
3317 4422 3536 4478 vulnere
3561 4422 3783 4485 eadem,

2312 4515 2608 4585 Pcrspiciet
2630 4530 2783 4570 sacro
2812 4516 2972 4571 limen
3004 4514 3273 4571 maduisse
3300 4529 3515 4579 cruore,
3540 4524 3543 4527 ‘

2226 4582 2283 4645 Ῐ)
2310 4606 2419 4661 lloe
2449 4582 2653 4661 tantum
2684 4608 2913 4662 transire
2942 4607 3129 4662 volens
3159 4606 3413 4661 distantia
3443 4604 3565 4660 talis

2305 4697 2548 4753 Custodit
2572 4708 2779 4753 vestras
2807 4698 3009 4767 sparsis
3039 4714 3068 4753 a
3102 4698 3365 4753 mortibus
3393 4696 3558 4752 :edes.

2306 4789 2397 4844 Sic
2419 4804 2538 4855 nos,
2569 4788 2803 4852 Cltriste.
2838 4800 2984 4843 tuum
3016 4789 3189 4843 salvet
3216 4804 3378 4857 super
3405 4787 3584 4843 omnia
3615 4788 3816 4857 signum

2306 4882 2592 4938 Frontibus
2616 4883 2919 4951 impositum
2950 4900 2962 4935 :
2988 4882 3065 4937 sic
3088 4884 3304 4950 sanguis
3330 4882 3563 4953 denique
3583 4890 3816 4941 sanctus,

2304 4976 2452 5030 Tunc
2485 4976 2874 5044 prmmonstrati
2903 4974 3101 5028 dudum
3135 4976 3222 5044 qui
3256 4974 3498 5030 funditur
3523 4975 3666 5046 agni,

2304 5067 2497 5121 Oribus
2529 5066 2730 5120 infusus
2756 5068 2945 5135 postes'
2964 5067 3222 5121 lustrasse
3253 5074 3467 5122 tuorum

2306 5159 2447 5213 Inter
2476 5159 2704 5213 labentis
2737 5159 2993 5215 ferventia
3025 5160 3211 5214 funera
3243 5159 3426 5214 mundi

2303 5251 2584 5317 Credalur,
2615 5267 2851 5321 casuque
2882 5261 3002 5306 tuos
3028 5252 3300 5306 discernat
3327 5252 3395 5307 ab
3425 5249 3593 5305 omni.

2307 5346 2441 5400 Dum
2473 5360 2576 5399 nou
2606 5346 2839 5415 signatos
2869 5343 3132 5413 percurrit
3158 5342 3345 5398 funere
3368 5357 3574 5405 mucro,

2307 5439 2384 5495 'I'u
2413 5455 2677 5510 cognosce
2710 5454 2848 5494 tuam
2876 5437 3131 5493 salvanda
3166 5438 3216 5490 in
3248 5437 3404 5506 plebe
3434 5437 3672 5506 figurant.

2307 5532 2375 5588 Ut
2397 5547 2714 5603 quocunque
2740 5533 2857 5586 loco
2882 5542 3099 5586 sanctus
3127 5528 3445 5586 mactabitur
3472 5541 3656 5599 agnus.

2308 5627 2481 5693 Atque
2508 5625 2632 5678 cibo
2656 5634 2895 5678 sanctqu
2927 5623 3228 5693 porrexerit
3253 5621 3425 5677 hostia
3454 5634 3646 5690 corpus

2308 5713 2428 5767 Rite
2462 5728 2706 5778 sacrum,
2744 5714 2985 5769 celebret
3015 5713 3137 5768 vita:
3168 5713 3427 5782 promissa
3459 5706 3725 5781 sequentis

2308 5807 2593 5864 Fermento
2625 5823 2853 5871 nequam
2878 5807 3079 5871 duplici
3117 5806 3185 5863 de
3214 5807 3377 5862 corde
3410 5804 3637 5867 revulso,
