  <div class='ocr_page' id='page_1' title='image "/cluster/home/n/w/nwhite01/storage/ocr_20150623/59/hvd.32044015471626/186.png"; bbox 0 0 4124 6350; ppageno 0'>
   <div class='ocr_carea' id='block_1_1' title="bbox 300 372 399 429">
    <p class='ocr_par' dir='ltr' id='par_1_1' title="bbox 300 372 399 429">
     <span class='ocr_line' id='line_1_1' title="bbox 300 372 399 429; baseline -0.01 0"><span class='ocrx_word' id='word_1_1' title='bbox 300 372 399 429; x_wconf 74' lang='grc'><strong>361</strong></span> 
     </span>
    </p>
   </div>
   <div class='ocr_carea' id='block_1_2' title="bbox 369 574 1421 648">
    <p class='ocr_par' dir='ltr' id='par_1_2' title="bbox 369 574 1421 648">
     <span class='ocr_line' id='line_1_2' title="bbox 369 574 1421 648; baseline -0.006 -14"><span class='ocrx_word' id='word_1_2' title='bbox 369 578 607 635; x_wconf 86' lang='lat' dir='ltr'><strong>Finierat</strong></span> <span class='ocrx_word' id='word_1_3' title='bbox 631 586 807 634; x_wconf 90' lang='lat' dir='ltr'><strong>rector</strong></span> <span class='ocrx_word' id='word_1_4' title='bbox 830 578 974 648; x_wconf 86' lang='lat' dir='ltr'><strong>leges</strong></span> <span class='ocrx_word' id='word_1_5' title='bbox 997 586 1053 633; x_wconf 88' lang='lat' dir='ltr'><strong>et</strong></span> <span class='ocrx_word' id='word_1_6' title='bbox 1078 575 1275 632; x_wconf 76' lang='lat' dir='ltr'><strong>fmdera</strong></span> <span class='ocrx_word' id='word_1_7' title='bbox 1303 574 1421 631; x_wconf 81' lang='lat' dir='ltr'><strong>festi</strong></span> 
     </span>
    </p>
   </div>
   <div class='ocr_carea' id='block_1_3' title="bbox 297 670 1671 741">
    <p class='ocr_par' dir='ltr' id='par_1_3' title="bbox 297 670 1671 741">
     <span class='ocr_line' id='line_1_3' title="bbox 297 670 1671 741; baseline -0.004 -13"><span class='ocrx_word' id='word_1_8' title='bbox 297 671 573 728; x_wconf 82' lang='lat' dir='ltr'><strong>Paschalis</strong></span> <span class='ocrx_word' id='word_1_9' title='bbox 600 670 854 727; x_wconf 87' lang='lat' dir='ltr'><strong>mandare</strong></span> <span class='ocrx_word' id='word_1_10' title='bbox 877 672 1028 739; x_wconf 83' lang='lat' dir='ltr'><strong>viris,</strong></span> <span class='ocrx_word' id='word_1_11' title='bbox 1054 670 1193 741; x_wconf 87' lang='lat' dir='ltr'><strong>quod</strong></span> <span class='ocrx_word' id='word_1_12' title='bbox 1224 672 1465 740; x_wconf 73' lang='lat' dir='ltr'><strong>protinus</strong></span> <span class='ocrx_word' id='word_1_13' title='bbox 1486 684 1671 724; x_wconf 90' lang='lat' dir='ltr'><strong>omnes</strong></span> 
     </span>
    </p>
   </div>
   <div class='ocr_carea' id='block_1_4' title="bbox 297 763 1522 835">
    <p class='ocr_par' dir='ltr' id='par_1_4' title="bbox 297 763 1522 835">
     <span class='ocr_line' id='line_1_4' title="bbox 297 763 1522 835; baseline -0.004 -14"><span class='ocrx_word' id='word_1_14' title='bbox 297 764 588 835; x_wconf 77' lang='lat' dir='ltr'><strong>Arripuere</strong></span> <span class='ocrx_word' id='word_1_15' title='bbox 614 764 802 830; x_wconf 81' lang='lat' dir='ltr'><strong>simul;</strong></span> <span class='ocrx_word' id='word_1_16' title='bbox 837 772 1098 834; x_wconf 88' lang='lat' dir='ltr'><strong>peragunt</strong></span> <span class='ocrx_word' id='word_1_17' title='bbox 1119 763 1365 817; x_wconf 91' lang='lat' dir='ltr'><strong>convivia</strong></span> <span class='ocrx_word' id='word_1_18' title='bbox 1393 764 1522 827; x_wconf 67' lang='lat' dir='ltr'><strong>laeti,</strong></span> 
     </span>
    </p>
   </div>
   <div class='ocr_carea' id='block_1_5' title="bbox 298 855 1530 927">
    <p class='ocr_par' dir='ltr' id='par_1_5' title="bbox 298 855 1530 927">
     <span class='ocr_line' id='line_1_5' title="bbox 298 855 1530 927; baseline -0.002 -16"><span class='ocrx_word' id='word_1_19' title='bbox 298 856 673 927; x_wconf 85' lang='lat' dir='ltr'><strong>Solemnisque</strong></span> <span class='ocrx_word' id='word_1_20' title='bbox 702 871 841 910; x_wconf 83' lang='lat' dir='ltr'><strong>novo</strong></span> <span class='ocrx_word' id='word_1_21' title='bbox 867 856 1013 911; x_wconf 91' lang='lat' dir='ltr'><strong>cultu</strong></span> <span class='ocrx_word' id='word_1_22' title='bbox 1046 855 1345 923; x_wconf 84' lang='lat' dir='ltr'><strong>disponitur</strong></span> <span class='ocrx_word' id='word_1_23' title='bbox 1373 869 1497 908; x_wconf 89' lang='lat' dir='ltr'><strong>esus</strong></span> <span class='ocrx_word' id='word_1_24' title='bbox 1515 895 1530 915; x_wconf 91' lang='lat'><strong>.</strong></span> 
     </span>
    </p>
   </div>
   <div class='ocr_carea' id='block_1_6' title="bbox 297 948 1703 1020">
    <p class='ocr_par' dir='ltr' id='par_1_6' title="bbox 297 948 1703 1020">
     <span class='ocr_line' id='line_1_6' title="bbox 297 948 1703 1020; baseline -0.005 -13"><span class='ocrx_word' id='word_1_25' title='bbox 297 950 561 1007; x_wconf 85' lang='lat' dir='ltr'><strong>Transeat</strong></span> <span class='ocrx_word' id='word_1_26' title='bbox 584 949 650 1004; x_wconf 88' lang='lat' dir='ltr'><strong>ad</strong></span> <span class='ocrx_word' id='word_1_27' title='bbox 677 963 828 1005; x_wconf 88' lang='lat' dir='ltr'><strong>seros</strong></span> <span class='ocrx_word' id='word_1_28' title='bbox 856 965 975 1020; x_wconf 83' lang='lat' dir='ltr'><strong>quae</strong></span> <span class='ocrx_word' id='word_1_29' title='bbox 1004 949 1217 1005; x_wconf 85' lang='lat' dir='ltr'><strong>condita</strong></span> <span class='ocrx_word' id='word_1_30' title='bbox 1255 948 1425 1002; x_wconf 83' lang='lat' dir='ltr'><strong>forma</strong></span> <span class='ocrx_word' id='word_1_31' title='bbox 1455 956 1703 1016; x_wconf 85' lang='lat' dir='ltr'><strong>nepotes.</strong></span> 
     </span>
    </p>
   </div>
   <div class='ocr_carea' id='block_1_7' title="bbox 297 1040 1739 1111">
    <p class='ocr_par' dir='ltr' id='par_1_7' title="bbox 297 1040 1739 1111">
     <span class='ocr_line' id='line_1_7' title="bbox 297 1040 1739 1111; baseline -0.006 -13"><span class='ocrx_word' id='word_1_32' title='bbox 297 1042 410 1099; x_wconf 76' lang='lat' dir='ltr'><strong>Nox</strong></span> <span class='ocrx_word' id='word_1_33' title='bbox 440 1051 576 1108; x_wconf 89' lang='lat' dir='ltr'><strong>erat,</strong></span> <span class='ocrx_word' id='word_1_34' title='bbox 607 1050 661 1096; x_wconf 91' lang='lat' dir='ltr'><strong>et</strong></span> <span class='ocrx_word' id='word_1_35' title='bbox 688 1041 916 1097; x_wconf 84' lang='lat' dir='ltr'><strong>mediam</strong></span> <span class='ocrx_word' id='word_1_36' title='bbox 942 1041 1233 1111; x_wconf 84' lang='lat' dir='ltr'><strong>carpebant</strong></span> <span class='ocrx_word' id='word_1_37' title='bbox 1259 1048 1450 1095; x_wconf 91' lang='lat' dir='ltr'><strong>cuncta</strong></span> <span class='ocrx_word' id='word_1_38' title='bbox 1482 1040 1739 1107; x_wconf 81' lang='lat' dir='ltr'><strong>quietem,</strong></span> 
     </span>
    </p>
   </div>
   <div class='ocr_carea' id='block_1_8' title="bbox 299 1132 1646 1204">
    <p class='ocr_par' dir='ltr' id='par_1_8' title="bbox 299 1132 1646 1204">
     <span class='ocr_line' id='line_1_8' title="bbox 299 1132 1646 1204; baseline -0.006 -14"><span class='ocrx_word' id='word_1_39' title='bbox 299 1135 606 1204; x_wconf 81' lang='lat' dir='ltr'><strong>Umbraque</strong></span> <span class='ocrx_word' id='word_1_40' title='bbox 634 1133 854 1189; x_wconf 88' lang='lat' dir='ltr'><strong>libratas</strong></span> <span class='ocrx_word' id='word_1_41' title='bbox 878 1133 989 1203; x_wconf 83' lang='lat' dir='ltr'><strong>jam</strong></span> <span class='ocrx_word' id='word_1_42' title='bbox 1018 1133 1128 1203; x_wconf 88' lang='lat' dir='ltr'><strong>jam</strong></span> <span class='ocrx_word' id='word_1_43' title='bbox 1160 1132 1413 1187; x_wconf 88' lang='lat' dir='ltr'><strong>diviserat</strong></span> <span class='ocrx_word' id='word_1_44' title='bbox 1443 1132 1603 1185; x_wconf 90' lang='lat' dir='ltr'><strong>horas</strong></span> <span class='ocrx_word' id='word_1_45' title='bbox 1633 1148 1646 1181; x_wconf 86' lang='lat'>:</span> 
     </span>
    </p>
   </div>
   <div class='ocr_carea' id='block_1_9' title="bbox 300 1227 1481 1296">
    <p class='ocr_par' dir='ltr' id='par_1_9' title="bbox 300 1227 1481 1296">
     <span class='ocr_line' id='line_1_9' title="bbox 300 1227 1481 1296; baseline -0.002 -15"><span class='ocrx_word' id='word_1_46' title='bbox 300 1228 439 1283; x_wconf 84' lang='lat' dir='ltr'><strong>Ecce</strong></span> <span class='ocrx_word' id='word_1_47' title='bbox 467 1228 611 1283; x_wconf 83' lang='lat' dir='ltr'><strong>venit</strong></span> <span class='ocrx_word' id='word_1_48' title='bbox 641 1227 804 1283; x_wconf 91' lang='lat' dir='ltr'><strong>tacito</strong></span> <span class='ocrx_word' id='word_1_49' title='bbox 835 1243 926 1296; x_wconf 90' lang='lat' dir='ltr'><strong>per</strong></span> <span class='ocrx_word' id='word_1_50' title='bbox 954 1228 1069 1281; x_wconf 87' lang='lat' dir='ltr'><strong>dira</strong></span> <span class='ocrx_word' id='word_1_51' title='bbox 1099 1227 1306 1282; x_wconf 91' lang='lat' dir='ltr'><strong>silentia</strong></span> <span class='ocrx_word' id='word_1_52' title='bbox 1334 1237 1481 1280; x_wconf 91' lang='lat' dir='ltr'><strong>motu</strong></span> 
     </span>
    </p>
   </div>
   <div class='ocr_carea' id='block_1_10' title="bbox 295 1320 1526 1392">
    <p class='ocr_par' dir='ltr' id='par_1_10' title="bbox 295 1320 1526 1392">
     <span class='ocr_line' id='line_1_10' title="bbox 295 1320 1526 1392; baseline -0.005 -14"><span class='ocrx_word' id='word_1_53' title='bbox 295 1322 535 1392; x_wconf 78' lang='lat' dir='ltr'><strong>Angelus</strong></span> <span class='ocrx_word' id='word_1_54' title='bbox 559 1330 775 1377; x_wconf 82' lang='lat' dir='ltr'><strong>exserto</strong></span> <span class='ocrx_word' id='word_1_55' title='bbox 804 1323 1002 1377; x_wconf 90' lang='lat' dir='ltr'><strong>missus</strong></span> <span class='ocrx_word' id='word_1_56' title='bbox 1026 1321 1115 1392; x_wconf 90' lang='lat' dir='ltr'><strong>qui</strong></span> <span class='ocrx_word' id='word_1_57' title='bbox 1143 1320 1329 1375; x_wconf 64' lang='lat' dir='ltr'><strong>saeviat</strong></span> <span class='ocrx_word' id='word_1_58' title='bbox 1356 1333 1487 1373; x_wconf 83' lang='lat' dir='ltr'><strong>ense</strong></span> <span class='ocrx_word' id='word_1_59' title='bbox 1512 1334 1526 1372; x_wconf 91' lang='lat'>:</span> 
     </span>
    </p>
   </div>
   <div class='ocr_carea' id='block_1_11' title="bbox 244 1412 1494 1474">
    <p class='ocr_par' dir='ltr' id='par_1_11' title="bbox 244 1412 1494 1474">
     <span class='ocr_line' id='line_1_11' title="bbox 244 1412 1494 1474; baseline -0.003 -5"><span class='ocrx_word' id='word_1_60' title='bbox 244 1423 253 1428; x_wconf 86' lang='lat'>&#39;</span> <span class='ocrx_word' id='word_1_61' title='bbox 295 1414 407 1469; x_wconf 78' lang='lat' dir='ltr'><strong>Nec</strong></span> <span class='ocrx_word' id='word_1_62' title='bbox 434 1414 655 1469; x_wconf 83' lang='lat' dir='ltr'><strong>confusa</strong></span> <span class='ocrx_word' id='word_1_63' title='bbox 685 1414 843 1469; x_wconf 89' lang='lat' dir='ltr'><strong>datur</strong></span> <span class='ocrx_word' id='word_1_64' title='bbox 868 1415 1028 1470; x_wconf 86' lang='lat' dir='ltr'><strong>subiti</strong></span> <span class='ocrx_word' id='word_1_65' title='bbox 1054 1415 1319 1470; x_wconf 86' lang='lat' dir='ltr'><strong>sententia</strong></span> <span class='ocrx_word' id='word_1_66' title='bbox 1345 1412 1494 1474; x_wconf 87' lang='lat' dir='ltr'><strong>lethi,</strong></span> 
     </span>
    </p>
   </div>
   <div class='ocr_carea' id='block_1_12' title="bbox 293 1502 1741 1574">
    <p class='ocr_par' dir='ltr' id='par_1_12' title="bbox 293 1502 1741 1574">
     <span class='ocr_line' id='line_1_12' title="bbox 293 1502 1741 1574; baseline -0.004 -14"><span class='ocrx_word' id='word_1_67' title='bbox 293 1505 469 1560; x_wconf 87' lang='lat' dir='ltr'><strong>Omne</strong></span> <span class='ocrx_word' id='word_1_68' title='bbox 498 1505 694 1559; x_wconf 91' lang='lat' dir='ltr'><strong>malum</strong></span> <span class='ocrx_word' id='word_1_69' title='bbox 725 1507 818 1560; x_wconf 91' lang='lat' dir='ltr'><strong>sed</strong></span> <span class='ocrx_word' id='word_1_70' title='bbox 846 1516 992 1561; x_wconf 84' lang='lat' dir='ltr'><strong>sorte</strong></span> <span class='ocrx_word' id='word_1_71' title='bbox 1018 1506 1191 1569; x_wconf 88' lang='lat' dir='ltr'><strong>cadit,</strong></span> <span class='ocrx_word' id='word_1_72' title='bbox 1225 1504 1487 1574; x_wconf 73' lang='lat' dir='ltr'><strong>longeque</strong></span> <span class='ocrx_word' id='word_1_73' title='bbox 1513 1502 1741 1565; x_wconf 89' lang='lat' dir='ltr'><strong>videtur,</strong></span> 
     </span>
    </p>
   </div>
   <div class='ocr_carea' id='block_1_13' title="bbox 296 1592 1661 1666">
    <p class='ocr_par' dir='ltr' id='par_1_13' title="bbox 296 1592 1661 1666">
     <span class='ocr_line' id='line_1_13' title="bbox 296 1592 1661 1666; baseline -0.004 -15"><span class='ocrx_word' id='word_1_74' title='bbox 296 1594 464 1662; x_wconf 82' lang='lat' dir='ltr'><strong>Quem</strong></span> <span class='ocrx_word' id='word_1_75' title='bbox 497 1604 645 1666; x_wconf 88' lang='lat' dir='ltr'><strong>petat</strong></span> <span class='ocrx_word' id='word_1_76' title='bbox 673 1596 727 1650; x_wconf 91' lang='lat' dir='ltr'><strong>in</strong></span> <span class='ocrx_word' id='word_1_77' title='bbox 761 1596 995 1651; x_wconf 88' lang='lat' dir='ltr'><strong>tenebris</strong></span> <span class='ocrx_word' id='word_1_78' title='bbox 1027 1595 1226 1664; x_wconf 65' lang='lat' dir='ltr'><strong>prmlixi</strong></span> <span class='ocrx_word' id='word_1_79' title='bbox 1259 1594 1459 1650; x_wconf 89' lang='lat' dir='ltr'><strong>funeris</strong></span> <span class='ocrx_word' id='word_1_80' title='bbox 1483 1592 1616 1647; x_wconf 92' lang='lat' dir='ltr'><strong>ordo</strong></span> <span class='ocrx_word' id='word_1_81' title='bbox 1646 1606 1661 1645; x_wconf 90' lang='lat'><strong>:</strong></span> 
     </span>
    </p>
   </div>
   <div class='ocr_carea' id='block_1_14' title="bbox 296 1686 1465 1757">
    <p class='ocr_par' dir='ltr' id='par_1_14' title="bbox 296 1686 1465 1757">
     <span class='ocr_line' id='line_1_14' title="bbox 296 1686 1465 1757; baseline -0.003 -15"><span class='ocrx_word' id='word_1_82' title='bbox 296 1687 524 1756; x_wconf 74' lang='lat' dir='ltr'><strong>Maiores</strong></span> <span class='ocrx_word' id='word_1_83' title='bbox 547 1696 674 1742; x_wconf 86' lang='lat' dir='ltr'><strong>natu</strong></span> <span class='ocrx_word' id='word_1_84' title='bbox 701 1695 950 1757; x_wconf 90' lang='lat' dir='ltr'><strong>pereunt,</strong></span> <span class='ocrx_word' id='word_1_85' title='bbox 976 1686 1185 1756; x_wconf 90' lang='lat' dir='ltr'><strong>solique</strong></span> <span class='ocrx_word' id='word_1_86' title='bbox 1215 1687 1465 1755; x_wconf 87' lang='lat' dir='ltr'><strong>leguntur</strong></span> 
     </span>
    </p>
   </div>
   <div class='ocr_carea' id='block_1_15' title="bbox 298 1776 1552 1861">
    <p class='ocr_par' dir='ltr' id='par_1_15' title="bbox 298 1776 1552 1861">
     <span class='ocr_line' id='line_1_15' title="bbox 298 1776 1552 1861; baseline -0.004 -29"><span class='ocrx_word' id='word_1_87' title='bbox 298 1778 380 1832; x_wconf 83' lang='lat' dir='ltr'><strong>Ad</strong></span> <span class='ocrx_word' id='word_1_88' title='bbox 412 1788 641 1861; x_wconf 57' lang='lat' dir='ltr'><strong>mortem</strong></span> <span class='ocrx_word' id='word_1_89' title='bbox 664 1776 867 1846; x_wconf 89' lang='lat' dir='ltr'><strong>primos</strong></span> <span class='ocrx_word' id='word_1_90' title='bbox 901 1776 1007 1830; x_wconf 90' lang='lat' dir='ltr'><strong>luci</strong></span> <span class='ocrx_word' id='word_1_91' title='bbox 1033 1791 1165 1846; x_wconf 90' lang='lat' dir='ltr'><strong>quos</strong></span> <span class='ocrx_word' id='word_1_92' title='bbox 1193 1776 1361 1831; x_wconf 89' lang='lat' dir='ltr'><strong>edidit</strong></span> <span class='ocrx_word' id='word_1_93' title='bbox 1386 1785 1552 1829; x_wconf 91' lang='lat' dir='ltr'><strong>ortus.</strong></span> 
     </span>
    </p>
   </div>
   <div class='ocr_carea' id='block_1_16' title="bbox 298 1869 1748 1939">
    <p class='ocr_par' dir='ltr' id='par_1_16' title="bbox 298 1869 1748 1939">
     <span class='ocr_line' id='line_1_16' title="bbox 298 1869 1748 1939; baseline -0.003 -14"><span class='ocrx_word' id='word_1_94' title='bbox 298 1872 437 1926; x_wconf 84' lang='lat' dir='ltr'><strong>Cum</strong></span> <span class='ocrx_word' id='word_1_95' title='bbox 463 1870 695 1925; x_wconf 83' lang='lat' dir='ltr'><strong>dominis</strong></span> <span class='ocrx_word' id='word_1_96' title='bbox 726 1869 907 1923; x_wconf 80' lang='lat' dir='ltr'><strong>famuli</strong></span> <span class='ocrx_word' id='word_1_97' title='bbox 942 1878 1196 1939; x_wconf 92' lang='lat' dir='ltr'><strong>pereunt,</strong></span> <span class='ocrx_word' id='word_1_98' title='bbox 1230 1871 1445 1938; x_wconf 90' lang='lat' dir='ltr'><strong>natique</strong></span> <span class='ocrx_word' id='word_1_99' title='bbox 1473 1875 1748 1936; x_wconf 74' lang='lat' dir='ltr'><strong>potentum</strong></span> 
     </span>
    </p>
   </div>
   <div class='ocr_carea' id='block_1_17' title="bbox 301 1958 1670 2031">
    <p class='ocr_par' dir='ltr' id='par_1_17' title="bbox 301 1958 1670 2031">
     <span class='ocr_line' id='line_1_17' title="bbox 301 1958 1670 2031; baseline -0.003 -15"><span class='ocrx_word' id='word_1_100' title='bbox 301 1960 574 2017; x_wconf 75' lang='lat' dir='ltr'><strong>Permixta</strong></span> <span class='ocrx_word' id='word_1_101' title='bbox 603 1976 724 2017; x_wconf 91' lang='lat' dir='ltr'><strong>cum</strong></span> <span class='ocrx_word' id='word_1_102' title='bbox 754 1961 911 2031; x_wconf 89' lang='lat' dir='ltr'><strong>plebe</strong></span> <span class='ocrx_word' id='word_1_103' title='bbox 939 1961 1139 2016; x_wconf 89' lang='lat' dir='ltr'><strong>cadunt</strong></span> <span class='ocrx_word' id='word_1_104' title='bbox 1170 1978 1181 2013; x_wconf 90' lang='lat'><strong>:</strong></span> <span class='ocrx_word' id='word_1_105' title='bbox 1215 1960 1295 2015; x_wconf 87' lang='lat' dir='ltr'><strong>sic</strong></span> <span class='ocrx_word' id='word_1_106' title='bbox 1326 1960 1462 2024; x_wconf 82' lang='lat' dir='ltr'><strong>vilis,</strong></span> <span class='ocrx_word' id='word_1_107' title='bbox 1494 1968 1549 2013; x_wconf 91' lang='lat' dir='ltr'><strong>ut</strong></span> <span class='ocrx_word' id='word_1_108' title='bbox 1581 1958 1670 2012; x_wconf 91' lang='lat' dir='ltr'><strong>ille</strong></span> 
     </span>
    </p>
   </div>
   <div class='ocr_carea' id='block_1_18' title="bbox 304 2050 1655 2123">
    <p class='ocr_par' dir='ltr' id='par_1_18' title="bbox 304 2050 1655 2123">
     <span class='ocr_line' id='line_1_18' title="bbox 304 2050 1655 2123; baseline -0.003 -14"><span class='ocrx_word' id='word_1_109' title='bbox 304 2057 477 2123; x_wconf 83' lang='lat' dir='ltr'><strong>Quem</strong></span> <span class='ocrx_word' id='word_1_110' title='bbox 509 2055 638 2109; x_wconf 88' lang='lat' dir='ltr'><strong>celsi</strong></span> <span class='ocrx_word' id='word_1_111' title='bbox 670 2055 840 2109; x_wconf 90' lang='lat' dir='ltr'><strong>tenuit</strong></span> <span class='ocrx_word' id='word_1_112' title='bbox 868 2056 1183 2108; x_wconf 90' lang='lat' dir='ltr'><strong>morientem</strong></span> <span class='ocrx_word' id='word_1_113' title='bbox 1216 2067 1448 2122; x_wconf 86' lang='lat' dir='ltr'><strong>purpura</strong></span> <span class='ocrx_word' id='word_1_114' title='bbox 1478 2050 1655 2105; x_wconf 89' lang='lat' dir='ltr'><strong>fulcri.</strong></span> 
     </span>
    </p>
   </div>
   <div class='ocr_carea' id='block_1_19' title="bbox 298 2144 1635 2217">
    <p class='ocr_par' dir='ltr' id='par_1_19' title="bbox 298 2144 1635 2217">
     <span class='ocr_line' id='line_1_19' title="bbox 298 2144 1635 2217; baseline -0.007 -12"><span class='ocrx_word' id='word_1_115' title='bbox 298 2148 431 2205; x_wconf 62' lang='lat' dir='ltr'><strong>llaec</strong></span> <span class='ocrx_word' id='word_1_116' title='bbox 460 2149 599 2201; x_wconf 85' lang='lat' dir='ltr'><strong>nuda</strong></span> <span class='ocrx_word' id='word_1_117' title='bbox 639 2145 1053 2217; x_wconf 80' lang='lat' dir='ltr'><strong>tellure&#39;jacent,</strong></span> <span class='ocrx_word' id='word_1_118' title='bbox 1090 2149 1201 2201; x_wconf 71' lang='lat' dir='ltr'><strong>hmo</strong></span> <span class='ocrx_word' id='word_1_119' title='bbox 1229 2146 1400 2200; x_wconf 90' lang='lat' dir='ltr'><strong>serica</strong></span> <span class='ocrx_word' id='word_1_120' title='bbox 1434 2144 1635 2205; x_wconf 87' lang='lat' dir='ltr'><strong>velant,</strong></span> 
     </span>
    </p>
   </div>
   <div class='ocr_carea' id='block_1_20' title="bbox 300 2235 1627 2310">
    <p class='ocr_par' dir='ltr' id='par_1_20' title="bbox 300 2235 1627 2310">
     <span class='ocr_line' id='line_1_20' title="bbox 300 2235 1627 2310; baseline -0.006 -15"><span class='ocrx_word' id='word_1_121' title='bbox 300 2241 619 2310; x_wconf 89' lang='lat' dir='ltr'><strong>Disparibus</strong></span> <span class='ocrx_word' id='word_1_122' title='bbox 646 2242 829 2294; x_wconf 89' lang='lat' dir='ltr'><strong>stratis</strong></span> <span class='ocrx_word' id='word_1_123' title='bbox 861 2248 1172 2294; x_wconf 86' lang='lat' dir='ltr'><strong>sternuntur</strong></span> <span class='ocrx_word' id='word_1_124' title='bbox 1203 2251 1432 2305; x_wconf 90' lang='lat' dir='ltr'><strong>corpora</strong></span> <span class='ocrx_word' id='word_1_125' title='bbox 1464 2235 1627 2289; x_wconf 87' lang='lat' dir='ltr'><strong>letho.</strong></span> 
     </span>
    </p>
   </div>
   <div class='ocr_carea' id='block_1_21' title="bbox 296 2316 1856 2402">
    <p class='ocr_par' dir='ltr' id='par_1_21' title="bbox 296 2316 1856 2402">
     <span class='ocr_line' id='line_1_21' title="bbox 296 2316 1856 2402; baseline -0.009 -13"><span class='ocrx_word' id='word_1_126' title='bbox 296 2332 418 2389; x_wconf 74' lang='lat' dir='ltr'><strong>Non</strong></span> <span class='ocrx_word' id='word_1_127' title='bbox 439 2345 762 2402; x_wconf 86' lang='lat' dir='ltr'><strong>quemquam</strong></span> <span class='ocrx_word' id='word_1_128' title='bbox 790 2316 935 2385; x_wconf 85' lang='lat' dir='ltr'><strong>mors</strong></span> <span class='ocrx_word' id='word_1_129' title='bbox 964 2344 1113 2398; x_wconf 79' lang='lat' dir='ltr'><strong>aequa</strong></span> <span class='ocrx_word' id='word_1_130' title='bbox 1144 2329 1319 2391; x_wconf 85' lang='lat' dir='ltr'><strong>timet,</strong></span> <span class='ocrx_word' id='word_1_131' title='bbox 1352 2341 1457 2381; x_wconf 91' lang='lat' dir='ltr'><strong>non</strong></span> <span class='ocrx_word' id='word_1_132' title='bbox 1488 2324 1687 2395; x_wconf 73' lang='lat' dir='ltr'><strong>exeipit</strong></span> <span class='ocrx_word' id='word_1_133' title='bbox 1715 2321 1856 2377; x_wconf 78' lang='lat' dir='ltr'><strong>ullos</strong></span> 
     </span>
    </p>
   </div>
   <div class='ocr_carea' id='block_1_22' title="bbox 298 2419 1580 2492">
    <p class='ocr_par' dir='ltr' id='par_1_22' title="bbox 298 2419 1580 2492">
     <span class='ocr_line' id='line_1_22' title="bbox 298 2419 1580 2492; baseline -0.005 -14"><span class='ocrx_word' id='word_1_134' title='bbox 298 2425 361 2478; x_wconf 90' lang='lat' dir='ltr'><strong>In</strong></span> <span class='ocrx_word' id='word_1_135' title='bbox 393 2423 530 2478; x_wconf 91' lang='lat' dir='ltr'><strong>vivis</strong></span> <span class='ocrx_word' id='word_1_136' title='bbox 562 2432 765 2476; x_wconf 92' lang='lat' dir='ltr'><strong>tantum</strong></span> <span class='ocrx_word' id='word_1_137' title='bbox 796 2421 888 2492; x_wconf 91' lang='lat' dir='ltr'><strong>qui</strong></span> <span class='ocrx_word' id='word_1_138' title='bbox 920 2420 1299 2475; x_wconf 91' lang='lat' dir='ltr'><strong>discernuntur</strong></span> <span class='ocrx_word' id='word_1_139' title='bbox 1328 2419 1580 2477; x_wconf 84' lang='lat' dir='ltr'><strong>honores.</strong></span> 
     </span>
    </p>
   </div>
   <div class='ocr_carea' id='block_1_23' title="bbox 297 2514 1565 2585">
    <p class='ocr_par' dir='ltr' id='par_1_23' title="bbox 297 2514 1565 2585">
     <span class='ocr_line' id='line_1_23' title="bbox 297 2514 1565 2585; baseline -0.006 -14"><span class='ocrx_word' id='word_1_140' title='bbox 297 2516 563 2585; x_wconf 83' lang='lat' dir='ltr'><strong>Pauperis</strong></span> <span class='ocrx_word' id='word_1_141' title='bbox 591 2515 657 2569; x_wconf 86' lang='lat' dir='ltr'><strong>ad</strong></span> <span class='ocrx_word' id='word_1_142' title='bbox 686 2514 866 2569; x_wconf 82' lang='lat' dir='ltr'><strong>ﬂetum</strong></span> <span class='ocrx_word' id='word_1_143' title='bbox 896 2514 1040 2568; x_wconf 87' lang='lat' dir='ltr'><strong>nulla</strong></span> <span class='ocrx_word' id='word_1_144' title='bbox 1072 2514 1267 2583; x_wconf 89' lang='lat' dir='ltr'><strong>pietate</strong></span> <span class='ocrx_word' id='word_1_145' title='bbox 1301 2522 1565 2577; x_wconf 84' lang='lat' dir='ltr'><strong>movetur,</strong></span> 
     </span>
    </p>
   </div>
   <div class='ocr_carea' id='block_1_24' title="bbox 297 2604 1594 2676">
    <p class='ocr_par' dir='ltr' id='par_1_24' title="bbox 297 2604 1594 2676">
     <span class='ocr_line' id='line_1_24' title="bbox 297 2604 1594 2676; baseline -0.005 -14"><span class='ocrx_word' id='word_1_146' title='bbox 297 2606 519 2663; x_wconf 88' lang='lat' dir='ltr'><strong>Ditibus</strong></span> <span class='ocrx_word' id='word_1_147' title='bbox 556 2616 613 2660; x_wconf 91' lang='lat' dir='ltr'><strong>ut</strong></span> <span class='ocrx_word' id='word_1_148' title='bbox 642 2615 827 2676; x_wconf 90' lang='lat' dir='ltr'><strong>parcat</strong></span> <span class='ocrx_word' id='word_1_149' title='bbox 864 2605 1011 2660; x_wconf 89' lang='lat' dir='ltr'><strong>nullo</strong></span> <span class='ocrx_word' id='word_1_150' title='bbox 1048 2604 1409 2673; x_wconf 89' lang='lat' dir='ltr'><strong>corrumpitur</strong></span> <span class='ocrx_word' id='word_1_151' title='bbox 1442 2616 1594 2657; x_wconf 92' lang='lat' dir='ltr'><strong>auro.</strong></span> 
     </span>
    </p>
   </div>
   <div class='ocr_carea' id='block_1_25' title="bbox 298 2695 1502 2768">
    <p class='ocr_par' dir='ltr' id='par_1_25' title="bbox 298 2695 1502 2768">
     <span class='ocr_line' id='line_1_25' title="bbox 298 2695 1502 2768; baseline -0.006 -14"><span class='ocrx_word' id='word_1_152' title='bbox 298 2696 591 2768; x_wconf 67' lang='lat' dir='ltr'><strong>Egrotum</strong></span> <span class='ocrx_word' id='word_1_153' title='bbox 622 2711 809 2763; x_wconf 88' lang='lat' dir='ltr'><strong>sanus,</strong></span> <span class='ocrx_word' id='word_1_154' title='bbox 843 2696 1139 2765; x_wconf 64' lang='lat' dir='ltr'><strong>longaevum</strong></span> <span class='ocrx_word' id='word_1_155' title='bbox 1167 2695 1350 2764; x_wconf 88' lang='lat' dir='ltr'><strong>junior</strong></span> <span class='ocrx_word' id='word_1_156' title='bbox 1379 2704 1502 2748; x_wconf 85' lang='lat' dir='ltr'><strong>ante</strong></span> 
     </span>
    </p>
   </div>
   <div class='ocr_carea' id='block_1_26' title="bbox 295 2786 1495 2858">
    <p class='ocr_par' dir='ltr' id='par_1_26' title="bbox 295 2786 1495 2858">
     <span class='ocr_line' id='line_1_26' title="bbox 295 2786 1495 2858; baseline -0.005 -14"><span class='ocrx_word' id='word_1_157' title='bbox 295 2786 527 2858; x_wconf 74' lang='lat' dir='ltr'><strong>Migrat:</strong></span> <span class='ocrx_word' id='word_1_158' title='bbox 552 2787 675 2841; x_wconf 85' lang='lat' dir='ltr'><strong>huic</strong></span> <span class='ocrx_word' id='word_1_159' title='bbox 701 2786 798 2841; x_wconf 90' lang='lat' dir='ltr'><strong>soli</strong></span> <span class='ocrx_word' id='word_1_160' title='bbox 828 2786 989 2842; x_wconf 89' lang='lat' dir='ltr'><strong>debet</strong></span> <span class='ocrx_word' id='word_1_161' title='bbox 1015 2786 1289 2841; x_wconf 86' lang='lat' dir='ltr'><strong>conlidere</strong></span> <span class='ocrx_word' id='word_1_162' title='bbox 1320 2799 1495 2839; x_wconf 88' lang='lat' dir='ltr'><strong>nemo.</strong></span> 
     </span>
    </p>
   </div>
   <div class='ocr_carea' id='block_1_27' title="bbox 296 2876 1854 2948">
    <p class='ocr_par' dir='ltr' id='par_1_27' title="bbox 296 2876 1854 2948">
     <span class='ocr_line' id='line_1_27' title="bbox 296 2876 1854 2948; baseline -0.006 -10"><span class='ocrx_word' id='word_1_163' title='bbox 296 2882 423 2938; x_wconf 84' lang='lat' dir='ltr'><strong>Hoc</strong></span> <span class='ocrx_word' id='word_1_164' title='bbox 450 2890 654 2936; x_wconf 89' lang='lat' dir='ltr'><strong>tantum</strong></span> <span class='ocrx_word' id='word_1_165' title='bbox 693 2890 867 2935; x_wconf 88' lang='lat' dir='ltr'><strong>tamen</strong></span> <span class='ocrx_word' id='word_1_166' title='bbox 898 2888 982 2935; x_wconf 91' lang='lat' dir='ltr'><strong>est</strong></span> <span class='ocrx_word' id='word_1_167' title='bbox 1014 2879 1230 2935; x_wconf 86' lang='lat' dir='ltr'><strong>sibimet</strong></span> <span class='ocrx_word' id='word_1_168' title='bbox 1258 2894 1364 2948; x_wconf 92' lang='lat' dir='ltr'><strong>quo</strong></span> <span class='ocrx_word' id='word_1_169' title='bbox 1396 2884 1603 2931; x_wconf 91' lang='lat' dir='ltr'><strong>mortua</strong></span> <span class='ocrx_word' id='word_1_170' title='bbox 1632 2876 1854 2942; x_wconf 89' lang='lat' dir='ltr'><strong>distent,</strong></span> 
     </span>
    </p>
   </div>
   <div class='ocr_carea' id='block_1_28' title="bbox 284 2970 1712 3040">
    <p class='ocr_par' dir='ltr' id='par_1_28' title="bbox 284 2970 1712 3040">
     <span class='ocr_line' id='line_1_28' title="bbox 284 2970 1712 3040; baseline -0.002 -16"><span class='ocrx_word' id='word_1_171' title='bbox 284 2971 503 3027; x_wconf 60' lang='lat' dir='ltr'><strong>&#39;Vivant</strong></span> <span class='ocrx_word' id='word_1_172' title='bbox 529 2981 584 3025; x_wconf 93' lang='lat' dir='ltr'><strong>ut</strong></span> <span class='ocrx_word' id='word_1_173' title='bbox 613 2970 821 3026; x_wconf 89' lang='lat' dir='ltr'><strong>meritis</strong></span> <span class='ocrx_word' id='word_1_174' title='bbox 850 2971 940 3040; x_wconf 92' lang='lat' dir='ltr'><strong>qui</strong></span> <span class='ocrx_word' id='word_1_175' title='bbox 976 2971 1246 3040; x_wconf 89' lang='lat' dir='ltr'><strong>complent</strong></span> <span class='ocrx_word' id='word_1_176' title='bbox 1275 2980 1515 3038; x_wconf 90' lang='lat' dir='ltr'><strong>tempora</strong></span> <span class='ocrx_word' id='word_1_177' title='bbox 1547 2977 1712 3023; x_wconf 84' lang='lat' dir='ltr'><strong>sorte.</strong></span> 
     </span>
    </p>
   </div>
   <div class='ocr_carea' id='block_1_29' title="bbox 298 3060 1733 3133">
    <p class='ocr_par' dir='ltr' id='par_1_29' title="bbox 298 3060 1733 3133">
     <span class='ocr_line' id='line_1_29' title="bbox 298 3060 1733 3133; baseline -0.003 -15"><span class='ocrx_word' id='word_1_178' title='bbox 298 3063 436 3119; x_wconf 73' lang='lat' dir='ltr'><strong>Haac</strong></span> <span class='ocrx_word' id='word_1_179' title='bbox 464 3078 735 3133; x_wconf 86' lang='lat' dir='ltr'><strong>nunquam</strong></span> <span class='ocrx_word' id='word_1_180' title='bbox 762 3063 975 3133; x_wconf 86' lang='lat' dir='ltr'><strong>penitus</strong></span> <span class='ocrx_word' id='word_1_181' title='bbox 1003 3062 1160 3117; x_wconf 91' lang='lat' dir='ltr'><strong>morti</strong></span> <span class='ocrx_word' id='word_1_182' title='bbox 1192 3062 1318 3116; x_wconf 87' lang='lat' dir='ltr'><strong>licet</strong></span> <span class='ocrx_word' id='word_1_183' title='bbox 1345 3061 1572 3129; x_wconf 82' lang='lat' dir='ltr'><strong>auferat,</strong></span> <span class='ocrx_word' id='word_1_184' title='bbox 1605 3068 1659 3115; x_wconf 90' lang='lat' dir='ltr'><strong>et</strong></span> <span class='ocrx_word' id='word_1_185' title='bbox 1689 3060 1733 3113; x_wconf 88' lang='lat' dir='ltr'><strong>si</strong></span> 
     </span>
    </p>
   </div>
   <div class='ocr_carea' id='block_1_30' title="bbox 298 3155 1485 3225">
    <p class='ocr_par' dir='ltr' id='par_1_30' title="bbox 298 3155 1485 3225">
     <span class='ocr_line' id='line_1_30' title="bbox 298 3155 1485 3225; baseline -0.002 -17"><span class='ocrx_word' id='word_1_186' title='bbox 298 3155 438 3211; x_wconf 90' lang='lat' dir='ltr'><strong>.lure</strong></span> <span class='ocrx_word' id='word_1_187' title='bbox 466 3155 744 3225; x_wconf 85' lang='lat' dir='ltr'><strong>potestatis</strong></span> <span class='ocrx_word' id='word_1_188' title='bbox 772 3155 911 3210; x_wconf 89' lang='lat' dir='ltr'><strong>lutea</strong></span> <span class='ocrx_word' id='word_1_189' title='bbox 937 3168 1194 3223; x_wconf 76' lang='lat' dir='ltr'><strong>compage</strong></span> <span class='ocrx_word' id='word_1_190' title='bbox 1223 3163 1485 3219; x_wconf 90' lang='lat' dir='ltr'><strong>creatum,</strong></span> 
     </span>
    </p>
   </div>
   <div class='ocr_carea' id='block_1_31' title="bbox 300 3244 1675 3315">
    <p class='ocr_par' dir='ltr' id='par_1_31' title="bbox 300 3244 1675 3315">
     <span class='ocr_line' id='line_1_31' title="bbox 300 3244 1675 3315; baseline -0.006 -11"><span class='ocrx_word' id='word_1_191' title='bbox 300 3248 533 3304; x_wconf 87' lang='lat' dir='ltr'><strong>Semine</strong></span> <span class='ocrx_word' id='word_1_192' title='bbox 562 3247 773 3301; x_wconf 91' lang='lat' dir='ltr'><strong>mortali</strong></span> <span class='ocrx_word' id='word_1_193' title='bbox 800 3246 1349 3315; x_wconf 82' lang='lat' dir='ltr'><strong>genitum,.terr:eque</strong></span> <span class='ocrx_word' id='word_1_194' title='bbox 1376 3244 1675 3310; x_wconf 87' lang='lat' dir='ltr'><strong>reductmn,</strong></span> 
     </span>
    </p>
   </div>
   <div class='ocr_carea' id='block_1_32' title="bbox 298 3335 1545 3395">
    <p class='ocr_par' dir='ltr' id='par_1_32' title="bbox 298 3335 1545 3395">
     <span class='ocr_line' id='line_1_32' title="bbox 298 3335 1545 3395; baseline -0.006 0"><span class='ocrx_word' id='word_1_195' title='bbox 298 3340 586 3395; x_wconf 82' lang='lat' dir='ltr'><strong>Justorum</strong></span> <span class='ocrx_word' id='word_1_196' title='bbox 617 3339 670 3392; x_wconf 93' lang='lat' dir='ltr'><strong>in</strong></span> <span class='ocrx_word' id='word_1_197' title='bbox 702 3337 853 3393; x_wconf 88' lang='lat' dir='ltr'><strong>factis</strong></span> <span class='ocrx_word' id='word_1_198' title='bbox 885 3337 1031 3392; x_wconf 90' lang='lat' dir='ltr'><strong>letho</strong></span> <span class='ocrx_word' id='word_1_199' title='bbox 1059 3336 1133 3390; x_wconf 90' lang='lat' dir='ltr'><strong>nil</strong></span> <span class='ocrx_word' id='word_1_200' title='bbox 1162 3335 1397 3390; x_wconf 77' lang='lat' dir='ltr'><strong>creditur</strong></span> <span class='ocrx_word' id='word_1_201' title='bbox 1428 3335 1545 3389; x_wconf 91' lang='lat' dir='ltr'><strong>ulli.</strong></span> 
     </span>
    </p>
   </div>
   <div class='ocr_carea' id='block_1_33' title="bbox 380 3428 1689 3500">
    <p class='ocr_par' dir='ltr' id='par_1_33' title="bbox 380 3428 1689 3500">
     <span class='ocr_line' id='line_1_33' title="bbox 380 3428 1689 3500; baseline -0.004 -14"><span class='ocrx_word' id='word_1_202' title='bbox 380 3431 529 3500; x_wconf 84' lang='lat' dir='ltr'><strong>Ergo</strong></span> <span class='ocrx_word' id='word_1_203' title='bbox 554 3438 623 3484; x_wconf 83' lang='lat' dir='ltr'><strong>‘ut</strong></span> <span class='ocrx_word' id='word_1_204' title='bbox 652 3443 937 3500; x_wconf 87' lang='lat' dir='ltr'><strong>percussas</strong></span> <span class='ocrx_word' id='word_1_205' title='bbox 970 3430 1185 3483; x_wconf 88' lang='lat' dir='ltr'><strong>soboles</strong></span> <span class='ocrx_word' id='word_1_206' title='bbox 1214 3428 1435 3483; x_wconf 91' lang='lat' dir='ltr'><strong>confusa</strong></span> <span class='ocrx_word' id='word_1_207' title='bbox 1467 3435 1689 3495; x_wconf 85' lang='lat' dir='ltr'><strong>repente</strong></span> 
     </span>
    </p>
   </div>
   <div class='ocr_carea' id='block_1_34' title="bbox 299 3522 1678 3587">
    <p class='ocr_par' dir='ltr' id='par_1_34' title="bbox 299 3522 1678 3587">
     <span class='ocr_line' id='line_1_34' title="bbox 299 3522 1678 3587; baseline -0.001 -8"><span class='ocrx_word' id='word_1_208' title='bbox 299 3524 450 3580; x_wconf 71' lang='lat' dir='ltr'><strong>Aula</strong></span> <span class='ocrx_word' id='word_1_209' title='bbox 480 3522 643 3587; x_wconf 88' lang='lat' dir='ltr'><strong>videt,</strong></span> <span class='ocrx_word' id='word_1_210' title='bbox 673 3530 897 3578; x_wconf 89' lang='lat' dir='ltr'><strong>currunt</strong></span> <span class='ocrx_word' id='word_1_211' title='bbox 929 3522 1121 3577; x_wconf 82' lang='lat' dir='ltr'><strong>ﬂentes</strong></span> <span class='ocrx_word' id='word_1_212' title='bbox 1148 3522 1215 3577; x_wconf 89' lang='lat' dir='ltr'><strong>ad</strong></span> <span class='ocrx_word' id='word_1_213' title='bbox 1245 3522 1429 3576; x_wconf 86' lang='lat' dir='ltr'><strong>funera</strong></span> <span class='ocrx_word' id='word_1_214' title='bbox 1461 3533 1678 3586; x_wconf 87' lang='lat' dir='ltr'><strong>matres,</strong></span> 
     </span>
    </p>
   </div>
   <div class='ocr_carea' id='block_1_35' title="bbox 301 3600 1757 3693">
    <p class='ocr_par' dir='ltr' id='par_1_35' title="bbox 301 3600 1757 3693">
     <span class='ocr_line' id='line_1_35' title="bbox 301 3600 1757 3693; baseline -0.001 -23"><span class='ocrx_word' id='word_1_215' title='bbox 301 3616 537 3672; x_wconf 80' lang='lat' dir='ltr'><strong>Pectora</strong></span> <span class='ocrx_word' id='word_1_216' title='bbox 567 3613 905 3670; x_wconf 89' lang='lat' dir='ltr'><strong>contundunt</strong></span> <span class='ocrx_word' id='word_1_217' title='bbox 931 3617 1145 3683; x_wconf 83' lang='lat' dir='ltr'><strong>pugnis,</strong></span> <span class='ocrx_word' id='word_1_218' title='bbox 1177 3615 1461 3693; x_wconf 83' lang='lat' dir='ltr'><strong>crinesque</strong></span> <span class='ocrx_word' id='word_1_219' title='bbox 1489 3600 1757 3670; x_wconf 81' lang='lat' dir='ltr'><strong>revellunt</strong></span> 
     </span>
    </p>
   </div>
   <div class='ocr_carea' id='block_1_36' title="bbox 305 3707 1667 3780">
    <p class='ocr_par' dir='ltr' id='par_1_36' title="bbox 305 3707 1667 3780">
     <span class='ocr_line' id='line_1_36' title="bbox 305 3707 1667 3780; baseline -0.004 -15"><span class='ocrx_word' id='word_1_220' title='bbox 305 3708 612 3780; x_wconf 72' lang='lat' dir='ltr'><strong>Unguibus,</strong></span> <span class='ocrx_word' id='word_1_221' title='bbox 641 3717 695 3762; x_wconf 93' lang='lat' dir='ltr'><strong>et</strong></span> <span class='ocrx_word' id='word_1_222' title='bbox 721 3708 899 3777; x_wconf 87' lang='lat' dir='ltr'><strong>nigras</strong></span> <span class='ocrx_word' id='word_1_223' title='bbox 924 3707 1179 3762; x_wconf 84' lang='lat' dir='ltr'><strong>festinant</strong></span> <span class='ocrx_word' id='word_1_224' title='bbox 1206 3707 1450 3761; x_wconf 90' lang='lat' dir='ltr'><strong>scindere</strong></span> <span class='ocrx_word' id='word_1_225' title='bbox 1479 3707 1667 3761; x_wconf 88' lang='lat' dir='ltr'><strong>malas.</strong></span> 
     </span>
    </p>
   </div>
   <div class='ocr_carea' id='block_1_37' title="bbox 298 3800 1758 3870">
    <p class='ocr_par' dir='ltr' id='par_1_37' title="bbox 298 3800 1758 3870">
     <span class='ocr_line' id='line_1_37' title="bbox 298 3800 1758 3870; baseline -0.003 -13"><span class='ocrx_word' id='word_1_226' title='bbox 298 3801 419 3862; x_wconf 76' lang='lat' dir='ltr'><strong>Nec</strong></span> <span class='ocrx_word' id='word_1_227' title='bbox 451 3800 702 3855; x_wconf 87' lang='lat' dir='ltr'><strong>dominos</strong></span> <span class='ocrx_word' id='word_1_228' title='bbox 732 3800 991 3869; x_wconf 81' lang='lat' dir='ltr'><strong>planxere</strong></span> <span class='ocrx_word' id='word_1_229' title='bbox 1021 3800 1133 3864; x_wconf 92' lang='lat' dir='ltr'><strong>diu,</strong></span> <span class='ocrx_word' id='word_1_230' title='bbox 1166 3815 1290 3854; x_wconf 84' lang='lat' dir='ltr'><strong>mox</strong></span> <span class='ocrx_word' id='word_1_231' title='bbox 1322 3811 1546 3870; x_wconf 84' lang='lat' dir='ltr'><strong>occupat</strong></span> <span class='ocrx_word' id='word_1_232' title='bbox 1572 3815 1758 3854; x_wconf 88' lang='lat' dir='ltr'><strong>onmes</strong></span> 
     </span>
    </p>
   </div>
   <div class='ocr_carea' id='block_1_38' title="bbox 301 3893 1875 3962">
    <p class='ocr_par' dir='ltr' id='par_1_38' title="bbox 301 3893 1875 3962">
     <span class='ocr_line' id='line_1_38' title="bbox 301 3893 1875 3962; baseline -0.001 -13"><span class='ocrx_word' id='word_1_233' title='bbox 301 3893 518 3949; x_wconf 84' lang='lat' dir='ltr'><strong>Luctus</strong></span> <span class='ocrx_word' id='word_1_234' title='bbox 544 3906 813 3962; x_wconf 88' lang='lat' dir='ltr'><strong>quemque</strong></span> <span class='ocrx_word' id='word_1_235' title='bbox 836 3906 988 3954; x_wconf 88' lang='lat' dir='ltr'><strong>suns,</strong></span> <span class='ocrx_word' id='word_1_236' title='bbox 1012 3902 1167 3947; x_wconf 90' lang='lat' dir='ltr'><strong>sonat</strong></span> <span class='ocrx_word' id='word_1_237' title='bbox 1202 3908 1338 3946; x_wconf 82' lang='lat' dir='ltr'><strong>unus</strong></span> <span class='ocrx_word' id='word_1_238' title='bbox 1366 3895 1415 3945; x_wconf 94' lang='lat' dir='ltr'><strong>in</strong></span> <span class='ocrx_word' id='word_1_239' title='bbox 1444 3894 1641 3947; x_wconf 79' lang='lat' dir='ltr'><strong>:rtherc</strong></span> <span class='ocrx_word' id='word_1_240' title='bbox 1671 3893 1875 3948; x_wconf 87' lang='lat' dir='ltr'><strong>clamor</strong></span> 
     </span>
    </p>
   </div>
   <div class='ocr_carea' id='block_1_39' title="bbox 301 3981 1627 4045">
    <p class='ocr_par' dir='ltr' id='par_1_39' title="bbox 301 3981 1627 4045">
     <span class='ocr_line' id='line_1_39' title="bbox 301 3981 1627 4045; baseline -0.002 -6"><span class='ocrx_word' id='word_1_241' title='bbox 301 3984 429 4039; x_wconf 84' lang='lat' dir='ltr'><strong>Non</strong></span> <span class='ocrx_word' id='word_1_242' title='bbox 462 3998 570 4037; x_wconf 91' lang='lat' dir='ltr'><strong>uno</strong></span> <span class='ocrx_word' id='word_1_243' title='bbox 598 3998 664 4037; x_wconf 83' lang='lat' dir='ltr'><strong>ex</strong></span> <span class='ocrx_word' id='word_1_244' title='bbox 694 3982 841 4045; x_wconf 84' lang='lat' dir='ltr'><strong>fletu,</strong></span> <span class='ocrx_word' id='word_1_245' title='bbox 875 3981 1155 4036; x_wconf 88' lang='lat' dir='ltr'><strong>confundit</strong></span> <span class='ocrx_word' id='word_1_246' title='bbox 1185 3996 1315 4037; x_wconf 90' lang='lat' dir='ltr'><strong>voce</strong></span> <span class='ocrx_word' id='word_1_247' title='bbox 1342 3983 1627 4036; x_wconf 80' lang='lat' dir='ltr'><strong>tumultum</strong></span> 
     </span>
    </p>
   </div>
   <div class='ocr_carea' id='block_1_40' title="bbox 301 4075 1761 4137">
    <p class='ocr_par' dir='ltr' id='par_1_40' title="bbox 301 4075 1761 4137">
     <span class='ocr_line' id='line_1_40' title="bbox 301 4075 1761 4137; baseline -0.002 -5"><span class='ocrx_word' id='word_1_248' title='bbox 301 4076 468 4132; x_wconf 82' lang='lat' dir='ltr'><strong>Nulla</strong></span> <span class='ocrx_word' id='word_1_249' title='bbox 504 4090 696 4129; x_wconf 86' lang='lat' dir='ltr'><strong>vacans</strong></span> <span class='ocrx_word' id='word_1_250' title='bbox 724 4090 753 4127; x_wconf 90' lang='lat' dir='ltr'><strong>a</strong></span> <span class='ocrx_word' id='word_1_251' title='bbox 781 4082 953 4128; x_wconf 90' lang='lat' dir='ltr'><strong>morte</strong></span> <span class='ocrx_word' id='word_1_252' title='bbox 978 4075 1198 4137; x_wconf 89' lang='lat' dir='ltr'><strong>domus;</strong></span> <span class='ocrx_word' id='word_1_253' title='bbox 1228 4084 1336 4128; x_wconf 91' lang='lat' dir='ltr'><strong>tum</strong></span> <span class='ocrx_word' id='word_1_254' title='bbox 1370 4076 1568 4129; x_wconf 92' lang='lat' dir='ltr'><strong>lumine</strong></span> <span class='ocrx_word' id='word_1_255' title='bbox 1596 4076 1761 4129; x_wconf 92' lang='lat' dir='ltr'><strong>multo</strong></span> 
     </span>
    </p>
   </div>
   <div class='ocr_carea' id='block_1_41' title="bbox 300 4165 1524 4236">
    <p class='ocr_par' dir='ltr' id='par_1_41' title="bbox 300 4165 1524 4236">
     <span class='ocr_line' id='line_1_41' title="bbox 300 4165 1524 4236; baseline -0.005 -13"><span class='ocrx_word' id='word_1_256' title='bbox 300 4168 474 4223; x_wconf 84' lang='lat' dir='ltr'><strong>Omni</strong></span> <span class='ocrx_word' id='word_1_257' title='bbox 504 4175 722 4220; x_wconf 91' lang='lat' dir='ltr'><strong>curatur</strong></span> <span class='ocrx_word' id='word_1_258' title='bbox 754 4166 1069 4236; x_wconf 91' lang='lat' dir='ltr'><strong>populorum</strong></span> <span class='ocrx_word' id='word_1_259' title='bbox 1102 4165 1260 4219; x_wconf 87' lang='lat' dir='ltr'><strong>funus</strong></span> <span class='ocrx_word' id='word_1_260' title='bbox 1291 4166 1339 4217; x_wconf 93' lang='lat' dir='ltr'><strong>in</strong></span> <span class='ocrx_word' id='word_1_261' title='bbox 1374 4166 1524 4219; x_wconf 89' lang='lat' dir='ltr'><strong>urbe.</strong></span> 
     </span>
    </p>
   </div>
   <div class='ocr_carea' id='block_1_42' title="bbox 302 4259 1579 4328">
    <p class='ocr_par' dir='ltr' id='par_1_42' title="bbox 302 4259 1579 4328">
     <span class='ocr_line' id='line_1_42' title="bbox 302 4259 1579 4328; baseline -0.002 -13"><span class='ocrx_word' id='word_1_262' title='bbox 302 4259 584 4315; x_wconf 66' lang='lat' dir='ltr'><strong>iudicium</strong></span> <span class='ocrx_word' id='word_1_263' title='bbox 620 4259 821 4327; x_wconf 83' lang='lat' dir='ltr'><strong>justum</strong></span> <span class='ocrx_word' id='word_1_264' title='bbox 858 4259 1001 4328; x_wconf 89' lang='lat' dir='ltr'><strong>cogit</strong></span> <span class='ocrx_word' id='word_1_265' title='bbox 1030 4272 1260 4312; x_wconf 67' lang='lat' dir='ltr'><strong>maerere</strong></span> <span class='ocrx_word' id='word_1_266' title='bbox 1290 4267 1579 4313; x_wconf 91' lang='lat' dir='ltr'><strong>merentes.</strong></span> 
     </span>
    </p>
   </div>
   <div class='ocr_carea' id='block_1_43' title="bbox 301 4350 1617 4420">
    <p class='ocr_par' dir='ltr' id='par_1_43' title="bbox 301 4350 1617 4420">
     <span class='ocr_line' id='line_1_43' title="bbox 301 4350 1617 4420; baseline -0.001 -15"><span class='ocrx_word' id='word_1_267' title='bbox 301 4352 375 4405; x_wconf 80' lang='lat' dir='ltr'><strong>Et</strong></span> <span class='ocrx_word' id='word_1_268' title='bbox 399 4350 533 4419; x_wconf 87' lang='lat' dir='ltr'><strong>dum</strong></span> <span class='ocrx_word' id='word_1_269' title='bbox 565 4351 685 4420; x_wconf 89' lang='lat' dir='ltr'><strong>quis</strong></span> <span class='ocrx_word' id='word_1_270' title='bbox 716 4353 931 4419; x_wconf 92' lang='lat' dir='ltr'><strong>proprio</strong></span> <span class='ocrx_word' id='word_1_271' title='bbox 958 4358 1139 4405; x_wconf 85' lang='lat' dir='ltr'><strong>servat</strong></span> <span class='ocrx_word' id='word_1_272' title='bbox 1166 4350 1399 4404; x_wconf 84' lang='lat' dir='ltr'><strong>lamenta</strong></span> <span class='ocrx_word' id='word_1_273' title='bbox 1426 4350 1617 4414; x_wconf 90' lang='lat' dir='ltr'><strong>dolori,</strong></span> 
     </span>
    </p>
   </div>
   <div class='ocr_carea' id='block_1_44' title="bbox 302 4443 1680 4513">
    <p class='ocr_par' dir='ltr' id='par_1_44' title="bbox 302 4443 1680 4513">
     <span class='ocr_line' id='line_1_44' title="bbox 302 4443 1680 4513; baseline -0.001 -15"><span class='ocrx_word' id='word_1_274' title='bbox 302 4443 624 4512; x_wconf 79' lang='lat' dir='ltr'><strong>Exsequias</strong></span> <span class='ocrx_word' id='word_1_275' title='bbox 653 4443 864 4497; x_wconf 88' lang='lat' dir='ltr'><strong>tardant</strong></span> <span class='ocrx_word' id='word_1_276' title='bbox 893 4444 1085 4509; x_wconf 91' lang='lat' dir='ltr'><strong>luctus,</strong></span> <span class='ocrx_word' id='word_1_277' title='bbox 1121 4443 1500 4513; x_wconf 86' lang='lat' dir='ltr'><strong>inhumataque</strong></span> <span class='ocrx_word' id='word_1_278' title='bbox 1532 4445 1680 4499; x_wconf 89' lang='lat' dir='ltr'><strong>turba</strong></span> 
     </span>
    </p>
   </div>
   <div class='ocr_carea' id='block_1_45' title="bbox 302 4535 1443 4604">
    <p class='ocr_par' dir='ltr' id='par_1_45' title="bbox 302 4535 1443 4604">
     <span class='ocr_line' id='line_1_45' title="bbox 302 4535 1443 4604; baseline -0.002 -13"><span class='ocrx_word' id='word_1_279' title='bbox 302 4537 497 4591; x_wconf 86' lang='lat' dir='ltr'><strong>Dilata</strong></span> <span class='ocrx_word' id='word_1_280' title='bbox 521 4535 689 4604; x_wconf 82' lang='lat' dir='ltr'><strong>jacuit</strong></span> <span class='ocrx_word' id='word_1_281' title='bbox 720 4536 979 4603; x_wconf 87' lang='lat' dir='ltr'><strong>tantisper</strong></span> <span class='ocrx_word' id='word_1_282' title='bbox 1007 4542 1155 4589; x_wconf 89' lang='lat' dir='ltr'><strong>sorte</strong></span> <span class='ocrx_word' id='word_1_283' title='bbox 1184 4535 1443 4603; x_wconf 86' lang='lat' dir='ltr'><strong>sepulcri;</strong></span> 
     </span>
    </p>
   </div>
   <div class='ocr_carea' id='block_1_46' title="bbox 303 4631 1711 4699">
    <p class='ocr_par' dir='ltr' id='par_1_46' title="bbox 303 4631 1711 4699">
     <span class='ocr_line' id='line_1_46' title="bbox 303 4631 1711 4699; baseline 0 -11"><span class='ocrx_word' id='word_1_284' title='bbox 303 4633 378 4688; x_wconf 87' lang='lat' dir='ltr'><strong>Et</strong></span> <span class='ocrx_word' id='word_1_285' title='bbox 409 4632 517 4687; x_wconf 85' lang='lat' dir='ltr'><strong>nisi</strong></span> <span class='ocrx_word' id='word_1_286' title='bbox 551 4633 655 4699; x_wconf 84' lang='lat' dir='ltr'><strong>jam</strong></span> <span class='ocrx_word' id='word_1_287' title='bbox 684 4631 895 4685; x_wconf 90' lang='lat' dir='ltr'><strong>tandem</strong></span> <span class='ocrx_word' id='word_1_288' title='bbox 926 4646 1126 4685; x_wconf 90' lang='lat' dir='ltr'><strong>vacuos</strong></span> <span class='ocrx_word' id='word_1_289' title='bbox 1152 4639 1208 4685; x_wconf 90' lang='lat' dir='ltr'><strong>et</strong></span> <span class='ocrx_word' id='word_1_290' title='bbox 1234 4632 1437 4686; x_wconf 88' lang='lat' dir='ltr'><strong>honore</strong></span> <span class='ocrx_word' id='word_1_291' title='bbox 1466 4642 1711 4687; x_wconf 88' lang='lat' dir='ltr'><strong>carentes</strong></span> 
     </span>
    </p>
   </div>
   <div class='ocr_carea' id='block_1_47' title="bbox 301 4723 1607 4793">
    <p class='ocr_par' dir='ltr' id='par_1_47' title="bbox 301 4723 1607 4793">
     <span class='ocr_line' id='line_1_47' title="bbox 301 4723 1607 4793; baseline -0.003 -13"><span class='ocrx_word' id='word_1_292' title='bbox 301 4725 411 4780; x_wconf 81' lang='lat' dir='ltr'><strong>Vel</strong></span> <span class='ocrx_word' id='word_1_293' title='bbox 450 4724 593 4778; x_wconf 86' lang='lat' dir='ltr'><strong>nuda</strong></span> <span class='ocrx_word' id='word_1_294' title='bbox 623 4723 813 4778; x_wconf 88' lang='lat' dir='ltr'><strong>tellure</strong></span> <span class='ocrx_word' id='word_1_295' title='bbox 843 4723 1003 4786; x_wconf 89' lang='lat' dir='ltr'><strong>locet,</strong></span> <span class='ocrx_word' id='word_1_296' title='bbox 1033 4723 1116 4777; x_wconf 87' lang='lat' dir='ltr'><strong>vel</strong></span> <span class='ocrx_word' id='word_1_297' title='bbox 1146 4732 1451 4777; x_wconf 88' lang='lat' dir='ltr'><strong>concremet</strong></span> <span class='ocrx_word' id='word_1_298' title='bbox 1482 4724 1607 4793; x_wconf 87' lang='lat' dir='ltr'><strong>igni,</strong></span> 
     </span>
    </p>
   </div>
   <div class='ocr_carea' id='block_1_48' title="bbox 301 4815 1740 4884">
    <p class='ocr_par' dir='ltr' id='par_1_48' title="bbox 301 4815 1740 4884">
     <span class='ocr_line' id='line_1_48' title="bbox 301 4815 1740 4884; baseline -0.001 -13"><span class='ocrx_word' id='word_1_299' title='bbox 301 4816 423 4873; x_wconf 73' lang='lat' dir='ltr'><strong>Vix</strong></span> <span class='ocrx_word' id='word_1_300' title='bbox 455 4817 681 4871; x_wconf 88' lang='lat' dir='ltr'><strong>collecta</strong></span> <span class='ocrx_word' id='word_1_301' title='bbox 712 4829 904 4870; x_wconf 90' lang='lat' dir='ltr'><strong>manus</strong></span> <span class='ocrx_word' id='word_1_302' title='bbox 932 4830 1051 4884; x_wconf 70' lang='lat' dir='ltr'><strong>qum</strong></span> <span class='ocrx_word' id='word_1_303' title='bbox 1082 4823 1260 4869; x_wconf 90' lang='lat' dir='ltr'><strong>tantos</strong></span> <span class='ocrx_word' id='word_1_304' title='bbox 1289 4815 1562 4870; x_wconf 89' lang='lat' dir='ltr'><strong>clauderet</strong></span> <span class='ocrx_word' id='word_1_305' title='bbox 1588 4832 1740 4871; x_wconf 90' lang='lat' dir='ltr'><strong>urna.</strong></span> 
     </span>
    </p>
   </div>
   <div class='ocr_carea' id='block_1_49' title="bbox 381 4906 1734 4976">
    <p class='ocr_par' dir='ltr' id='par_1_49' title="bbox 381 4906 1734 4976">
     <span class='ocr_line' id='line_1_49' title="bbox 381 4906 1734 4976; baseline -0.002 -13"><span class='ocrx_word' id='word_1_306' title='bbox 381 4907 532 4963; x_wconf 84' lang='lat' dir='ltr'><strong>Tum</strong></span> <span class='ocrx_word' id='word_1_307' title='bbox 567 4921 745 4976; x_wconf 88' lang='lat' dir='ltr'><strong>regem</strong></span> <span class='ocrx_word' id='word_1_308' title='bbox 772 4906 971 4960; x_wconf 88' lang='lat' dir='ltr'><strong>circum</strong></span> <span class='ocrx_word' id='word_1_309' title='bbox 998 4916 1269 4960; x_wconf 87' lang='lat' dir='ltr'><strong>commoto</strong></span> <span class='ocrx_word' id='word_1_310' title='bbox 1299 4921 1569 4960; x_wconf 91' lang='lat' dir='ltr'><strong>murmure</strong></span> <span class='ocrx_word' id='word_1_311' title='bbox 1594 4907 1734 4961; x_wconf 86' lang='lat' dir='ltr'><strong>sistit</strong></span> 
     </span>
    </p>
   </div>
   <div class='ocr_carea' id='block_1_50' title="bbox 301 4997 1806 5067">
    <p class='ocr_par' dir='ltr' id='par_1_50' title="bbox 301 4997 1806 5067">
     <span class='ocr_line' id='line_1_50' title="bbox 301 4997 1806 5067; baseline -0.002 -11"><span class='ocrx_word' id='word_1_312' title='bbox 301 5002 516 5056; x_wconf 67' lang='lat' dir='ltr'><strong>Moesta</strong></span> <span class='ocrx_word' id='word_1_313' title='bbox 545 4998 762 5065; x_wconf 87' lang='lat' dir='ltr'><strong>cohors,</strong></span> <span class='ocrx_word' id='word_1_314' title='bbox 798 4997 997 5051; x_wconf 90' lang='lat' dir='ltr'><strong>humi&#39;e</strong></span> <span class='ocrx_word' id='word_1_315' title='bbox 1026 4997 1348 5066; x_wconf 86' lang='lat' dir='ltr'><strong>depromens</strong></span> <span class='ocrx_word' id='word_1_316' title='bbox 1379 5012 1508 5053; x_wconf 89' lang='lat' dir='ltr'><strong>voce</strong></span> <span class='ocrx_word' id='word_1_317' title='bbox 1539 4999 1806 5067; x_wconf 84' lang='lat' dir='ltr'><strong>querelas.</strong></span> 
     </span>
    </p>
   </div>
   <div class='ocr_carea' id='block_1_51' title="bbox 300 5088 1698 5158">
    <p class='ocr_par' dir='ltr' id='par_1_51' title="bbox 300 5088 1698 5158">
     <span class='ocr_line' id='line_1_51' title="bbox 300 5088 1698 5158; baseline -0.004 -9"><span class='ocrx_word' id='word_1_318' title='bbox 300 5092 509 5149; x_wconf 82' lang='lat' dir='ltr'><strong>Heus!</strong></span> <span class='ocrx_word' id='word_1_319' title='bbox 544 5091 766 5144; x_wconf 90' lang='lat' dir='ltr'><strong>nimium</strong></span> <span class='ocrx_word' id='word_1_320' title='bbox 799 5090 996 5143; x_wconf 88' lang='lat' dir='ltr'><strong>nostris</strong></span> <span class='ocrx_word' id='word_1_321' title='bbox 1027 5088 1247 5141; x_wconf 90' lang='lat' dir='ltr'><strong>adversa</strong></span> <span class='ocrx_word' id='word_1_322' title='bbox 1278 5090 1507 5158; x_wconf 88' lang='lat' dir='ltr'><strong>potentia</strong></span> <span class='ocrx_word' id='word_1_323' title='bbox 1539 5090 1698 5145; x_wconf 90' lang='lat' dir='ltr'><strong>rebus</strong></span> 
     </span>
    </p>
   </div>
   <div class='ocr_carea' id='block_1_52' title="bbox 300 5180 1521 5252">
    <p class='ocr_par' dir='ltr' id='par_1_52' title="bbox 300 5180 1521 5252">
     <span class='ocr_line' id='line_1_52' title="bbox 300 5180 1521 5252; baseline -0.005 -12"><span class='ocrx_word' id='word_1_324' title='bbox 300 5183 542 5241; x_wconf 67' lang='lat' dir='ltr'><strong>Ilebnri</strong></span> <span class='ocrx_word' id='word_1_325' title='bbox 572 5182 769 5252; x_wconf 88' lang='lat' dir='ltr'><strong>populi,</strong></span> <span class='ocrx_word' id='word_1_326' title='bbox 800 5182 956 5235; x_wconf 88' lang='lat' dir='ltr'><strong>toties</strong></span> <span class='ocrx_word' id='word_1_327' title='bbox 985 5182 1069 5235; x_wconf 91' lang='lat' dir='ltr'><strong>cui</strong></span> <span class='ocrx_word' id='word_1_328' title='bbox 1099 5180 1307 5235; x_wconf 88' lang='lat' dir='ltr'><strong>vindice</strong></span> <span class='ocrx_word' id='word_1_329' title='bbox 1337 5183 1521 5235; x_wconf 83' lang='lat' dir='ltr'><strong>dextra</strong></span> 
     </span>
    </p>
   </div>
   <div class='ocr_carea' id='block_1_53' title="bbox 299 5271 1787 5341">
    <p class='ocr_par' dir='ltr' id='par_1_53' title="bbox 299 5271 1787 5341">
     <span class='ocr_line' id='line_1_53' title="bbox 299 5271 1787 5341; baseline -0.005 -8"><span class='ocrx_word' id='word_1_330' title='bbox 299 5275 521 5333; x_wconf 70' lang='lat' dir='ltr'><strong>Militat</strong></span> <span class='ocrx_word' id='word_1_331' title='bbox 547 5287 707 5327; x_wconf 90' lang='lat' dir='ltr'><strong>omne</strong></span> <span class='ocrx_word' id='word_1_332' title='bbox 735 5273 953 5335; x_wconf 85' lang='lat' dir='ltr'><strong>malum,</strong></span> <span class='ocrx_word' id='word_1_333' title='bbox 986 5281 1126 5325; x_wconf 90' lang='lat' dir='ltr'><strong>totus</strong></span> <span class='ocrx_word' id='word_1_334' title='bbox 1151 5271 1238 5325; x_wconf 88' lang='lat' dir='ltr'><strong>cui</strong></span> <span class='ocrx_word' id='word_1_335' title='bbox 1265 5272 1495 5341; x_wconf 91' lang='lat' dir='ltr'><strong>denique</strong></span> <span class='ocrx_word' id='word_1_336' title='bbox 1526 5272 1754 5327; x_wconf 89' lang='lat' dir='ltr'><strong>mundus</strong></span> <span class='ocrx_word' id='word_1_337' title='bbox 1780 5295 1787 5305; x_wconf 82' lang='grc'><strong>·</strong></span> 
     </span>
    </p>
   </div>
   <div class='ocr_carea' id='block_1_54' title="bbox 302 5366 1602 5440">
    <p class='ocr_par' dir='ltr' id='par_1_54' title="bbox 302 5366 1602 5440">
     <span class='ocr_line' id='line_1_54' title="bbox 302 5366 1602 5440; baseline -0.006 -13"><span class='ocrx_word' id='word_1_338' title='bbox 302 5370 562 5440; x_wconf 81' lang='lat' dir='ltr'><strong>Pugnat,</strong></span> <span class='ocrx_word' id='word_1_339' title='bbox 593 5377 645 5422; x_wconf 89' lang='lat' dir='ltr'><strong>et</strong></span> <span class='ocrx_word' id='word_1_340' title='bbox 674 5367 810 5422; x_wconf 89' lang='lat' dir='ltr'><strong>irato</strong></span> <span class='ocrx_word' id='word_1_341' title='bbox 839 5366 1133 5422; x_wconf 91' lang='lat' dir='ltr'><strong>succedunt</strong></span> <span class='ocrx_word' id='word_1_342' title='bbox 1163 5381 1414 5435; x_wconf 76' lang='lat' dir='ltr'><strong>prOSpera</strong></span> <span class='ocrx_word' id='word_1_343' title='bbox 1446 5367 1602 5421; x_wconf 78' lang='lat' dir='ltr'><strong>ctelo.</strong></span> 
     </span>
    </p>
   </div>
   <div class='ocr_carea' id='block_1_55' title="bbox 300 5459 1651 5531">
    <p class='ocr_par' dir='ltr' id='par_1_55' title="bbox 300 5459 1651 5531">
     <span class='ocr_line' id='line_1_55' title="bbox 300 5459 1651 5531; baseline -0.004 -12"><span class='ocrx_word' id='word_1_344' title='bbox 300 5467 423 5519; x_wconf 74' lang='lat' dir='ltr'><strong>Vix</strong></span> <span class='ocrx_word' id='word_1_345' title='bbox 458 5460 708 5531; x_wconf 67' lang='lat' dir='ltr'><strong>quaedam</strong></span> <span class='ocrx_word' id='word_1_346' title='bbox 736 5468 942 5514; x_wconf 85' lang='lat' dir='ltr'><strong>secreta</strong></span> <span class='ocrx_word' id='word_1_347' title='bbox 972 5459 1089 5525; x_wconf 90' lang='lat' dir='ltr'><strong>Dei,</strong></span> <span class='ocrx_word' id='word_1_348' title='bbox 1116 5459 1391 5528; x_wconf 88' lang='lat' dir='ltr'><strong>majorque</strong></span> <span class='ocrx_word' id='word_1_349' title='bbox 1414 5468 1651 5529; x_wconf 85' lang='lat' dir='ltr'><strong>potestas</strong></span> 
     </span>
    </p>
   </div>
   <div class='ocr_carea' id='block_1_56' title="bbox 302 5551 1809 5623">
    <p class='ocr_par' dir='ltr' id='par_1_56' title="bbox 302 5551 1809 5623">
     <span class='ocr_line' id='line_1_56' title="bbox 302 5551 1809 5623; baseline 0.002 -17"><span class='ocrx_word' id='word_1_350' title='bbox 302 5554 459 5613; x_wconf 72' lang='lat' dir='ltr'><strong>Haec</strong></span> <span class='ocrx_word' id='word_1_351' title='bbox 494 5553 546 5607; x_wconf 94' lang='lat' dir='ltr'><strong>in</strong></span> <span class='ocrx_word' id='word_1_352' title='bbox 575 5559 785 5620; x_wconf 87' lang='lat' dir='ltr'><strong>sceptra</strong></span> <span class='ocrx_word' id='word_1_353' title='bbox 818 5551 966 5617; x_wconf 89' lang='lat' dir='ltr'><strong>furit,</strong></span> <span class='ocrx_word' id='word_1_354' title='bbox 995 5558 1313 5620; x_wconf 86' lang='lat' dir='ltr'><strong>gentemque</strong></span> <span class='ocrx_word' id='word_1_355' title='bbox 1338 5552 1612 5607; x_wconf 87' lang='lat' dir='ltr'><strong>ulciscitur</strong></span> <span class='ocrx_word' id='word_1_356' title='bbox 1641 5552 1809 5623; x_wconf 89' lang='lat' dir='ltr'><strong>ipsam</strong></span> 
     </span>
    </p>
   </div>
   <div class='ocr_carea' id='block_1_57' title="bbox 302 5643 1483 5715">
    <p class='ocr_par' dir='ltr' id='par_1_57' title="bbox 302 5643 1483 5715">
     <span class='ocr_line' id='line_1_57' title="bbox 302 5643 1483 5715; baseline -0.008 -8"><span class='ocrx_word' id='word_1_357' title='bbox 302 5648 502 5708; x_wconf 86' lang='lat' dir='ltr'><strong>Urbis</strong></span> <span class='ocrx_word' id='word_1_358' title='bbox 525 5646 763 5715; x_wconf 84' lang='lat' dir='ltr'><strong>jactura;</strong></span> <span class='ocrx_word' id='word_1_359' title='bbox 796 5644 940 5699; x_wconf 89' lang='lat' dir='ltr'><strong>solos</strong></span> <span class='ocrx_word' id='word_1_360' title='bbox 967 5645 1245 5714; x_wconf 85' lang='lat' dir='ltr'><strong>pereuntia</strong></span> <span class='ocrx_word' id='word_1_361' title='bbox 1274 5643 1483 5698; x_wconf 89' lang='lat' dir='ltr'><strong>salvant</strong></span> 
     </span>
    </p>
   </div>
   <div class='ocr_carea' id='block_1_58' title="bbox 302 5738 1741 5809">
    <p class='ocr_par' dir='ltr' id='par_1_58' title="bbox 302 5738 1741 5809">
     <span class='ocr_line' id='line_1_58' title="bbox 302 5738 1741 5809; baseline -0.004 -11"><span class='ocrx_word' id='word_1_362' title='bbox 302 5744 588 5799; x_wconf 81' lang='lat' dir='ltr'><strong>Victores</strong></span> <span class='ocrx_word' id='word_1_363' title='bbox 616 5739 884 5794; x_wconf 90' lang='lat' dir='ltr'><strong>elementa</strong></span> <span class='ocrx_word' id='word_1_364' title='bbox 914 5754 1059 5805; x_wconf 85' lang='lat' dir='ltr'><strong>suos.</strong></span> <span class='ocrx_word' id='word_1_365' title='bbox 1086 5741 1456 5809; x_wconf 84' lang='lat' dir='ltr'><strong>redimuntque</strong></span> <span class='ocrx_word' id='word_1_366' title='bbox 1485 5738 1741 5793; x_wconf 85' lang='lat' dir='ltr'><strong>cadendo.</strong></span> 
     </span>
    </p>
   </div>
   <div class='ocr_carea' id='block_1_59' title="bbox 306 5830 1700 5904">
    <p class='ocr_par' dir='ltr' id='par_1_59' title="bbox 306 5830 1700 5904">
     <span class='ocr_line' id='line_1_59' title="bbox 306 5830 1700 5904; baseline -0.002 -12"><span class='ocrx_word' id='word_1_367' title='bbox 306 5839 408 5902; x_wconf 82' lang='lat' dir='ltr'><strong>En</strong></span> <span class='ocrx_word' id='word_1_368' title='bbox 439 5835 595 5904; x_wconf 82' lang='lat' dir='ltr'><strong>jacet</strong></span> <span class='ocrx_word' id='word_1_369' title='bbox 624 5830 900 5899; x_wconf 65' lang='lat' dir='ltr'><strong>Egyptus,</strong></span> <span class='ocrx_word' id='word_1_370' title='bbox 934 5848 1032 5885; x_wconf 84' lang='lat' dir='ltr'><strong>nec</strong></span> <span class='ocrx_word' id='word_1_371' title='bbox 1057 5833 1167 5903; x_wconf 83' lang='lat' dir='ltr'><strong>jam</strong></span> <span class='ocrx_word' id='word_1_372' title='bbox 1196 5833 1509 5903; x_wconf 84' lang='lat' dir='ltr'><strong>reparabilis</strong></span> <span class='ocrx_word' id='word_1_373' title='bbox 1542 5831 1700 5891; x_wconf 86' lang='lat' dir='ltr'><strong>ultra.</strong></span> 
     </span>
    </p>
   </div>
   <div class='ocr_carea' id='block_1_60' title="bbox 592 5923 1073 5995">
    <p class='ocr_par' dir='ltr' id='par_1_60' title="bbox 592 5923 1073 5995">
     <span class='ocr_line' id='line_1_60' title="bbox 592 5923 1073 5995; baseline -0.004 0"><span class='ocrx_word' id='word_1_374' title='bbox 592 5926 863 5995; x_wconf 64' lang='lat' dir='ltr'><strong>PATROL-</strong></span> <span class='ocrx_word' id='word_1_375' title='bbox 908 5923 1073 5993; x_wconf 63' lang='lat' dir='ltr'><strong>LIX.</strong></span> 
     </span>
    </p>
   </div>
   <div class='ocr_carea' id='block_1_61' title="bbox 1588 363 2307 422">
    <p class='ocr_par' dir='ltr' id='par_1_61' title="bbox 1588 363 2307 422">
     <span class='ocr_line' id='line_1_61' title="bbox 1588 363 2307 422; baseline 0 -3"><span class='ocrx_word' id='word_1_376' title='bbox 1588 365 1851 422; x_wconf 77' lang='lat' dir='ltr'><strong>POEMA&#39;I</strong></span> <span class='ocrx_word' id='word_1_377' title='bbox 1869 364 1963 422; x_wconf 70' lang='grc' dir='ltr'><strong>ΗΜ</strong></span> <span class='ocrx_word' id='word_1_378' title='bbox 2004 363 2206 421; x_wconf 77' lang='lat' dir='ltr'><strong>LIBER</strong></span> <span class='ocrx_word' id='word_1_379' title='bbox 2246 366 2307 421; x_wconf 70' lang='grc' dir='ltr'><strong>ν.</strong></span> 
     </span>
    </p>
   </div>
   <div class='ocr_carea' id='block_1_62' title="bbox 211 483 1628 556">
    <p class='ocr_par' dir='ltr' id='par_1_62' title="bbox 211 483 1628 556">
     <span class='ocr_line' id='line_1_62' title="bbox 211 483 1628 556; baseline -0.004 -18"><span class='ocrx_word' id='word_1_380' title='bbox 211 514 251 538; x_wconf 54' lang='grc' dir='ltr'><strong>κ</strong></span> <span class='ocrx_word' id='word_1_381' title='bbox 294 488 575 545; x_wconf 85' lang='lat' dir='ltr'><strong>Sincerum</strong></span> <span class='ocrx_word' id='word_1_382' title='bbox 602 483 785 540; x_wconf 68' lang='lat' dir='ltr'><strong>nitidae</strong></span> <span class='ocrx_word' id='word_1_383' title='bbox 810 492 1164 556; x_wconf 84' lang='lat' dir='ltr'><strong>conspergant</strong></span> <span class='ocrx_word' id='word_1_384' title='bbox 1192 496 1378 553; x_wconf 80' lang='lat' dir='ltr'><strong>azyma</strong></span> <span class='ocrx_word' id='word_1_385' title='bbox 1404 490 1628 535; x_wconf 87' lang='lat' dir='ltr'><strong>mentes.</strong></span> 
     </span>
    </p>
   </div>
   <div class='ocr_carea' id='block_1_63' title="bbox 3461 368 3565 430">
    <p class='ocr_par' dir='ltr' id='par_1_63' title="bbox 3461 368 3565 430">
     <span class='ocr_line' id='line_1_63' title="bbox 3461 368 3565 430; baseline 0.01 -1"><span class='ocrx_word' id='word_1_386' title='bbox 3461 368 3565 430; x_wconf 69' lang='lat'><strong>362</strong></span> 
     </span>
    </p>
   </div>
   <div class='ocr_carea' id='block_1_64' title="bbox 1912 482 3457 555">
    <p class='ocr_par' dir='ltr' id='par_1_64' title="bbox 1912 482 3457 555">
     <span class='ocr_line' id='line_1_64' title="bbox 1912 482 3457 555; baseline 0.005 -23"><span class='ocrx_word' id='word_1_387' title='bbox 1912 483 1961 540; x_wconf 81' lang='grc' dir='ltr'><strong>Α</strong></span> <span class='ocrx_word' id='word_1_388' title='bbox 1994 482 2166 548; x_wconf 76' lang='lat' dir='ltr'><strong>Atque</strong></span> <span class='ocrx_word' id='word_1_389' title='bbox 2196 482 2395 535; x_wconf 90' lang='lat' dir='ltr'><strong>utinam</strong></span> <span class='ocrx_word' id='word_1_390' title='bbox 2423 495 2611 552; x_wconf 66' lang='lat' dir='ltr'><strong>poenas</strong></span> <span class='ocrx_word' id='word_1_391' title='bbox 2642 483 2798 549; x_wconf 90' lang='lat' dir='ltr'><strong>vivis,</strong></span> <span class='ocrx_word' id='word_1_392' title='bbox 2824 485 3181 555; x_wconf 83' lang='lat' dir='ltr'><strong>damnumque</strong></span> <span class='ocrx_word' id='word_1_393' title='bbox 3210 500 3304 554; x_wconf 87' lang='lat' dir='ltr'><strong>per</strong></span> <span class='ocrx_word' id='word_1_394' title='bbox 3328 500 3457 541; x_wconf 90' lang='lat' dir='ltr'><strong>arva</strong></span> 
     </span>
    </p>
   </div>
   <div class='ocr_carea' id='block_1_65' title="bbox 1992 572 3351 644">
    <p class='ocr_par' dir='ltr' id='par_1_65' title="bbox 1992 572 3351 644">
     <span class='ocr_line' id='line_1_65' title="bbox 1992 572 3351 644; baseline 0.004 -18"><span class='ocrx_word' id='word_1_395' title='bbox 1992 572 2179 627; x_wconf 81' lang='lat' dir='ltr'><strong>Ferret</strong></span> <span class='ocrx_word' id='word_1_396' title='bbox 2206 573 2381 627; x_wconf 87' lang='lat' dir='ltr'><strong>adhuc</strong></span> <span class='ocrx_word' id='word_1_397' title='bbox 2407 574 2585 629; x_wconf 87' lang='lat' dir='ltr'><strong>divina</strong></span> <span class='ocrx_word' id='word_1_398' title='bbox 2617 592 2828 644; x_wconf 89' lang='lat' dir='ltr'><strong>manus,</strong></span> <span class='ocrx_word' id='word_1_399' title='bbox 2863 592 2960 633; x_wconf 89' lang='lat' dir='ltr'><strong>nec</strong></span> <span class='ocrx_word' id='word_1_400' title='bbox 2990 578 3174 632; x_wconf 80' lang='lat' dir='ltr'><strong>funere</strong></span> <span class='ocrx_word' id='word_1_401' title='bbox 3203 588 3351 632; x_wconf 89' lang='lat' dir='ltr'><strong>tanto</strong></span> 
     </span>
    </p>
   </div>
   <div class='ocr_carea' id='block_1_66' title="bbox 1990 663 3310 738">
    <p class='ocr_par' dir='ltr' id='par_1_66' title="bbox 1990 663 3310 738">
     <span class='ocr_line' id='line_1_66' title="bbox 1990 663 3310 738; baseline 0.004 -22"><span class='ocrx_word' id='word_1_402' title='bbox 1990 663 2279 732; x_wconf 90' lang='lat' dir='ltr'><strong>Deceptam</strong></span> <span class='ocrx_word' id='word_1_403' title='bbox 2308 664 2482 719; x_wconf 89' lang='lat' dir='ltr'><strong>subita</strong></span> <span class='ocrx_word' id='word_1_404' title='bbox 2513 679 2793 722; x_wconf 87' lang='lat' dir='ltr'><strong>vacuassct</strong></span> <span class='ocrx_word' id='word_1_405' title='bbox 2822 668 2969 723; x_wconf 79' lang='lat' dir='ltr'><strong>czede</strong></span> <span class='ocrx_word' id='word_1_406' title='bbox 2993 669 3266 738; x_wconf 82' lang='lat' dir='ltr'><strong>Canopum</strong></span> <span class='ocrx_word' id='word_1_407' title='bbox 3296 687 3310 722; x_wconf 92' lang='lat'><strong>:</strong></span> 
     </span>
    </p>
   </div>
   <div class='ocr_carea' id='block_1_67' title="bbox 1990 755 3354 831">
    <p class='ocr_par' dir='ltr' id='par_1_67' title="bbox 1990 755 3354 831">
     <span class='ocr_line' id='line_1_67' title="bbox 1990 755 3354 831; baseline 0.006 -22"><span class='ocrx_word' id='word_1_408' title='bbox 1990 755 2229 810; x_wconf 84' lang='lat' dir='ltr'><strong>Tandem</strong></span> <span class='ocrx_word' id='word_1_409' title='bbox 2259 772 2419 826; x_wconf 84' lang='lat' dir='ltr'><strong>parce</strong></span> <span class='ocrx_word' id='word_1_410' title='bbox 2447 759 2584 823; x_wconf 88' lang='lat' dir='ltr'><strong>solo,</strong></span> <span class='ocrx_word' id='word_1_411' title='bbox 2612 776 2904 831; x_wconf 82' lang='lat' dir='ltr'><strong>causasque</strong></span> <span class='ocrx_word' id='word_1_412' title='bbox 2931 762 3141 831; x_wconf 77' lang='lat' dir='ltr'><strong>expelle</strong></span> <span class='ocrx_word' id='word_1_413' title='bbox 3166 763 3354 827; x_wconf 72' lang='lat' dir='ltr'><strong>ruinm,</strong></span> 
     </span>
    </p>
   </div>
   <div class='ocr_carea' id='block_1_68' title="bbox 1991 848 3502 925">
    <p class='ocr_par' dir='ltr' id='par_1_68' title="bbox 1991 848 3502 925">
     <span class='ocr_line' id='line_1_68' title="bbox 1991 848 3502 925; baseline 0.006 -21"><span class='ocrx_word' id='word_1_414' title='bbox 1991 848 2127 905; x_wconf 87' lang='lat' dir='ltr'><strong>Dum</strong></span> <span class='ocrx_word' id='word_1_415' title='bbox 2162 850 2334 905; x_wconf 89' lang='lat' dir='ltr'><strong>levior</strong></span> <span class='ocrx_word' id='word_1_416' title='bbox 2370 862 2606 920; x_wconf 85' lang='lat' dir='ltr'><strong>strages;</strong></span> <span class='ocrx_word' id='word_1_417' title='bbox 2647 855 2773 907; x_wconf 90' lang='lat' dir='ltr'><strong>dum</strong></span> <span class='ocrx_word' id='word_1_418' title='bbox 2803 858 3082 925; x_wconf 89' lang='lat' dir='ltr'><strong>quisquam</strong></span> <span class='ocrx_word' id='word_1_419' title='bbox 3122 857 3238 910; x_wconf 92' lang='lat' dir='ltr'><strong>luce</strong></span> <span class='ocrx_word' id='word_1_420' title='bbox 3268 867 3502 925; x_wconf 90' lang='lat' dir='ltr'><strong>tenetur,</strong></span> 
     </span>
    </p>
   </div>
   <div class='ocr_carea' id='block_1_69' title="bbox 1992 939 3499 1017">
    <p class='ocr_par' dir='ltr' id='par_1_69' title="bbox 1992 939 3499 1017">
     <span class='ocr_line' id='line_1_69' title="bbox 1992 939 3499 1017; baseline 0.007 -23"><span class='ocrx_word' id='word_1_421' title='bbox 1992 939 2127 995; x_wconf 90' lang='lat' dir='ltr'><strong>Dum</strong></span> <span class='ocrx_word' id='word_1_422' title='bbox 2159 955 2403 1013; x_wconf 85' lang='lat' dir='ltr'><strong>superest</strong></span> <span class='ocrx_word' id='word_1_423' title='bbox 2430 946 2516 1012; x_wconf 90' lang='lat' dir='ltr'><strong>qui</strong></span> <span class='ocrx_word' id='word_1_424' title='bbox 2551 954 2693 1014; x_wconf 85' lang='lat' dir='ltr'><strong>terga</strong></span> <span class='ocrx_word' id='word_1_425' title='bbox 2726 944 2953 1015; x_wconf 67' lang='lat' dir='ltr'><strong>premat,</strong></span> <span class='ocrx_word' id='word_1_426' title='bbox 2983 949 3071 1017; x_wconf 89' lang='lat' dir='ltr'><strong>qui</strong></span> <span class='ocrx_word' id='word_1_427' title='bbox 3103 950 3269 1004; x_wconf 90' lang='lat' dir='ltr'><strong>limite</strong></span> <span class='ocrx_word' id='word_1_428' title='bbox 3303 951 3499 1016; x_wconf 88' lang='lat' dir='ltr'><strong>trudat,</strong></span> 
     </span>
    </p>
   </div>
   <div class='ocr_carea' id='block_1_70' title="bbox 1992 1034 3333 1106">
    <p class='ocr_par' dir='ltr' id='par_1_70' title="bbox 1992 1034 3333 1106">
     <span class='ocr_line' id='line_1_70' title="bbox 1992 1034 3333 1106; baseline 0.004 -17"><span class='ocrx_word' id='word_1_429' title='bbox 1992 1034 2063 1089; x_wconf 85' lang='lat' dir='ltr'><strong>Et</strong></span> <span class='ocrx_word' id='word_1_430' title='bbox 2086 1050 2155 1088; x_wconf 92' lang='lat' dir='ltr'><strong>ne</strong></span> <span class='ocrx_word' id='word_1_431' title='bbox 2179 1049 2359 1103; x_wconf 91' lang='lat' dir='ltr'><strong>quem,</strong></span> <span class='ocrx_word' id='word_1_432' title='bbox 2391 1034 2433 1087; x_wconf 90' lang='lat' dir='ltr'><strong>si</strong></span> <span class='ocrx_word' id='word_1_433' title='bbox 2464 1034 2600 1089; x_wconf 91' lang='lat' dir='ltr'><strong>forte</strong></span> <span class='ocrx_word' id='word_1_434' title='bbox 2637 1036 2800 1089; x_wconf 89' lang='lat' dir='ltr'><strong>velint</strong></span> <span class='ocrx_word' id='word_1_435' title='bbox 2827 1053 2892 1090; x_wconf 76' lang='lat' dir='ltr'><strong>ex</strong></span> <span class='ocrx_word' id='word_1_436' title='bbox 2924 1039 3086 1091; x_wconf 86' lang='lat' dir='ltr'><strong>corde</strong></span> <span class='ocrx_word' id='word_1_437' title='bbox 3112 1042 3333 1106; x_wconf 90' lang='lat' dir='ltr'><strong>morari,</strong></span> 
     </span>
    </p>
   </div>
   <div class='ocr_carea' id='block_1_71' title="bbox 1982 1124 3280 1197">
    <p class='ocr_par' dir='ltr' id='par_1_71' title="bbox 1982 1124 3280 1197">
     <span class='ocr_line' id='line_1_71' title="bbox 1982 1124 3280 1197; baseline 0.004 -17"><span class='ocrx_word' id='word_1_438' title='bbox 1982 1124 2107 1181; x_wconf 70' lang='lat' dir='ltr'><strong>Non</strong></span> <span class='ocrx_word' id='word_1_439' title='bbox 2138 1125 2279 1179; x_wconf 88' lang='lat' dir='ltr'><strong>sinat</strong></span> <span class='ocrx_word' id='word_1_440' title='bbox 2307 1125 2480 1192; x_wconf 90' lang='lat' dir='ltr'><strong>ejecto</strong></span> <span class='ocrx_word' id='word_1_441' title='bbox 2512 1126 2788 1194; x_wconf 85' lang='lat' dir='ltr'><strong>depellens</strong></span> <span class='ocrx_word' id='word_1_442' title='bbox 2821 1127 2850 1180; x_wconf 92' lang='lat' dir='ltr'><strong>h</strong></span> <span class='ocrx_word' id='word_1_443' title='bbox 2892 1132 3026 1197; x_wconf 80' lang='lat' dir='ltr'><strong>spite</strong></span> <span class='ocrx_word' id='word_1_444' title='bbox 3051 1132 3280 1193; x_wconf 77' lang='lat' dir='ltr'><strong>cladem,</strong></span> 
     </span>
    </p>
   </div>
   <div class='ocr_carea' id='block_1_72' title="bbox 1960 1219 3232 1287">
    <p class='ocr_par' dir='ltr' id='par_1_72' title="bbox 1960 1219 3232 1287">
     <span class='ocr_line' id='line_1_72' title="bbox 1960 1219 3232 1287; baseline 0.002 -13"><span class='ocrx_word' id='word_1_445' title='bbox 1960 1219 2310 1274; x_wconf 82' lang='lat' dir='ltr'><strong>&#39;Permovcat</strong></span> <span class='ocrx_word' id='word_1_446' title='bbox 2341 1229 2521 1273; x_wconf 84' lang='lat' dir='ltr'><strong>noster</strong></span> <span class='ocrx_word' id='word_1_447' title='bbox 2553 1228 2795 1273; x_wconf 88' lang='lat' dir='ltr'><strong>natorum</strong></span> <span class='ocrx_word' id='word_1_448' title='bbox 2829 1222 3013 1276; x_wconf 80' lang='lat' dir='ltr'><strong>funere</strong></span> <span class='ocrx_word' id='word_1_449' title='bbox 3040 1221 3232 1287; x_wconf 84' lang='lat' dir='ltr'><strong>luctus,</strong></span> 
     </span>
    </p>
   </div>
   <div class='ocr_carea' id='block_1_73' title="bbox 1992 1311 3406 1385">
    <p class='ocr_par' dir='ltr' id='par_1_73' title="bbox 1992 1311 3406 1385">
     <span class='ocr_line' id='line_1_73' title="bbox 1992 1311 3406 1385; baseline 0.004 -19"><span class='ocrx_word' id='word_1_450' title='bbox 1992 1311 2308 1367; x_wconf 72' lang='lat' dir='ltr'><strong>Permoveat</strong></span> <span class='ocrx_word' id='word_1_451' title='bbox 2341 1322 2391 1366; x_wconf 89' lang='lat' dir='ltr'><strong>te</strong></span> <span class='ocrx_word' id='word_1_452' title='bbox 2424 1312 2558 1367; x_wconf 81' lang='lat' dir='ltr'><strong>forte</strong></span> <span class='ocrx_word' id='word_1_453' title='bbox 2590 1322 2738 1379; x_wconf 84' lang='lat' dir='ltr'><strong>tuus;</strong></span> <span class='ocrx_word' id='word_1_454' title='bbox 2789 1314 2870 1370; x_wconf 90' lang='lat' dir='ltr'><strong>vel</strong></span> <span class='ocrx_word' id='word_1_455' title='bbox 2902 1332 3062 1384; x_wconf 80' lang='lat' dir='ltr'><strong>pauca</strong></span> <span class='ocrx_word' id='word_1_456' title='bbox 3096 1326 3406 1385; x_wconf 89' lang='lat' dir='ltr'><strong>superstent</strong></span> 
     </span>
    </p>
   </div>
   <div class='ocr_carea' id='block_1_74' title="bbox 1993 1404 3327 1475">
    <p class='ocr_par' dir='ltr' id='par_1_74' title="bbox 1993 1404 3327 1475">
     <span class='ocr_line' id='line_1_74' title="bbox 1993 1404 3327 1475; baseline 0.004 -16"><span class='ocrx_word' id='word_1_457' title='bbox 1993 1404 2243 1473; x_wconf 81' lang='lat' dir='ltr'><strong>Pignora,</strong></span> <span class='ocrx_word' id='word_1_458' title='bbox 2273 1420 2390 1474; x_wconf 80' lang='lat' dir='ltr'><strong>quae</strong></span> <span class='ocrx_word' id='word_1_459' title='bbox 2421 1415 2594 1459; x_wconf 87' lang='lat' dir='ltr'><strong>tantos</strong></span> <span class='ocrx_word' id='word_1_460' title='bbox 2625 1416 2833 1475; x_wconf 74' lang='lat' dir='ltr'><strong>tergunt</strong></span> <span class='ocrx_word' id='word_1_461' title='bbox 2862 1418 3069 1461; x_wconf 67' lang='lat' dir='ltr'><strong>servata</strong></span> <span class='ocrx_word' id='word_1_462' title='bbox 3094 1408 3327 1475; x_wconf 86' lang='lat' dir='ltr'><strong>dolores,</strong></span> 
     </span>
    </p>
   </div>
   <div class='ocr_carea' id='block_1_75' title="bbox 1995 1494 3215 1567">
    <p class='ocr_par' dir='ltr' id='par_1_75' title="bbox 1995 1494 3215 1567">
     <span class='ocr_line' id='line_1_75' title="bbox 1995 1494 3215 1567; baseline 0.002 -18"><span class='ocrx_word' id='word_1_463' title='bbox 1995 1494 2063 1550; x_wconf 87' lang='lat' dir='ltr'><strong>Et</strong></span> <span class='ocrx_word' id='word_1_464' title='bbox 2089 1494 2417 1549; x_wconf 73' lang='lat' dir='ltr'><strong>detruncatze</strong></span> <span class='ocrx_word' id='word_1_465' title='bbox 2443 1507 2693 1563; x_wconf 89' lang='lat' dir='ltr'><strong>reparent</strong></span> <span class='ocrx_word' id='word_1_466' title='bbox 2718 1497 2993 1566; x_wconf 83' lang='lat' dir='ltr'><strong>dispendia</strong></span> <span class='ocrx_word' id='word_1_467' title='bbox 3024 1498 3215 1567; x_wconf 90' lang='lat' dir='ltr'><strong>gentis.</strong></span> 
     </span>
    </p>
   </div>
   <div class='ocr_carea' id='block_1_76' title="bbox 1995 1584 3470 1661">
    <p class='ocr_par' dir='ltr' id='par_1_76' title="bbox 1995 1584 3470 1661">
     <span class='ocr_line' id='line_1_76' title="bbox 1995 1584 3470 1661; baseline 0.005 -24"><span class='ocrx_word' id='word_1_468' title='bbox 1995 1584 2092 1639; x_wconf 80' lang='lat' dir='ltr'><strong>llis</strong></span> <span class='ocrx_word' id='word_1_469' title='bbox 2119 1585 2274 1638; x_wconf 90' lang='lat' dir='ltr'><strong>dictis</strong></span> <span class='ocrx_word' id='word_1_470' title='bbox 2306 1586 2568 1657; x_wconf 90' lang='lat' dir='ltr'><strong>lacrymas</strong></span> <span class='ocrx_word' id='word_1_471' title='bbox 2598 1589 2827 1656; x_wconf 77' lang='lat' dir='ltr'><strong>po;.ulus</strong></span> <span class='ocrx_word' id='word_1_472' title='bbox 2852 1589 3029 1653; x_wconf 79' lang='lat' dir='ltr'><strong>dedit;</strong></span> <span class='ocrx_word' id='word_1_473' title='bbox 3066 1591 3180 1659; x_wconf 83' lang='lat' dir='ltr'><strong>ipse</strong></span> <span class='ocrx_word' id='word_1_474' title='bbox 3210 1606 3470 1661; x_wconf 87' lang='lat' dir='ltr'><strong>supernus</strong></span> 
     </span>
    </p>
   </div>
   <div class='ocr_carea' id='block_1_77' title="bbox 1998 1675 3470 1751">
    <p class='ocr_par' dir='ltr' id='par_1_77' title="bbox 1998 1675 3470 1751">
     <span class='ocr_line' id='line_1_77' title="bbox 1998 1675 3470 1751; baseline 0.006 -23"><span class='ocrx_word' id='word_1_475' title='bbox 1998 1675 2283 1744; x_wconf 82' lang='lat' dir='ltr'><strong>Frangitur</strong></span> <span class='ocrx_word' id='word_1_476' title='bbox 2310 1676 2375 1729; x_wconf 90' lang='lat' dir='ltr'><strong>ad</strong></span> <span class='ocrx_word' id='word_1_477' title='bbox 2404 1678 2583 1731; x_wconf 89' lang='lat' dir='ltr'><strong>lletum</strong></span> <span class='ocrx_word' id='word_1_478' title='bbox 2615 1681 2887 1749; x_wconf 86' lang='lat' dir='ltr'><strong>princeps,</strong></span> <span class='ocrx_word' id='word_1_479' title='bbox 2924 1681 3224 1751; x_wconf 85' lang='lat' dir='ltr'><strong>victumque</strong></span> <span class='ocrx_word' id='word_1_480' title='bbox 3254 1682 3470 1737; x_wconf 78' lang='lat' dir='ltr'><strong>fatetur.</strong></span> 
     </span>
    </p>
   </div>
   <div class='ocr_carea' id='block_1_78' title="bbox 2074 1766 3393 1838">
    <p class='ocr_par' dir='ltr' id='par_1_78' title="bbox 2074 1766 3393 1838">
     <span class='ocr_line' id='line_1_78' title="bbox 2074 1766 3393 1838; baseline 0.006 -20"><span class='ocrx_word' id='word_1_481' title='bbox 2074 1766 2199 1819; x_wconf 60' lang='lat' dir='ltr'><strong>lla‘c</strong></span> <span class='ocrx_word' id='word_1_482' title='bbox 2225 1767 2533 1834; x_wconf 85' lang='lat' dir='ltr'><strong>perturbata</strong></span> <span class='ocrx_word' id='word_1_483' title='bbox 2564 1769 2659 1822; x_wconf 88' lang='lat' dir='ltr'><strong>sed</strong></span> <span class='ocrx_word' id='word_1_484' title='bbox 2690 1768 2815 1822; x_wconf 92' lang='lat' dir='ltr'><strong>dum</strong></span> <span class='ocrx_word' id='word_1_485' title='bbox 2851 1779 3139 1824; x_wconf 89' lang='lat' dir='ltr'><strong>tractantur</strong></span> <span class='ocrx_word' id='word_1_486' title='bbox 3172 1772 3224 1825; x_wconf 87' lang='lat' dir='ltr'><strong>in</strong></span> <span class='ocrx_word' id='word_1_487' title='bbox 3255 1766 3393 1838; x_wconf 77' lang='lat' dir='ltr'><strong>aula,</strong></span> 
     </span>
    </p>
   </div>
   <div class='ocr_carea' id='block_1_79' title="bbox 1922 1850 3273 1932">
    <p class='ocr_par' dir='ltr' id='par_1_79' title="bbox 1922 1850 3273 1932">
     <span class='ocr_line' id='line_1_79' title="bbox 1922 1850 3273 1932; baseline 0.006 -22"><span class='ocrx_word' id='word_1_488' title='bbox 1922 1850 1973 1910; x_wconf 81' lang='grc' dir='ltr'><strong>Β</strong></span> <span class='ocrx_word' id='word_1_489' title='bbox 2000 1856 2210 1912; x_wconf 79' lang='lat' dir='ltr'><strong>Hebraei</strong></span> <span class='ocrx_word' id='word_1_490' title='bbox 2241 1868 2418 1911; x_wconf 89' lang='lat' dir='ltr'><strong>vatum</strong></span> <span class='ocrx_word' id='word_1_491' title='bbox 2449 1859 2645 1923; x_wconf 88' lang='lat' dir='ltr'><strong>studio,</strong></span> <span class='ocrx_word' id='word_1_492' title='bbox 2680 1862 2997 1932; x_wconf 82' lang='lat' dir='ltr'><strong>monitisque</strong></span> <span class='ocrx_word' id='word_1_493' title='bbox 3028 1866 3273 1932; x_wconf 88' lang='lat' dir='ltr'><strong>supernis</strong></span> 
     </span>
    </p>
   </div>
   <div class='ocr_carea' id='block_1_80' title="bbox 1998 1948 3551 2027">
    <p class='ocr_par' dir='ltr' id='par_1_80' title="bbox 1998 1948 3551 2027">
     <span class='ocr_line' id='line_1_80' title="bbox 1998 1948 3551 2027; baseline 0.008 -25"><span class='ocrx_word' id='word_1_494' title='bbox 1998 1948 2209 2018; x_wconf 82' lang='lat' dir='ltr'><strong>Optima</strong></span> <span class='ocrx_word' id='word_1_495' title='bbox 2244 1964 2468 2018; x_wconf 71' lang='lat' dir='ltr'><strong>qumque</strong></span> <span class='ocrx_word' id='word_1_496' title='bbox 2498 1952 2666 2005; x_wconf 88' lang='lat' dir='ltr'><strong>sacris</strong></span> <span class='ocrx_word' id='word_1_497' title='bbox 2698 1951 2917 2022; x_wconf 83' lang='lat' dir='ltr'><strong>tingunt,</strong></span> <span class='ocrx_word' id='word_1_498' title='bbox 2947 1953 3223 2023; x_wconf 89' lang='lat' dir='ltr'><strong>epulisque</strong></span> <span class='ocrx_word' id='word_1_499' title='bbox 3253 1959 3551 2027; x_wconf 79' lang='lat' dir='ltr'><strong>requirunt,</strong></span> 
     </span>
    </p>
   </div>
   <div class='ocr_carea' id='block_1_81' title="bbox 2000 2040 3415 2116">
    <p class='ocr_par' dir='ltr' id='par_1_81' title="bbox 2000 2040 3415 2116">
     <span class='ocr_line' id='line_1_81' title="bbox 2000 2040 3415 2116; baseline 0.007 -23"><span class='ocrx_word' id='word_1_500' title='bbox 2000 2040 2246 2110; x_wconf 85' lang='lat' dir='ltr'><strong>Vasaque</strong></span> <span class='ocrx_word' id='word_1_501' title='bbox 2275 2042 2542 2098; x_wconf 89' lang='lat' dir='ltr'><strong>solemnes</strong></span> <span class='ocrx_word' id='word_1_502' title='bbox 2566 2059 2685 2113; x_wconf 75' lang='lat' dir='ltr'><strong>qua:</strong></span> <span class='ocrx_word' id='word_1_503' title='bbox 2716 2054 2941 2113; x_wconf 90' lang='lat' dir='ltr'><strong>poscunt</strong></span> <span class='ocrx_word' id='word_1_504' title='bbox 2969 2047 3195 2116; x_wconf 87' lang='lat' dir='ltr'><strong>plurima</strong></span> <span class='ocrx_word' id='word_1_505' title='bbox 3223 2050 3415 2105; x_wconf 90' lang='lat' dir='ltr'><strong>cultus.</strong></span> 
     </span>
    </p>
   </div>
   <div class='ocr_carea' id='block_1_82' title="bbox 1997 2131 3434 2211">
    <p class='ocr_par' dir='ltr' id='par_1_82' title="bbox 1997 2131 3434 2211">
     <span class='ocr_line' id='line_1_82' title="bbox 1997 2131 3434 2211; baseline 0.008 -26"><span class='ocrx_word' id='word_1_506' title='bbox 1997 2131 2320 2188; x_wconf 91' lang='lat' dir='ltr'><strong>Ornamenta</strong></span> <span class='ocrx_word' id='word_1_507' title='bbox 2352 2136 2534 2199; x_wconf 86' lang='lat' dir='ltr'><strong>etiam,</strong></span> <span class='ocrx_word' id='word_1_508' title='bbox 2570 2146 2873 2207; x_wconf 78' lang='lat' dir='ltr'><strong>vestesque,</strong></span> <span class='ocrx_word' id='word_1_509' title='bbox 2906 2140 3142 2206; x_wconf 86' lang='lat' dir='ltr'><strong>monilia,</strong></span> <span class='ocrx_word' id='word_1_510' title='bbox 3175 2158 3434 2211; x_wconf 86' lang='lat' dir='ltr'><strong>gemmas,</strong></span> 
     </span>
    </p>
   </div>
   <div class='ocr_carea' id='block_1_83' title="bbox 1999 2221 3543 2304">
    <p class='ocr_par' dir='ltr' id='par_1_83' title="bbox 1999 2221 3543 2304">
     <span class='ocr_line' id='line_1_83' title="bbox 1999 2221 3543 2304; baseline 0.009 -27"><span class='ocrx_word' id='word_1_511' title='bbox 1999 2221 2069 2277; x_wconf 88' lang='lat' dir='ltr'><strong>llt</strong></span> <span class='ocrx_word' id='word_1_512' title='bbox 2098 2223 2365 2277; x_wconf 88' lang='lat' dir='ltr'><strong>reddenda</strong></span> <span class='ocrx_word' id='word_1_513' title='bbox 2398 2235 2583 2294; x_wconf 90' lang='lat' dir='ltr'><strong>petunt</strong></span> <span class='ocrx_word' id='word_1_514' title='bbox 2611 2243 2622 2280; x_wconf 89' lang='lat'><strong>:</strong></span> <span class='ocrx_word' id='word_1_515' title='bbox 2656 2243 2755 2283; x_wconf 91' lang='lat' dir='ltr'><strong>nec</strong></span> <span class='ocrx_word' id='word_1_516' title='bbox 2784 2229 2964 2283; x_wconf 89' lang='lat' dir='ltr'><strong>tardus</strong></span> <span class='ocrx_word' id='word_1_517' title='bbox 2992 2234 3296 2288; x_wconf 91' lang='lat' dir='ltr'><strong>commodat</strong></span> <span class='ocrx_word' id='word_1_518' title='bbox 3325 2235 3543 2304; x_wconf 89' lang='lat' dir='ltr'><strong>hospes,</strong></span> 
     </span>
    </p>
   </div>
   <div class='ocr_carea' id='block_1_84' title="bbox 1997 2315 3471 2396">
    <p class='ocr_par' dir='ltr' id='par_1_84' title="bbox 1997 2315 3471 2396">
     <span class='ocr_line' id='line_1_84' title="bbox 1997 2315 3471 2396; baseline 0.009 -28"><span class='ocrx_word' id='word_1_519' title='bbox 1997 2315 2143 2369; x_wconf 86' lang='lat' dir='ltr'><strong>Ditat</strong></span> <span class='ocrx_word' id='word_1_520' title='bbox 2167 2326 2221 2370; x_wconf 91' lang='lat' dir='ltr'><strong>et</strong></span> <span class='ocrx_word' id='word_1_521' title='bbox 2250 2318 2502 2385; x_wconf 90' lang='lat' dir='ltr'><strong>ignorans</strong></span> <span class='ocrx_word' id='word_1_522' title='bbox 2530 2319 2791 2390; x_wconf 87' lang='lat' dir='ltr'><strong>trepidam</strong></span> <span class='ocrx_word' id='word_1_523' title='bbox 2816 2338 3001 2377; x_wconf 75' lang='lat' dir='ltr'><strong>manus</strong></span> <span class='ocrx_word' id='word_1_524' title='bbox 3025 2326 3214 2378; x_wconf 60' lang='lat' dir='ltr'><strong>aemula</strong></span> <span class='ocrx_word' id='word_1_525' title='bbox 3242 2328 3471 2396; x_wconf 87' lang='lat' dir='ltr'><strong>plebem.</strong></span> 
     </span>
    </p>
   </div>
   <div class='ocr_carea' id='block_1_85' title="bbox 1998 2408 3329 2491">
    <p class='ocr_par' dir='ltr' id='par_1_85' title="bbox 1998 2408 3329 2491">
     <span class='ocr_line' id='line_1_85' title="bbox 1998 2408 3329 2491; baseline 0.008 -28"><span class='ocrx_word' id='word_1_526' title='bbox 1998 2408 2131 2475; x_wconf 57' lang='lat' dir='ltr'><strong>Quae</strong></span> <span class='ocrx_word' id='word_1_527' title='bbox 2151 2409 2261 2491; x_wconf 87' lang='lat' dir='ltr'><strong>jam</strong></span> <span class='ocrx_word' id='word_1_528' title='bbox 2294 2410 2450 2481; x_wconf 85' lang='lat' dir='ltr'><strong>digna</strong></span> <span class='ocrx_word' id='word_1_529' title='bbox 2482 2412 2585 2467; x_wconf 91' lang='lat' dir='ltr'><strong>tuis</strong></span> <span class='ocrx_word' id='word_1_530' title='bbox 2619 2416 2918 2482; x_wconf 87' lang='lat' dir='ltr'><strong>pandantur</strong></span> <span class='ocrx_word' id='word_1_531' title='bbox 2947 2417 3194 2473; x_wconf 89' lang='lat' dir='ltr'><strong>laudibus</strong></span> <span class='ocrx_word' id='word_1_532' title='bbox 3213 2435 3329 2487; x_wconf 90' lang='lat' dir='ltr'><strong>ora,</strong></span> 
     </span>
    </p>
   </div>
   <div class='ocr_carea' id='block_1_86' title="bbox 2000 2502 3373 2575">
    <p class='ocr_par' dir='ltr' id='par_1_86' title="bbox 2000 2502 3373 2575">
     <span class='ocr_line' id='line_1_86' title="bbox 2000 2502 3373 2575; baseline 0.007 -16"><span class='ocrx_word' id='word_1_533' title='bbox 2000 2502 2225 2559; x_wconf 87' lang='lat' dir='ltr'><strong>Summe</strong></span> <span class='ocrx_word' id='word_1_534' title='bbox 2253 2515 2424 2572; x_wconf 88' lang='lat' dir='ltr'><strong>pater,</strong></span> <span class='ocrx_word' id='word_1_535' title='bbox 2454 2508 2541 2575; x_wconf 90' lang='lat' dir='ltr'><strong>qui</strong></span> <span class='ocrx_word' id='word_1_536' title='bbox 2577 2516 2682 2561; x_wconf 93' lang='lat' dir='ltr'><strong>tam</strong></span> <span class='ocrx_word' id='word_1_537' title='bbox 2715 2524 2858 2563; x_wconf 84' lang='lat' dir='ltr'><strong>saevo</strong></span> <span class='ocrx_word' id='word_1_538' title='bbox 2887 2510 2962 2563; x_wconf 92' lang='lat' dir='ltr'><strong>sic</strong></span> <span class='ocrx_word' id='word_1_539' title='bbox 2992 2513 3157 2566; x_wconf 90' lang='lat' dir='ltr'><strong>uteris</strong></span> <span class='ocrx_word' id='word_1_540' title='bbox 3186 2512 3373 2570; x_wconf 85' lang='lat' dir='ltr'><strong>hoste?</strong></span> 
     </span>
    </p>
   </div>
   <div class='ocr_carea' id='block_1_87' title="bbox 2001 2597 3245 2673">
    <p class='ocr_par' dir='ltr' id='par_1_87' title="bbox 2001 2597 3245 2673">
     <span class='ocr_line' id='line_1_87' title="bbox 2001 2597 3245 2673; baseline 0.008 -23"><span class='ocrx_word' id='word_1_541' title='bbox 2001 2597 2206 2651; x_wconf 79' lang='lat' dir='ltr'><strong>Annuit</strong></span> <span class='ocrx_word' id='word_1_542' title='bbox 2229 2598 2504 2665; x_wconf 90' lang='lat' dir='ltr'><strong>adversus,</strong></span> <span class='ocrx_word' id='word_1_543' title='bbox 2538 2600 2757 2671; x_wconf 88' lang='lat' dir='ltr'><strong>largitur</strong></span> <span class='ocrx_word' id='word_1_544' title='bbox 2787 2617 3007 2658; x_wconf 87' lang='lat' dir='ltr'><strong>munera</strong></span> <span class='ocrx_word' id='word_1_545' title='bbox 3038 2605 3245 2673; x_wconf 89' lang='lat' dir='ltr'><strong>nolens,</strong></span> 
     </span>
    </p>
   </div>
   <div class='ocr_carea' id='block_1_88' title="bbox 2000 2689 3469 2761">
    <p class='ocr_par' dir='ltr' id='par_1_88' title="bbox 2000 2689 3469 2761">
     <span class='ocr_line' id='line_1_88' title="bbox 2000 2689 3469 2761; baseline 0.006 -18"><span class='ocrx_word' id='word_1_546' title='bbox 2000 2689 2131 2754; x_wconf 71' lang='lat' dir='ltr'><strong>Quae</strong></span> <span class='ocrx_word' id='word_1_547' title='bbox 2160 2704 2340 2745; x_wconf 83' lang='lat' dir='ltr'><strong>secum</strong></span> <span class='ocrx_word' id='word_1_548' title='bbox 2374 2692 2592 2745; x_wconf 86' lang='lat' dir='ltr'><strong>dimissa</strong></span> <span class='ocrx_word' id='word_1_549' title='bbox 2626 2694 2827 2759; x_wconf 89' lang='lat' dir='ltr'><strong>ferant;</strong></span> <span class='ocrx_word' id='word_1_550' title='bbox 2871 2708 2969 2749; x_wconf 90' lang='lat' dir='ltr'><strong>nec</strong></span> <span class='ocrx_word' id='word_1_551' title='bbox 2999 2697 3211 2751; x_wconf 85' lang='lat' dir='ltr'><strong>solvere</strong></span> <span class='ocrx_word' id='word_1_552' title='bbox 3241 2708 3439 2752; x_wconf 85' lang='lat' dir='ltr'><strong>tantum</strong></span> <span class='ocrx_word' id='word_1_553' title='bbox 3468 2758 3469 2761; x_wconf 28' lang='grc' dir='ltr'><strong>η</strong></span> 
     </span>
    </p>
   </div>
   <div class='ocr_carea' id='block_1_89' title="bbox 2004 2782 3277 2855">
    <p class='ocr_par' dir='ltr' id='par_1_89' title="bbox 2004 2782 3277 2855">
     <span class='ocr_line' id='line_1_89' title="bbox 2004 2782 3277 2855; baseline 0.006 -18"><span class='ocrx_word' id='word_1_554' title='bbox 2004 2782 2215 2838; x_wconf 81' lang='lat' dir='ltr'><strong>Sufﬁcit</strong></span> <span class='ocrx_word' id='word_1_555' title='bbox 2243 2798 2550 2852; x_wconf 81' lang='lat' dir='ltr'><strong>Oppressos,</strong></span> <span class='ocrx_word' id='word_1_556' title='bbox 2586 2786 2775 2854; x_wconf 85' lang='lat' dir='ltr'><strong>opibus</strong></span> <span class='ocrx_word' id='word_1_557' title='bbox 2806 2788 3039 2843; x_wconf 66' lang='lat' dir='ltr'><strong>ditantur</strong></span> <span class='ocrx_word' id='word_1_558' title='bbox 3066 2800 3277 2855; x_wconf 88' lang='lat' dir='ltr'><strong>euntes,</strong></span> 
     </span>
    </p>
   </div>
   <div class='ocr_carea' id='block_1_90' title="bbox 2005 2874 3312 2946">
    <p class='ocr_par' dir='ltr' id='par_1_90' title="bbox 2005 2874 3312 2946">
     <span class='ocr_line' id='line_1_90' title="bbox 2005 2874 3312 2946; baseline 0.008 -18"><span class='ocrx_word' id='word_1_559' title='bbox 2005 2874 2415 2946; x_wconf 85' lang='lat' dir='ltr'><strong>Thesaurosque</strong></span> <span class='ocrx_word' id='word_1_560' title='bbox 2445 2892 2612 2932; x_wconf 88' lang='lat' dir='ltr'><strong>novos</strong></span> <span class='ocrx_word' id='word_1_561' title='bbox 2644 2878 2863 2934; x_wconf 90' lang='lat' dir='ltr'><strong>libertas</strong></span> <span class='ocrx_word' id='word_1_562' title='bbox 2894 2882 3099 2937; x_wconf 89' lang='lat' dir='ltr'><strong>reddita</strong></span> <span class='ocrx_word' id='word_1_563' title='bbox 3129 2885 3312 2939; x_wconf 86' lang='lat' dir='ltr'><strong>sumit.</strong></span> 
     </span>
    </p>
   </div>
   <div class='ocr_carea' id='block_1_91' title="bbox 2004 2965 3161 3029">
    <p class='ocr_par' dir='ltr' id='par_1_91' title="bbox 2004 2965 3161 3029">
     <span class='ocr_line' id='line_1_91' title="bbox 2004 2965 3161 3029; baseline 0.008 -9"><span class='ocrx_word' id='word_1_564' title='bbox 2004 2965 2149 3021; x_wconf 89' lang='lat' dir='ltr'><strong>lnter</strong></span> <span class='ocrx_word' id='word_1_565' title='bbox 2176 2968 2442 3024; x_wconf 88' lang='lat' dir='ltr'><strong>ferventes</strong></span> <span class='ocrx_word' id='word_1_566' title='bbox 2471 2970 2682 3025; x_wconf 89' lang='lat' dir='ltr'><strong>inimica</strong></span> <span class='ocrx_word' id='word_1_567' title='bbox 2714 2972 2766 3026; x_wconf 92' lang='lat' dir='ltr'><strong>in</strong></span> <span class='ocrx_word' id='word_1_568' title='bbox 2798 2972 2925 3028; x_wconf 88' lang='lat' dir='ltr'><strong>sede</strong></span> <span class='ocrx_word' id='word_1_569' title='bbox 2956 2975 3161 3029; x_wconf 83' lang='lat' dir='ltr'><strong>furores</strong></span> 
     </span>
    </p>
   </div>
   <div class='ocr_carea' id='block_1_92' title="bbox 2006 3058 3443 3139">
    <p class='ocr_par' dir='ltr' id='par_1_92' title="bbox 2006 3058 3443 3139">
     <span class='ocr_line' id='line_1_92' title="bbox 2006 3058 3443 3139; baseline 0.012 -28"><span class='ocrx_word' id='word_1_570' title='bbox 2006 3058 2281 3113; x_wconf 72' lang='lat' dir='ltr'><strong>Przcdatur</strong></span> <span class='ocrx_word' id='word_1_571' title='bbox 2312 3060 2584 3117; x_wconf 89' lang='lat' dir='ltr'><strong>dominum</strong></span> <span class='ocrx_word' id='word_1_572' title='bbox 2619 3064 2845 3133; x_wconf 82' lang='lat' dir='ltr'><strong>fugiens,</strong></span> <span class='ocrx_word' id='word_1_573' title='bbox 2876 3066 3115 3137; x_wconf 90' lang='lat' dir='ltr'><strong>fallitque</strong></span> <span class='ocrx_word' id='word_1_574' title='bbox 3149 3070 3443 3139; x_wconf 88' lang='lat' dir='ltr'><strong>videntem,</strong></span> 
     </span>
    </p>
   </div>
   <div class='ocr_carea' id='block_1_93' title="bbox 2007 3150 3321 3230">
    <p class='ocr_par' dir='ltr' id='par_1_93' title="bbox 2007 3150 3321 3230">
     <span class='ocr_line' id='line_1_93' title="bbox 2007 3150 3321 3230; baseline 0.011 -26"><span class='ocrx_word' id='word_1_575' title='bbox 2007 3150 2334 3206; x_wconf 58' lang='lat' dir='ltr'><strong>Praesentem</strong></span> <span class='ocrx_word' id='word_1_576' title='bbox 2368 3164 2576 3219; x_wconf 76' lang='lat' dir='ltr'><strong>vacuat,</strong></span> <span class='ocrx_word' id='word_1_577' title='bbox 2607 3171 2673 3209; x_wconf 91' lang='lat' dir='ltr'><strong>ne</strong></span> <span class='ocrx_word' id='word_1_578' title='bbox 2701 3166 2806 3210; x_wconf 88' lang='lat' dir='ltr'><strong>tam</strong></span> <span class='ocrx_word' id='word_1_579' title='bbox 2840 3159 3115 3216; x_wconf 86' lang='lat' dir='ltr'><strong>discedere</strong></span> <span class='ocrx_word' id='word_1_580' title='bbox 3143 3163 3321 3230; x_wconf 88' lang='lat' dir='ltr'><strong>pulsos</strong></span> 
     </span>
    </p>
   </div>
   <div class='ocr_carea' id='block_1_94' title="bbox 1929 3224 3338 3319">
    <p class='ocr_par' dir='ltr' id='par_1_94' title="bbox 1929 3224 3338 3319">
     <span class='ocr_line' id='line_1_94' title="bbox 1929 3224 3338 3319; baseline 0.01 -25"><span class='ocrx_word' id='word_1_581' title='bbox 1929 3224 1977 3286; x_wconf 71' lang='grc' dir='ltr'><strong>θ</strong></span> <span class='ocrx_word' id='word_1_582' title='bbox 2006 3243 2175 3309; x_wconf 85' lang='lat' dir='ltr'><strong>Quam</strong></span> <span class='ocrx_word' id='word_1_583' title='bbox 2207 3244 2359 3298; x_wconf 79' lang='lat' dir='ltr'><strong>laetos</strong></span> <span class='ocrx_word' id='word_1_584' title='bbox 2388 3247 2645 3314; x_wconf 88' lang='lat' dir='ltr'><strong>migrasse</strong></span> <span class='ocrx_word' id='word_1_585' title='bbox 2676 3259 2860 3316; x_wconf 81' lang='lat' dir='ltr'><strong>putes;</strong></span> <span class='ocrx_word' id='word_1_586' title='bbox 2896 3224 3174 3319; x_wconf 75' lang='lat' dir='ltr'><strong>portantur</strong></span> <span class='ocrx_word' id='word_1_587' title='bbox 3196 3257 3338 3308; x_wconf 86' lang='lat' dir='ltr'><strong>avari</strong></span> 
     </span>
    </p>
   </div>
   <div class='ocr_carea' id='block_1_95' title="bbox 2007 3335 3410 3407">
    <p class='ocr_par' dir='ltr' id='par_1_95' title="bbox 2007 3335 3410 3407">
     <span class='ocr_line' id='line_1_95' title="bbox 2007 3335 3410 3407; baseline 0.006 -16"><span class='ocrx_word' id='word_1_588' title='bbox 2007 3336 2098 3391; x_wconf 90' lang='lat' dir='ltr'><strong>Sic</strong></span> <span class='ocrx_word' id='word_1_589' title='bbox 2123 3335 2419 3390; x_wconf 82' lang='lat' dir='ltr'><strong>Pharaonis</strong></span> <span class='ocrx_word' id='word_1_590' title='bbox 2451 3352 2602 3407; x_wconf 89' lang='lat' dir='ltr'><strong>opes,</strong></span> <span class='ocrx_word' id='word_1_591' title='bbox 2629 3354 2784 3406; x_wconf 83' lang='lat' dir='ltr'><strong>quem</strong></span> <span class='ocrx_word' id='word_1_592' title='bbox 2818 3350 2941 3394; x_wconf 90' lang='lat' dir='ltr'><strong>tunc</strong></span> <span class='ocrx_word' id='word_1_593' title='bbox 2970 3344 3216 3399; x_wconf 90' lang='lat' dir='ltr'><strong>mercede</strong></span> <span class='ocrx_word' id='word_1_594' title='bbox 3240 3347 3410 3403; x_wconf 87' lang='lat' dir='ltr'><strong>soluta</strong></span> 
     </span>
    </p>
   </div>
   <div class='ocr_carea' id='block_1_96' title="bbox 2009 3424 3231 3495">
    <p class='ocr_par' dir='ltr' id='par_1_96' title="bbox 2009 3424 3231 3495">
     <span class='ocr_line' id='line_1_96' title="bbox 2009 3424 3231 3495; baseline 0.007 -15"><span class='ocrx_word' id='word_1_595' title='bbox 2009 3424 2225 3480; x_wconf 84' lang='lat' dir='ltr'><strong>Servilii</strong></span> <span class='ocrx_word' id='word_1_596' title='bbox 2270 3426 2481 3495; x_wconf 84' lang='lat' dir='ltr'><strong>longum</strong></span> <span class='ocrx_word' id='word_1_597' title='bbox 2513 3428 2701 3482; x_wconf 85' lang='lat' dir='ltr'><strong>credas</strong></span> <span class='ocrx_word' id='word_1_598' title='bbox 2739 3439 2947 3485; x_wconf 80' lang='lat' dir='ltr'><strong>laxasse</strong></span> <span class='ocrx_word' id='word_1_599' title='bbox 2976 3432 3231 3489; x_wconf 84' lang='lat' dir='ltr'><strong>laborem.</strong></span> 
     </span>
    </p>
   </div>
   <div class='ocr_carea' id='block_1_97' title="bbox 2008 3516 3410 3602">
    <p class='ocr_par' dir='ltr' id='par_1_97' title="bbox 2008 3516 3410 3602">
     <span class='ocr_line' id='line_1_97' title="bbox 2008 3516 3410 3602; baseline 0.009 -31"><span class='ocrx_word' id='word_1_600' title='bbox 2008 3516 2403 3587; x_wconf 83' lang='lat' dir='ltr'><strong>Nonnunquam</strong></span> <span class='ocrx_word' id='word_1_601' title='bbox 2439 3518 2601 3573; x_wconf 89' lang='lat' dir='ltr'><strong>rectis</strong></span> <span class='ocrx_word' id='word_1_602' title='bbox 2629 3530 2682 3574; x_wconf 89' lang='lat' dir='ltr'><strong>et</strong></span> <span class='ocrx_word' id='word_1_603' title='bbox 2710 3537 2827 3590; x_wconf 71' lang='lat' dir='ltr'><strong>quae</strong></span> <span class='ocrx_word' id='word_1_604' title='bbox 2865 3526 3131 3579; x_wconf 82' lang='lat' dir='ltr'><strong>contraria</strong></span> <span class='ocrx_word' id='word_1_605' title='bbox 3164 3540 3410 3602; x_wconf 83' lang='lat' dir='ltr'><strong>prosunt,</strong></span> 
     </span>
    </p>
   </div>
   <div class='ocr_carea' id='block_1_98' title="bbox 2008 3610 3356 3684">
    <p class='ocr_par' dir='ltr' id='par_1_98' title="bbox 2008 3610 3356 3684">
     <span class='ocr_line' id='line_1_98' title="bbox 2008 3610 3356 3684; baseline 0.007 -19"><span class='ocrx_word' id='word_1_606' title='bbox 2008 3610 2081 3665; x_wconf 84' lang='lat' dir='ltr'><strong>Et</strong></span> <span class='ocrx_word' id='word_1_607' title='bbox 2110 3626 2229 3680; x_wconf 75' lang='lat' dir='ltr'><strong>qua:</strong></span> <span class='ocrx_word' id='word_1_608' title='bbox 2257 3611 2388 3665; x_wconf 53' lang='lat' dir='ltr'><strong>laeva</strong></span> <span class='ocrx_word' id='word_1_609' title='bbox 2416 3614 2586 3665; x_wconf 90' lang='lat' dir='ltr'><strong>malus</strong></span> <span class='ocrx_word' id='word_1_610' title='bbox 2610 3614 2797 3677; x_wconf 80' lang='lat' dir='ltr'><strong>voluit,</strong></span> <span class='ocrx_word' id='word_1_611' title='bbox 2831 3624 3026 3669; x_wconf 86' lang='lat' dir='ltr'><strong>mutata</strong></span> <span class='ocrx_word' id='word_1_612' title='bbox 3056 3631 3356 3684; x_wconf 91' lang='lat' dir='ltr'><strong>recurrunt,</strong></span> 
     </span>
    </p>
   </div>
   <div class='ocr_carea' id='block_1_99' title="bbox 2008 3698 3328 3776">
    <p class='ocr_par' dir='ltr' id='par_1_99' title="bbox 2008 3698 3328 3776">
     <span class='ocr_line' id='line_1_99' title="bbox 2008 3698 3328 3776; baseline 0.01 -22"><span class='ocrx_word' id='word_1_613' title='bbox 2008 3700 2066 3754; x_wconf 92' lang='lat' dir='ltr'><strong>ln</strong></span> <span class='ocrx_word' id='word_1_614' title='bbox 2090 3700 2332 3755; x_wconf 81' lang='lat' dir='ltr'><strong>dextram</strong></span> <span class='ocrx_word' id='word_1_615' title='bbox 2365 3712 2604 3758; x_wconf 86' lang='lat' dir='ltr'><strong>vertente</strong></span> <span class='ocrx_word' id='word_1_616' title='bbox 2636 3698 2766 3768; x_wconf 86' lang='lat' dir='ltr'><strong>Deo,</strong></span> <span class='ocrx_word' id='word_1_617' title='bbox 2799 3705 3045 3776; x_wconf 87' lang='lat' dir='ltr'><strong>solosque</strong></span> <span class='ocrx_word' id='word_1_618' title='bbox 3074 3718 3328 3767; x_wconf 82' lang='lat' dir='ltr'><strong>necentes</strong></span> 
     </span>
    </p>
   </div>
   <div class='ocr_carea' id='block_1_100' title="bbox 2012 3792 3354 3870">
    <p class='ocr_par' dir='ltr' id='par_1_100' title="bbox 2012 3792 3354 3870">
     <span class='ocr_line' id='line_1_100' title="bbox 2012 3792 3354 3870; baseline 0.011 -25"><span class='ocrx_word' id='word_1_619' title='bbox 2012 3792 2105 3847; x_wconf 87' lang='lat' dir='ltr'><strong>Vis</strong></span> <span class='ocrx_word' id='word_1_620' title='bbox 2132 3793 2239 3848; x_wconf 86' lang='lat' dir='ltr'><strong>odii</strong></span> <span class='ocrx_word' id='word_1_621' title='bbox 2277 3796 2545 3865; x_wconf 82' lang='lat' dir='ltr'><strong>pcrimens</strong></span> <span class='ocrx_word' id='word_1_622' title='bbox 2575 3798 2825 3853; x_wconf 85' lang='lat' dir='ltr'><strong>meditata</strong></span> <span class='ocrx_word' id='word_1_623' title='bbox 2856 3804 2910 3853; x_wconf 83' lang='lat' dir='ltr'><strong>in</strong></span> <span class='ocrx_word' id='word_1_624' title='bbox 2939 3802 3156 3857; x_wconf 76' lang='lat' dir='ltr'><strong>vulnera</strong></span> <span class='ocrx_word' id='word_1_625' title='bbox 3188 3803 3354 3870; x_wconf 90' lang='lat' dir='ltr'><strong>ducit,</strong></span> 
     </span>
    </p>
   </div>
   <div class='ocr_carea' id='block_1_101' title="bbox 2008 3885 3211 3965">
    <p class='ocr_par' dir='ltr' id='par_1_101' title="bbox 2008 3885 3211 3965">
     <span class='ocr_line' id='line_1_101' title="bbox 2008 3885 3211 3965; baseline 0.009 -27"><span class='ocrx_word' id='word_1_626' title='bbox 2008 3885 2077 3939; x_wconf 88' lang='lat' dir='ltr'><strong>Et</strong></span> <span class='ocrx_word' id='word_1_627' title='bbox 2104 3897 2286 3953; x_wconf 89' lang='lat' dir='ltr'><strong>partos</strong></span> <span class='ocrx_word' id='word_1_628' title='bbox 2323 3887 2472 3941; x_wconf 89' lang='lat' dir='ltr'><strong>fratri</strong></span> <span class='ocrx_word' id='word_1_629' title='bbox 2502 3888 2719 3958; x_wconf 87' lang='lat' dir='ltr'><strong>laqueos</strong></span> <span class='ocrx_word' id='word_1_630' title='bbox 2750 3893 3025 3948; x_wconf 83' lang='lat' dir='ltr'><strong>incurrere</strong></span> <span class='ocrx_word' id='word_1_631' title='bbox 3052 3899 3211 3965; x_wconf 80' lang='lat' dir='ltr'><strong>cogit.</strong></span> 
     </span>
    </p>
   </div>
   <div class='ocr_carea' id='block_1_102' title="bbox 2082 3980 3267 4063">
    <p class='ocr_par' dir='ltr' id='par_1_102' title="bbox 2082 3980 3267 4063">
     <span class='ocr_line' id='line_1_102' title="bbox 2082 3980 3267 4063; baseline 0.009 -31"><span class='ocrx_word' id='word_1_632' title='bbox 2082 3980 2294 4063; x_wconf 81' lang='lat' dir='ltr'><strong>Egressi</strong></span> <span class='ocrx_word' id='word_1_633' title='bbox 2324 3982 2525 4035; x_wconf 77' lang='lat' dir='ltr'><strong>interea</strong></span> <span class='ocrx_word' id='word_1_634' title='bbox 2562 3983 2767 4051; x_wconf 85' lang='lat' dir='ltr'><strong>trepido</strong></span> <span class='ocrx_word' id='word_1_635' title='bbox 2795 3985 2863 4038; x_wconf 87' lang='lat' dir='ltr'><strong>de</strong></span> <span class='ocrx_word' id='word_1_636' title='bbox 2894 4002 3015 4054; x_wconf 88' lang='lat' dir='ltr'><strong>rege</strong></span> <span class='ocrx_word' id='word_1_637' title='bbox 3044 3989 3267 4043; x_wconf 89' lang='lat' dir='ltr'><strong>ministri</strong></span> 
     </span>
    </p>
   </div>
   <div class='ocr_carea' id='block_1_103' title="bbox 2009 4077 3391 4153">
    <p class='ocr_par' dir='ltr' id='par_1_103' title="bbox 2009 4077 3391 4153">
     <span class='ocr_line' id='line_1_103' title="bbox 2009 4077 3391 4153; baseline 0.005 -21"><span class='ocrx_word' id='word_1_638' title='bbox 2009 4077 2348 4147; x_wconf 87' lang='lat' dir='ltr'><strong>Compellunt</strong></span> <span class='ocrx_word' id='word_1_639' title='bbox 2374 4079 2551 4133; x_wconf 90' lang='lat' dir='ltr'><strong>celare</strong></span> <span class='ocrx_word' id='word_1_640' title='bbox 2581 4079 2778 4148; x_wconf 82' lang='lat' dir='ltr'><strong>fugam,</strong></span> <span class='ocrx_word' id='word_1_641' title='bbox 2806 4093 3106 4151; x_wconf 88' lang='lat' dir='ltr'><strong>coguntque</strong></span> <span class='ocrx_word' id='word_1_642' title='bbox 3131 4086 3391 4153; x_wconf 78' lang='lat' dir='ltr'><strong>volentes,</strong></span> 
     </span>
    </p>
   </div>
   <div class='ocr_carea' id='block_1_104' title="bbox 2011 4169 3344 4240">
    <p class='ocr_par' dir='ltr' id='par_1_104' title="bbox 2011 4169 3344 4240">
     <span class='ocr_line' id='line_1_104' title="bbox 2011 4169 3344 4240; baseline 0.005 -18"><span class='ocrx_word' id='word_1_643' title='bbox 2011 4169 2352 4236; x_wconf 73' lang='lat' dir='ltr'><strong>Przecipitant</strong></span> <span class='ocrx_word' id='word_1_644' title='bbox 2382 4170 2608 4235; x_wconf 88' lang='lat' dir='ltr'><strong>alacres,</strong></span> <span class='ocrx_word' id='word_1_645' title='bbox 2641 4180 2695 4223; x_wconf 91' lang='lat' dir='ltr'><strong>et</strong></span> <span class='ocrx_word' id='word_1_646' title='bbox 2718 4171 3089 4225; x_wconf 83' lang='lat' dir='ltr'><strong>festinantibus</strong></span> <span class='ocrx_word' id='word_1_647' title='bbox 3118 4175 3344 4240; x_wconf 87' lang='lat' dir='ltr'><strong>instant,</strong></span> 
     </span>
    </p>
   </div>
   <div class='ocr_carea' id='block_1_105' title="bbox 2009 4264 3341 4335">
    <p class='ocr_par' dir='ltr' id='par_1_105' title="bbox 2009 4264 3341 4335">
     <span class='ocr_line' id='line_1_105' title="bbox 2009 4264 3341 4335; baseline 0.004 -17"><span class='ocrx_word' id='word_1_648' title='bbox 2009 4264 2394 4334; x_wconf 88' lang='lat' dir='ltr'><strong>Pellendasque</strong></span> <span class='ocrx_word' id='word_1_649' title='bbox 2417 4272 2607 4333; x_wconf 88' lang='lat' dir='ltr'><strong>putant</strong></span> <span class='ocrx_word' id='word_1_650' title='bbox 2636 4267 2784 4335; x_wconf 87' lang='lat' dir='ltr'><strong>pulsa</strong></span> <span class='ocrx_word' id='word_1_651' title='bbox 2816 4273 2933 4319; x_wconf 81' lang='lat' dir='ltr'><strong>eum</strong></span> <span class='ocrx_word' id='word_1_652' title='bbox 2958 4276 3117 4335; x_wconf 72' lang='lat' dir='ltr'><strong>gente</strong></span> <span class='ocrx_word' id='word_1_653' title='bbox 3142 4268 3341 4324; x_wconf 89' lang='lat' dir='ltr'><strong>ruinas.</strong></span> 
     </span>
    </p>
   </div>
   <div class='ocr_carea' id='block_1_106' title="bbox 2010 4356 3520 4426">
    <p class='ocr_par' dir='ltr' id='par_1_106' title="bbox 2010 4356 3520 4426">
     <span class='ocr_line' id='line_1_106' title="bbox 2010 4356 3520 4426; baseline 0.007 -18"><span class='ocrx_word' id='word_1_654' title='bbox 2010 4356 2128 4409; x_wconf 89' lang='lat' dir='ltr'><strong>Jam</strong></span> <span class='ocrx_word' id='word_1_655' title='bbox 2158 4370 2323 4425; x_wconf 91' lang='lat' dir='ltr'><strong>prope</strong></span> <span class='ocrx_word' id='word_1_656' title='bbox 2352 4366 2639 4411; x_wconf 83' lang='lat' dir='ltr'><strong>centenum</strong></span> <span class='ocrx_word' id='word_1_657' title='bbox 2672 4358 3032 4426; x_wconf 88' lang='lat' dir='ltr'><strong>compleverat</strong></span> <span class='ocrx_word' id='word_1_658' title='bbox 3061 4359 3263 4413; x_wconf 88' lang='lat' dir='ltr'><strong>advena</strong></span> <span class='ocrx_word' id='word_1_659' title='bbox 3295 4361 3520 4419; x_wconf 79' lang='lat' dir='ltr'><strong>lustrum</strong></span> 
     </span>
    </p>
   </div>
   <div class='ocr_carea' id='block_1_107' title="bbox 2012 4448 3399 4520">
    <p class='ocr_par' dir='ltr' id='par_1_107' title="bbox 2012 4448 3399 4520">
     <span class='ocr_line' id='line_1_107' title="bbox 2012 4448 3399 4520; baseline 0.004 -18"><span class='ocrx_word' id='word_1_660' title='bbox 2012 4448 2068 4502; x_wconf 91' lang='lat' dir='ltr'><strong>ln</strong></span> <span class='ocrx_word' id='word_1_661' title='bbox 2100 4450 2300 4516; x_wconf 80' lang='lat' dir='ltr'><strong>regnis,</strong></span> <span class='ocrx_word' id='word_1_662' title='bbox 2329 4448 2584 4519; x_wconf 66' lang='lat' dir='ltr'><strong>Aﬁgypte,</strong></span> <span class='ocrx_word' id='word_1_663' title='bbox 2618 4450 2734 4511; x_wconf 89' lang='lat' dir='ltr'><strong>tuis.</strong></span> <span class='ocrx_word' id='word_1_664' title='bbox 2764 4464 2833 4503; x_wconf 84' lang='lat' dir='ltr'><strong>ex</strong></span> <span class='ocrx_word' id='word_1_665' title='bbox 2870 4459 3108 4519; x_wconf 89' lang='lat' dir='ltr'><strong>tempore</strong></span> <span class='ocrx_word' id='word_1_666' title='bbox 3135 4454 3399 4520; x_wconf 92' lang='lat' dir='ltr'><strong>quondam</strong></span> 
     </span>
    </p>
   </div>
   <div class='ocr_carea' id='block_1_108' title="bbox 2013 4540 3395 4611">
    <p class='ocr_par' dir='ltr' id='par_1_108' title="bbox 2013 4540 3395 4611">
     <span class='ocr_line' id='line_1_108' title="bbox 2013 4540 3395 4611; baseline 0.005 -17"><span class='ocrx_word' id='word_1_667' title='bbox 2013 4540 2130 4608; x_wconf 87' lang='lat' dir='ltr'><strong>Quo</strong></span> <span class='ocrx_word' id='word_1_668' title='bbox 2157 4542 2364 4610; x_wconf 89' lang='lat' dir='ltr'><strong>priscus</strong></span> <span class='ocrx_word' id='word_1_669' title='bbox 2395 4541 2693 4609; x_wconf 89' lang='lat' dir='ltr'><strong>patriarcha</strong></span> <span class='ocrx_word' id='word_1_670' title='bbox 2725 4540 2889 4596; x_wconf 83' lang='lat' dir='ltr'><strong>Jacob</strong></span> <span class='ocrx_word' id='word_1_671' title='bbox 2920 4542 3243 4611; x_wconf 75' lang='lat' dir='ltr'><strong>perduxerat</strong></span> <span class='ocrx_word' id='word_1_672' title='bbox 3269 4545 3395 4601; x_wconf 92' lang='lat' dir='ltr'><strong>illuc</strong></span> 
     </span>
    </p>
   </div>
   <div class='ocr_carea' id='block_1_109' title="bbox 1933 4600 3424 4705">
    <p class='ocr_par' dir='ltr' id='par_1_109' title="bbox 1933 4600 3424 4705">
     <span class='ocr_line' id='line_1_109' title="bbox 1933 4600 3424 4705; baseline 0.001 -15"><span class='ocrx_word' id='word_1_673' title='bbox 1933 4600 1991 4661; x_wconf 66' lang='grc' dir='ltr'><strong>Β</strong></span> <span class='ocrx_word' id='word_1_674' title='bbox 2019 4635 2107 4690; x_wconf 90' lang='lat' dir='ltr'><strong>Bis</strong></span> <span class='ocrx_word' id='word_1_675' title='bbox 2135 4650 2262 4689; x_wconf 84' lang='lat' dir='ltr'><strong>seua</strong></span> <span class='ocrx_word' id='word_1_676' title='bbox 2297 4649 2416 4689; x_wconf 92' lang='lat' dir='ltr'><strong>cum</strong></span> <span class='ocrx_word' id='word_1_677' title='bbox 2446 4635 2593 4703; x_wconf 91' lang='lat' dir='ltr'><strong>prole</strong></span> <span class='ocrx_word' id='word_1_678' title='bbox 2620 4634 2859 4700; x_wconf 91' lang='lat' dir='ltr'><strong>domum,</strong></span> <span class='ocrx_word' id='word_1_679' title='bbox 2890 4650 3149 4705; x_wconf 91' lang='lat' dir='ltr'><strong>carosque</strong></span> <span class='ocrx_word' id='word_1_680' title='bbox 3178 4646 3424 4705; x_wconf 88' lang='lat' dir='ltr'><strong>nepotes,</strong></span> 
     </span>
    </p>
   </div>
   <div class='ocr_carea' id='block_1_110' title="bbox 2018 4726 3339 4795">
    <p class='ocr_par' dir='ltr' id='par_1_110' title="bbox 2018 4726 3339 4795">
     <span class='ocr_line' id='line_1_110' title="bbox 2018 4726 3339 4795; baseline 0.003 -16"><span class='ocrx_word' id='word_1_681' title='bbox 2018 4727 2135 4793; x_wconf 82' lang='lat' dir='ltr'><strong>Quo</strong></span> <span class='ocrx_word' id='word_1_682' title='bbox 2162 4741 2258 4795; x_wconf 83' lang='lat' dir='ltr'><strong>per</strong></span> <span class='ocrx_word' id='word_1_683' title='bbox 2293 4726 2575 4779; x_wconf 74' lang='lat' dir='ltr'><strong>fecundum</strong></span> <span class='ocrx_word' id='word_1_684' title='bbox 2605 4733 2887 4779; x_wconf 89' lang='lat' dir='ltr'><strong>creverunt</strong></span> <span class='ocrx_word' id='word_1_685' title='bbox 2916 4726 3080 4780; x_wconf 86' lang='lat' dir='ltr'><strong>millia</strong></span> <span class='ocrx_word' id='word_1_686' title='bbox 3115 4736 3339 4795; x_wconf 91' lang='lat' dir='ltr'><strong>patrem.</strong></span> 
     </span>
    </p>
   </div>
   <div class='ocr_carea' id='block_1_111' title="bbox 2019 4817 3493 4890">
    <p class='ocr_par' dir='ltr' id='par_1_111' title="bbox 2019 4817 3493 4890">
     <span class='ocr_line' id='line_1_111' title="bbox 2019 4817 3493 4890; baseline 0.005 -20"><span class='ocrx_word' id='word_1_687' title='bbox 2019 4817 2261 4871; x_wconf 88' lang='lat' dir='ltr'><strong>Procedit</strong></span> <span class='ocrx_word' id='word_1_688' title='bbox 2298 4817 2507 4871; x_wconf 86' lang='lat' dir='ltr'><strong>tandem</strong></span> <span class='ocrx_word' id='word_1_689' title='bbox 2539 4818 2785 4885; x_wconf 87' lang='lat' dir='ltr'><strong>populus,</strong></span> <span class='ocrx_word' id='word_1_690' title='bbox 2820 4831 3049 4887; x_wconf 82' lang='lat' dir='ltr'><strong>moxque</strong></span> <span class='ocrx_word' id='word_1_691' title='bbox 3075 4820 3286 4887; x_wconf 86' lang='lat' dir='ltr'><strong>agmine</strong></span> <span class='ocrx_word' id='word_1_692' title='bbox 3307 4823 3493 4890; x_wconf 86' lang='lat' dir='ltr'><strong>juncto</strong></span> 
     </span>
    </p>
   </div>
   <div class='ocr_carea' id='block_1_112' title="bbox 2022 4908 3525 4977">
    <p class='ocr_par' dir='ltr' id='par_1_112' title="bbox 2022 4908 3525 4977">
     <span class='ocr_line' id='line_1_112' title="bbox 2022 4908 3525 4977; baseline 0.007 -16"><span class='ocrx_word' id='word_1_693' title='bbox 2022 4908 2198 4963; x_wconf 78' lang='lat' dir='ltr'><strong>Diram</strong></span> <span class='ocrx_word' id='word_1_694' title='bbox 2231 4909 2419 4977; x_wconf 86' lang='lat' dir='ltr'><strong>linquit</strong></span> <span class='ocrx_word' id='word_1_695' title='bbox 2450 4910 2664 4962; x_wconf 89' lang='lat' dir='ltr'><strong>humum</strong></span> <span class='ocrx_word' id='word_1_696' title='bbox 2699 4909 2934 4964; x_wconf 90' lang='lat' dir='ltr'><strong>tenebris</strong></span> <span class='ocrx_word' id='word_1_697' title='bbox 2962 4925 3023 4964; x_wconf 91' lang='lat' dir='ltr'><strong>ac</strong></span> <span class='ocrx_word' id='word_1_698' title='bbox 3053 4912 3280 4967; x_wconf 91' lang='lat' dir='ltr'><strong>luctibus</strong></span> <span class='ocrx_word' id='word_1_699' title='bbox 3319 4917 3525 4972; x_wconf 87' lang='lat' dir='ltr'><strong>orbam.</strong></span> 
     </span>
    </p>
   </div>
   <div class='ocr_carea' id='block_1_113' title="bbox 2022 5001 3327 5072">
    <p class='ocr_par' dir='ltr' id='par_1_113' title="bbox 2022 5001 3327 5072">
     <span class='ocr_line' id='line_1_113' title="bbox 2022 5001 3327 5072; baseline 0.003 -17"><span class='ocrx_word' id='word_1_700' title='bbox 2022 5001 2152 5056; x_wconf 89' lang='lat' dir='ltr'><strong>Nam</strong></span> <span class='ocrx_word' id='word_1_701' title='bbox 2184 5003 2355 5056; x_wconf 91' lang='lat' dir='ltr'><strong>vicina</strong></span> <span class='ocrx_word' id='word_1_702' title='bbox 2382 5002 2493 5055; x_wconf 78' lang='lat' dir='ltr'><strong>dies</strong></span> <span class='ocrx_word' id='word_1_703' title='bbox 2525 5002 2757 5056; x_wconf 87' lang='lat' dir='ltr'><strong>nondum</strong></span> <span class='ocrx_word' id='word_1_704' title='bbox 2787 5003 3115 5072; x_wconf 76' lang='lat' dir='ltr'><strong>produxerat</strong></span> <span class='ocrx_word' id='word_1_705' title='bbox 3144 5020 3327 5062; x_wconf 90' lang='lat' dir='ltr'><strong>ortus:</strong></span> 
     </span>
    </p>
   </div>
   <div class='ocr_carea' id='block_1_114' title="bbox 2022 5095 3350 5154">
    <p class='ocr_par' dir='ltr' id='par_1_114' title="bbox 2022 5095 3350 5154">
     <span class='ocr_line' id='line_1_114' title="bbox 2022 5095 3350 5154; baseline 0.004 -5"><span class='ocrx_word' id='word_1_706' title='bbox 2022 5095 2148 5150; x_wconf 74' lang='lat' dir='ltr'><strong>Hmc</strong></span> <span class='ocrx_word' id='word_1_707' title='bbox 2174 5112 2277 5149; x_wconf 77' lang='lat' dir='ltr'><strong>nox</strong></span> <span class='ocrx_word' id='word_1_708' title='bbox 2308 5095 2440 5149; x_wconf 85' lang='lat' dir='ltr'><strong>festa</strong></span> <span class='ocrx_word' id='word_1_709' title='bbox 2473 5096 2580 5149; x_wconf 90' lang='lat' dir='ltr'><strong>Deo</strong></span> <span class='ocrx_word' id='word_1_710' title='bbox 2606 5096 2953 5152; x_wconf 85' lang='lat' dir='ltr'><strong>redeuntibus</strong></span> <span class='ocrx_word' id='word_1_711' title='bbox 2977 5114 3150 5154; x_wconf 89' lang='lat' dir='ltr'><strong>annua</strong></span> <span class='ocrx_word' id='word_1_712' title='bbox 3183 5102 3350 5154; x_wconf 84' lang='lat' dir='ltr'><strong>sacris</strong></span> 
     </span>
    </p>
   </div>
   <div class='ocr_carea' id='block_1_115' title="bbox 2025 5176 3383 5256">
    <p class='ocr_par' dir='ltr' id='par_1_115' title="bbox 2025 5176 3383 5256">
     <span class='ocr_line' id='line_1_115' title="bbox 2025 5176 3383 5256; baseline 0.001 -15"><span class='ocrx_word' id='word_1_713' title='bbox 2025 5188 2149 5242; x_wconf 62' lang='lat' dir='ltr'><strong>llaec</strong></span> <span class='ocrx_word' id='word_1_714' title='bbox 2177 5190 2350 5256; x_wconf 90' lang='lat' dir='ltr'><strong>gentis</strong></span> <span class='ocrx_word' id='word_1_715' title='bbox 2381 5188 2633 5240; x_wconf 87' lang='lat' dir='ltr'><strong>solemnis</strong></span> <span class='ocrx_word' id='word_1_716' title='bbox 2666 5176 2787 5250; x_wconf 70' lang='lat' dir='ltr'><strong>erit,</strong></span> <span class='ocrx_word' id='word_1_717' title='bbox 2816 5204 2933 5254; x_wconf 75' lang='lat' dir='ltr'><strong>qum</strong></span> <span class='ocrx_word' id='word_1_718' title='bbox 2963 5191 3187 5243; x_wconf 88' lang='lat' dir='ltr'><strong>solvitur</strong></span> <span class='ocrx_word' id='word_1_719' title='bbox 3214 5193 3383 5245; x_wconf 86' lang='lat' dir='ltr'><strong>hoste.</strong></span> 
     </span>
    </p>
   </div>
   <div class='ocr_carea' id='block_1_116' title="bbox 2096 5276 3390 5348">
    <p class='ocr_par' dir='ltr' id='par_1_116' title="bbox 2096 5276 3390 5348">
     <span class='ocr_line' id='line_1_116' title="bbox 2096 5276 3390 5348; baseline 0.002 -19"><span class='ocrx_word' id='word_1_720' title='bbox 2096 5276 2275 5332; x_wconf 89' lang='lat' dir='ltr'><strong>Primo</strong></span> <span class='ocrx_word' id='word_1_721' title='bbox 2302 5278 2617 5345; x_wconf 80' lang='lat' dir='ltr'><strong>Conspicuus</strong></span> <span class='ocrx_word' id='word_1_722' title='bbox 2646 5277 2881 5348; x_wconf 80' lang='lat' dir='ltr'><strong>fulgebat</strong></span> <span class='ocrx_word' id='word_1_723' title='bbox 2909 5280 2960 5333; x_wconf 91' lang='lat' dir='ltr'><strong>in</strong></span> <span class='ocrx_word' id='word_1_724' title='bbox 2992 5282 3180 5333; x_wconf 84' lang='lat' dir='ltr'><strong>ordine</strong></span> <span class='ocrx_word' id='word_1_725' title='bbox 3204 5281 3390 5333; x_wconf 84' lang='lat' dir='ltr'><strong>ductor</strong></span> 
     </span>
    </p>
   </div>
   <div class='ocr_carea' id='block_1_117' title="bbox 2029 5369 3313 5440">
    <p class='ocr_par' dir='ltr' id='par_1_117' title="bbox 2029 5369 3313 5440">
     <span class='ocr_line' id='line_1_117' title="bbox 2029 5369 3313 5440; baseline 0.001 -15"><span class='ocrx_word' id='word_1_726' title='bbox 2029 5371 2254 5440; x_wconf 84' lang='lat' dir='ltr'><strong>Legifer,</strong></span> <span class='ocrx_word' id='word_1_727' title='bbox 2282 5369 2533 5435; x_wconf 85' lang='lat' dir='ltr'><strong>adjuncto</strong></span> <span class='ocrx_word' id='word_1_728' title='bbox 2563 5372 2871 5437; x_wconf 73' lang='lat' dir='ltr'><strong>praecedens</strong></span> <span class='ocrx_word' id='word_1_729' title='bbox 2899 5373 3106 5440; x_wconf 86' lang='lat' dir='ltr'><strong>agmina</strong></span> <span class='ocrx_word' id='word_1_730' title='bbox 3134 5372 3313 5426; x_wconf 84' lang='lat' dir='ltr'><strong>fratre.</strong></span> 
     </span>
    </p>
   </div>
   <div class='ocr_carea' id='block_1_118' title="bbox 2028 5461 3388 5533">
    <p class='ocr_par' dir='ltr' id='par_1_118' title="bbox 2028 5461 3388 5533">
     <span class='ocr_line' id='line_1_118' title="bbox 2028 5461 3388 5533; baseline -0.001 -14"><span class='ocrx_word' id='word_1_731' title='bbox 2028 5464 2157 5519; x_wconf 86' lang='lat' dir='ltr'><strong>Post</strong></span> <span class='ocrx_word' id='word_1_732' title='bbox 2175 5479 2310 5533; x_wconf 88' lang='lat' dir='ltr'><strong>quos</strong></span> <span class='ocrx_word' id='word_1_733' title='bbox 2338 5463 2601 5531; x_wconf 74' lang='lat' dir='ltr'><strong>belligera:</strong></span> <span class='ocrx_word' id='word_1_734' title='bbox 2627 5462 2916 5532; x_wconf 86' lang='lat' dir='ltr'><strong>disponunt</strong></span> <span class='ocrx_word' id='word_1_735' title='bbox 2944 5479 3089 5517; x_wconf 73' lang='lat' dir='ltr'><strong>arma</strong></span> <span class='ocrx_word' id='word_1_736' title='bbox 3120 5461 3388 5529; x_wconf 86' lang='lat' dir='ltr'><strong>cohortes,</strong></span> 
     </span>
    </p>
   </div>
   <div class='ocr_carea' id='block_1_119' title="bbox 2028 5556 3298 5612">
    <p class='ocr_par' dir='ltr' id='par_1_119' title="bbox 2028 5556 3298 5612">
     <span class='ocr_line' id='line_1_119' title="bbox 2028 5556 3298 5612; baseline -0.002 -2"><span class='ocrx_word' id='word_1_737' title='bbox 2028 5556 2239 5611; x_wconf 89' lang='lat' dir='ltr'><strong>Ducunt</strong></span> <span class='ocrx_word' id='word_1_738' title='bbox 2266 5566 2319 5611; x_wconf 94' lang='lat' dir='ltr'><strong>et</strong></span> <span class='ocrx_word' id='word_1_739' title='bbox 2341 5556 2544 5611; x_wconf 87' lang='lat' dir='ltr'><strong>validas</strong></span> <span class='ocrx_word' id='word_1_740' title='bbox 2568 5557 2826 5612; x_wconf 89' lang='lat' dir='ltr'><strong>instructo</strong></span> <span class='ocrx_word' id='word_1_741' title='bbox 2855 5558 3046 5611; x_wconf 92' lang='lat' dir='ltr'><strong>robore</strong></span> <span class='ocrx_word' id='word_1_742' title='bbox 3076 5564 3298 5609; x_wconf 88' lang='lat' dir='ltr'><strong>turmas.</strong></span> 
     </span>
    </p>
   </div>
   <div class='ocr_carea' id='block_1_120' title="bbox 2028 5647 3388 5716">
    <p class='ocr_par' dir='ltr' id='par_1_120' title="bbox 2028 5647 3388 5716">
     <span class='ocr_line' id='line_1_120' title="bbox 2028 5647 3388 5716; baseline 0 -13"><span class='ocrx_word' id='word_1_743' title='bbox 2028 5651 2190 5704; x_wconf 81' lang='lat' dir='ltr'><strong>Arma</strong></span> <span class='ocrx_word' id='word_1_744' title='bbox 2223 5649 2395 5705; x_wconf 88' lang='lat' dir='ltr'><strong>ferunt</strong></span> <span class='ocrx_word' id='word_1_745' title='bbox 2431 5648 2689 5711; x_wconf 89' lang='lat' dir='ltr'><strong>humeris,</strong></span> <span class='ocrx_word' id='word_1_746' title='bbox 2722 5662 2877 5702; x_wconf 91' lang='lat' dir='ltr'><strong>enses</strong></span> <span class='ocrx_word' id='word_1_747' title='bbox 2903 5662 2997 5716; x_wconf 91' lang='lat' dir='ltr'><strong>per</strong></span> <span class='ocrx_word' id='word_1_748' title='bbox 3023 5647 3229 5716; x_wconf 85' lang='lat' dir='ltr'><strong>singula</strong></span> <span class='ocrx_word' id='word_1_749' title='bbox 3256 5649 3388 5703; x_wconf 72' lang='lat' dir='ltr'><strong>lmvo</strong></span> 
     </span>
    </p>
   </div>
   <div class='ocr_carea' id='block_1_121' title="bbox 2033 5738 3321 5810">
    <p class='ocr_par' dir='ltr' id='par_1_121' title="bbox 2033 5738 3321 5810">
     <span class='ocr_line' id='line_1_121' title="bbox 2033 5738 3321 5810; baseline 0 -15"><span class='ocrx_word' id='word_1_750' title='bbox 2033 5741 2342 5810; x_wconf 83' lang='lat' dir='ltr'><strong>Dependent</strong></span> <span class='ocrx_word' id='word_1_751' title='bbox 2369 5742 2542 5804; x_wconf 84' lang='lat' dir='ltr'><strong>lateri,</strong></span> <span class='ocrx_word' id='word_1_752' title='bbox 2574 5754 2759 5806; x_wconf 83' lang='lat' dir='ltr'><strong>presso</strong></span> <span class='ocrx_word' id='word_1_753' title='bbox 2790 5748 2894 5792; x_wconf 91' lang='lat' dir='ltr'><strong>tum</strong></span> <span class='ocrx_word' id='word_1_754' title='bbox 2929 5738 3127 5793; x_wconf 88' lang='lat' dir='ltr'><strong>vertice</strong></span> <span class='ocrx_word' id='word_1_755' title='bbox 3157 5742 3321 5795; x_wconf 87' lang='lat' dir='ltr'><strong>cassis</strong></span> 
     </span>
    </p>
   </div>
   <div class='ocr_carea' id='block_1_122' title="bbox 2033 5829 3245 5908">
    <p class='ocr_par' dir='ltr' id='par_1_122' title="bbox 2033 5829 3245 5908">
     <span class='ocr_line' id='line_1_122' title="bbox 2033 5829 3245 5908; baseline -0.004 -19"><span class='ocrx_word' id='word_1_756' title='bbox 2033 5832 2240 5908; x_wconf 81' lang='lat' dir='ltr'><strong>Fulget,</strong></span> <span class='ocrx_word' id='word_1_757' title='bbox 2271 5841 2323 5885; x_wconf 91' lang='lat' dir='ltr'><strong>et</strong></span> <span class='ocrx_word' id='word_1_758' title='bbox 2354 5829 2546 5887; x_wconf 90' lang='lat' dir='ltr'><strong>albenti</strong></span> <span class='ocrx_word' id='word_1_759' title='bbox 2575 5839 2740 5896; x_wconf 77' lang='lat' dir='ltr'><strong>certat</strong></span> <span class='ocrx_word' id='word_1_760' title='bbox 2770 5830 2858 5882; x_wconf 83' lang='lat' dir='ltr'><strong>lux</strong></span> <span class='ocrx_word' id='word_1_761' title='bbox 2888 5830 3055 5885; x_wconf 61' lang='lat' dir='ltr'><strong>fe&#39;rea</strong></span> <span class='ocrx_word' id='word_1_762' title='bbox 3090 5832 3245 5885; x_wconf 72' lang='lat' dir='ltr'><strong>luam.</strong></span> 
     </span>
    </p>
   </div>
   <div class='ocr_carea' id='block_1_123' title="bbox 3120 5922 3194 5987">
    <p class='ocr_par' dir='ltr' id='par_1_123' title="bbox 3120 5922 3194 5987">
     <span class='ocr_line' id='line_1_123' title="bbox 3120 5922 3194 5987; baseline -0.054 0"><span class='ocrx_word' id='word_1_763' title='bbox 3120 5922 3194 5987; x_wconf 77' lang='lat'><strong>12</strong></span> 
     </span>
    </p>
   </div>
  </div>
