4124 6350
547 331 650 388 365
1834 325 1888 385 ὃ.
1929 320 2112 383 AVlTl
2157 319 2553 379 VIENNENSIS
3652 356 3655 357 ν
3682 321 3809 377 50.;

551 447 797 516 Nituntur
822 442 1009 514 iaculis
1040 440 1148 505 alii,
1178 440 1495 515 clypeosqtte
1524 437 1763 507 sinistris

554 536 803 603 Volvunt,
827 544 881 591 et
908 532 1090 607 rapido
1119 529 1437 593 meditantur
1467 528 1602 601 bella
1630 539 1824 587 rotatu.

551 630 753 685 Gaudet
782 642 902 697 pars
930 627 1086 678 etiam
1115 622 1395 695 pharetris,
1431 622 1784 689 volucresque
1810 620 2026 688 sagittas

555 720 730 774 llostis
758 700 811 770 in
830 730 1108 777 occursum
1137 712 1410 768 mittendis
1440 713 1701 777 mortibus
1726 720 1889 778 aptat.

551 814 653 881 Aut
674 809 717 861 si
751 809 882 869 forte
908 806 1076 871 virum
1104 804 1355 871 fugientia
1384 811 1532 870 terga
1564 812 1835 870 sequatur,

553 903 616 973 [It
643 909 865 969 pennata
897 898 1042 963 leves
1083 896 1446 949 transmittant
1474 886 1675 961 spicula
1702 901 1908 946 ventos.

629 992 832 1061 Incedit
862 988 1109 1061 pavidum
1138 997 1403 1056 postrema
1431 1002 1525 1055 per
1553 986 1762 1053 agmina
1792 984 1999 1049 vulgus,

548 1087 663 1141 Non
695 1088 864 1153 impar
901 1096 1146 1147 numero,
1173 1079 1365 1135 etelum
1397 1092 1515 1132 cum
1543 1076 1774 1146 pingitur
1802 1078 1983 1139 astris,
2066 1110 2075 1117 -

549 1178 760 1234 Εειιιει
789 1185 879 1228 aut
909 1182 1085 1228 motus
1117 1170 1287 1240 pelagi
1316 1168 1671 1236 crispantibus
1700 1165 1878 1227 undis,

550 1271 754 1331 Littore
783 1267 866 1321 vel
895 1272 1117 1335 quantas
1144 1262 1404 1316 convertit
1434 1260 1624 1313 ﬂuctus
1651 1272 1862 1321 arenas,

552 1360 647 1414 Vel
679 1357 890 1428 quantis
925 1346 1126 1408 stillant
1153 1350 1420 1404 humentia
1450 1347 1628 1402 nubila
1659 1348 1839 1415 guttis.

551 1452 805 1506 Mirantur
832 1446 1008 1501 Pharii
1039 1452 1282 1512 satrapea,
1314 1456 1415 1496 nec
1441 1440 1659 1494 credere
1690 1447 1891 1509 tantum

556 1543 626 1598 Se
654 1540 888 1612 potuisse
914 1537 1094 1591 vident
1126 1551 1140 1588 :
1177 1536 1347 1602 placet
1372 1532 1596 1601 ejecisse
1625 1539 1701 1582 tot
1730 1530 1928 1581 hostes.

553 1635 659 1691 Sed
689 1649 793 1687 non
822 1633 919 1685 hac
949 1629 1062 1683 acie
1085 1627 1201 1681 duri
1231 1625 1506 1679 salvabere
1534 1622 1680 1678 ferri.

552 1725 855 1794 Quamlibet
884 1719 1176 1776 innumeris
1205 1718 1436 1787 peditum
1468 1717 1666 1782 stipere
1694 1712 1941 1773 catervis,

552 1819 699 1874 Unus
726 1814 976 1884 pugnabit
1006 1810 1208 1865 cunctis
1235 1822 1330 1875 pro
1353 1805 1583 1860 millibus
1612 1812 1816 1858 auctor.

554 1914 620 1979 At
649 1909 873 1979 populus
901 1907 1042 1979 lento
1066 1901 1370 1956 moderatus
1406 1899 1614 1967 tramite
1638 1910 1878 1968 gressum

553 1976 834 2069 iur—cptum
864 1976 1112 2066 carpebat
1144 1997 1263 2059 iter,
1299 1993 1599 2061 praecedere
1631 1999 1830 2044 tantum

555 2093 831 2163 Aggressis
858 2089 1101 2151 ducibus,
1131 2093 1384 2156 quantum
1421 2084 1501 2138 vel
1535 2083 1682 2137 tarda
1712 2089 1964 2136 senectus

560 2185 651 2237 Vel
679 2182 897 2236 rudibus
926 2189 1142 2249 reptans
1174 2176 1387 2230 infantia
1417 2176 1643 2230 sustinet
1673 2174 1843 2235 annis,

553 2275 633 2329 Ne
663 2271 995 2343 pra~maturis
1021 2269 1256 2338 fragilem
1287 2267 1566 2321 COttlrllel
1595 2266 1769 2319 eundo

564 2367 796 2421 Etatem
828 2379 1115 2433 sexumque
1148 2361 1311 2414 labor.
1343 2360 1430 2413 Sic
1459 2369 1646 2414 cuncta
1670 2374 1930 2429 supernus

567 2461 848 2528 Dispensat
889 2440 1064 2516 nutus,
1098 2454 1344 2524 plebique
1375 2452 1573 2505 assistit
1614 2453 1809 2504 ovami.
1834 2457 1851 2476 '

633 2554 768 2620 Ergo
799 2550 883 2604 ubi
916 2549 1134 2619 signatis
1164 2546 1417 2599 sederunt
1449 2544 1607 2596 millia
1638 2542 1845 2605 castris,

558 2644 908 2710 Armatusque
938 2639 1100 2707 pedes
1133 2640 1321 2706 vulgus
1348 2636 1561 2689 vallavit
1594 2636 1818 2697 inerme,

554 2738 786 2807 Vespere
810 2716 921 2789 tum
955 2734 1126 2802 primo
1155 2732 1313 2814 stanti
1337 2729 1641 2783 assimulata
1673 2730 1916 2781 columna

553 2828 806 2880 lnsistens
838 2839 971 2893 puro
1003 2822 1327 2890 resplenduit
1365 2819 1563 2872 :ethere
1590 2818 1801 2870 ﬂamma
1834 2833 1845 2867 :

552 2916 667 2969 Non
697 2924 869 2968 tamen
903 2924 961 2965 ut
993 2922 1119 2964 noto
1148 2910 1319 2963 dirum
1354 2909 1511 2961 micat
1541 2908 1674 2975 ignis
1706 2908 1755 2959 in
1789 2921 1908 2969 axe,

554 3006 768 3060 Prodita
800 3019 921 3058 cum
951 3004 1107 3057 terris
1136 3001 1257 3056 coeli
1290 3009 1531 3068 portenta
1563 3001 1854 3061 minantur,

553 3098 658 3152 Seu
700 3094 898 3149 morbis
930 3094 1155 3156 tristem,
1186 3092 1445 3162 bellisque
1476 3103 1563 3144 aut
1596 3089 1832 3143 cladibus
1861 3104 2088 3157 annum;

552 3187 652 3241 Sed
678 3185 838 3240 radiis
863 3184 1086 3251 fulgens,
1117 3193 1169 3236 et
1192 3182 1389 3235 lumine
1412 3182 1632 3235 candida
1662 3181 1806 3245 133w,

554 3277 796 3333 Ostendit
827 3275 1048 3328 nitidum
1081 3275 1267 3326 Castris
1302 3272 1616 3326 mirantibus
1648 3272 1853 3340 ignem._

555 3370 842 3440 Diffugiunt
873 3368 1122 3432 tenebrae,
1158 3367 1429 3434 vicinaque
1459 3365 1633 3419 sidera
1661 3366 1878 3419 cedunt.

556 3462 888 3529 Obstupuere
917 3459 1011 3511 viri
1042 3458 1287 3525 primum,
1325 3455 1609 3524 perterruit
1638 3469 1843 3519 omnes,

558 3551 881 3619 lncussitque
914 3559 1111 3602 metum
1143 3548 1373 3612 novitas,
1409 3555 1517 3599 tum
1550 3546 1764 3599 luminis
1790 3559 1917 3598 usus

553 3641 811 3696 Paulatim
852 3638 1071 3692 cceleste
1109 3635 1265 3703 jubar
1290 3633 1629 3687 commendat
1655 3634 1844 3686 amori.

623 3731 847 3786 Maxima
874 3739 1159 3781 nocturnas
1184 3726 1290 3793 jam
1322 3740 1442 3794 pars
1470 3736 1718 3793 exegerat
1750 3727 1928 3791 horas,

556 3824 623 3878 Et
650 3820 906 3877 volvenda
936 3818 1049 3872 dies
1081 3818 1311 3870 instabat
1337 3828 1479 3870 sorte
1508 3817 1827 3885 propinqua;

557 3919 875 3970 Cunctorum
917 3922 1040 3964 ante
1070 3910 1252 3962 oculos-
1282 3922 1375 3978 per
1399 3908 1591 3963 cmlum
1618 3910 1729 3962 visa
1760 3912 1978 3975 moveri,

558 4001 902 4072 Arripuitque
932 4001 1070 4053 viam
1104 3999 1298 4068 populo
1340 4006 1620 4067 spectante
1648 4001 1911 4053 columna.

557 4094 807 4150 Protinus
835 4093 971 4147 hanc
1001 4102 1180 4162 patres
1210 4091 1378 4143 sancti
1409 4105 1628 4144 sensere
1654 4094 2000 4159 sequendam,

556 4184 685 4242 Esse
713 4186 1005 4253 ducemque
1032 4185 1251 4246 ducum;
1300 4183 1404 4237 lzeti
1434 4197 1551 4236 mox
1586 4185 1809 4251 prmsule
1840 4193 1981 4238 tanta

558 4280 831 4347 Abrupere
856 4291 1054 4341 moras,
1086 4274 1275 4328 castris
1305 4274 1566 4329 excedere
1599 4284 1823 4329 certant.

557 4370 701 4425 Tunc
729 4377 785 4422 ut
806 4380 1030 4436 quaeque
1055 4365 1219 4418 tribus
1252 4367 1477 4431 primum
1508 4366 1693 4417 sortita
1720 4366 1958 4419 laborem

558 4461 753 4517 Ordine
782 4459 951 4527 carpit
982 4457 1102 4522 iter,
1132 4457 1371 4524 sequitur
1401 4466 1509 4508 tum
1539 4464 1729 4510 caetera
1763 4461 1945 4525 pubes.

628 4554 752 4607 Haec
778 4552 915 4604 inter
944 4549 1146 4603 clarum
1172 4549 1382 4603 rediens
1411 4549 1498 4601 lux
1531 4548 1709 4616 pandit
1740 4551 2026 4619 olympum,

560 4646 826 4699 Flammea
855 4641 1095 4710 pallescit
1122 4650 1409 4709 conspecto
1439 4641 1551 4694 sole
1581 4642 1846 4695 columna.

561 4733 791 4789 Vertitur
817 4734 868 4786 in
898 4733 1089 4786 nubem
1119 4740 1258 4786 totus
1283 4733 1368 4800 qui
1401 4732 1619 4786 fulserat
1650 4732 1803 4800 ignis,
1864 4778 1869 4782 ν

560 4826 665 4881 Sed
691 4824 871 4894 specie
899 4833 1097 4893 perstat
1128 4835 1289 4877 tensae
1320 4839 1480 4893 super
1507 4821 1703 4877 mthera
1738 4824 1937 4876 for-mre.

560 4919 734 4975 Tertia
764 4928 1050 4972 nocturnos
1075 4917 1367 4971 deterserat
1398 4916 1523 4969 liora
1554 4916 1809 4984 liquores,

560 5013 624 5065 Et
651 5009 935 5063 matutinas
963 5008 1225 5060 scandens
1253 5007 1334 5060 sol
1366 5007 1563 5060 vicerat
1592 5006 1805 5058 umbras
1832 5021 1845 5057 :

560 5102 694 5156 Ecce
724 5113 915 5154 novum
947 5098 1087 5153 dictu
1107 5138 1121 5163 ,
1155 5097 1293 5151 caelo
1321 5105 1525 5173 servata
1556 5111 1748 5151 sereno

458 5223 465 5230 -
532 5191 774 5260 .Frigida
807 5189 1034 5244 ferventi
1060 5189 1209 5256 jussa
1240 5195 1321 5241 est
1342 5201 1614 5255 opponere
1645 5187 1809 5241 nubes

560 5283 628 5337 Se
654 5282 822 5346 radio,
850 5281 1181 5348 densumque
1212 5287 1363 5347 parat
1392 5278 1701 5332 tenuissima
1735 5288 1962 5347 tegmen.

558 5373 647 5427 Sic
674 5373 1046 5441 circumiectis,
1081 5371 1237 5424 tellus
1261 5372 1409 5439 queis
1439 5372 1589 5425 ardet
1615 5385 1731 5435 eoa,

561 5463 799 5519 Estibus
826 5465 1033 5533 ignorat
1059 5462 1344 5530 genuinum
1374 5467 1522 5515 turba
1560 5462 1840 5525 calorem,‘

562 5555 811 5623 Vesperis
838 5564 897 5608 ut
924 5553 1113 5609 credas
1145 5554 1248 5607 leni
1278 5567 1587 5622 respergere
1615 5552 1762 5617 ﬂatu,

564 5643 760 5698 Blanda
789 5643 875 5697 vel
904 5643 1184 5697 humentes
1210 5641 1504 5697 didundere
1535 5641 1730 5707 frigora
1761 5650 1966 5695 ventos.

564 5735 669 5787 Nec
698 5743 872 5785 tamen
900 5730 1035 5786 hanc
1061 5733 1253 5787 nubem
1284 5741 1423 5788 tetro
1449 5729 1645 5785 suffusa
1670 5730 1847 5785 calore

2145 436 2201 495 Α
2229 433 2417 487 Forma
2443 433 2629 498 dabat,
2660 447 2757 487 nec
2780 441 3034 487 emtoreto
3058 432 3138 493 sic
3166 432 3378 487 horrida
3408 435 3573 500 vultu,

2231 526 2297 579 Ut
2329 534 2530 597 terrent
2559 526 2761 580 validos
2791 540 2910 579 cum
2943 535 3191 593 promunt
3227 524 3407 578 nubila
3435 526 3677 593 nimbos;

2227 616 2333 671 Sed
2360 618 2531 684 qualis
2554 616 2795 671 madidus
2821 616 2992 671 solem
3021 631 3141 670 cum
3169 615 3362 670 viderit
3388 632 3565 682 arcos,

2227 710 2393 762 Tanta
2432 708 2526 762 fuit
2558 709 2793 777 pulchrae
2823 708 3030 776 specie$
3057 716 3277 767 extenta
3306 709 3591 766 columnae.

2226 799 2481 855 Noctibus
2509 801 2645 869 ignis
2667 810 2803 865 erat,
2838 799 3125 868 lumenque
3156 813 3381 853 accensa
3410 799 3648 866 ferebat;

2226 889 2357 945 Cum
2383 892 2464 955 sol
2493 898 2740 958 mitteret,
2771 890 2932 959 gelidi
2966 890 3124 945 dabat
3157 889 3374 945 humida
3403 892 3562 945 roris.
3627 919 3633 922 ν

2228 984 2336 1055 Has
2361 984 2715 1043 alternantem
2745 982 2946 1037 ducens
2983 996 3104 1039 cum
3136 988 3373 1048 tempore
3398 992 3600 1035 sortem

2228 1077 2448 1140 Mutavit
2478 1085 2665 1137 natura
2696 1075 2861 1141 vices,
2889 1075 3182 1137 substantia
3212 1074 3421 1128 discors

2229 1166 2536 1221 Muneribus
2568 1167 2795 1233 prepriis
2824 1167 3149 1223 concordem
3174 1162 3408 1221 reddidit
3434 1180 3609 1221 usum.

2228 1258 2281 1313 Si
2310 1260 2524 1321 mansit,
2560 1272 2803 1321 mansere
2831 1258 2959 1321 viri;
2990 1258 3035 1329 si
3066 1265 3231 1321 mota,
3260 1256 3448 1315 secuti.

2230 1350 2284 1401 Si
2314 1349 2491 1403 multis
2520 1349 2680 1411 etiam
2708 1352 2819 1407 visa
2851 1357 2934 1403 est
2966 1349 3199 1417 pendere
3226 1348 3435 1404 diebus.

2230 1440 2454 1511 Subdita
2481 1442 2655 1496 defixo
2681 1442 2960 1497 tardabant
2981 1442 3189 1510 agmina
3213 1441 3370 1495 vallo.

2302 1530 2403 1585 Ista
2432 1530 2774 1598 quaterdenis
2798 1533 2969 1599 pietas
2996 1532 3301 1601 percrebuit
3320 1530 3491 1595 annis,

2232 1626 2365 1679 Dum
2395 1634 2571 1679 vastos
2598 1627 2763 1680 eremi
2797 1628 2987 1689 curris,
3017 1625 3219 1687 Judma,
3256 1637 3521 1685 recessus.

2232 1722 2415 1775 Vincla
2451 1720 2637 1786 pedum
2672 1721 2917 1777 firmante
2945 1720 3049 1783 via,
3081 1719 3209 1771 dum
3234 1726 3477 1783 tempore
3494 1723 3659 1798 lauto

2156 1795 2206 1853 Β
2233 1813 2348 1867 Νοη
2381 1815 2557 1875 attrita
2588 1826 2741 1865 suum
2768 1820 3040 1865 servarent
3068 1810 3299 1879 tegmina
3333 1795 3559 1875 pondus,

2232 1906 2556 1971 Mollitieque
2586 1918 2720 1958 nova
2748 1904 2907 1972 prisci
2933 1902 3190 1959 durantur
3218 1901 3464 1955 amictus.

2232 1996 2321 2051 Sic
2354 1998 2587 2063 longtcva
2622 1994 2759 2052 foret
2781 2039 2795 2063 ,
2828 1992 2967 2064 quod
2996 2007 3101 2047 non
3130 1994 3384 2048 damnosa
3412 2000 3675 2046 vetustas.

2236 2092 2367 2143 Dum
2392 2104 2601 2143 sacrum
2630 2089 2828 2157 populo
2861 2089 3060 2142 victum
3091 2086 3367 2142 candentia
3398 2100 3591 2139 manna

2233 2182 2478 2245 Ferrent,
2505 2190 2556 2235 et
2577 2181 2698 2236 coeli
2723 2180 2925 2250 frugem
2953 2191 3159 2237 terrena
3188 2178 3449 2234 viderent.

2232 2272 2335 2335 Per
2360 2285 2517 2340 quam
2540 2271 2780 2325 sublimis
2808 2270 3119 2338 praediceret
3145 2280 3266 2325 ante
3293 2269 3457 2337 figura

2233 2362 2511 2416 Edendum
2545 2378 2608 2415 ex
2641 2371 2791 2423 utero
2823 2376 3011 2429 purum
3046 2361 3160 2417 sine
3190 2362 3393 2417 semine
3420 2372 3632 2427 corpus.

2232 2438 2348 2520 Quo
2379 2462 2593 2523 caperet
2625 2454 2886 2519 pascendo
2916 2453 3060 2509 salus
3087 2454 3154 2510 de
3176 2453 3304 2509 sede
3342 2464 3568 2520 superna

2234 2544 2483 2598 lllabente
2514 2544 2622 2599 Deo
2650 2544 2847 2605 sanctis
2874 2545 3131 2599 altaribus
3154 2559 3326 2605 escas.

2233 2634 2345 2688 Hoc
2372 2636 2521 2703 signo
2548 2650 2788 2691 summus
2817 2650 3064 2703 percussa
3096 2650 3227 2703 rupe
3255 2635 3505 2695 sacerdos

2235 2725 2460 2779 Protulit
2488 2729 2714 2795 irriguos
2742 2728 2949 2796 populis
2976 2727 3277 2787 sitientibus
3304 2727 3537 2783 haustus.

2232 2816 2500 2885 Christum
2541 2832 2768 2888 namque
2800 2819 2946 2879 vides
2974 2820 3215 2877 stabilem
3250 2820 3547 2874 consistere
3575 2826 3808 2886 petum.

2235 2910 2523 2979 Percussus
2550 2910 2729 2978 iaculo
2760 2910 2935 2978 largas
2961 2910 3048 2979 qui
3079 2910 3302 2978 praebuit
3333 2909 3524 2969 nudati.

2234 2999 2582 3068 Porrexitque
2606 3001 2715 3054 suis
2746 3014 2901 3057 sacro
2928 2999 2994 3063 de
3019 3001 3241 3061 vulnere
3273 3008 3473 3067 potum.

2304 3090 2513 3144 Hebraei
2547 3091 2745 3147 interea
2776 3089 2884 3144 laeti
2916 3091 3145 3151 ducente
3170 3089 3419 3151 columna

2155 3150 2201 3231 .C
2234 3181 2336 3235 Per
2364 3190 2531 3251 terras
2554 3196 2762 3250 gressu,
2790 3182 2884 3249 per
2909 3150 3101 3245 coelum
3136 3150 3333 3243 visibus
3354 3150 3525 3239 ibant.

2234 3272 2375 3326 Ecce
2402 3273 2593 3326 iterum
2621 3272 2824 3326 Phariis
2855 3274 3047 3337 insedit
3075 3272 3341 3333 mentibus
3370 3273 3467 3334 ira,

2236 3366 2299 3418 Et
2327 3366 2551 3433 populus
2576 3367 2693 3421 sine
2722 3381 2869 3433 more
2902 3367 3048 3429 ferox
3081 3368 3163 3420 his
3196 3366 3418 3423 vocibus
3446 3374 3641 3429 armat,

2233 3455 2467 3511 Tandem
2493 3466 2789 3526 postremos
2812 3459 2983 3529 vicina
3013 3469 3182 3521 morte
3212 3458 3449 3519 furores:

2233 3548 2277 3601 O
2304 3548 2521 3615 nimium
2549 3550 2727 3603 smltis
2756 3550 2981 3605 illudens
3012 3551 3278 3613 tuentibus
3303 3564 3473 3613 ornos,

2233 3642 2628 3712 Priestigiaeque
2657 3641 2787 3699 salis
2815 3644 3067 3705 nebulosa
3098 3645 3151 3705 in
3184 3644 3369 3703 fraude
3399 3652 3650 3710 peracta».
3676 3680 3719 3711 τ

2230 3732 2418 3786 Nonne
2448 3733 2609 3800 pudet
2640 3733 2885 3788 famulam
2920 3734 3067 3791 nullo
3094 3736 3384 3795 certamine
3414 3742 3629 3801 gentem

2234 3822 2321 3876 Sic
2351 3820 2563 3890 impune
2593 3824 2727 3891 rapi,
2751 3824 2890 3892 quod
2926 3824 3134 3885 nemine
3161 3824 3389 3901 prazsule
3416 3833 3593 3885 tantus

2232 3911 2474 3966 Deseruit
2504 3926 2699 3969 vacuas
2727 3912 3010 3973 discedens
3041 3914 3219 3969 accola
3257 3914 3465 3969 terras?

2232 4002 2372 4057 Rura
2404 4014 2611 4071 vacant,
2639 4007 2827 4073 emptis
2853 4003 3121 4065 desistunt
3147 4003 3337 4071 oppida
3368 4001 3548 4067 muris.

2230 4094 2344 4149 Non
2376 4096 2588 4149 solitum
2616 4097 2890 4164 consurgit
2918 4110 3071 4167 opus,
3095 4110 3193 4151 nec
3216 4094 3388 4157 cultor
3415 4092 3469 4151 in
3491 4091 3633 4160 agris

2233 4188 2462 4241 Exercet
2493 4188 2692 4243 validos
2722 4188 2902 4243 attrito
2929 4188 3089 4249 dente
3120 4186 3343 4259 ligones.

2230 4278 2494 4333 Turbidus
2521 4288 2736 4333 exactor
2762 4279 2926 4345 siluit,
2959 4280 3208 4347 nulloque
3239 4278 3463 4351 tumultu

2231 4368 2456 4423 Fervida
2484 4380 2765 4425 consuetos
2796 4381 3042 4440 repetunt
3075 4371 3361 4439 suspendia
3385 4381 3597 4427 census.

2229 4460 2367 4528 Quin
2396 4462 2570 4531 potius
2594 4466 2816 4533 sumptis
2846 4466 3112 4521 exercitus
3142 4465 3311 4523 irruat
3336 4462 3517 4527 armis,

2232 4520 2612 4622 imbellemque
2641 4520 2873 4621 manum,
2903 4556 3259 4633 profugosque
3284 4520 3516 4617 reducat,
3534 4552 3800 4619 alumnos.

2231 4642 2376 4707 Quos
2405 4643 2447 4696 si
2476 4644 2685 4697 servilis
2716 4654 2917 4699 tantum
2945 4646 3281 4711 succenderit
3308 4658 3493 4711 ausus,

2231 4733 2300 4787 Ut
2331 4733 2447 4788 telis
2477 4743 2681 4788 certare
2709 4737 2892 4799 velint,
2930 4752 3055 4799 mox
3084 4736 3294 4797 occidat
3319 4734 3495 4797 omnis

2231 4822 2455 4877 Confusa
2479 4839 2595 4879 cum
2631 4825 2784 4894 plebe
2814 4810 3000 4891 manus
3031 4846 3041 4879 :
3072 4826 3395 4897 ferventibus
3420 4824 3583 4887 armis

2231 4915 2511 4971 Permixtae
2541 4906 2760 4986 pereant
2788 4920 3037 4974 COnfOsSO
3064 4931 3278 4993 pectore
3309 4929 3526 4987 matres,

2232 5006 2493 5062 Uberibus
2517 5007 2731 5075 junctos
2758 5012 3024 5079 conligant
3053 5011 3253 5083 spicula
3282 5019 3456 5079 natos.

2233 5095 2443 5151 Prolem
2467 5099 2689 5166 quisque
2717 5115 2867 5163 suam
2900 5114 3121 5177 cernetis
3151 5109 3279 5157 ante
3301 5114 3395 5155 ora
3424 5098 3729 5175 cadentem,

2231 5187 2434 5265 Oblatis
2463 5197 2609 5257 optet
2629 5188 2823 5259 jugulis
2852 5204 3162 5265 succurrere
3194 5198 3443 5261 mortem.

2232 5262 2484 5332 Orbatum
2514 5291 2723 5333 nostros
2750 5279 2907 5334 faciat
2933 5262 3099 5351 libare
3125 5281 3339 5357 dolores

2233 5370 2427 5426 Ultima
2454 5387 2571 5427 sors
2596 5370 2844 5440 populum
2872 5387 2885 5427 :
2916 5375 2992 5451 sic
3029 5375 3210 5445 vivens
3241 5374 3417 5455 omnia
3447 5372 3660 5449 perdat,

2230 5463 2363 5518 Tum
2398 5474 2610 5543 pereat;
2644 5467 2805 5520 densa
2833 5467 3004 5535 campi
3032 5456 3129 5531 sub
3152 5475 3329 5547 strage

2230 5552 2753 5607 Tristi'eommittant
2785 5555 3053 5619 inhumata
3085 5556 3343 5627 cadavera
3374 5556 3528 5629 cudo.

2231 5641 2356 5696 Inde
2381 5643 2466 5698 ubi
2491 5644 2596 5711 jam
2626 5654 2763 5699 totos
2792 5632 3064 5725 satiaterit
3095 5662 3221 5701 ense
3246 5647 3473 5715 furores,

2232 5733 2532 5789 Thesauros
2558 5749 2773 5792 revocet
2811 5738 3071 5798 fugientes
3101 5739 3321 5794 dextera
3344 5741 3551 5795 victrix.
