4124 6350
262 384 363 441 565
1114 432 1121 443 ,
1539 375 1917 434 POEMATUM
1955 376 2160 433 LIBER
2198 377 2263 434 ν.
2900 370 2903 371 ί
3418 394 3519 450 556

328 500 545 556 Talibus
566 501 769 555 excitas
792 500 1053 556 acuebant
1074 478 1286 555 ilatibus
1318 498 1447 565 iras,

264 594 518 649 lrridente
550 594 680 660 Deo,
715 594 861 647 solus
887 592 975 661 qui
1013 590 1236 661 despicit
1267 604 1479 644 omnem

265 687 519 741 Conatum
556 686 725 755 rigido
756 684 1100 739 meditantem
1129 698 1260 735 vana
1292 682 1501 745 timore,

264 778 658 847 Consiliumque
690 778 881 831 ducum
913 784 1121 830 cassato
1150 774 1373 843 dissipat
1400 781 1544 827 actu.

266 870 403 938 Ergo
428 870 562 924 bella
595 877 804 937 rogant,
840 867 1057 921 fervens
1088 867 1227 935 rapit
1256 880 1402 919 arma
1431 866 1701 935 juventus,

265 965 584 1034 Spumantes
614 961 877 1014 ducuntur
906 960 1050 1030 equi,
1086 957 1426 1027 pbalerisque
1460 965 1703 1025 potentes

265 1054 605 1123 Suspendant
630 1052 836 1105 alacres
866 1050 1202 1120 splendentia
1232 1049 1379 1103 frena
1406 1049 1630 1117 jugales.

270 1146 479 1212 Pugnax
514 1157 703 1212 pompa
732 1144 883 1207 nitet,
918 1142 1188 1211 subjectos
1216 1138 1460 1193 curribus
1486 1154 1612 1194 axes

272 1244 468 1290 Aurata
502 1235 993 1296 temonetrabunt;
1024 1244 1137 1287 tum
1170 1243 1359 1287 Cretera
1402 1232 1566 1301 pubes

268 1328 506 1384 Induitur
527 1327 736 1396 Calybe,
762 1336 853 1379 aut
873 1325 1015 1379 fulvo
1042 1325 1405 1380 circumdatur
1432 1340 1557 1381 tere.

269 1421 327 1470 lli
364 1422 644 1471 loricarum
678 1426 827 1471 vasto
858 1418 957 1471 sub
985 1417 1213 1485 tegmine
1243 1418 1495 1487 gaudent,

268 1509 459 1563 lutexit
482 1509 672 1563 creber
700 1508 916 1563 sibimet
944 1524 1075 1577 quas
1103 1510 1338 1563 circulus
1368 1509 1598 1573 btereus,

274 1603 449 1668 Atque
486 1601 721 1653 catenosi
751 1599 1013 1666 crepitant
1040 1613 1133 1668 per
1159 1613 1385 1669 corpora
1418 1600 1598 1669 panni.

268 1694 368 1744 Ast
396 1692 513 1744 aliis
542 1692 685 1743 tenui
709 1704 1037 1744 concurrens
1069 1689 1275 1744 lumina
1296 1689 1463 1755 ferro,

233 1782 381 1848 -Qua
414 1798 471 1835 se
502 1782 783 1835 succiduas
808 1780 1031 1849 junetim
1063 1780 1355 1833 scandente
1387 1795 1480 1847 per
1506 1794 1643 1833 oras‘

271 1874 555 1939 Flectitur,
586 1873 756 1927 assuti
785 1882 959 1927 crates
990 1864 1262 1941 compacta
1293 1871 1493 1925 metalli

272 1966 569 2020 llorrentes
597 1964 811 2019 habitus
837 1963 1049 2018 diversa
1082 1963 1276 2019 fecerat
1306 1973 1438 2018 arte.

273 2060 347 2113 Et
377 2070 551 2114 tamen
576 2058 859 2112 ardentum
888 2064 1076 2110 cuncta
1111 2057 1253 2110 inter
1280 2056 1381 2109 tela
1410 2056 1648 2109 virorum

266 2149 553 2204 Terribilis
586 2149 703 2216 plus
734 2146 897 2201 forma
932 2146 1026 2199 fuit
1054 2164 1068 2199 :
1100 2147 1218 2214 quis
1248 2156 1479 2213 namque
1510 2145 1743 2200 furentes

266 2246 517 2313 Spectet,
548 2254 682 2310 quos
715 2242 866 2295 ltetos
899 2239 987 2293 vix
1018 2239 1182 2309 possit
1220 2253 1441 2292 cernere
1470 2238 1680 2291 vultus?

265 2336 499 2391 lnclusae
522 2331 688 2403 galeis
712 2331 896 2395 facies,
922 2340 978 2384 et
1000 2330 1174 2384 ferrea
1196 2330 1364 2383 vestis

264 2427 528 2482 Cinxerat
550 2426 714 2477 iratas
742 2436 1014 2477 armorum
1048 2423 1165 2476 luce
1196 2419 1465 2474 tenebras.

274 2517 627 2586 Progreditur
650 2515 873 2569 collecta
910 2528 1131 2577 manus;
1164 2529 1256 2567 rex
1288 2514 1401 2584 ipse
1433 2513 1717 2566 frementes

266 2610 448 2665 Curru
479 2606 620 2677 cogit
658 2621 856 2675 equos;
901 2605 1023 2659 telis
1054 2615 1231 2659 tamen
1273 2602 1503 2673 undique
1532 2614 1713 2673 septus

268 2700 522 2765 Delituit,
549 2698 774 2751 densam
805 2697 1035 2750 reddunt
1067 2695 1276 2749 hastilia
1306 2694 1521 2749 silvam.

268 2793 591 2846 Concutitur
622 2787 828 2856 pulsata
865 2787 997 2840 rotis
1027 2795 1081 2841 et
1113 2785 1346 2854 pondere
1378 2786 1556 2847 tellus,

274 2883 604 2951 Angustavit
632 2881 847 2932 lmmum
877 2880 1037 2933 latam
1066 2882 1258 2949 stipata
1282 2882 1551 2949 juventus,

274 2971 667 3040 Conclusitque
697 2972 807 3023 vias
826 2970 1127 3043 ;quidquid
1158 2971 1372 3025 virtutis
1398 2972 1594 3026 habere

276 3067 551 3136 Egyptns
585 3065 773 3133 potuit,
810 3073 975 3116 totum
1012 3079 1158 3117 mors
1189 3064 1426 3132 proxima
1459 3063 1624 3117 ducit.

354 3158 616 3213 Jenxerat
648 3159 871 3220 interea,
912 3163 1075 3224 ponto
1102 3172 1203 3224 qua
1236 3157 1510 3224 Magdalus
1541 3157 1720 3221 instat,

276 3252 545 3307 Hebraeus
570 3252 795 3320 populus
828 3249 1064 3303 rubranti
1088 3258 1260 3302 castra
1294 3247 1576 3317 profundo,

276 3343 494 3398 Evasos
525 3344 753 3397 credens
776 3342 978 3395 securis
1010 3340 1276 3395 mentibus
1307 3344 1507 3393 hostes.

276 3433 419 3487 Dum
451 3431 707 3494 resident,
743 3432 952 3500 fixaque
982 3441 1169 3500 parant
1195 3433 1534 3500 requiescere
1561 3431 1719 3497 vallo,

274 3522 527 3577 Cernunt
552 3521 832 3591 pulvereas
857 3522 907 3575 in
937 3524 1128 3576 coelum
1158 3536 1379 3591 surgere
1409 3523 1599 3575 nubes.

275 3618 562 3672 Cunctatis
589 3617 817 3684 primum
846 3631 969 3670 mox
993 3619 1199 3687 agmina
1230 3632 1365 3671 sreva
1392 3624 1689 3686 patescunt,

275 3710 403 3764 Non
431 3720 608 3763 tamen
642 3709 877 3763 infensas
904 3710 1101 3777 patitur
1129 3710 1463 3765 committere
1493 3721 1669 3780 partes

277 3801 418 3857 Sole
448 3802 548 3855 sub
570 3801 795 3855 occiduo
820 3801 1022 3856 vicinus
1048 3802 1224 3879 praelia
1256 3818 1465 3872 vesper.

280 3892 509 3947 Distulit
541 3894 589 3945 in
616 3891 787 3947 lucem
814 3894 1039 3947 vallatus
1071 3894 1211 3948 bella
1242 3904 1518 3964 tyrannus,

281 3986 355 4039 Et
387 3985 500 4040 fors
536 3985 783 4040 ardentes
818 3986 1050 4040 nondum
1083 3996 1451 4055 compesceret
1482 3985 1608 4051 iras,

276 4074 403 4131 Nec
425 4088 644 4130 servare
668 4074 815 4129 furor
847 4076 1105 4144 potuisset
1136 4075 1335 4130 fredera
1368 4076 1530 4137 nocti,

278 4168 667 4237 Auroramque
689 4167 819 4221 velit
840 4168 996 4221 motis
1030 4167 1333 4237 praecedere
1359 4168 1544 4236 signis,

283 4260 574 4315 Flammea
602 4260 654 4313 ni
681 4267 827 4313 retro
852 4259 1151 4313 subsistens
1185 4258 1318 4313 forte
1342 4259 1588 4311 columna

278 4347 521 4419 Objectu
554 4348 731 4403 medio
753 4359 937 4418 gentes
958 4347 1286 4403 discerneret
1306 4350 1512 4402 ambas.

277 4440 679 4507 Contemplans
702 4455 792 4493 rex
818 4441 929 4508 ipse
952 4447 1127 4494 tamen
1162 4440 1402 4495 mirabile
1434 4441 1631 4508 lumen,

278 4531 380 4587 Sic
408 4532 584 4600 ignem
611 4530 818 4595 metuit,
853 4528 994 4598 quod
1022 4544 1180 4584 sensu
1214 4529 1448 4584 fervidus
1475 4531 1643 4585 ardet.

278 4624 666 4691 Paulatimque
693 4623 825 4675 mori
852 4637 954 4675 non
986 4621 1179 4688 profuit
1204 4638 1217 4674 :
1249 4621 1353 4675 itur
1382 4623 1446 4675 ad
1476 4638 1632 4676 unam

275 4715 428 4779 Quae
457 4712 671 4767 claudat
701 4722 921 4767 cunctos
952 4710 1136 4781 pelago
1163 4713 1428 4782 pandente
1464 4714 1691 4769 ruinam.

362 4806 532 4859 Plebs
564 4806 793 4874 trepidat
820 4804 1069 4858 conclusa
1095 4803 1235 4873 loco,
1266 4805 1528 4874 finemque
1558 4814 1801 4875 sequenti

275 4898 591 4963 EXSpectat
620 4896 897 4964 pavefacta
926 4895 1033 4961 die,
1064 4910 1174 4949 non
1205 4896 1328 4957 tela.
1366 4912 1466 4951 nec
1492 4898 1623 4952 ullas

276 4988 571 5041 Bellorum
604 4986 787 5039 molita
818 4987 979 5050 vices,
1013 4986 1105 5041 sed
1136 5001 1265 5042 voce
1289 4985 1459 5042 levata

276 5079 528 5131 Vatibus
559 5078 816 5130 insistens
845 5093 861 5131 :
890 5079 934 5131 0
956 5085 1143 5146 terque
1163 5088 1456 5147 quaterque
1483 5079 1651 5133 beati!

272 5169 564 5239 Aigyptus
589 5184 724 5237 quos
748 5178 918 5222 morte
946 5167 1085 5233 tulit,
1121 5168 1308 5222 tellure
1338 5168 1424 5222 vel
1446 5170 1620 5237 ampla

274 5262 506 5317 llr-nam
539 5260 803 5313 defunctis
834 5273 1079 5327 suprema
1106 5268 1249 5312 sorte
1280 5259 1521 5327 paravit!

272 5351 460 5419 Digni
491 5351 580 5419 qui
614 5357 788 5403 tantos
813 5358 1081 5419 nequeant
1110 5348 1308 5424 sentire
1336 5349 1570 5412 dolores,

267 5448 406 5502 Nec
442 5452 673 5510 stragem
704 5442 890 5510 prolis,
924 5442 1007 5495 vel
1036 5442 1253 5511 pignora
1282 5448 1432 5513 capta
1454 5440 1654 5495 videre.

267 5534 535 5593 Alitibus
571 5550 667 5587 nos
696 5549 819 5589 esca
846 5534 975 5598 dati,
1002 5548 1102 5589 nec
1125 5534 1251 5588 sede
1276 5535 1504 5603 sepulcri

265 5625 532 5685 Condita
563 5625 777 5679 deserto
801 5626 1076 5679 solventur
1103 5640 1327 5694 corpora
1356 5634 1525 5680 vasto.

262 5718 454 5775 Talia
483 5729 613 5771 voce
637 5715 766 5780 viri;
804 5715 1077 5785 respondit
1104 5716 1337 5771 luctibus
1363 5730 1522 5772 omne

264 5809 527 5878 Vulgus,
550 5815 605 5861 et
626 5820 850 5861 accenso
874 5806 1130 5875 persultat
1161 5807 1313 5863 turba
1334 5807 1580 5865 tumultu.

1864 478 1921 553 λ
2018 493 2150 548 Tum
2173 478 2343 563 sancti
2373 508 2588 565 coepere
2610 497 2775 555 duces
2805 504 3063 570 promissa
3087 505 3307 571 referre,

1951 585 2233 654 Solarlque
2259 594 2486 651 metum,
2520 588 2780 659 fletusque
2804 594 3107 665 abstergere
3135 596 3307 651 dictis.

1950 675 2271 743 Quaesumus
2300 676 2535 745 ingratos
2565 679 2815 748 deponite
2847 696 3023 739 mente
3056 686 3292 753 timores,

1952 766 2172 836 Experti
2202 767 2430 820 multum
2454 783 2553 822 nec
2582 771 2913 839 desperanda
2944 779 3138 843 putetis

1950 860 2078 927 Quae
2119 861 2281 915 tantis
2307 860 2574 929 spondent
2603 864 2841 918 caelestia
2871 883 3090 922 munera
3119 871 3301 939 signis.

1953 953 2202 1008 lnfidlsne
2230 962 2404 1022 potest
2430 955 2566 1009 elabi
2595 958 2848 1013 cordibus
2872 976 3103 1030 unquam

1952 1044 2209 1115 Egyptus
2234 1054 2308 1097 tot
2337 1059 2473 1099 czrsa
2504 1047 2679 1111 malis,
2713 1049 2955 1121 interque
2978 1052 3184 1123 flagella

1951 1139 2318 1194 Succumbens
2337 1156 2453 1209 qua:
2481 1142 2647 1196 sensit
2670 1142 2886 1210 lmmus,
2909 1161 3024 1211 vos,
3044 1160 3338 1219 cmctrque
3363 1165 3528 1213 vestra

1956 1232 2169 1288 Afflicto
2202 1249 2366 1304 regno
2396 1236 2569 1290 salvos
2600 1237 2799 1292 vixisse
2828 1239 2927 1292 snb
2962 1238 3154 1295 hoste?

1954 1323 2090 1390 Quid
2120 1324 2187 1378 de
2212 1326 2492 1379 transactis
2520 1327 2765 1381 dicatur?
2794 1328 2992 1399 Nempe
3018 1331 3211 1385 videtis

1960 1414 2025 1469 Ut
2056 1416 2383 1470 mediatricis
2408 1427 2557 1471 curet
2589 1419 2746 1472 tutela
2780 1421 3066 1487 columnze,

1958 1507 2034 1560 Ne
2059 1506 2181 1573 quid
2211 1508 2275 1559 ab
2298 1508 2523 1562 adversa
2548 1509 2707 1562 liceat
2728 1526 2824 1563 nos
2860 1511 3040 1565 fraude
3062 1512 3253 1567 vereri.

1958 1597 2098 1662 Quin
2131 1599 2298 1666 magis
2332 1608 2539 1652 erectas
2565 1600 2713 1652 firma
2746 1616 2840 1669 spe
2873 1600 3038 1654 tollite
3067 1612 3291 1658 mentes.

1964 1687 2157 1741 Ultima
2184 1703 2415 1755 namque
2438 1687 2550 1741 dies
2578 1681 2752 1743 tle'flxa
2785 1702 2867 1743 est
2897 1693 3129 1745 crastina
3159 1695 3321 1763 genti,

1965 1780 2094 1845 Qua:
2124 1795 2263 1832 nunc
2290 1780 2425 1835 bella
2452 1796 2681 1851 crepans
2713 1784 2942 1851 sumptis
2972 1785 3191 1836 Clllllitiil
3223 1786 3271 1837 in
3303 1784 3488 1851 armis,

1892 1858 1941 1920 Β
1970 1872 2081 1927 Non
2105 1872 2181 1926 sic
2212 1888 2383 1943 pugna
2410 1872 2564 1938 feret,
2593 1890 2689 1927 nec
2715 1877 2835 1929 telis
2866 1876 2966 1928 tcla
3006 1873 3190 1929 feretis

1965 1964 2154 2030 Obvia,
2184 1979 2283 2018 nec
2316 1975 2490 2019 vestro
2518 1965 2667 2020 vobis
2698 1967 2893 2020 sudore
2929 1968 3230 2036 triumphus

1967 2056 2076 2110 llac
2108 2057 2223 2110 vice
2247 2059 2564 2124 proveniet;
2598 2058 2722 2112 caali
2751 2059 3068 2128 pugnabitur
3091 2060 3190 2124 ira,

1963 2151 2077 2214 Qua
2109 2150 2258 2201 vobis
2281 2150 2490 2217 placido
2521 2161 2843 2221 peragentur
2866 2154 3045 2221 praelia
3080 2163 3232 2206 nutu.

2036 2241 2252 2295 Talibus
2282 2242 2471 2296 intenti
2502 2253 2652 2297 vates
2684 2241 2893 2312 dcjerta
2922 2244 3172 2299 levabant

1967 2333 2138 2388 Corda
2171 2333 2360 2400 virum,
2388 2343 2577 2388 sancta
2608 2336 2856 2390 sedantes
2880 2352 3010 2391 voce
3041 2339 3306 2393 timorem.

1965 2430 2035 2480 At
2060 2434 2275 2494 pontum
2310 2427 2518 2480 validus
2549 2426 2776 2481 ferventi
2810 2429 3023 2483 flamine
3046 2440 3235 2484 ventus

1967 2515 2188 2582 Urebat,
2216 2524 2322 2569 tota
2352 2532 2675 2570 consumens
2706 2530 2861 2571 nocte
2895 2520 3241 2589 profundum,

1966 2604 2162 2660 Contra
2189 2616 2435 2660 naturam
2468 2608 2691 2661 Genitor
2716 2608 2839 2661 dum
2869 2610 3110 2663 fulminat
3143 2613 3332 2679 undas,

1967 2697 2135 2752 Ardet
2174 2709 2227 2751 et
2260 2696 2472 2751 afﬂatus
2505 2713 2761 2767 percusso
2792 2700 2843 2753 in
2870 2703 3079 2769 gurgite
3108 2702 3319 2757 ﬂuctus.

1968 2788 2081 2843 Jam
2112 2790 2427 2843 matutinum
2455 2801 2777 2861 pervenerat
2809 2791 3025 2847 horrida
3058 2804 3267 2865 tempus

1970 2879 2067 2933 Vix
2098 2882 2259 2945 acies,
2287 2880 2595 2951 primosque
2629 2883 2806 2936 nitens
2836 2900 3027 2938 aurora
3061 2888 3288 2942 rubores

1968 2970 2261 3040 Spargebat
2297 2973 2518 3039 mundo,
2546 2974 2696 3027 tetris
2726 2975 2849 3029 dum
2879 2978 3122 3046 protinus
3154 2996 3341 3035 otnncs

1969 3064 2267 3133 Erumpunt
2299 3067 2519 3130 castris,
2570 3064 2748 3120 fremit
2777 3068 3010 3139 undique
3037 3082 3179 3123 muta
3209 3074 3479 3140 juventus.

1969 3158 2038 3210 At
2069 3157 2269 3224 pavida:
2303 3158 2467 3225 plebis
2496 3168 2771 3227 postquam
2802 3163 3043 3229 pervenit
3066 3166 3131 3217 ad
3160 3182 3340 3232 aures,

1890 3225 1939 3287 ε
1971 3246 2384 3315 Clangentisque
2409 3225 2548 3301 tubas
2579 3225 2840 3316 percussit
2869 3242 3083 3318 pectora
3116 3264 3305 3319 terror,

1972 3337 2247 3405 Arripiunt
2272 3346 2605 3409 carpuntque
2630 3341 2790 3407 viam,
2820 3357 2921 3410 qua
2953 3344 3193 3411 proxima
3229 3350 3373 3414 ponti

1973 3429 2175 3482 Littera
2199 3428 2484 3483 sollicitant
2509 3431 2670 3484 rubro
2700 3430 2948 3501 insignita
2972 3433 3197 3502 liquore.

2046 3520 2111 3574 Ut
2140 3534 2379 3573 summas
2411 3520 2580 3592 pelagi
2608 3521 2835 3590 populus
2868 3524 3113 3592 pervenit
3135 3524 3201 3577 ad
3230 3539 3375 3591 oras,

1972 3611 2150 3665 Cessit
2174 3612 2456 3666 confestim
2482 3613 2624 3667 ducti
2656 3616 2957 3669 reverentia
2986 3614 3197 3685 fluctus,

1974 3702 2341 3771 Expanditque
2369 3705 2526 3768 viam,
2560 3705 2643 3757 cui
2679 3713 2876 3759 terram
2908 3706 3177 3761 clauserat
3221 3710 3409 3771 hostis.

1975 3794 2241 3861 Machina,
2286 3795 2540 3865 pendenti
2569 3797 2764 3851 struxit
2791 3814 2950 3868 quam
2977 3813 3135 3854 scena
3171 3784 3415 3875 liquoris,

1974 3886 2233 3943 Frenatas
2261 3888 2405 3943 celso
2439 3889 2796 3958 suspenderat
2826 3904 2951 3947 aere
2980 3891 3245 3964 lymphas.

1928 4004 1929 4007 η
1978 3979 2297 4047 Aggreditur
2321 3981 2552 4035 medium
2579 3982 2804 4052 fugiens,
2841 3985 3168 4056 vincensque
3201 3996 3486 4057 sequentes

1977 4071 2121 4127 Gens
2143 4072 2314 4126 electa
2340 4073 2453 4137 Dei,
2492 4076 2658 4144 figens
2688 4075 2909 4144 vestigia
2938 4078 3098 4131 terris

1977 4164 2033 4217 In
2058 4164 2273 4232 regione
2302 4166 2485 4225 maris.
2515 4167 2789 4219 calcantur
2812 4182 2938 4219 saxa
2970 4168 3242 4237 profundi,

1976 4254 2214 4309 Conterit
2244 4261 2298 4308 ct
2320 4254 2515 4307 nudum
2546 4269 2865 4322 percurrens
2889 4256 3061 4310 orbita
3089 4258 3294 4313 limum.

1976 4347 2236 4403 Torridus
2259 4356 2533 4416 aspectum
2566 4347 2749 4419 scissis
2776 4347 2853 4400 sol
2887 4347 3079 4401 inserit
3105 4350 3277 4415 undis,

1977 4439 2321 4508 Ignotamque
2345 4453 2482 4491 novo
2510 4439 2729 4507 contigit
2756 4438 2957 4491 lumine
2982 4448 3204 4505 terram;

1978 4530 2209 4599 Longior
2237 4539 2290 4584 et
2313 4529 2491 4583 radius
2521 4528 2747 4597 spatium
2780 4528 3103 4583 descendere
3138 4540 3341 4585 tantum

1902 4590 1956 4654 .
1979 4621 2236 4686 Certavit,
2267 4620 2573 4689 fessumque
2598 4619 2747 4686 iubar
2772 4618 2859 4673 vix
2892 4619 3070 4675 intulit
3100 4622 3237 4676 imis.

2050 4711 2296 4768 Credidit
2324 4712 2567 4765 exclusos
2600 4710 2854 4797 primum‘
2888 4709 3159 4780 fluctuque
3188 4713 3432 4781 repulsos
3486 4718 3491 4721 “
3526 4716 3533 4717 ⁷

1982 4806 2147 4875 Inque
2176 4805 2354 4875 fugam
2384 4818 2573 4858 versos
2599 4794 2985 4858 Pltarius'dare
3017 4814 3159 4876 terga
3193 4794 3473 4877 tyrannus.

1983 4896 2324 4965 Praecipitare
2356 4908 2533 4948 moras
2562 4893 2649 4948 tali
2668 4893 2819 4961 jubet
2849 4894 3056 4962 agmina
3081 4897 3243 4951 verbo
3271 4913 3284 4952 :

1988 4990 2124 5042 Ecce
2146 4988 2337 5042 iterum
2373 4985 2597 5054 fugitiva
2626 4985 2821 5057 cohors
2855 4986 3137 5051 pendentia
3168 4987 3305 5042 bella

1985 5060 2215 5144 Deserit,
2263 5076 2564 5143 auxilioque
2602 5074 2793 5144 pedum
2820 5072 3018 5130 confisa
3050 5080 3276 5140 recedit;

1944 5153 1959 5167 ’
1987 5169 2113 5234 Vos,
2141 5166 2303 5221 armis
2337 5167 2583 5235 premite,
2607 5174 2660 5220 et
2680 5165 2876 5221 clausis
2909 5166 3135 5220 insistite
3166 5176 3395 5233 tantum;

1986 5260 2192 5315 Caetera
2226 5266 2415 5328 pontus
2445 5267 2584 5326 aget.
2618 5256 2713 5310 Vix
2742 5258 2855 5311 haec
2882 5258 3204 5327 perdi‘xerat,
3240 5256 3314 5311 illi

1988 5351 2300 5413 Prosiliunt,
2333 5363 2603 5416 cursuque
2627 5358 2788 5402 ruunt
2819 5342 3074 5418 attingere
3110 5349 3275 5401 littus.

1989 5442 2058 5499 Ut
2088 5455 2305 5515 venere,
2339 5440 2519 5515 vident
2548 5439 2749 5517 arentis
2784 5455 2928 5492 vas:a
2956 5437 3213 5507 itrorundi

1986 5532 2260 5589 lnsolitam
2286 5524 2526 5602 prmbere
2560 5532 2723 5595 viam,
2753 5544 3024 5599 pansoque
3047 5543 3261 5583 recessu

1983 5626 2094 5682 Ceu
2120 5625 2352 5695 trepidas
2381 5624 2577 5693 fugisse
2604 5624 2706 5692 piis
2737 5621 3061 5675 calcantibus
3086 5622 3272 5677 undas.

1906 5751 1917 5761 -
1987 5720 2093 5774 llos
2118 5733 2325 5788 quoque
2348 5733 2447 5787 per
2471 5717 2667 5769 siccum
2703 5720 2842 5765 tutos
2872 5712 3200 5767 descendere
3232 5716 3418 5771 callem

1983 5810 2211 5866 Securos
2240 5808 2427 5874 pelagi,
2460 5814 2617 5871 atque
2643 5802 2720 5856 sui
2748 5818 2760 5865 ;
2796 5814 2903 5856 non
2934 5816 3099 5865 arma,
3147 5820 3242 5860 nec
3277 5807 3455 5867 ipsum
