  <div class='ocr_page' id='page_1' title='image "/cluster/home/n/w/nwhite01/storage/ocr_20150623/59/hvd.32044015471626/189.png"; bbox 0 0 4124 6350; ppageno 0'>
   <div class='ocr_carea' id='block_1_1' title="bbox 620 327 3888 413">
    <p class='ocr_par' dir='ltr' id='par_1_1' title="bbox 620 327 3888 413">
     <span class='ocr_line' id='line_1_1' title="bbox 620 327 3888 413; baseline -0.001 -4"><span class='ocrx_word' id='word_1_1' title='bbox 620 355 725 410; x_wconf 75' lang='lat' dir='ltr'><strong>ser</strong></span> <span class='ocrx_word' id='word_1_2' title='bbox 1605 327 1620 338; x_wconf 88' lang='grc'><em>’</em></span> <span class='ocrx_word' id='word_1_3' title='bbox 1904 354 1962 409; x_wconf 90' lang='lat' dir='ltr'><strong>s.</strong></span> <span class='ocrx_word' id='word_1_4' title='bbox 2003 352 2185 409; x_wconf 79' lang='lat' dir='ltr'><strong>AVITI</strong></span> <span class='ocrx_word' id='word_1_5' title='bbox 2229 353 2627 413; x_wconf 70' lang='lat' dir='ltr'><strong>vrumuessrs</strong></span> <span class='ocrx_word' id='word_1_6' title='bbox 3778 348 3888 407; x_wconf 74' lang='lat'><strong>568</strong></span> 
     </span>
    </p>
   </div>
   <div class='ocr_carea' id='block_1_2' title="bbox 621 467 3764 552">
    <p class='ocr_par' dir='ltr' id='par_1_2' title="bbox 621 467 3764 552">
     <span class='ocr_line' id='line_1_2' title="bbox 621 467 3764 552; baseline 0.001 -24"><span class='ocrx_word' id='word_1_7' title='bbox 621 471 939 528; x_wconf 83' lang='lat' dir='ltr'><strong>Formidare</strong></span> <span class='ocrx_word' id='word_1_8' title='bbox 961 472 1090 526; x_wconf 78' lang='lat' dir='ltr'><strong>satis</strong></span> <span class='ocrx_word' id='word_1_9' title='bbox 1120 470 1403 539; x_wconf 88' lang='lat' dir='ltr'><strong>patientem</strong></span> <span class='ocrx_word' id='word_1_10' title='bbox 1430 467 1641 522; x_wconf 90' lang='lat' dir='ltr'><strong>vincula</strong></span> <span class='ocrx_word' id='word_1_11' title='bbox 1664 477 1915 537; x_wconf 84' lang='lat' dir='ltr'><strong>pontum.</strong></span> <span class='ocrx_word' id='word_1_12' title='bbox 2219 471 2271 533; x_wconf 76' lang='grc' dir='ltr'><strong>Α</strong></span> <span class='ocrx_word' id='word_1_13' title='bbox 2297 470 2643 542; x_wconf 87' lang='lat' dir='ltr'><strong>Occurritque</strong></span> <span class='ocrx_word' id='word_1_14' title='bbox 2670 488 2897 545; x_wconf 88' lang='lat' dir='ltr'><strong>sequens</strong></span> <span class='ocrx_word' id='word_1_15' title='bbox 2923 492 2935 541; x_wconf 92' lang='lat'><strong>;</strong></span> <span class='ocrx_word' id='word_1_16' title='bbox 2968 479 3104 544; x_wconf 78' lang='lat' dir='ltr'><strong>perit</strong></span> <span class='ocrx_word' id='word_1_17' title='bbox 3128 479 3360 546; x_wconf 83' lang='lat' dir='ltr'><strong>undique</strong></span> <span class='ocrx_word' id='word_1_18' title='bbox 3389 480 3764 552; x_wconf 82' lang='lat' dir='ltr'><strong>circumjectus</strong></span> 
     </span>
    </p>
   </div>
   <div class='ocr_carea' id='block_1_3' title="bbox 622 559 3531 634">
    <p class='ocr_par' dir='ltr' id='par_1_3' title="bbox 622 559 3531 634">
     <span class='ocr_line' id='line_1_3' title="bbox 622 559 3531 634; baseline 0.001 -13"><span class='ocrx_word' id='word_1_19' title='bbox 622 562 881 621; x_wconf 72' lang='lat' dir='ltr'><strong>Substitit</strong></span> <span class='ocrx_word' id='word_1_20' title='bbox 902 562 968 617; x_wconf 91' lang='lat' dir='ltr'><strong>ad</strong></span> <span class='ocrx_word' id='word_1_21' title='bbox 998 561 1265 615; x_wconf 91' lang='lat' dir='ltr'><strong>modicum</strong></span> <span class='ocrx_word' id='word_1_22' title='bbox 1290 560 1554 614; x_wconf 91' lang='lat' dir='ltr'><strong>restrictis</strong></span> <span class='ocrx_word' id='word_1_23' title='bbox 1583 560 1813 615; x_wconf 82' lang='lat' dir='ltr'><strong>molibus</strong></span> <span class='ocrx_word' id='word_1_24' title='bbox 1840 576 2054 630; x_wconf 80' lang='lat' dir='ltr'><strong>agmen,</strong></span> <span class='ocrx_word' id='word_1_25' title='bbox 2316 559 2657 617; x_wconf 89' lang='lat' dir='ltr'><strong>Decurrentis</strong></span> <span class='ocrx_word' id='word_1_26' title='bbox 2679 580 2829 634; x_wconf 67' lang='lat' dir='ltr'><strong>aqua:</strong></span> <span class='ocrx_word' id='word_1_27' title='bbox 2860 565 3049 622; x_wconf 79' lang='lat' dir='ltr'><strong>laxatis</strong></span> <span class='ocrx_word' id='word_1_28' title='bbox 3077 584 3259 622; x_wconf 90' lang='lat' dir='ltr'><strong>murus</strong></span> <span class='ocrx_word' id='word_1_29' title='bbox 3288 569 3531 624; x_wconf 84' lang='lat' dir='ltr'><strong>habenis.</strong></span> 
     </span>
    </p>
   </div>
   <div class='ocr_carea' id='block_1_4' title="bbox 622 650 3652 733">
    <p class='ocr_par' dir='ltr' id='par_1_4' title="bbox 622 650 3652 733">
     <span class='ocr_line' id='line_1_4' title="bbox 622 650 3652 733; baseline 0.002 -23"><span class='ocrx_word' id='word_1_30' title='bbox 622 652 906 723; x_wconf 74' lang='lat' dir='ltr'><strong>Frenaque</strong></span> <span class='ocrx_word' id='word_1_31' title='bbox 935 665 1223 721; x_wconf 88' lang='lat' dir='ltr'><strong>suspensos</strong></span> <span class='ocrx_word' id='word_1_32' title='bbox 1250 659 1539 705; x_wconf 89' lang='lat' dir='ltr'><strong>tenuerunt</strong></span> <span class='ocrx_word' id='word_1_33' title='bbox 1560 651 1715 705; x_wconf 90' lang='lat' dir='ltr'><strong>ducta</strong></span> <span class='ocrx_word' id='word_1_34' title='bbox 1737 651 1965 720; x_wconf 86' lang='lat' dir='ltr'><strong>jugalcs.</strong></span> <span class='ocrx_word' id='word_1_35' title='bbox 2314 650 2409 705; x_wconf 92' lang='lat' dir='ltr'><strong>llle</strong></span> <span class='ocrx_word' id='word_1_36' title='bbox 2440 652 2590 707; x_wconf 85' lang='lat' dir='ltr'><strong>ferus</strong></span> <span class='ocrx_word' id='word_1_37' title='bbox 2621 669 2854 726; x_wconf 85' lang='lat' dir='ltr'><strong>semper,</strong></span> <span class='ocrx_word' id='word_1_38' title='bbox 2884 658 2992 724; x_wconf 87' lang='lat' dir='ltr'><strong>jam</strong></span> <span class='ocrx_word' id='word_1_39' title='bbox 3026 660 3167 712; x_wconf 89' lang='lat' dir='ltr'><strong>mitis</strong></span> <span class='ocrx_word' id='word_1_40' title='bbox 3196 672 3369 714; x_wconf 91' lang='lat' dir='ltr'><strong>morte</strong></span> <span class='ocrx_word' id='word_1_41' title='bbox 3396 663 3496 716; x_wconf 82' lang='lat' dir='ltr'><strong>sub</strong></span> <span class='ocrx_word' id='word_1_42' title='bbox 3521 665 3652 733; x_wconf 88' lang='lat' dir='ltr'><strong>ipsa,</strong></span> 
     </span>
    </p>
   </div>
   <div class='ocr_carea' id='block_1_5' title="bbox 621 740 3457 815">
    <p class='ocr_par' dir='ltr' id='par_1_5' title="bbox 621 740 3457 815">
     <span class='ocr_line' id='line_1_5' title="bbox 621 740 3457 815; baseline 0.001 -14"><span class='ocrx_word' id='word_1_43' title='bbox 621 747 797 815; x_wconf 77' lang='lat' dir='ltr'><strong>Atque</strong></span> <span class='ocrx_word' id='word_1_44' title='bbox 817 743 1026 812; x_wconf 87' lang='lat' dir='ltr'><strong>aliquis,</strong></span> <span class='ocrx_word' id='word_1_45' title='bbox 1064 742 1149 795; x_wconf 94' lang='lat' dir='ltr'><strong>cui</strong></span> <span class='ocrx_word' id='word_1_46' title='bbox 1174 741 1255 794; x_wconf 95' lang='lat' dir='ltr'><strong>vel</strong></span> <span class='ocrx_word' id='word_1_47' title='bbox 1282 750 1495 795; x_wconf 84' lang='lat' dir='ltr'><strong>tenuem</strong></span> <span class='ocrx_word' id='word_1_48' title='bbox 1530 750 1729 794; x_wconf 90' lang='lat' dir='ltr'><strong>mutata</strong></span> <span class='ocrx_word' id='word_1_49' title='bbox 1756 741 1987 794; x_wconf 83' lang='lat' dir='ltr'><strong>calorem</strong></span> <span class='ocrx_word' id='word_1_50' title='bbox 2309 740 2426 795; x_wconf 87' lang='lat' dir='ltr'><strong>Non</strong></span> <span class='ocrx_word' id='word_1_51' title='bbox 2451 743 2563 796; x_wconf 76' lang='lat' dir='ltr'><strong>lucc</strong></span> <span class='ocrx_word' id='word_1_52' title='bbox 2586 744 2833 801; x_wconf 80' lang='lat' dir='ltr'><strong>humanis</strong></span> <span class='ocrx_word' id='word_1_53' title='bbox 2859 748 3000 802; x_wconf 83' lang='lat' dir='ltr'><strong>cedit</strong></span> <span class='ocrx_word' id='word_1_54' title='bbox 3030 748 3251 803; x_wconf 84' lang='lat' dir='ltr'><strong>victoria</strong></span> <span class='ocrx_word' id='word_1_55' title='bbox 3279 750 3457 815; x_wconf 86' lang='lat' dir='ltr'><strong>bellis,</strong></span> 
     </span>
    </p>
   </div>
   <div class='ocr_carea' id='block_1_6' title="bbox 619 832 3611 911">
    <p class='ocr_par' dir='ltr' id='par_1_6' title="bbox 619 832 3611 911">
     <span class='ocr_line' id='line_1_6' title="bbox 619 832 3611 911; baseline 0.003 -20"><span class='ocrx_word' id='word_1_56' title='bbox 619 836 771 891; x_wconf 84' lang='lat' dir='ltr'><strong>Tunc</strong></span> <span class='ocrx_word' id='word_1_57' title='bbox 801 834 1032 888; x_wconf 88' lang='lat' dir='ltr'><strong>scintilla</strong></span> <span class='ocrx_word' id='word_1_58' title='bbox 1059 833 1220 886; x_wconf 87' lang='lat' dir='ltr'><strong>dabat</strong></span> <span class='ocrx_word' id='word_1_59' title='bbox 1247 833 1420 898; x_wconf 90' lang='lat' dir='ltr'><strong>cordi,</strong></span> <span class='ocrx_word' id='word_1_60' title='bbox 1460 835 1539 887; x_wconf 91' lang='lat' dir='ltr'><strong>sic</strong></span> <span class='ocrx_word' id='word_1_61' title='bbox 1568 833 1705 887; x_wconf 90' lang='lat' dir='ltr'><strong>forte</strong></span> <span class='ocrx_word' id='word_1_62' title='bbox 1737 834 1985 887; x_wconf 88' lang='lat' dir='ltr'><strong>locutus:</strong></span> <span class='ocrx_word' id='word_1_63' title='bbox 2309 832 2704 905; x_wconf 84' lang='lat' dir='ltr'><strong>Expugnamur,</strong></span> <span class='ocrx_word' id='word_1_64' title='bbox 2738 839 2833 906; x_wconf 86' lang='lat' dir='ltr'><strong>ait,</strong></span> <span class='ocrx_word' id='word_1_65' title='bbox 2863 841 3103 911; x_wconf 61' lang='lat' dir='ltr'><strong>coeloque</strong></span> <span class='ocrx_word' id='word_1_66' title='bbox 3125 843 3419 897; x_wconf 86' lang='lat' dir='ltr'><strong>evertimur</strong></span> <span class='ocrx_word' id='word_1_67' title='bbox 3441 846 3611 901; x_wconf 80' lang='lat' dir='ltr'><strong>hoste.</strong></span> 
     </span>
    </p>
   </div>
   <div class='ocr_carea' id='block_1_7' title="bbox 616 924 3728 1006">
    <p class='ocr_par' dir='ltr' id='par_1_7' title="bbox 616 924 3728 1006">
     <span class='ocr_line' id='line_1_7' title="bbox 616 924 3728 1006; baseline 0.008 -37"><span class='ocrx_word' id='word_1_68' title='bbox 616 926 749 995; x_wconf 74' lang='lat' dir='ltr'><strong>Quis</strong></span> <span class='ocrx_word' id='word_1_69' title='bbox 774 926 917 980; x_wconf 88' lang='lat' dir='ltr'><strong>Deus</strong></span> <span class='ocrx_word' id='word_1_70' title='bbox 948 938 978 977; x_wconf 90' lang='lat' dir='ltr'><strong>a</strong></span> <span class='ocrx_word' id='word_1_71' title='bbox 1013 926 1190 994; x_wconf 88' lang='lat' dir='ltr'><strong>prisco</strong></span> <span class='ocrx_word' id='word_1_72' title='bbox 1220 924 1503 992; x_wconf 85' lang='lat' dir='ltr'><strong>detorquet</strong></span> <span class='ocrx_word' id='word_1_73' title='bbox 1533 924 1751 978; x_wconf 87' lang='lat' dir='ltr'><strong>cardine</strong></span> <span class='ocrx_word' id='word_1_74' title='bbox 1779 925 2033 978; x_wconf 87' lang='lat' dir='ltr'><strong>mundqu</strong></span> <span class='ocrx_word' id='word_1_75' title='bbox 2310 924 2493 994; x_wconf 81' lang='lat' dir='ltr'><strong>Etfuge</strong></span> <span class='ocrx_word' id='word_1_76' title='bbox 2522 930 2747 998; x_wconf 88' lang='lat' dir='ltr'><strong>quisque</strong></span> <span class='ocrx_word' id='word_1_77' title='bbox 2778 939 2948 998; x_wconf 88' lang='lat' dir='ltr'><strong>potes,</strong></span> <span class='ocrx_word' id='word_1_78' title='bbox 2988 932 3265 1001; x_wconf 90' lang='lat' dir='ltr'><strong>victusque</strong></span> <span class='ocrx_word' id='word_1_79' title='bbox 3291 935 3459 989; x_wconf 85' lang='lat' dir='ltr'><strong>evade</strong></span> <span class='ocrx_word' id='word_1_80' title='bbox 3488 938 3728 1006; x_wconf 90' lang='lat' dir='ltr'><strong>satelles,</strong></span> 
     </span>
    </p>
   </div>
   <div class='ocr_carea' id='block_1_8' title="bbox 614 1016 3541 1093">
    <p class='ocr_par' dir='ltr' id='par_1_8' title="bbox 614 1016 3541 1093">
     <span class='ocr_line' id='line_1_8' title="bbox 614 1016 3541 1093; baseline 0.002 -19"><span class='ocrx_word' id='word_1_81' title='bbox 614 1019 760 1089; x_wconf 88' lang='lat' dir='ltr'><strong>Lege</strong></span> <span class='ocrx_word' id='word_1_82' title='bbox 783 1032 943 1082; x_wconf 91' lang='lat' dir='ltr'><strong>nova,</strong></span> <span class='ocrx_word' id='word_1_83' title='bbox 974 1026 1251 1083; x_wconf 79' lang='lat' dir='ltr'><strong>mutatque</strong></span> <span class='ocrx_word' id='word_1_84' title='bbox 1280 1016 1445 1081; x_wconf 86' lang='lat' dir='ltr'><strong>vices,</strong></span> <span class='ocrx_word' id='word_1_85' title='bbox 1478 1026 1531 1070; x_wconf 88' lang='lat' dir='ltr'><strong>et</strong></span> <span class='ocrx_word' id='word_1_86' title='bbox 1561 1016 1773 1069; x_wconf 91' lang='lat' dir='ltr'><strong>condita</strong></span> <span class='ocrx_word' id='word_1_87' title='bbox 1806 1016 2023 1071; x_wconf 81' lang='lat' dir='ltr'><strong>turbat?</strong></span> <span class='ocrx_word' id='word_1_88' title='bbox 2305 1016 2416 1070; x_wconf 87' lang='lat' dir='ltr'><strong>Nec</strong></span> <span class='ocrx_word' id='word_1_89' title='bbox 2432 1018 2539 1086; x_wconf 91' lang='lat' dir='ltr'><strong>jam</strong></span> <span class='ocrx_word' id='word_1_90' title='bbox 2566 1019 2673 1073; x_wconf 90' lang='lat' dir='ltr'><strong>tela</strong></span> <span class='ocrx_word' id='word_1_91' title='bbox 2708 1020 2818 1075; x_wconf 89' lang='lat' dir='ltr'><strong>Deo</strong></span> <span class='ocrx_word' id='word_1_92' title='bbox 2849 1022 3124 1077; x_wconf 87' lang='lat' dir='ltr'><strong>conatibus</strong></span> <span class='ocrx_word' id='word_1_93' title='bbox 3152 1024 3336 1093; x_wconf 80' lang='lat' dir='ltr'><strong>ingere</strong></span> <span class='ocrx_word' id='word_1_94' title='bbox 3356 1028 3541 1082; x_wconf 88' lang='lat' dir='ltr'><strong>cassis.</strong></span> 
     </span>
    </p>
   </div>
   <div class='ocr_carea' id='block_1_9' title="bbox 618 1107 3563 1185">
    <p class='ocr_par' dir='ltr' id='par_1_9' title="bbox 618 1107 3563 1185">
     <span class='ocr_line' id='line_1_9' title="bbox 618 1107 3563 1185; baseline 0.003 -22"><span class='ocrx_word' id='word_1_95' title='bbox 618 1108 751 1163; x_wconf 82' lang='lat' dir='ltr'><strong>Nam</strong></span> <span class='ocrx_word' id='word_1_96' title='bbox 779 1108 824 1161; x_wconf 88' lang='lat' dir='ltr'><strong>si</strong></span> <span class='ocrx_word' id='word_1_97' title='bbox 856 1116 1104 1161; x_wconf 78' lang='lat' dir='ltr'><strong>servatur</strong></span> <span class='ocrx_word' id='word_1_98' title='bbox 1142 1107 1301 1161; x_wconf 87' lang='lat' dir='ltr'><strong>rebus</strong></span> <span class='ocrx_word' id='word_1_99' title='bbox 1331 1114 1516 1159; x_wconf 90' lang='lat' dir='ltr'><strong>natura</strong></span> <span class='ocrx_word' id='word_1_100' title='bbox 1546 1107 1765 1171; x_wconf 88' lang='lat' dir='ltr'><strong>creatis,</strong></span> <span class='ocrx_word' id='word_1_101' title='bbox 2200 1184 2203 1185; x_wconf 14' lang='grc' dir='ltr'><em>ν</em></span> <span class='ocrx_word' id='word_1_102' title='bbox 2305 1108 2351 1162; x_wconf 90' lang='grc'>0</span> <span class='ocrx_word' id='word_1_103' title='bbox 2376 1109 2420 1163; x_wconf 89' lang='lat' dir='ltr'><strong>si</strong></span> <span class='ocrx_word' id='word_1_104' title='bbox 2452 1123 2799 1179; x_wconf 89' lang='lat' dir='ltr'><strong>compunctas</strong></span> <span class='ocrx_word' id='word_1_105' title='bbox 2826 1113 3056 1171; x_wconf 87' lang='lat' dir='ltr'><strong>humana</strong></span> <span class='ocrx_word' id='word_1_106' title='bbox 3084 1116 3333 1184; x_wconf 86' lang='lat' dir='ltr'><strong>superbia</strong></span> <span class='ocrx_word' id='word_1_107' title='bbox 3359 1126 3563 1173; x_wconf 86' lang='lat' dir='ltr'><strong>mentes</strong></span> 
     </span>
    </p>
   </div>
   <div class='ocr_carea' id='block_1_10' title="bbox 616 1197 3779 1281">
    <p class='ocr_par' dir='ltr' id='par_1_10' title="bbox 616 1197 3779 1281">
     <span class='ocr_line' id='line_1_10' title="bbox 616 1197 3779 1281; baseline 0.004 -24"><span class='ocrx_word' id='word_1_108' title='bbox 616 1200 971 1257; x_wconf 72' lang='lat' dir='ltr'><strong>Monstriferze</strong></span> <span class='ocrx_word' id='word_1_109' title='bbox 1000 1216 1118 1267; x_wconf 72' lang='lat' dir='ltr'><strong>qua:</strong></span> <span class='ocrx_word' id='word_1_110' title='bbox 1147 1214 1306 1253; x_wconf 89' lang='lat' dir='ltr'><strong>causa</strong></span> <span class='ocrx_word' id='word_1_111' title='bbox 1332 1199 1469 1252; x_wconf 88' lang='lat' dir='ltr'><strong>viae?</strong></span> <span class='ocrx_word' id='word_1_112' title='bbox 1497 1198 1623 1267; x_wconf 91' lang='lat' dir='ltr'><strong>quid</strong></span> <span class='ocrx_word' id='word_1_113' title='bbox 1648 1197 1876 1267; x_wconf 91' lang='lat' dir='ltr'><strong>denique</strong></span> <span class='ocrx_word' id='word_1_114' title='bbox 1907 1208 2090 1263; x_wconf 89' lang='lat' dir='ltr'><strong>restat,</strong></span> <span class='ocrx_word' id='word_1_115' title='bbox 2304 1200 2443 1255; x_wconf 84' lang='lat' dir='ltr'><strong>Ante</strong></span> <span class='ocrx_word' id='word_1_116' title='bbox 2470 1202 2671 1255; x_wconf 88' lang='lat' dir='ltr'><strong>obitum</strong></span> <span class='ocrx_word' id='word_1_117' title='bbox 2705 1214 2908 1261; x_wconf 90' lang='lat' dir='ltr'><strong>mutare</strong></span> <span class='ocrx_word' id='word_1_118' title='bbox 2938 1206 3062 1261; x_wconf 91' lang='lat' dir='ltr'><strong>velit</strong></span> <span class='ocrx_word' id='word_1_119' title='bbox 3091 1209 3103 1261; x_wconf 74' lang='grc' dir='ltr'>Ξ</span> <span class='ocrx_word' id='word_1_120' title='bbox 3136 1207 3272 1275; x_wconf 93' lang='lat' dir='ltr'><strong>Quid</strong></span> <span class='ocrx_word' id='word_1_121' title='bbox 3302 1206 3531 1281; x_wconf 84' lang='lat' dir='ltr'><strong>denique</strong></span> <span class='ocrx_word' id='word_1_122' title='bbox 3557 1213 3779 1281; x_wconf 86' lang='lat' dir='ltr'><strong>prodest</strong></span> 
     </span>
    </p>
   </div>
   <div class='ocr_carea' id='block_1_11' title="bbox 614 1278 3740 1375">
    <p class='ocr_par' dir='ltr' id='par_1_11' title="bbox 614 1278 3740 1375">
     <span class='ocr_line' id='line_1_11' title="bbox 614 1278 3740 1375; baseline 0.003 -28"><span class='ocrx_word' id='word_1_123' title='bbox 614 1292 670 1347; x_wconf 89' lang='lat' dir='ltr'><strong>Si</strong></span> <span class='ocrx_word' id='word_1_124' title='bbox 695 1306 841 1346; x_wconf 91' lang='lat' dir='ltr'><strong>mare</strong></span> <span class='ocrx_word' id='word_1_125' title='bbox 870 1291 1127 1344; x_wconf 87' lang='lat' dir='ltr'><strong>transitur</strong></span> <span class='ocrx_word' id='word_1_126' title='bbox 1148 1304 1358 1360; x_wconf 89' lang='lat' dir='ltr'><strong>gressu,</strong></span> <span class='ocrx_word' id='word_1_127' title='bbox 1386 1289 1484 1342; x_wconf 88' lang='lat' dir='ltr'><strong>nisi</strong></span> <span class='ocrx_word' id='word_1_128' title='bbox 1517 1289 1740 1363; x_wconf 80' lang='lat' dir='ltr'><strong>navibus</strong></span> <span class='ocrx_word' id='word_1_129' title='bbox 1760 1305 1887 1343; x_wconf 92' lang='lat' dir='ltr'><strong>arva</strong></span> <span class='ocrx_word' id='word_1_130' title='bbox 2304 1290 2453 1345; x_wconf 86' lang='lat' dir='ltr'><strong>Tunc</strong></span> <span class='ocrx_word' id='word_1_131' title='bbox 2480 1292 2635 1346; x_wconf 82' lang='lat' dir='ltr'><strong>finem</strong></span> <span class='ocrx_word' id='word_1_132' title='bbox 2660 1296 2904 1363; x_wconf 85' lang='lat' dir='ltr'><strong>posuisse</strong></span> <span class='ocrx_word' id='word_1_133' title='bbox 2930 1298 3106 1361; x_wconf 89' lang='lat' dir='ltr'><strong>malis,</strong></span> <span class='ocrx_word' id='word_1_134' title='bbox 3132 1313 3253 1352; x_wconf 93' lang='lat' dir='ltr'><strong>cum</strong></span> <span class='ocrx_word' id='word_1_135' title='bbox 3286 1278 3542 1356; x_wconf 76' lang='lat' dir='ltr'><strong>terminus</strong></span> <span class='ocrx_word' id='word_1_136' title='bbox 3557 1278 3740 1375; x_wconf 80' lang='lat' dir='ltr'><strong>urget,</strong></span> 
     </span>
    </p>
   </div>
   <div class='ocr_carea' id='block_1_12' title="bbox 614 1380 3544 1455">
    <p class='ocr_par' dir='ltr' id='par_1_12' title="bbox 614 1380 3544 1455">
     <span class='ocr_line' id='line_1_12' title="bbox 614 1380 3544 1455; baseline 0.002 -16"><span class='ocrx_word' id='word_1_137' title='bbox 614 1382 928 1445; x_wconf 89' lang='lat' dir='ltr'><strong>Sulcentur,</strong></span> <span class='ocrx_word' id='word_1_138' title='bbox 978 1381 1281 1449; x_wconf 73' lang='lat' dir='ltr'><strong>cwlumque</strong></span> <span class='ocrx_word' id='word_1_139' title='bbox 1314 1395 1373 1433; x_wconf 89' lang='lat' dir='ltr'><strong>se</strong></span> <span class='ocrx_word' id='word_1_140' title='bbox 1397 1381 1644 1433; x_wconf 87' lang='lat' dir='ltr'><strong>decurrat</strong></span> <span class='ocrx_word' id='word_1_141' title='bbox 1670 1381 1738 1434; x_wconf 88' lang='lat' dir='ltr'><strong>ab</strong></span> <span class='ocrx_word' id='word_1_142' title='bbox 1760 1397 1879 1443; x_wconf 79' lang='lat' dir='ltr'><strong>axe,</strong></span> <span class='ocrx_word' id='word_1_143' title='bbox 2303 1380 2588 1437; x_wconf 69' lang='lat' dir='ltr'><strong>Prmsentis</strong></span> <span class='ocrx_word' id='word_1_144' title='bbox 2610 1384 2732 1439; x_wconf 66' lang='lat' dir='ltr'><strong>vita:</strong></span> <span class='ocrx_word' id='word_1_145' title='bbox 2758 1386 2989 1455; x_wconf 91' lang='lat' dir='ltr'><strong>spatium</strong></span> <span class='ocrx_word' id='word_1_146' title='bbox 3009 1403 3128 1442; x_wconf 91' lang='lat' dir='ltr'><strong>cum</strong></span> <span class='ocrx_word' id='word_1_147' title='bbox 3151 1390 3375 1445; x_wconf 67' lang='lat' dir='ltr'><strong>cmditur</strong></span> <span class='ocrx_word' id='word_1_148' title='bbox 3396 1392 3544 1446; x_wconf 73' lang='lat' dir='ltr'><strong>tero?</strong></span> 
     </span>
    </p>
   </div>
   <div class='ocr_carea' id='block_1_13' title="bbox 601 1471 3634 1554">
    <p class='ocr_par' dir='ltr' id='par_1_13' title="bbox 601 1471 3634 1554">
     <span class='ocr_line' id='line_1_13' title="bbox 601 1471 3634 1554; baseline 0.004 -25"><span class='ocrx_word' id='word_1_149' title='bbox 601 1475 673 1529; x_wconf 58' lang='lat' dir='ltr'><strong>.lu</strong></span> <span class='ocrx_word' id='word_1_150' title='bbox 700 1488 923 1543; x_wconf 88' lang='lat' dir='ltr'><strong>superos</strong></span> <span class='ocrx_word' id='word_1_151' title='bbox 949 1471 1156 1527; x_wconf 89' lang='lat' dir='ltr'><strong>inferna</strong></span> <span class='ocrx_word' id='word_1_152' title='bbox 1191 1472 1388 1535; x_wconf 89' lang='lat' dir='ltr'><strong>levent,</strong></span> <span class='ocrx_word' id='word_1_153' title='bbox 1423 1471 1573 1540; x_wconf 91' lang='lat' dir='ltr'><strong>plaga</strong></span> <span class='ocrx_word' id='word_1_154' title='bbox 1605 1471 1807 1526; x_wconf 89' lang='lat' dir='ltr'><strong>fervida</strong></span> <span class='ocrx_word' id='word_1_155' title='bbox 1838 1473 1958 1528; x_wconf 73' lang='lat' dir='ltr'><strong>caeli</strong></span> <span class='ocrx_word' id='word_1_156' title='bbox 2301 1475 2640 1544; x_wconf 78' lang='lat' dir='ltr'><strong>Confitearis,</strong></span> <span class='ocrx_word' id='word_1_157' title='bbox 2670 1480 2762 1543; x_wconf 90' lang='lat' dir='ltr'><strong>ait,</strong></span> <span class='ocrx_word' id='word_1_158' title='bbox 2792 1495 2974 1545; x_wconf 89' lang='lat' dir='ltr'><strong>sanus,</strong></span> <span class='ocrx_word' id='word_1_159' title='bbox 3008 1482 3295 1551; x_wconf 91' lang='lat' dir='ltr'><strong>scriptura,</strong></span> <span class='ocrx_word' id='word_1_160' title='bbox 3322 1485 3634 1554; x_wconf 87' lang='lat' dir='ltr'><strong>valensque,</strong></span> 
     </span>
    </p>
   </div>
   <div class='ocr_carea' id='block_1_14' title="bbox 610 1563 3597 1643">
    <p class='ocr_par' dir='ltr' id='par_1_14' title="bbox 610 1563 3597 1643">
     <span class='ocr_line' id='line_1_14' title="bbox 610 1563 3597 1643; baseline 0.003 -20"><span class='ocrx_word' id='word_1_161' title='bbox 610 1568 821 1635; x_wconf 78' lang='lat' dir='ltr'><strong>Algeat,</strong></span> <span class='ocrx_word' id='word_1_162' title='bbox 851 1565 1085 1619; x_wconf 84' lang='lat' dir='ltr'><strong>afﬂatam</strong></span> <span class='ocrx_word' id='word_1_163' title='bbox 1114 1563 1405 1618; x_wconf 89' lang='lat' dir='ltr'><strong>succendat</strong></span> <span class='ocrx_word' id='word_1_164' title='bbox 1432 1564 1676 1632; x_wconf 87' lang='lat' dir='ltr'><strong>scorpius</strong></span> <span class='ocrx_word' id='word_1_165' title='bbox 1703 1579 1880 1617; x_wconf 90' lang='lat' dir='ltr'><strong>ursam</strong></span> <span class='ocrx_word' id='word_1_166' title='bbox 1904 1564 1926 1613; x_wconf 62' lang='grc' dir='ltr'><strong><em>Ὺ</em></strong></span> <span class='ocrx_word' id='word_1_167' title='bbox 2302 1567 2357 1623; x_wconf 90' lang='lat' dir='ltr'><strong>Si</strong></span> <span class='ocrx_word' id='word_1_168' title='bbox 2388 1578 2513 1625; x_wconf 89' lang='lat' dir='ltr'><strong>tunc</strong></span> <span class='ocrx_word' id='word_1_169' title='bbox 2542 1582 2817 1639; x_wconf 88' lang='lat' dir='ltr'><strong>peccatum</strong></span> <span class='ocrx_word' id='word_1_170' title='bbox 2844 1574 3126 1643; x_wconf 81' lang='lat' dir='ltr'><strong>quisquam</strong></span> <span class='ocrx_word' id='word_1_171' title='bbox 3152 1576 3422 1632; x_wconf 85' lang='lat' dir='ltr'><strong>dimittere</strong></span> <span class='ocrx_word' id='word_1_172' title='bbox 3452 1578 3597 1633; x_wconf 88' lang='lat' dir='ltr'><strong>vovit</strong></span> 
     </span>
    </p>
   </div>
   <div class='ocr_carea' id='block_1_15' title="bbox 608 1656 3541 1741">
    <p class='ocr_par' dir='ltr' id='par_1_15' title="bbox 608 1656 3541 1741">
     <span class='ocr_line' id='line_1_15' title="bbox 608 1656 3541 1741; baseline 0.003 -27"><span class='ocrx_word' id='word_1_173' title='bbox 608 1659 738 1714; x_wconf 60' lang='lat' dir='ltr'><strong>Haec</strong></span> <span class='ocrx_word' id='word_1_174' title='bbox 769 1658 871 1712; x_wconf 90' lang='lat' dir='ltr'><strong>nisi</strong></span> <span class='ocrx_word' id='word_1_175' title='bbox 902 1656 1155 1711; x_wconf 79' lang='lat' dir='ltr'><strong>confusus</strong></span> <span class='ocrx_word' id='word_1_176' title='bbox 1188 1671 1368 1710; x_wconf 90' lang='lat' dir='ltr'><strong>rerum</strong></span> <span class='ocrx_word' id='word_1_177' title='bbox 1400 1656 1725 1710; x_wconf 89' lang='lat' dir='ltr'><strong>subverterit</strong></span> <span class='ocrx_word' id='word_1_178' title='bbox 1753 1658 1909 1719; x_wconf 92' lang='lat' dir='ltr'><strong>ordo,</strong></span> <span class='ocrx_word' id='word_1_179' title='bbox 2299 1663 2431 1720; x_wconf 90' lang='lat' dir='ltr'><strong>Cum</strong></span> <span class='ocrx_word' id='word_1_180' title='bbox 2459 1683 2681 1735; x_wconf 72' lang='lat' dir='ltr'><strong>peccare</strong></span> <span class='ocrx_word' id='word_1_181' title='bbox 2713 1667 2917 1738; x_wconf 88' lang='lat' dir='ltr'><strong>nequit,</strong></span> <span class='ocrx_word' id='word_1_182' title='bbox 2948 1668 3071 1722; x_wconf 86' lang='lat' dir='ltr'><strong>luxu</strong></span> <span class='ocrx_word' id='word_1_183' title='bbox 3093 1668 3381 1725; x_wconf 88' lang='lat' dir='ltr'><strong>dimittitur</strong></span> <span class='ocrx_word' id='word_1_184' title='bbox 3410 1672 3541 1741; x_wconf 89' lang='lat' dir='ltr'><strong>ipse.</strong></span> 
     </span>
    </p>
   </div>
   <div class='ocr_carea' id='block_1_16' title="bbox 606 1746 3568 1827">
    <p class='ocr_par' dir='ltr' id='par_1_16' title="bbox 606 1746 3568 1827">
     <span class='ocr_line' id='line_1_16' title="bbox 606 1746 3568 1827; baseline -0.002 -21"><span class='ocrx_word' id='word_1_185' title='bbox 606 1749 728 1806; x_wconf 81' lang='lat' dir='ltr'><strong>Non</strong></span> <span class='ocrx_word' id='word_1_186' title='bbox 761 1750 894 1804; x_wconf 92' lang='lat' dir='ltr'><strong>duce</strong></span> <span class='ocrx_word' id='word_1_187' title='bbox 927 1764 1011 1803; x_wconf 89' lang='lat' dir='ltr'><strong>me</strong></span> <span class='ocrx_word' id='word_1_188' title='bbox 1042 1750 1321 1817; x_wconf 87' lang='lat' dir='ltr'><strong>quisquam</strong></span> <span class='ocrx_word' id='word_1_189' title='bbox 1365 1762 1565 1800; x_wconf 65' lang='lat' dir='ltr'><strong>saevum</strong></span> <span class='ocrx_word' id='word_1_190' title='bbox 1604 1746 1945 1800; x_wconf 91' lang='lat' dir='ltr'><strong>descenderit</strong></span> <span class='ocrx_word' id='word_1_191' title='bbox 1986 1762 2190 1817; x_wconf 65' lang='lat' dir='ltr'><strong>aequor,</strong></span> <span class='ocrx_word' id='word_1_192' title='bbox 2372 1757 2511 1826; x_wconf 71' lang='lat' dir='ltr'><strong>Ergo</strong></span> <span class='ocrx_word' id='word_1_193' title='bbox 2536 1759 2788 1813; x_wconf 62' lang='lat' dir='ltr'><strong>culmis</strong></span> <span class='ocrx_word' id='word_1_194' title='bbox 2816 1758 3057 1827; x_wconf 73' lang='lat' dir='ltr'><strong>pendens</strong></span> <span class='ocrx_word' id='word_1_195' title='bbox 3083 1760 3383 1815; x_wconf 73' lang='grc' dir='ltr'><strong>ειιεωιιίιιη-</strong></span> <span class='ocrx_word' id='word_1_196' title='bbox 3412 1763 3568 1817; x_wconf 70' lang='lat' dir='ltr'><strong>undis</strong></span> 
     </span>
    </p>
   </div>
   <div class='ocr_carea' id='block_1_17' title="bbox 608 1835 2236 1928">
    <p class='ocr_par' dir='ltr' id='par_1_17' title="bbox 608 1835 2236 1909">
     <span class='ocr_line' id='line_1_17' title="bbox 608 1835 2236 1909; baseline -0.006 -11"><span class='ocrx_word' id='word_1_197' title='bbox 608 1840 694 1898; x_wconf 89' lang='lat' dir='ltr'><strong>Sit</strong></span> <span class='ocrx_word' id='word_1_198' title='bbox 719 1848 964 1909; x_wconf 89' lang='lat' dir='ltr'><strong>suspecta</strong></span> <span class='ocrx_word' id='word_1_199' title='bbox 988 1839 1116 1891; x_wconf 87' lang='lat' dir='ltr'><strong>mihi</strong></span> <span class='ocrx_word' id='word_1_200' title='bbox 1142 1851 1245 1907; x_wconf 88' lang='lat' dir='ltr'><strong>qua</strong></span> <span class='ocrx_word' id='word_1_201' title='bbox 1269 1836 1461 1891; x_wconf 85' lang='lat' dir='ltr'><strong>semita</strong></span> <span class='ocrx_word' id='word_1_202' title='bbox 1489 1835 1668 1904; x_wconf 83' lang='lat' dir='ltr'><strong>dirigit</strong></span> <span class='ocrx_word' id='word_1_203' title='bbox 1698 1836 1926 1890; x_wconf 85' lang='lat' dir='ltr'><strong>hostem.</strong></span> <span class='ocrx_word' id='word_1_204' title='bbox 2213 1844 2236 1905; x_wconf 87' lang='lat'><strong>]</strong></span> 
     </span>
    </p>
   </div>
   <div class='ocr_carea' id='block_1_18' title="bbox 2238 1835 3866 1928">
    <p class='ocr_par' dir='ltr' id='par_1_18' title="bbox 2238 1845 3866 1928">
     <span class='ocr_line' id='line_1_18' title="bbox 2238 1845 3866 1928; baseline 0.005 -25"><span class='ocrx_word' id='word_1_205' title='bbox 2238 1845 2263 1903; x_wconf 74' lang='grc'><strong>3</strong></span> <span class='ocrx_word' id='word_1_206' title='bbox 2292 1848 2411 1903; x_wconf 88' lang='lat' dir='ltr'><strong>Mox</strong></span> <span class='ocrx_word' id='word_1_207' title='bbox 2434 1849 2721 1919; x_wconf 90' lang='lat' dir='ltr'><strong>mergeuda</strong></span> <span class='ocrx_word' id='word_1_208' title='bbox 2750 1848 2979 1918; x_wconf 82' lang='lat' dir='ltr'><strong>phalanx</strong></span> <span class='ocrx_word' id='word_1_209' title='bbox 3005 1868 3020 1904; x_wconf 91' lang='lat'><strong>:</strong></span> <span class='ocrx_word' id='word_1_210' title='bbox 3053 1851 3391 1921; x_wconf 85' lang='lat' dir='ltr'><strong>lympharum</strong></span> <span class='ocrx_word' id='word_1_211' title='bbox 3439 1863 3622 1910; x_wconf 90' lang='lat' dir='ltr'><strong>monte</strong></span> <span class='ocrx_word' id='word_1_212' title='bbox 3666 1856 3866 1928; x_wconf 87' lang='lat' dir='ltr'><strong>levata,</strong></span> 
     </span>
    </p>
   </div>
   <div class='ocr_carea' id='block_1_19' title="bbox 604 1932 3622 2012">
    <p class='ocr_par' dir='ltr' id='par_1_19' title="bbox 604 1932 3622 2012">
     <span class='ocr_line' id='line_1_19' title="bbox 604 1932 3622 2012; baseline 0.003 -23"><span class='ocrx_word' id='word_1_213' title='bbox 604 1937 739 1993; x_wconf 81' lang='lat' dir='ltr'><strong>Nam</strong></span> <span class='ocrx_word' id='word_1_214' title='bbox 767 1938 811 1991; x_wconf 91' lang='lat' dir='ltr'><strong>si</strong></span> <span class='ocrx_word' id='word_1_215' title='bbox 838 1935 976 1992; x_wconf 88' lang='lat' dir='ltr'><strong>bella</strong></span> <span class='ocrx_word' id='word_1_216' title='bbox 1007 1933 1135 1989; x_wconf 87' lang='lat' dir='ltr'><strong>velit</strong></span> <span class='ocrx_word' id='word_1_217' title='bbox 1164 1934 1364 1988; x_wconf 80' lang='lat' dir='ltr'><strong>librans</strong></span> <span class='ocrx_word' id='word_1_218' title='bbox 1391 1932 1615 2002; x_wconf 63' lang='lat' dir='ltr'><strong>aequalia</strong></span> <span class='ocrx_word' id='word_1_219' title='bbox 1647 1947 1866 1995; x_wconf 79' lang='lat' dir='ltr'><strong>numen.</strong></span> <span class='ocrx_word' id='word_1_220' title='bbox 2297 1938 2544 1994; x_wconf 88' lang='lat' dir='ltr'><strong>Pondere</strong></span> <span class='ocrx_word' id='word_1_221' title='bbox 2572 1940 2799 1995; x_wconf 89' lang='lat' dir='ltr'><strong>telorum</strong></span> <span class='ocrx_word' id='word_1_222' title='bbox 2830 1942 3123 2010; x_wconf 90' lang='lat' dir='ltr'><strong>premitur,</strong></span> <span class='ocrx_word' id='word_1_223' title='bbox 3154 1942 3423 2012; x_wconf 88' lang='lat' dir='ltr'><strong>fundoque</strong></span> <span class='ocrx_word' id='word_1_224' title='bbox 3454 1946 3622 2000; x_wconf 89' lang='lat' dir='ltr'><strong>tenaci</strong></span> 
     </span>
    </p>
   </div>
   <div class='ocr_carea' id='block_1_20' title="bbox 604 2026 3647 2099">
    <p class='ocr_par' dir='ltr' id='par_1_20' title="bbox 604 2026 3647 2099">
     <span class='ocr_line' id='line_1_20' title="bbox 604 2026 3647 2099; baseline 0 -13"><span class='ocrx_word' id='word_1_225' title='bbox 604 2031 771 2086; x_wconf 88' lang='lat' dir='ltr'><strong>Obice</strong></span> <span class='ocrx_word' id='word_1_226' title='bbox 810 2039 1021 2084; x_wconf 87' lang='lat' dir='ltr'><strong>servata</strong></span> <span class='ocrx_word' id='word_1_227' title='bbox 1055 2026 1330 2097; x_wconf 89' lang='lat' dir='ltr'><strong>fugitivum</strong></span> <span class='ocrx_word' id='word_1_228' title='bbox 1356 2026 1622 2079; x_wconf 88' lang='lat' dir='ltr'><strong>clauserat</strong></span> <span class='ocrx_word' id='word_1_229' title='bbox 1651 2039 1863 2093; x_wconf 81' lang='lat' dir='ltr'><strong>agmen.</strong></span> <span class='ocrx_word' id='word_1_230' title='bbox 2295 2028 2543 2083; x_wconf 85' lang='lat' dir='ltr'><strong>lndutum</strong></span> <span class='ocrx_word' id='word_1_231' title='bbox 2579 2030 2841 2085; x_wconf 75' lang='lat' dir='ltr'><strong>revellunt</strong></span> <span class='ocrx_word' id='word_1_232' title='bbox 2874 2031 3157 2085; x_wconf 91' lang='lat' dir='ltr'><strong>morientia</strong></span> <span class='ocrx_word' id='word_1_233' title='bbox 3180 2046 3407 2099; x_wconf 89' lang='lat' dir='ltr'><strong>corpora</strong></span> <span class='ocrx_word' id='word_1_234' title='bbox 3431 2034 3647 2087; x_wconf 86' lang='lat' dir='ltr'><strong>ferrum.</strong></span> 
     </span>
    </p>
   </div>
   <div class='ocr_carea' id='block_1_21' title="bbox 602 2106 3629 2190">
    <p class='ocr_par' dir='ltr' id='par_1_21' title="bbox 602 2106 3629 2190">
     <span class='ocr_line' id='line_1_21' title="bbox 602 2106 3629 2190; baseline 0 -12"><span class='ocrx_word' id='word_1_235' title='bbox 602 2121 754 2178; x_wconf 83' lang='lat' dir='ltr'><strong>Nunc</strong></span> <span class='ocrx_word' id='word_1_236' title='bbox 769 2121 983 2188; x_wconf 89' lang='lat' dir='ltr'><strong>abeant,</strong></span> <span class='ocrx_word' id='word_1_237' title='bbox 1004 2128 1315 2188; x_wconf 89' lang='lat' dir='ltr'><strong>tantumque</strong></span> <span class='ocrx_word' id='word_1_238' title='bbox 1330 2130 1490 2186; x_wconf 90' lang='lat' dir='ltr'><strong>vagos</strong></span> <span class='ocrx_word' id='word_1_239' title='bbox 1508 2130 1604 2169; x_wconf 90' lang='lat' dir='ltr'><strong>sua</strong></span> <span class='ocrx_word' id='word_1_240' title='bbox 1618 2124 1853 2169; x_wconf 90' lang='lat' dir='ltr'><strong>monstra</strong></span> <span class='ocrx_word' id='word_1_241' title='bbox 1877 2106 2186 2185; x_wconf 87' lang='lat' dir='ltr'><strong>sequantur.</strong></span> <span class='ocrx_word' id='word_1_242' title='bbox 2295 2121 2426 2175; x_wconf 87' lang='lat' dir='ltr'><strong>Pars</strong></span> <span class='ocrx_word' id='word_1_243' title='bbox 2456 2118 2743 2176; x_wconf 83' lang='lat' dir='ltr'><strong>exarmatis</strong></span> <span class='ocrx_word' id='word_1_244' title='bbox 2773 2138 2893 2176; x_wconf 93' lang='lat' dir='ltr'><strong>cum</strong></span> <span class='ocrx_word' id='word_1_245' title='bbox 2923 2124 3151 2190; x_wconf 90' lang='lat' dir='ltr'><strong>primum</strong></span> <span class='ocrx_word' id='word_1_246' title='bbox 3178 2124 3345 2178; x_wconf 90' lang='lat' dir='ltr'><strong>libera</strong></span> <span class='ocrx_word' id='word_1_247' title='bbox 3376 2126 3629 2179; x_wconf 89' lang='lat' dir='ltr'><strong>membris</strong></span> 
     </span>
    </p>
   </div>
   <div class='ocr_carea' id='block_1_22' title="bbox 601 2206 3580 2282">
    <p class='ocr_par' dir='ltr' id='par_1_22' title="bbox 601 2206 3580 2282">
     <span class='ocr_line' id='line_1_22' title="bbox 601 2206 3580 2282; baseline -0 -12"><span class='ocrx_word' id='word_1_248' title='bbox 601 2214 712 2270; x_wconf 80' lang='lat' dir='ltr'><strong>Nec</strong></span> <span class='ocrx_word' id='word_1_249' title='bbox 738 2214 869 2268; x_wconf 87' lang='lat' dir='ltr'><strong>satis</strong></span> <span class='ocrx_word' id='word_1_250' title='bbox 894 2211 1211 2281; x_wconf 90' lang='lat' dir='ltr'><strong>amplector,</strong></span> <span class='ocrx_word' id='word_1_251' title='bbox 1240 2210 1439 2263; x_wconf 88' lang='lat' dir='ltr'><strong>siccum</strong></span> <span class='ocrx_word' id='word_1_252' title='bbox 1465 2206 1816 2261; x_wconf 87' lang='lat' dir='ltr'><strong>circumvenit</strong></span> <span class='ocrx_word' id='word_1_253' title='bbox 1842 2207 1948 2261; x_wconf 90' lang='lat' dir='ltr'><strong>alte</strong></span> <span class='ocrx_word' id='word_1_254' title='bbox 2292 2211 2557 2279; x_wconf 90' lang='lat' dir='ltr'><strong>lmplicuit</strong></span> <span class='ocrx_word' id='word_1_255' title='bbox 2579 2222 2769 2267; x_wconf 88' lang='lat' dir='ltr'><strong>nantes</strong></span> <span class='ocrx_word' id='word_1_256' title='bbox 2792 2213 3002 2267; x_wconf 89' lang='lat' dir='ltr'><strong>miseris</strong></span> <span class='ocrx_word' id='word_1_257' title='bbox 3026 2214 3393 2282; x_wconf 84' lang='lat' dir='ltr'><strong>complexibus</strong></span> <span class='ocrx_word' id='word_1_258' title='bbox 3414 2225 3580 2281; x_wconf 88' lang='lat' dir='ltr'><strong>artus,</strong></span> 
     </span>
    </p>
   </div>
   <div class='ocr_carea' id='block_1_23' title="bbox 602 2298 3543 2376">
    <p class='ocr_par' dir='ltr' id='par_1_23' title="bbox 602 2298 3543 2376">
     <span class='ocr_line' id='line_1_23' title="bbox 602 2298 3543 2376; baseline 0 -16"><span class='ocrx_word' id='word_1_259' title='bbox 602 2304 755 2374; x_wconf 84' lang='lat' dir='ltr'><strong>Quod</strong></span> <span class='ocrx_word' id='word_1_260' title='bbox 784 2304 1033 2373; x_wconf 88' lang='lat' dir='ltr'><strong>pelagus,</strong></span> <span class='ocrx_word' id='word_1_261' title='bbox 1070 2301 1212 2354; x_wconf 91' lang='lat' dir='ltr'><strong>nudo</strong></span> <span class='ocrx_word' id='word_1_262' title='bbox 1241 2299 1422 2354; x_wconf 89' lang='lat' dir='ltr'><strong>celans</strong></span> <span class='ocrx_word' id='word_1_263' title='bbox 1451 2298 1760 2353; x_wconf 71' lang='lat' dir='ltr'><strong>discrimina</strong></span> <span class='ocrx_word' id='word_1_264' title='bbox 1794 2298 1976 2351; x_wconf 91' lang='lat' dir='ltr'><strong>fundo.</strong></span> <span class='ocrx_word' id='word_1_265' title='bbox 2290 2302 2511 2357; x_wconf 79' lang='lat' dir='ltr'><strong>Auxilio</strong></span> <span class='ocrx_word' id='word_1_266' title='bbox 2540 2303 2760 2373; x_wconf 89' lang='lat' dir='ltr'><strong>decepta</strong></span> <span class='ocrx_word' id='word_1_267' title='bbox 2783 2306 2938 2374; x_wconf 88' lang='lat' dir='ltr'><strong>perit,</strong></span> <span class='ocrx_word' id='word_1_268' title='bbox 2974 2306 3277 2376; x_wconf 85' lang='lat' dir='ltr'><strong>pariterque</strong></span> <span class='ocrx_word' id='word_1_269' title='bbox 3303 2318 3543 2361; x_wconf 87' lang='lat' dir='ltr'><strong>tenentes</strong></span> 
     </span>
    </p>
   </div>
   <div class='ocr_carea' id='block_1_24' title="bbox 599 2388 3579 2467">
    <p class='ocr_par' dir='ltr' id='par_1_24' title="bbox 599 2388 3579 2467">
     <span class='ocr_line' id='line_1_24' title="bbox 599 2388 3579 2467; baseline 0.002 -19"><span class='ocrx_word' id='word_1_270' title='bbox 599 2396 817 2464; x_wconf 80' lang='lat' dir='ltr'><strong>Excipit</strong></span> <span class='ocrx_word' id='word_1_271' title='bbox 846 2396 963 2449; x_wconf 61' lang='lat' dir='ltr'><strong>hate</strong></span> <span class='ocrx_word' id='word_1_272' title='bbox 992 2392 1187 2447; x_wconf 88' lang='lat' dir='ltr'><strong>ardens</strong></span> <span class='ocrx_word' id='word_1_273' title='bbox 1215 2406 1336 2447; x_wconf 84' lang='lat' dir='ltr'><strong>cum</strong></span> <span class='ocrx_word' id='word_1_274' title='bbox 1370 2388 1633 2444; x_wconf 90' lang='lat' dir='ltr'><strong>seditione</strong></span> <span class='ocrx_word' id='word_1_275' title='bbox 1661 2388 1940 2454; x_wconf 85' lang='lat' dir='ltr'><strong>tumultus,</strong></span> <span class='ocrx_word' id='word_1_276' title='bbox 2292 2394 2521 2451; x_wconf 68' lang='lat' dir='ltr'><strong>Eterno</strong></span> <span class='ocrx_word' id='word_1_277' title='bbox 2551 2397 2648 2450; x_wconf 90' lang='lat' dir='ltr'><strong>sub</strong></span> <span class='ocrx_word' id='word_1_278' title='bbox 2673 2397 2815 2452; x_wconf 83' lang='lat' dir='ltr'><strong>fasce</strong></span> <span class='ocrx_word' id='word_1_279' title='bbox 2840 2407 3020 2463; x_wconf 91' lang='lat' dir='ltr'><strong>ruunt,</strong></span> <span class='ocrx_word' id='word_1_280' title='bbox 3050 2400 3277 2467; x_wconf 89' lang='lat' dir='ltr'><strong>nexique</strong></span> <span class='ocrx_word' id='word_1_281' title='bbox 3305 2410 3579 2456; x_wconf 85' lang='lat' dir='ltr'><strong>necantur.</strong></span> 
     </span>
    </p>
   </div>
   <div class='ocr_carea' id='block_1_25' title="bbox 598 2479 3509 2564">
    <p class='ocr_par' dir='ltr' id='par_1_25' title="bbox 598 2479 3509 2564">
     <span class='ocr_line' id='line_1_25' title="bbox 598 2479 3509 2564; baseline -0.003 -22"><span class='ocrx_word' id='word_1_282' title='bbox 598 2487 959 2556; x_wconf 87' lang='lat' dir='ltr'><strong>lnstantisque</strong></span> <span class='ocrx_word' id='word_1_283' title='bbox 986 2485 1160 2564; x_wconf 83' lang='lat' dir='ltr'><strong>latens</strong></span> <span class='ocrx_word' id='word_1_284' title='bbox 1192 2492 1345 2551; x_wconf 90' lang='lat' dir='ltr'><strong>urget</strong></span> <span class='ocrx_word' id='word_1_285' title='bbox 1381 2482 1647 2534; x_wconf 89' lang='lat' dir='ltr'><strong>sententia</strong></span> <span class='ocrx_word' id='word_1_286' title='bbox 1676 2479 1829 2533; x_wconf 90' lang='lat' dir='ltr'><strong>lethi.</strong></span> <span class='ocrx_word' id='word_1_287' title='bbox 2290 2492 2387 2542; x_wconf 72' lang='grc' dir='ltr'><strong>Αει</strong></span> <span class='ocrx_word' id='word_1_288' title='bbox 2414 2488 2530 2554; x_wconf 55' lang='grc' dir='ltr'><strong>ειη,</strong></span> <span class='ocrx_word' id='word_1_289' title='bbox 2565 2490 2758 2543; x_wconf 59' lang='lat' dir='ltr'><strong>lassata</strong></span> <span class='ocrx_word' id='word_1_290' title='bbox 2786 2490 2878 2544; x_wconf 72' lang='lat' dir='ltr'><strong>diu</strong></span> <span class='ocrx_word' id='word_1_291' title='bbox 2903 2490 3026 2546; x_wconf 77' lang='lat' dir='ltr'><strong>dum</strong></span> <span class='ocrx_word' id='word_1_292' title='bbox 3052 2490 3267 2544; x_wconf 66' lang='lat' dir='ltr'><strong>brachia</strong></span> <span class='ocrx_word' id='word_1_293' title='bbox 3288 2491 3509 2561; x_wconf 52' lang='lat' dir='ltr'><strong>jacmm,</strong></span> 
     </span>
    </p>
   </div>
   <div class='ocr_carea' id='block_1_26' title="bbox 634 2570 2262 2653">
    <p class='ocr_par' dir='ltr' id='par_1_26' title="bbox 634 2570 2108 2647">
     <span class='ocr_line' id='line_1_26' title="bbox 634 2570 2108 2647; baseline -0.003 -16"><span class='ocrx_word' id='word_1_294' title='bbox 634 2580 649 2600; x_wconf 80' lang='grc'><strong>⁸</strong></span> <span class='ocrx_word' id='word_1_295' title='bbox 669 2579 885 2633; x_wconf 82' lang='lat' dir='ltr'><strong>Vicerat</strong></span> <span class='ocrx_word' id='word_1_296' title='bbox 908 2592 1211 2647; x_wconf 64' lang='lat' dir='ltr'><strong>aequoream</strong></span> <span class='ocrx_word' id='word_1_297' title='bbox 1243 2572 1466 2642; x_wconf 74' lang='lat' dir='ltr'><strong>[edibus</strong></span> <span class='ocrx_word' id='word_1_298' title='bbox 1496 2572 1645 2641; x_wconf 86' lang='lat' dir='ltr'><strong>plebs</strong></span> <span class='ocrx_word' id='word_1_299' title='bbox 1677 2573 1870 2643; x_wconf 82' lang='lat' dir='ltr'><strong>inclyta</strong></span> <span class='ocrx_word' id='word_1_300' title='bbox 1898 2570 2108 2640; x_wconf 86' lang='lat' dir='ltr'><strong>vallem,</strong></span> 
     </span>
    </p>
   </div>
   <div class='ocr_carea' id='block_1_27' title="bbox 2054 2570 3682 2653">
    <p class='ocr_par' dir='ltr' id='par_1_27' title="bbox 2054 2580 3682 2653">
     <span class='ocr_line' id='line_1_27' title="bbox 2054 2580 3682 2653; baseline 0.004 -18"><span class='ocrx_word' id='word_1_301' title='bbox 2054 2588 2108 2640; x_wconf 84' lang='grc' dir='ltr'><strong>η.</strong></span> <span class='ocrx_word' id='word_1_302' title='bbox 2289 2580 2572 2637; x_wconf 82' lang='lat' dir='ltr'><strong>Incurrunt</strong></span> <span class='ocrx_word' id='word_1_303' title='bbox 2592 2598 2770 2646; x_wconf 89' lang='lat' dir='ltr'><strong>enses,</strong></span> <span class='ocrx_word' id='word_1_304' title='bbox 2791 2583 3090 2653; x_wconf 80' lang='lat' dir='ltr'><strong>jaculisque</strong></span> <span class='ocrx_word' id='word_1_305' title='bbox 3123 2585 3427 2639; x_wconf 89' lang='lat' dir='ltr'><strong>natantibus</strong></span> <span class='ocrx_word' id='word_1_306' title='bbox 3457 2583 3682 2652; x_wconf 62' lang='lat' dir='ltr'><strong>haerent,</strong></span> 
     </span>
    </p>
   </div>
   <div class='ocr_carea' id='block_1_28' title="bbox 598 2666 3623 2744">
    <p class='ocr_par' dir='ltr' id='par_1_28' title="bbox 598 2666 3623 2744">
     <span class='ocr_line' id='line_1_28' title="bbox 598 2666 3623 2744; baseline 0 -16"><span class='ocrx_word' id='word_1_307' title='bbox 598 2672 835 2742; x_wconf 88' lang='lat' dir='ltr'><strong>Gurgitis</strong></span> <span class='ocrx_word' id='word_1_308' title='bbox 861 2681 912 2725; x_wconf 92' lang='lat' dir='ltr'><strong>et</strong></span> <span class='ocrx_word' id='word_1_309' title='bbox 946 2670 1095 2723; x_wconf 90' lang='lat' dir='ltr'><strong>vacui</strong></span> <span class='ocrx_word' id='word_1_310' title='bbox 1124 2682 1364 2723; x_wconf 78' lang='lat' dir='ltr'><strong>convexa</strong></span> <span class='ocrx_word' id='word_1_311' title='bbox 1390 2666 1660 2719; x_wconf 83' lang='lat' dir='ltr'><strong>volumina</strong></span> <span class='ocrx_word' id='word_1_312' title='bbox 1688 2666 1955 2734; x_wconf 85' lang='lat' dir='ltr'><strong>linquens,</strong></span> <span class='ocrx_word' id='word_1_313' title='bbox 2284 2673 2549 2730; x_wconf 75' lang='lat' dir='ltr'><strong>Concolor</strong></span> <span class='ocrx_word' id='word_1_314' title='bbox 2576 2684 2631 2730; x_wconf 80' lang='lat' dir='ltr'><strong>et</strong></span> <span class='ocrx_word' id='word_1_315' title='bbox 2651 2676 2809 2731; x_wconf 80' lang='lat' dir='ltr'><strong>rubro</strong></span> <span class='ocrx_word' id='word_1_316' title='bbox 2833 2676 3087 2730; x_wconf 90' lang='lat' dir='ltr'><strong>miscetur</strong></span> <span class='ocrx_word' id='word_1_317' title='bbox 3117 2676 3380 2744; x_wconf 85' lang='lat' dir='ltr'><strong>sanguine</strong></span> <span class='ocrx_word' id='word_1_318' title='bbox 3411 2686 3623 2743; x_wconf 88' lang='lat' dir='ltr'><strong>pontus.</strong></span> 
     </span>
    </p>
   </div>
   <div class='ocr_carea' id='block_1_29' title="bbox 600 2757 3755 2836">
    <p class='ocr_par' dir='ltr' id='par_1_29' title="bbox 600 2757 3755 2836">
     <span class='ocr_line' id='line_1_29' title="bbox 600 2757 3755 2836; baseline 0.002 -18"><span class='ocrx_word' id='word_1_319' title='bbox 600 2764 728 2818; x_wconf 85' lang='lat' dir='ltr'><strong>Post</strong></span> <span class='ocrx_word' id='word_1_320' title='bbox 756 2764 1063 2817; x_wconf 85' lang='lat' dir='ltr'><strong>barathrum</strong></span> <span class='ocrx_word' id='word_1_321' title='bbox 1097 2774 1321 2826; x_wconf 82' lang='lat' dir='ltr'><strong>superas</strong></span> <span class='ocrx_word' id='word_1_322' title='bbox 1352 2757 1645 2811; x_wconf 87' lang='lat' dir='ltr'><strong>scandebat</strong></span> <span class='ocrx_word' id='word_1_323' title='bbox 1677 2757 1856 2809; x_wconf 89' lang='lat' dir='ltr'><strong>littore</strong></span> <span class='ocrx_word' id='word_1_324' title='bbox 1880 2766 2072 2810; x_wconf 82' lang='lat' dir='ltr'><strong>terras.</strong></span> <span class='ocrx_word' id='word_1_325' title='bbox 2355 2767 2491 2832; x_wconf 87' lang='lat' dir='ltr'><strong>Quin</strong></span> <span class='ocrx_word' id='word_1_326' title='bbox 2518 2775 2572 2820; x_wconf 90' lang='lat' dir='ltr'><strong>et</strong></span> <span class='ocrx_word' id='word_1_327' title='bbox 2592 2768 2909 2835; x_wconf 83' lang='lat' dir='ltr'><strong>conspicuus</strong></span> <span class='ocrx_word' id='word_1_328' title='bbox 2938 2767 3188 2836; x_wconf 88' lang='lat' dir='ltr'><strong>princeps</strong></span> <span class='ocrx_word' id='word_1_329' title='bbox 3213 2765 3575 2835; x_wconf 79' lang='lat' dir='ltr'><strong>Memphitidis</strong></span> <span class='ocrx_word' id='word_1_330' title='bbox 3596 2767 3755 2834; x_wconf 68' lang='lat' dir='ltr'><strong>aula,</strong></span> 
     </span>
    </p>
   </div>
   <div class='ocr_carea' id='block_1_30' title="bbox 598 2848 3476 2926">
    <p class='ocr_par' dir='ltr' id='par_1_30' title="bbox 598 2848 3476 2926">
     <span class='ocr_line' id='line_1_30' title="bbox 598 2848 3476 2926; baseline -0.003 -15"><span class='ocrx_word' id='word_1_331' title='bbox 598 2855 834 2911; x_wconf 79' lang='lat' dir='ltr'><strong>Eﬂertur</strong></span> <span class='ocrx_word' id='word_1_332' title='bbox 859 2854 996 2923; x_wconf 86' lang='lat' dir='ltr'><strong>nigri</strong></span> <span class='ocrx_word' id='word_1_333' title='bbox 1027 2853 1131 2905; x_wconf 80' lang='lat' dir='ltr'><strong>dux</strong></span> <span class='ocrx_word' id='word_1_334' title='bbox 1150 2851 1409 2919; x_wconf 86' lang='lat' dir='ltr'><strong>agminis,</strong></span> <span class='ocrx_word' id='word_1_335' title='bbox 1443 2857 1496 2902; x_wconf 91' lang='lat' dir='ltr'><strong>et</strong></span> <span class='ocrx_word' id='word_1_336' title='bbox 1526 2848 1855 2900; x_wconf 80' lang='lat' dir='ltr'><strong>Pharaonem</strong></span> <span class='ocrx_word' id='word_1_337' title='bbox 2282 2856 2586 2911; x_wconf 69' lang='lat' dir='ltr'><strong>candentes</strong></span> <span class='ocrx_word' id='word_1_338' title='bbox 2612 2856 2812 2911; x_wconf 75' lang='lat' dir='ltr'><strong>ducens</strong></span> <span class='ocrx_word' id='word_1_339' title='bbox 2841 2856 2993 2924; x_wconf 73' lang='lat' dir='ltr'><strong>nigro</strong></span> <span class='ocrx_word' id='word_1_340' title='bbox 3015 2864 3226 2910; x_wconf 73' lang='lat' dir='ltr'><strong>rectore</strong></span> <span class='ocrx_word' id='word_1_341' title='bbox 3251 2855 3476 2926; x_wconf 71' lang='lat' dir='ltr'><strong>jugales,</strong></span> 
     </span>
    </p>
   </div>
   <div class='ocr_carea' id='block_1_31' title="bbox 594 2939 3647 3018">
    <p class='ocr_par' dir='ltr' id='par_1_31' title="bbox 594 2939 3647 3018">
     <span class='ocr_line' id='line_1_31' title="bbox 594 2939 3647 3018; baseline -0.001 -14"><span class='ocrx_word' id='word_1_342' title='bbox 594 2947 683 3005; x_wconf 74' lang='lat' dir='ltr'><strong>lra&#39;</strong></span> <span class='ocrx_word' id='word_1_343' title='bbox 709 2948 852 3002; x_wconf 86' lang='lat' dir='ltr'><strong>subit</strong></span> <span class='ocrx_word' id='word_1_344' title='bbox 883 2946 1102 3016; x_wconf 90' lang='lat' dir='ltr'><strong>proprio</strong></span> <span class='ocrx_word' id='word_1_345' title='bbox 1124 2944 1415 2997; x_wconf 87' lang='lat' dir='ltr'><strong>vocitatum</strong></span> <span class='ocrx_word' id='word_1_346' title='bbox 1450 2940 1667 2993; x_wconf 88' lang='lat' dir='ltr'><strong>nomine</strong></span> <span class='ocrx_word' id='word_1_347' title='bbox 1695 2939 2008 2994; x_wconf 84' lang='lat' dir='ltr'><strong>Cencltrem.</strong></span> <span class='ocrx_word' id='word_1_348' title='bbox 2286 2950 2562 3018; x_wconf 76' lang='lat' dir='ltr'><strong>Inspector</strong></span> <span class='ocrx_word' id='word_1_349' title='bbox 2588 2949 2755 3003; x_wconf 84' lang='lat' dir='ltr'><strong>cladis</strong></span> <span class='ocrx_word' id='word_1_350' title='bbox 2779 2948 3032 3017; x_wconf 66' lang='lat' dir='ltr'><strong>promite,</strong></span> <span class='ocrx_word' id='word_1_351' title='bbox 3055 2947 3350 3017; x_wconf 88' lang='lat' dir='ltr'><strong>&#39;gentisque</strong></span> <span class='ocrx_word' id='word_1_352' title='bbox 3372 2957 3647 3016; x_wconf 85' lang='lat' dir='ltr'><strong>superstes</strong></span> 
     </span>
    </p>
   </div>
   <div class='ocr_carea' id='block_1_32' title="bbox 594 3032 3663 3109">
    <p class='ocr_par' dir='ltr' id='par_1_32' title="bbox 594 3032 3663 3109">
     <span class='ocr_line' id='line_1_32' title="bbox 594 3032 3663 3109; baseline -0.005 -3"><span class='ocrx_word' id='word_1_353' title='bbox 594 3039 875 3106; x_wconf 68' lang='lat' dir='ltr'><strong>ArriPium</strong></span> <span class='ocrx_word' id='word_1_354' title='bbox 903 3038 1104 3105; x_wconf 72' lang='lat' dir='ltr'><strong>Pamor</strong></span> <span class='ocrx_word' id='word_1_355' title='bbox 1140 3032 1361 3087; x_wconf 36' lang='lat' dir='ltr'><strong>&quot;berall</strong></span> <span class='ocrx_word' id='word_1_356' title='bbox 1389 3045 1621 3084; x_wconf 62' lang='grc' dir='ltr'><strong>εοηοθνεδ</strong></span> <span class='ocrx_word' id='word_1_357' title='bbox 1652 3032 1819 3098; x_wconf 67' lang='grc' dir='ltr'><strong>Ροηιί,</strong></span> <span class='ocrx_word' id='word_1_358' title='bbox 2284 3042 2512 3098; x_wconf 56' lang='lat' dir='ltr'><strong>Ultimus</strong></span> <span class='ocrx_word' id='word_1_359' title='bbox 2543 3039 2794 3109; x_wconf 76' lang='lat' dir='ltr'><strong>ingressis</strong></span> <span class='ocrx_word' id='word_1_360' title='bbox 2827 3054 2921 3107; x_wconf 89' lang='lat' dir='ltr'><strong>per</strong></span> <span class='ocrx_word' id='word_1_361' title='bbox 2946 3053 3158 3092; x_wconf 89' lang='lat' dir='ltr'><strong>currum</strong></span> <span class='ocrx_word' id='word_1_362' title='bbox 3182 3039 3459 3106; x_wconf 87' lang='lat' dir='ltr'><strong>naufragat</strong></span> <span class='ocrx_word' id='word_1_363' title='bbox 3488 3036 3663 3093; x_wconf 91' lang='lat' dir='ltr'><strong>undis.</strong></span> 
     </span>
    </p>
   </div>
   <div class='ocr_carea' id='block_1_33' title="bbox 594 3127 3632 3201">
    <p class='ocr_par' dir='ltr' id='par_1_33' title="bbox 594 3127 3632 3201">
     <span class='ocr_line' id='line_1_33' title="bbox 594 3127 3632 3201; baseline -0.001 -15"><span class='ocrx_word' id='word_1_364' title='bbox 594 3131 960 3201; x_wconf 89' lang='lat' dir='ltr'><strong>lnvaduntque</strong></span> <span class='ocrx_word' id='word_1_365' title='bbox 981 3131 1143 3183; x_wconf 89' lang='lat' dir='ltr'><strong>viam.</strong></span> <span class='ocrx_word' id='word_1_366' title='bbox 1172 3127 1308 3195; x_wconf 84' lang='lat' dir='ltr'><strong>Quid</strong></span> <span class='ocrx_word' id='word_1_367' title='bbox 1337 3143 1441 3181; x_wconf 83' lang='lat' dir='ltr'><strong>non</strong></span> <span class='ocrx_word' id='word_1_368' title='bbox 1470 3127 1616 3180; x_wconf 91' lang='lat' dir='ltr'><strong>furor</strong></span> <span class='ocrx_word' id='word_1_369' title='bbox 1646 3127 1837 3180; x_wconf 77' lang='lat' dir='ltr'><strong>audeat</strong></span> <span class='ocrx_word' id='word_1_370' title='bbox 1867 3130 2088 3182; x_wconf 80' lang='lat' dir='ltr'><strong>amens?</strong></span> <span class='ocrx_word' id='word_1_371' title='bbox 2282 3132 2427 3186; x_wconf 90' lang='lat' dir='ltr'><strong>Bella</strong></span> <span class='ocrx_word' id='word_1_372' title='bbox 2453 3141 2640 3185; x_wconf 90' lang='lat' dir='ltr'><strong>vacant</strong></span> <span class='ocrx_word' id='word_1_373' title='bbox 2670 3139 2936 3199; x_wconf 90' lang='lat' dir='ltr'><strong>pugnante</strong></span> <span class='ocrx_word' id='word_1_374' title='bbox 2962 3130 3096 3194; x_wconf 91' lang='lat' dir='ltr'><strong>salo,</strong></span> <span class='ocrx_word' id='word_1_375' title='bbox 3123 3129 3395 3198; x_wconf 90' lang='lat' dir='ltr'><strong>vincitque</strong></span> <span class='ocrx_word' id='word_1_376' title='bbox 3421 3129 3632 3199; x_wconf 91' lang='lat' dir='ltr'><strong>quietus</strong></span> 
     </span>
    </p>
   </div>
   <div class='ocr_carea' id='block_1_34' title="bbox 591 3219 3349 3293">
    <p class='ocr_par' dir='ltr' id='par_1_34' title="bbox 591 3219 3349 3293">
     <span class='ocr_line' id='line_1_34' title="bbox 591 3219 3349 3293; baseline -0.001 -14"><span class='ocrx_word' id='word_1_377' title='bbox 591 3225 728 3279; x_wconf 90' lang='lat' dir='ltr'><strong>llinc</strong></span> <span class='ocrx_word' id='word_1_378' title='bbox 753 3228 987 3292; x_wconf 84' lang='lat' dir='ltr'><strong>equ&#39;tum</strong></span> <span class='ocrx_word' id='word_1_379' title='bbox 1016 3236 1138 3289; x_wconf 84' lang='lat' dir='ltr'><strong>pars</strong></span> <span class='ocrx_word' id='word_1_380' title='bbox 1160 3235 1348 3289; x_wconf 90' lang='lat' dir='ltr'><strong>agmen</strong></span> <span class='ocrx_word' id='word_1_381' title='bbox 1381 3222 1510 3287; x_wconf 89' lang='lat' dir='ltr'><strong>agit,</strong></span> <span class='ocrx_word' id='word_1_382' title='bbox 1542 3234 1663 3288; x_wconf 85' lang='lat' dir='ltr'><strong>pars</strong></span> <span class='ocrx_word' id='word_1_383' title='bbox 1692 3219 1815 3272; x_wconf 90' lang='lat' dir='ltr'><strong>inde</strong></span> <span class='ocrx_word' id='word_1_384' title='bbox 1844 3220 2019 3274; x_wconf 90' lang='lat' dir='ltr'><strong>citatis</strong></span> <span class='ocrx_word' id='word_1_385' title='bbox 2206 3220 2251 3281; x_wconf 92' lang='lat' dir='ltr'><strong>C</strong></span> <span class='ocrx_word' id='word_1_386' title='bbox 2286 3224 2446 3278; x_wconf 85' lang='lat' dir='ltr'><strong>Israel</strong></span> <span class='ocrx_word' id='word_1_387' title='bbox 2469 3223 2582 3277; x_wconf 89' lang='lat' dir='ltr'><strong>solo</strong></span> <span class='ocrx_word' id='word_1_388' title='bbox 2608 3237 2867 3293; x_wconf 84' lang='lat' dir='ltr'><strong>peragens</strong></span> <span class='ocrx_word' id='word_1_389' title='bbox 2893 3222 3189 3276; x_wconf 88' lang='lat' dir='ltr'><strong>certamina</strong></span> <span class='ocrx_word' id='word_1_390' title='bbox 3213 3222 3349 3275; x_wconf 89' lang='lat' dir='ltr'><strong>visu.</strong></span> 
     </span>
    </p>
   </div>
   <div class='ocr_carea' id='block_1_35' title="bbox 600 3312 3617 3386">
    <p class='ocr_par' dir='ltr' id='par_1_35' title="bbox 600 3312 3617 3386">
     <span class='ocr_line' id='line_1_35' title="bbox 600 3312 3617 3386; baseline -0.002 -14"><span class='ocrx_word' id='word_1_391' title='bbox 600 3318 685 3372; x_wconf 90' lang='lat' dir='ltr'><strong>lre</strong></span> <span class='ocrx_word' id='word_1_392' title='bbox 708 3317 859 3386; x_wconf 88' lang='lat' dir='ltr'><strong>jubet</strong></span> <span class='ocrx_word' id='word_1_393' title='bbox 881 3316 1108 3369; x_wconf 83' lang='lat' dir='ltr'><strong>stimulis</strong></span> <span class='ocrx_word' id='word_1_394' title='bbox 1136 3313 1347 3382; x_wconf 92' lang='lat' dir='ltr'><strong>rapidas</strong></span> <span class='ocrx_word' id='word_1_395' title='bbox 1375 3328 1537 3381; x_wconf 89' lang='lat' dir='ltr'><strong>super</strong></span> <span class='ocrx_word' id='word_1_396' title='bbox 1561 3327 1683 3366; x_wconf 88' lang='lat' dir='ltr'><strong>arva</strong></span> <span class='ocrx_word' id='word_1_397' title='bbox 1715 3314 2016 3383; x_wconf 90' lang='lat' dir='ltr'><strong>quadrigas.</strong></span> <span class='ocrx_word' id='word_1_398' title='bbox 2279 3316 2415 3369; x_wconf 89' lang='lat' dir='ltr'><strong>Tum</strong></span> <span class='ocrx_word' id='word_1_399' title='bbox 2445 3314 2594 3369; x_wconf 79' lang='lat' dir='ltr'><strong>vallis</strong></span> <span class='ocrx_word' id='word_1_400' title='bbox 2619 3314 2881 3383; x_wconf 91' lang='lat' dir='ltr'><strong>completa</strong></span> <span class='ocrx_word' id='word_1_401' title='bbox 2911 3314 3066 3383; x_wconf 88' lang='lat' dir='ltr'><strong>perit,</strong></span> <span class='ocrx_word' id='word_1_402' title='bbox 3097 3312 3367 3383; x_wconf 89' lang='lat' dir='ltr'><strong>fluctuque</strong></span> <span class='ocrx_word' id='word_1_403' title='bbox 3395 3327 3617 3368; x_wconf 88' lang='lat' dir='ltr'><strong>reverso</strong></span> 
     </span>
    </p>
   </div>
   <div class='ocr_carea' id='block_1_36' title="bbox 591 3404 3504 3474">
    <p class='ocr_par' dir='ltr' id='par_1_36' title="bbox 591 3404 3504 3474">
     <span class='ocr_line' id='line_1_36' title="bbox 591 3404 3504 3474; baseline -0.001 -13"><span class='ocrx_word' id='word_1_404' title='bbox 591 3408 657 3465; x_wconf 86' lang='lat' dir='ltr'><strong>Ut</strong></span> <span class='ocrx_word' id='word_1_405' title='bbox 689 3407 921 3462; x_wconf 90' lang='lat' dir='ltr'><strong>medium</strong></span> <span class='ocrx_word' id='word_1_406' title='bbox 955 3405 1099 3459; x_wconf 88' lang='lat' dir='ltr'><strong>venit</strong></span> <span class='ocrx_word' id='word_1_407' title='bbox 1124 3404 1380 3457; x_wconf 78' lang='lat' dir='ltr'><strong>frendens</strong></span> <span class='ocrx_word' id='word_1_408' title='bbox 1411 3404 1678 3472; x_wconf 87' lang='lat' dir='ltr'><strong>equitatus</strong></span> <span class='ocrx_word' id='word_1_409' title='bbox 1702 3404 1751 3457; x_wconf 90' lang='lat' dir='ltr'><strong>in</strong></span> <span class='ocrx_word' id='word_1_410' title='bbox 1780 3419 1983 3473; x_wconf 66' lang='lat' dir='ltr'><strong>aequor,</strong></span> <span class='ocrx_word' id='word_1_411' title='bbox 2280 3406 2501 3461; x_wconf 82' lang='lat' dir='ltr'><strong>Ducitur</strong></span> <span class='ocrx_word' id='word_1_412' title='bbox 2533 3415 2804 3461; x_wconf 80' lang='lat' dir='ltr'><strong>extentum</strong></span> <span class='ocrx_word' id='word_1_413' title='bbox 2831 3405 3029 3470; x_wconf 89' lang='lat' dir='ltr'><strong>planati</strong></span> <span class='ocrx_word' id='word_1_414' title='bbox 3054 3405 3277 3474; x_wconf 86' lang='lat' dir='ltr'><strong>gurgitis</strong></span> <span class='ocrx_word' id='word_1_415' title='bbox 3304 3418 3504 3472; x_wconf 64' lang='lat' dir='ltr'><strong>aequor.</strong></span> 
     </span>
    </p>
   </div>
   <div class='ocr_carea' id='block_1_37' title="bbox 587 3494 3533 3566">
    <p class='ocr_par' dir='ltr' id='par_1_37' title="bbox 587 3494 3533 3566">
     <span class='ocr_line' id='line_1_37' title="bbox 587 3494 3533 3566; baseline -0.002 -12"><span class='ocrx_word' id='word_1_416' title='bbox 587 3499 927 3566; x_wconf 78' lang='lat' dir='ltr'><strong>Accusatque</strong></span> <span class='ocrx_word' id='word_1_417' title='bbox 960 3511 1137 3550; x_wconf 84' lang='lat' dir='ltr'><strong>moras</strong></span> <span class='ocrx_word' id='word_1_418' title='bbox 1168 3505 1274 3548; x_wconf 93' lang='lat' dir='ltr'><strong>tam</strong></span> <span class='ocrx_word' id='word_1_419' title='bbox 1307 3494 1400 3548; x_wconf 92' lang='lat' dir='ltr'><strong>lati</strong></span> <span class='ocrx_word' id='word_1_420' title='bbox 1431 3495 1656 3564; x_wconf 88' lang='lat' dir='ltr'><strong>gurgitis</strong></span> <span class='ocrx_word' id='word_1_421' title='bbox 1677 3494 1873 3548; x_wconf 78' lang='lat' dir='ltr'><strong>ardens</strong></span> <span class='ocrx_word' id='word_1_422' title='bbox 2276 3498 2479 3552; x_wconf 83' lang='lat' dir='ltr'><strong>Littore</strong></span> <span class='ocrx_word' id='word_1_423' title='bbox 2507 3498 2773 3566; x_wconf 84' lang='lat' dir='ltr'><strong>jactantur</strong></span> <span class='ocrx_word' id='word_1_424' title='bbox 2804 3506 2914 3549; x_wconf 87' lang='lat' dir='ltr'><strong>tum</strong></span> <span class='ocrx_word' id='word_1_425' title='bbox 2947 3506 3079 3549; x_wconf 91' lang='lat' dir='ltr'><strong>tetra</strong></span> <span class='ocrx_word' id='word_1_426' title='bbox 3109 3496 3367 3549; x_wconf 87' lang='lat' dir='ltr'><strong>cadavera</strong></span> <span class='ocrx_word' id='word_1_427' title='bbox 3399 3504 3533 3558; x_wconf 88' lang='lat' dir='ltr'><strong>toto,</strong></span> 
     </span>
    </p>
   </div>
   <div class='ocr_carea' id='block_1_38' title="bbox 587 3566 3799 3657">
    <p class='ocr_par' dir='ltr' id='par_1_38' title="bbox 587 3566 3799 3657">
     <span class='ocr_line' id='line_1_38' title="bbox 587 3566 3799 3657; baseline -0.001 -12"><span class='ocrx_word' id='word_1_428' title='bbox 587 3590 667 3646; x_wconf 91' lang='lat' dir='ltr'><strong>Ira</strong></span> <span class='ocrx_word' id='word_1_429' title='bbox 696 3592 894 3653; x_wconf 87' lang='lat' dir='ltr'><strong>virum,</strong></span> <span class='ocrx_word' id='word_1_430' title='bbox 922 3586 1103 3641; x_wconf 92' lang='lat' dir='ltr'><strong>tremit</strong></span> <span class='ocrx_word' id='word_1_431' title='bbox 1138 3595 1343 3638; x_wconf 85' lang='lat' dir='ltr'><strong>arctato</strong></span> <span class='ocrx_word' id='word_1_432' title='bbox 1368 3600 1489 3653; x_wconf 91' lang='lat' dir='ltr'><strong>pars</strong></span> <span class='ocrx_word' id='word_1_433' title='bbox 1518 3585 1688 3638; x_wconf 86' lang='lat' dir='ltr'><strong>altera</strong></span> <span class='ocrx_word' id='word_1_434' title='bbox 1722 3584 1955 3636; x_wconf 85' lang='lat' dir='ltr'><strong>mundo:</strong></span> <span class='ocrx_word' id='word_1_435' title='bbox 2278 3588 2642 3657; x_wconf 83' lang='lat' dir='ltr'><strong>Exposuitque</strong></span> <span class='ocrx_word' id='word_1_436' title='bbox 2664 3602 2815 3639; x_wconf 85' lang='lat' dir='ltr'><strong>suum</strong></span> <span class='ocrx_word' id='word_1_437' title='bbox 2848 3586 3066 3655; x_wconf 89' lang='lat' dir='ltr'><strong>pelagus</strong></span> <span class='ocrx_word' id='word_1_438' title='bbox 3099 3600 3258 3655; x_wconf 91' lang='lat' dir='ltr'><strong>super</strong></span> <span class='ocrx_word' id='word_1_439' title='bbox 3286 3600 3415 3638; x_wconf 88' lang='lat' dir='ltr'><strong>arva</strong></span> <span class='ocrx_word' id='word_1_440' title='bbox 3451 3566 3799 3655; x_wconf 79' lang='lat' dir='ltr'><strong>triumphum.</strong></span> 
     </span>
    </p>
   </div>
   <div class='ocr_carea' id='block_1_39' title="bbox 586 3674 3633 3753">
    <p class='ocr_par' dir='ltr' id='par_1_39' title="bbox 586 3674 3633 3753">
     <span class='ocr_line' id='line_1_39' title="bbox 586 3674 3633 3753; baseline -0.003 -15"><span class='ocrx_word' id='word_1_441' title='bbox 586 3685 720 3743; x_wconf 82' lang='lat' dir='ltr'><strong>Tum</strong></span> <span class='ocrx_word' id='word_1_442' title='bbox 749 3699 845 3753; x_wconf 89' lang='lat' dir='ltr'><strong>per</strong></span> <span class='ocrx_word' id='word_1_443' title='bbox 875 3682 1155 3736; x_wconf 88' lang='lat' dir='ltr'><strong>sublimem</strong></span> <span class='ocrx_word' id='word_1_444' title='bbox 1185 3679 1486 3746; x_wconf 72' lang='lat' dir='ltr'><strong>s;:lendenti</strong></span> <span class='ocrx_word' id='word_1_445' title='bbox 1516 3678 1653 3731; x_wconf 90' lang='lat' dir='ltr'><strong>nube</strong></span> <span class='ocrx_word' id='word_1_446' title='bbox 1675 3678 1979 3731; x_wconf 54' lang='lat' dir='ltr'><strong>columnam</strong></span> <span class='ocrx_word' id='word_1_447' title='bbox 2346 3678 2578 3749; x_wconf 86' lang='lat' dir='ltr'><strong>lnclytus</strong></span> <span class='ocrx_word' id='word_1_448' title='bbox 2606 3680 2876 3745; x_wconf 83' lang='lat' dir='ltr'><strong>egregium</strong></span> <span class='ocrx_word' id='word_1_449' title='bbox 2910 3676 3136 3729; x_wconf 88' lang='lat' dir='ltr'><strong>solemni</strong></span> <span class='ocrx_word' id='word_1_450' title='bbox 3170 3674 3410 3729; x_wconf 81' lang='lat' dir='ltr'><strong>carmine</strong></span> <span class='ocrx_word' id='word_1_451' title='bbox 3444 3675 3633 3730; x_wconf 90' lang='lat' dir='ltr'><strong>ductor</strong></span> 
     </span>
    </p>
   </div>
   <div class='ocr_carea' id='block_1_40' title="bbox 587 3768 3542 3838">
    <p class='ocr_par' dir='ltr' id='par_1_40' title="bbox 587 3768 3542 3838">
     <span class='ocr_line' id='line_1_40' title="bbox 587 3768 3542 3838; baseline -0.002 -9"><span class='ocrx_word' id='word_1_452' title='bbox 587 3774 664 3829; x_wconf 89' lang='lat' dir='ltr'><strong>De</strong></span> <span class='ocrx_word' id='word_1_453' title='bbox 686 3774 827 3827; x_wconf 62' lang='lat' dir='ltr'><strong>caelo</strong></span> <span class='ocrx_word' id='word_1_454' title='bbox 857 3787 958 3825; x_wconf 84' lang='lat' dir='ltr'><strong>vox</strong></span> <span class='ocrx_word' id='word_1_455' title='bbox 990 3772 1154 3822; x_wconf 90' lang='lat' dir='ltr'><strong>missa</strong></span> <span class='ocrx_word' id='word_1_456' title='bbox 1188 3780 1355 3828; x_wconf 82' lang='lat' dir='ltr'><strong>tonat.</strong></span> <span class='ocrx_word' id='word_1_457' title='bbox 1381 3770 1635 3837; x_wconf 85' lang='lat' dir='ltr'><strong>verbique</strong></span> <span class='ocrx_word' id='word_1_458' title='bbox 1666 3768 1886 3836; x_wconf 90' lang='lat' dir='ltr'><strong>superni</strong></span> <span class='ocrx_word' id='word_1_459' title='bbox 2279 3771 2537 3825; x_wconf 88' lang='lat' dir='ltr'><strong>Describit</strong></span> <span class='ocrx_word' id='word_1_460' title='bbox 2571 3770 2787 3835; x_wconf 90' lang='lat' dir='ltr'><strong>factum,</strong></span> <span class='ocrx_word' id='word_1_461' title='bbox 2821 3778 2930 3822; x_wconf 90' lang='lat' dir='ltr'><strong>toto</strong></span> <span class='ocrx_word' id='word_1_462' title='bbox 2954 3768 3093 3838; x_wconf 89' lang='lat' dir='ltr'><strong>quod</strong></span> <span class='ocrx_word' id='word_1_463' title='bbox 3123 3768 3365 3836; x_wconf 89' lang='lat' dir='ltr'><strong>psallitur</strong></span> <span class='ocrx_word' id='word_1_464' title='bbox 3392 3768 3542 3831; x_wconf 89' lang='lat' dir='ltr'><strong>orbe,</strong></span> 
     </span>
    </p>
   </div>
   <div class='ocr_carea' id='block_1_41' title="bbox 586 3857 3530 3932">
    <p class='ocr_par' dir='ltr' id='par_1_41' title="bbox 586 3857 3530 3932">
     <span class='ocr_line' id='line_1_41' title="bbox 586 3857 3530 3932; baseline -0.002 -15"><span class='ocrx_word' id='word_1_465' title='bbox 586 3862 880 3932; x_wconf 90' lang='lat' dir='ltr'><strong>lnterprcs,</strong></span> <span class='ocrx_word' id='word_1_466' title='bbox 905 3871 1151 3913; x_wconf 86' lang='lat' dir='ltr'><strong>sanctum</strong></span> <span class='ocrx_word' id='word_1_467' title='bbox 1186 3861 1517 3928; x_wconf 84' lang='lat' dir='ltr'><strong>compellans</strong></span> <span class='ocrx_word' id='word_1_468' title='bbox 1549 3858 1765 3912; x_wconf 90' lang='lat' dir='ltr'><strong>nomine</strong></span> <span class='ocrx_word' id='word_1_469' title='bbox 1790 3859 2010 3926; x_wconf 81' lang='lat' dir='ltr'><strong>Mosem,</strong></span> <span class='ocrx_word' id='word_1_470' title='bbox 2273 3861 2405 3915; x_wconf 89' lang='lat' dir='ltr'><strong>Cum</strong></span> <span class='ocrx_word' id='word_1_471' title='bbox 2437 3871 2653 3930; x_wconf 76' lang='lat' dir='ltr'><strong>purgata</strong></span> <span class='ocrx_word' id='word_1_472' title='bbox 2678 3860 2844 3913; x_wconf 86' lang='lat' dir='ltr'><strong>sacris</strong></span> <span class='ocrx_word' id='word_1_473' title='bbox 2872 3860 3079 3913; x_wconf 75' lang='lat' dir='ltr'><strong>deletur</strong></span> <span class='ocrx_word' id='word_1_474' title='bbox 3108 3860 3262 3927; x_wconf 91' lang='lat' dir='ltr'><strong>culpa</strong></span> <span class='ocrx_word' id='word_1_475' title='bbox 3294 3857 3530 3920; x_wconf 73' lang='lat' dir='ltr'><strong>fluentis,</strong></span> 
     </span>
    </p>
   </div>
   <div class='ocr_carea' id='block_1_42' title="bbox 587 3949 3566 4023">
    <p class='ocr_par' dir='ltr' id='par_1_42' title="bbox 587 3949 3566 4023">
     <span class='ocr_line' id='line_1_42' title="bbox 587 3949 3566 4023; baseline -0 -15"><span class='ocrx_word' id='word_1_476' title='bbox 587 3954 766 4017; x_wconf 81' lang='lat' dir='ltr'><strong>Venit,</strong></span> <span class='ocrx_word' id='word_1_477' title='bbox 807 3954 899 4019; x_wconf 86' lang='lat' dir='ltr'><strong>ait,</strong></span> <span class='ocrx_word' id='word_1_478' title='bbox 937 3960 1146 4019; x_wconf 88' lang='lat' dir='ltr'><strong>tempus</strong></span> <span class='ocrx_word' id='word_1_479' title='bbox 1176 3966 1292 4004; x_wconf 83' lang='lat' dir='ltr'><strong>mea</strong></span> <span class='ocrx_word' id='word_1_480' title='bbox 1323 3965 1429 4018; x_wconf 92' lang='lat' dir='ltr'><strong>quo</strong></span> <span class='ocrx_word' id='word_1_481' title='bbox 1459 3949 1706 4002; x_wconf 63' lang='lat' dir='ltr'><strong>mandata</strong></span> <span class='ocrx_word' id='word_1_482' title='bbox 1736 3950 2059 4018; x_wconf 85' lang='lat' dir='ltr'><strong>probentur;</strong></span> <span class='ocrx_word' id='word_1_483' title='bbox 2273 3955 2584 4023; x_wconf 85' lang='lat' dir='ltr'><strong>Emittitque</strong></span> <span class='ocrx_word' id='word_1_484' title='bbox 2613 3969 2803 4007; x_wconf 77' lang='lat' dir='ltr'><strong>novam</strong></span> <span class='ocrx_word' id='word_1_485' title='bbox 2836 3954 3090 4021; x_wconf 89' lang='lat' dir='ltr'><strong>parientis</strong></span> <span class='ocrx_word' id='word_1_486' title='bbox 3122 3953 3334 4023; x_wconf 84' lang='lat' dir='ltr'><strong>lympha</strong></span> <span class='ocrx_word' id='word_1_487' title='bbox 3368 3954 3566 4009; x_wconf 91' lang='lat' dir='ltr'><strong>lavacri</strong></span> 
     </span>
    </p>
   </div>
   <div class='ocr_carea' id='block_1_43' title="bbox 587 4042 3601 4115">
    <p class='ocr_par' dir='ltr' id='par_1_43' title="bbox 587 4042 3601 4115">
     <span class='ocr_line' id='line_1_43' title="bbox 587 4042 3601 4115; baseline -0.001 -12"><span class='ocrx_word' id='word_1_488' title='bbox 587 4044 821 4115; x_wconf 65' lang='lat' dir='ltr'><strong>Egypto</strong></span> <span class='ocrx_word' id='word_1_489' title='bbox 842 4045 951 4112; x_wconf 86' lang='lat' dir='ltr'><strong>jam</strong></span> <span class='ocrx_word' id='word_1_490' title='bbox 980 4044 1101 4097; x_wconf 89' lang='lat' dir='ltr'><strong>finis</strong></span> <span class='ocrx_word' id='word_1_491' title='bbox 1129 4045 1252 4109; x_wconf 90' lang='lat' dir='ltr'><strong>erit,</strong></span> <span class='ocrx_word' id='word_1_492' title='bbox 1275 4042 1382 4112; x_wconf 84' lang='lat' dir='ltr'><strong>jam</strong></span> <span class='ocrx_word' id='word_1_493' title='bbox 1412 4042 1563 4096; x_wconf 88' lang='lat' dir='ltr'><strong>clade</strong></span> <span class='ocrx_word' id='word_1_494' title='bbox 1587 4057 1835 4111; x_wconf 80' lang='lat' dir='ltr'><strong>Stlpl‘em‘l</strong></span> <span class='ocrx_word' id='word_1_495' title='bbox 2273 4047 2505 4110; x_wconf 91' lang='lat' dir='ltr'><strong>Prolem,</strong></span> <span class='ocrx_word' id='word_1_496' title='bbox 2532 4054 2649 4112; x_wconf 87' lang='lat' dir='ltr'><strong>post</strong></span> <span class='ocrx_word' id='word_1_497' title='bbox 2670 4054 2879 4098; x_wconf 88' lang='lat' dir='ltr'><strong>veteres</strong></span> <span class='ocrx_word' id='word_1_498' title='bbox 2899 4058 3032 4112; x_wconf 91' lang='lat' dir='ltr'><strong>quos</strong></span> <span class='ocrx_word' id='word_1_499' title='bbox 3061 4044 3229 4099; x_wconf 90' lang='lat' dir='ltr'><strong>edidit</strong></span> <span class='ocrx_word' id='word_1_500' title='bbox 3256 4044 3363 4099; x_wconf 86' lang='lat' dir='ltr'><strong>Eva</strong></span> <span class='ocrx_word' id='word_1_501' title='bbox 3400 4055 3601 4100; x_wconf 89' lang='lat' dir='ltr'><strong>reatus.</strong></span> 
     </span>
    </p>
   </div>
   <div class='ocr_carea' id='block_1_44' title="bbox 585 4133 3633 4205">
    <p class='ocr_par' dir='ltr' id='par_1_44' title="bbox 585 4133 3633 4205">
     <span class='ocr_line' id='line_1_44' title="bbox 585 4133 3633 4205; baseline -0.001 -14"><span class='ocrx_word' id='word_1_502' title='bbox 585 4134 686 4191; x_wconf 87' lang='lat' dir='ltr'><strong>Tot</strong></span> <span class='ocrx_word' id='word_1_503' title='bbox 712 4135 1021 4205; x_wconf 78' lang='lat' dir='ltr'><strong>castigatam</strong></span> <span class='ocrx_word' id='word_1_504' title='bbox 1050 4134 1252 4187; x_wconf 82' lang='lat' dir='ltr'><strong>vicibus</strong></span> <span class='ocrx_word' id='word_1_505' title='bbox 1280 4133 1543 4187; x_wconf 88' lang='lat' dir='ltr'><strong>sententia</strong></span> <span class='ocrx_word' id='word_1_506' title='bbox 1578 4144 1809 4186; x_wconf 89' lang='lat' dir='ltr'><strong>mentem</strong></span> <span class='ocrx_word' id='word_1_507' title='bbox 2270 4136 2345 4190; x_wconf 89' lang='lat' dir='ltr'><strong>De</strong></span> <span class='ocrx_word' id='word_1_508' title='bbox 2368 4151 2467 4203; x_wconf 90' lang='lat' dir='ltr'><strong>qua</strong></span> <span class='ocrx_word' id='word_1_509' title='bbox 2493 4149 2794 4188; x_wconf 88' lang='lat' dir='ltr'><strong>sermonem</strong></span> <span class='ocrx_word' id='word_1_510' title='bbox 2820 4134 3095 4202; x_wconf 74' lang='lat' dir='ltr'><strong>przemisso</strong></span> <span class='ocrx_word' id='word_1_511' title='bbox 3126 4134 3363 4189; x_wconf 90' lang='lat' dir='ltr'><strong>carmine</strong></span> <span class='ocrx_word' id='word_1_512' title='bbox 3385 4134 3633 4203; x_wconf 89' lang='lat' dir='ltr'><strong>sumpsit,</strong></span> 
     </span>
    </p>
   </div>
   <div class='ocr_carea' id='block_1_45' title="bbox 584 4226 3594 4299">
    <p class='ocr_par' dir='ltr' id='par_1_45' title="bbox 584 4226 3594 4299">
     <span class='ocr_line' id='line_1_45' title="bbox 584 4226 3594 4299; baseline -0.001 -16"><span class='ocrx_word' id='word_1_513' title='bbox 584 4230 775 4284; x_wconf 92' lang='lat' dir='ltr'><strong>Puniet</strong></span> <span class='ocrx_word' id='word_1_514' title='bbox 794 4244 1103 4299; x_wconf 82' lang='lat' dir='ltr'><strong>expugnans</strong></span> <span class='ocrx_word' id='word_1_515' title='bbox 1128 4244 1144 4281; x_wconf 88' lang='lat'><strong>:</strong></span> <span class='ocrx_word' id='word_1_516' title='bbox 1173 4227 1319 4281; x_wconf 88' lang='lat' dir='ltr'><strong>ensis</strong></span> <span class='ocrx_word' id='word_1_517' title='bbox 1349 4230 1574 4283; x_wconf 90' lang='lat' dir='ltr'><strong>succede</strong></span> <span class='ocrx_word' id='word_1_518' title='bbox 1600 4226 1842 4297; x_wconf 78' lang='lat' dir='ltr'><strong>ﬂagellis.</strong></span> <span class='ocrx_word' id='word_1_519' title='bbox 2270 4228 2553 4283; x_wconf 85' lang='lat' dir='ltr'><strong>Luctilicos</strong></span> <span class='ocrx_word' id='word_1_520' title='bbox 2579 4228 2802 4296; x_wconf 71' lang='lat' dir='ltr'><strong>replicat</strong></span> <span class='ocrx_word' id='word_1_521' title='bbox 2834 4228 3006 4280; x_wconf 92' lang='lat' dir='ltr'><strong>tenuis</strong></span> <span class='ocrx_word' id='word_1_522' title='bbox 3035 4228 3159 4280; x_wconf 87' lang='lat' dir='ltr'><strong>dum</strong></span> <span class='ocrx_word' id='word_1_523' title='bbox 3184 4228 3372 4297; x_wconf 90' lang='lat' dir='ltr'><strong>pagina</strong></span> <span class='ocrx_word' id='word_1_524' title='bbox 3396 4228 3594 4296; x_wconf 90' lang='lat' dir='ltr'><strong>lapsus.</strong></span> 
     </span>
    </p>
   </div>
   <div class='ocr_carea' id='block_1_46' title="bbox 581 4319 3807 4391">
    <p class='ocr_par' dir='ltr' id='par_1_46' title="bbox 581 4319 3807 4391">
     <span class='ocr_line' id='line_1_46' title="bbox 581 4319 3807 4391; baseline -0 -16"><span class='ocrx_word' id='word_1_525' title='bbox 581 4322 663 4375; x_wconf 86' lang='lat' dir='ltr'><strong>Tu</strong></span> <span class='ocrx_word' id='word_1_526' title='bbox 695 4320 854 4374; x_wconf 90' lang='lat' dir='ltr'><strong>modo</strong></span> <span class='ocrx_word' id='word_1_527' title='bbox 883 4319 1115 4373; x_wconf 47' lang='lat' dir='ltr'><strong>divisum</strong></span> <span class='ocrx_word' id='word_1_528' title='bbox 1139 4323 1286 4387; x_wconf 87' lang='lat' dir='ltr'><strong>virga</strong></span> <span class='ocrx_word' id='word_1_529' title='bbox 1310 4319 1419 4387; x_wconf 89' lang='lat' dir='ltr'><strong>jam</strong></span> <span class='ocrx_word' id='word_1_530' title='bbox 1449 4328 1668 4387; x_wconf 91' lang='lat' dir='ltr'><strong>percute</strong></span> <span class='ocrx_word' id='word_1_531' title='bbox 1699 4320 1937 4385; x_wconf 83' lang='lat' dir='ltr'><strong>fluctum,</strong></span> <span class='ocrx_word' id='word_1_532' title='bbox 2269 4323 2325 4376; x_wconf 88' lang='lat' dir='ltr'><strong>Si</strong></span> <span class='ocrx_word' id='word_1_533' title='bbox 2358 4322 2483 4391; x_wconf 91' lang='lat' dir='ltr'><strong>quid</strong></span> <span class='ocrx_word' id='word_1_534' title='bbox 2516 4323 2665 4375; x_wconf 74' lang='lat' dir='ltr'><strong>tri.~te</strong></span> <span class='ocrx_word' id='word_1_535' title='bbox 2697 4321 2815 4386; x_wconf 85' lang='lat' dir='ltr'><strong>fuit,</strong></span> <span class='ocrx_word' id='word_1_536' title='bbox 2848 4320 3048 4374; x_wconf 86' lang='lat' dir='ltr'><strong>dictum</strong></span> <span class='ocrx_word' id='word_1_537' title='bbox 3079 4330 3161 4375; x_wconf 90' lang='lat' dir='ltr'><strong>est</strong></span> <span class='ocrx_word' id='word_1_538' title='bbox 3187 4322 3326 4391; x_wconf 93' lang='lat' dir='ltr'><strong>quod</strong></span> <span class='ocrx_word' id='word_1_539' title='bbox 3365 4336 3599 4391; x_wconf 88' lang='lat' dir='ltr'><strong>paupere</strong></span> <span class='ocrx_word' id='word_1_540' title='bbox 3626 4333 3807 4388; x_wconf 75' lang='lat' dir='ltr'><strong>versu,‘</strong></span> 
     </span>
    </p>
   </div>
   <div class='ocr_carea' id='block_1_47' title="bbox 583 4412 3664 4482">
    <p class='ocr_par' dir='ltr' id='par_1_47' title="bbox 583 4412 3664 4482">
     <span class='ocr_line' id='line_1_47' title="bbox 583 4412 3664 4482; baseline -0.001 -14"><span class='ocrx_word' id='word_1_541' title='bbox 583 4416 755 4482; x_wconf 77' lang='lat' dir='ltr'><strong>Atque</strong></span> <span class='ocrx_word' id='word_1_542' title='bbox 781 4412 999 4467; x_wconf 90' lang='lat' dir='ltr'><strong>reducta</strong></span> <span class='ocrx_word' id='word_1_543' title='bbox 1023 4426 1151 4465; x_wconf 89' lang='lat' dir='ltr'><strong>suos</strong></span> <span class='ocrx_word' id='word_1_544' title='bbox 1175 4420 1453 4464; x_wconf 83' lang='lat' dir='ltr'><strong>assumant</strong></span> <span class='ocrx_word' id='word_1_545' title='bbox 1477 4426 1692 4479; x_wconf 85' lang='lat' dir='ltr'><strong>aequora</strong></span> <span class='ocrx_word' id='word_1_546' title='bbox 1722 4412 1921 4466; x_wconf 90' lang='lat' dir='ltr'><strong>vultus.</strong></span> <span class='ocrx_word' id='word_1_547' title='bbox 2267 4413 2505 4466; x_wconf 82' lang='lat' dir='ltr'><strong>&#39;l‘erserit</strong></span> <span class='ocrx_word' id='word_1_548' title='bbox 2533 4412 2632 4466; x_wconf 90' lang='lat' dir='ltr'><strong>hoc</strong></span> <span class='ocrx_word' id='word_1_549' title='bbox 2655 4412 2790 4466; x_wconf 90' lang='lat' dir='ltr'><strong>sacri</strong></span> <span class='ocrx_word' id='word_1_550' title='bbox 2825 4412 3189 4466; x_wconf 89' lang='lat' dir='ltr'><strong>memorabilis</strong></span> <span class='ocrx_word' id='word_1_551' title='bbox 3221 4413 3359 4467; x_wconf 88' lang='lat' dir='ltr'><strong>unda</strong></span> <span class='ocrx_word' id='word_1_552' title='bbox 3391 4412 3664 4481; x_wconf 81' lang='lat' dir='ltr'><strong>triumphi,</strong></span> 
     </span>
    </p>
   </div>
   <div class='ocr_carea' id='block_1_48' title="bbox 658 4502 3700 4575">
    <p class='ocr_par' dir='ltr' id='par_1_48' title="bbox 658 4502 3700 4575">
     <span class='ocr_line' id='line_1_48' title="bbox 658 4502 3700 4575; baseline -0.001 -16"><span class='ocrx_word' id='word_1_553' title='bbox 658 4507 748 4561; x_wconf 91' lang='lat' dir='ltr'><strong>Ille</strong></span> <span class='ocrx_word' id='word_1_554' title='bbox 772 4521 910 4575; x_wconf 88' lang='lat' dir='ltr'><strong>genu</strong></span> <span class='ocrx_word' id='word_1_555' title='bbox 944 4506 1049 4557; x_wconf 82' lang='lat' dir='ltr'><strong>fixo</strong></span> <span class='ocrx_word' id='word_1_556' title='bbox 1079 4505 1261 4557; x_wconf 82' lang='lat' dir='ltr'><strong>siccati</strong></span> <span class='ocrx_word' id='word_1_557' title='bbox 1291 4502 1544 4573; x_wconf 88' lang='lat' dir='ltr'><strong>marginis</strong></span> <span class='ocrx_word' id='word_1_558' title='bbox 1565 4520 1708 4565; x_wconf 87' lang='lat' dir='ltr'><strong>oras,</strong></span> <span class='ocrx_word' id='word_1_559' title='bbox 2269 4504 2470 4557; x_wconf 83' lang='lat' dir='ltr'><strong>Gaudia</strong></span> <span class='ocrx_word' id='word_1_560' title='bbox 2498 4520 2605 4573; x_wconf 91' lang='lat' dir='ltr'><strong>quo</strong></span> <span class='ocrx_word' id='word_1_561' title='bbox 2636 4510 2912 4567; x_wconf 83' lang='lat' dir='ltr'><strong>resonant,</strong></span> <span class='ocrx_word' id='word_1_562' title='bbox 2938 4504 3143 4557; x_wconf 89' lang='lat' dir='ltr'><strong>crimen</strong></span> <span class='ocrx_word' id='word_1_563' title='bbox 3176 4519 3280 4572; x_wconf 93' lang='lat' dir='ltr'><strong>quo</strong></span> <span class='ocrx_word' id='word_1_564' title='bbox 3308 4503 3514 4557; x_wconf 81' lang='lat' dir='ltr'><strong>tollitur</strong></span> <span class='ocrx_word' id='word_1_565' title='bbox 3541 4510 3700 4557; x_wconf 83' lang='lat' dir='ltr'><strong>Omne</strong></span> 
     </span>
    </p>
   </div>
   <div class='ocr_carea' id='block_1_49' title="bbox 583 4590 3712 4666">
    <p class='ocr_par' dir='ltr' id='par_1_49' title="bbox 583 4590 3712 4666">
     <span class='ocr_line' id='line_1_49' title="bbox 583 4590 3712 4666; baseline -0.002 -12"><span class='ocrx_word' id='word_1_566' title='bbox 583 4598 655 4654; x_wconf 89' lang='lat' dir='ltr'><strong>Et</strong></span> <span class='ocrx_word' id='word_1_567' title='bbox 679 4598 825 4651; x_wconf 89' lang='lat' dir='ltr'><strong>littus</strong></span> <span class='ocrx_word' id='word_1_568' title='bbox 852 4597 938 4651; x_wconf 90' lang='lat' dir='ltr'><strong>cui</strong></span> <span class='ocrx_word' id='word_1_569' title='bbox 970 4595 1163 4649; x_wconf 84' lang='lat' dir='ltr'><strong>fluctus</strong></span> <span class='ocrx_word' id='word_1_570' title='bbox 1193 4596 1363 4659; x_wconf 86' lang='lat' dir='ltr'><strong>abest,</strong></span> <span class='ocrx_word' id='word_1_571' title='bbox 1411 4612 1531 4649; x_wconf 89' lang='lat' dir='ltr'><strong>mox</strong></span> <span class='ocrx_word' id='word_1_572' title='bbox 1561 4598 1741 4664; x_wconf 89' lang='lat' dir='ltr'><strong>jussus</strong></span> <span class='ocrx_word' id='word_1_573' title='bbox 1766 4599 1954 4654; x_wconf 85' lang='lat' dir='ltr'><strong>adesse</strong></span> <span class='ocrx_word' id='word_1_574' title='bbox 2182 4590 2240 4652; x_wconf 84' lang='lat' dir='ltr'><strong><em>D</em></strong></span> <span class='ocrx_word' id='word_1_575' title='bbox 2267 4598 2368 4652; x_wconf 83' lang='lat' dir='ltr'><strong>Per</strong></span> <span class='ocrx_word' id='word_1_576' title='bbox 2400 4598 2693 4661; x_wconf 86' lang='lat' dir='ltr'><strong>lavacrum,</strong></span> <span class='ocrx_word' id='word_1_577' title='bbox 2716 4599 2949 4666; x_wconf 87' lang='lat' dir='ltr'><strong>vivitque</strong></span> <span class='ocrx_word' id='word_1_578' title='bbox 2973 4612 3141 4650; x_wconf 91' lang='lat' dir='ltr'><strong>novus</strong></span> <span class='ocrx_word' id='word_1_579' title='bbox 3171 4606 3426 4666; x_wconf 90' lang='lat' dir='ltr'><strong>pereunte</strong></span> <span class='ocrx_word' id='word_1_580' title='bbox 3460 4610 3712 4650; x_wconf 89' lang='lat' dir='ltr'><strong>veterno:</strong></span> 
     </span>
    </p>
   </div>
   <div class='ocr_carea' id='block_1_50' title="bbox 586 4686 3707 4759">
    <p class='ocr_par' dir='ltr' id='par_1_50' title="bbox 586 4686 3707 4759">
     <span class='ocr_line' id='line_1_50' title="bbox 586 4686 3707 4759; baseline -0.002 -14"><span class='ocrx_word' id='word_1_581' title='bbox 586 4689 850 4753; x_wconf 88' lang='lat' dir='ltr'><strong>Percutit,</strong></span> <span class='ocrx_word' id='word_1_582' title='bbox 873 4686 1067 4758; x_wconf 74' lang='lat' dir='ltr'><strong>insugni</strong></span> <span class='ocrx_word' id='word_1_583' title='bbox 1096 4686 1323 4742; x_wconf 90' lang='lat' dir='ltr'><strong>credens</strong></span> <span class='ocrx_word' id='word_1_584' title='bbox 1350 4690 1601 4757; x_wconf 88' lang='lat' dir='ltr'><strong>mysteria</strong></span> <span class='ocrx_word' id='word_1_585' title='bbox 1632 4689 1793 4759; x_wconf 87' lang='lat' dir='ltr'><strong>ligno.</strong></span> <span class='ocrx_word' id='word_1_586' title='bbox 2266 4689 2385 4756; x_wconf 89' lang='lat' dir='ltr'><strong>Quo</strong></span> <span class='ocrx_word' id='word_1_587' title='bbox 2410 4689 2546 4743; x_wconf 92' lang='lat' dir='ltr'><strong>bona</strong></span> <span class='ocrx_word' id='word_1_588' title='bbox 2570 4697 2915 4758; x_wconf 82' lang='lat' dir='ltr'><strong>consurgunt,</strong></span> <span class='ocrx_word' id='word_1_589' title='bbox 2945 4703 3050 4758; x_wconf 91' lang='lat' dir='ltr'><strong>quo</strong></span> <span class='ocrx_word' id='word_1_590' title='bbox 3078 4688 3233 4741; x_wconf 83' lang='lat' dir='ltr'><strong>noxia</strong></span> <span class='ocrx_word' id='word_1_591' title='bbox 3258 4687 3396 4741; x_wconf 87' lang='lat' dir='ltr'><strong>facta</strong></span> <span class='ocrx_word' id='word_1_592' title='bbox 3426 4697 3707 4751; x_wconf 87' lang='lat' dir='ltr'><strong>necantur,</strong></span> 
     </span>
    </p>
   </div>
   <div class='ocr_carea' id='block_1_51' title="bbox 584 4775 3408 4851">
    <p class='ocr_par' dir='ltr' id='par_1_51' title="bbox 584 4775 3408 4851">
     <span class='ocr_line' id='line_1_51' title="bbox 584 4775 3408 4851; baseline -0.001 -15"><span class='ocrx_word' id='word_1_593' title='bbox 584 4781 723 4837; x_wconf 78' lang='lat' dir='ltr'><strong>Hinc</strong></span> <span class='ocrx_word' id='word_1_594' title='bbox 752 4780 959 4835; x_wconf 89' lang='lat' dir='ltr'><strong>subitus</strong></span> <span class='ocrx_word' id='word_1_595' title='bbox 982 4779 1247 4849; x_wconf 86' lang='lat' dir='ltr'><strong>crepitare</strong></span> <span class='ocrx_word' id='word_1_596' title='bbox 1278 4775 1490 4850; x_wconf 72' lang='lat' dir='ltr'><strong>Yragor,</strong></span> <span class='ocrx_word' id='word_1_597' title='bbox 1524 4790 1669 4834; x_wconf 86' lang='lat' dir='ltr'><strong>tonat</strong></span> <span class='ocrx_word' id='word_1_598' title='bbox 1695 4782 1928 4851; x_wconf 89' lang='lat' dir='ltr'><strong>undique</strong></span> <span class='ocrx_word' id='word_1_599' title='bbox 1960 4784 2159 4840; x_wconf 92' lang='lat' dir='ltr'><strong>circum</strong></span> <span class='ocrx_word' id='word_1_600' title='bbox 2268 4782 2429 4837; x_wconf 89' lang='lat' dir='ltr'><strong>Israel</strong></span> <span class='ocrx_word' id='word_1_601' title='bbox 2462 4796 2616 4836; x_wconf 88' lang='lat' dir='ltr'><strong>verus</strong></span> <span class='ocrx_word' id='word_1_602' title='bbox 2639 4782 2806 4835; x_wconf 88' lang='lat' dir='ltr'><strong>sacris</strong></span> <span class='ocrx_word' id='word_1_603' title='bbox 2843 4797 2949 4850; x_wconf 91' lang='lat' dir='ltr'><strong>quo</strong></span> <span class='ocrx_word' id='word_1_604' title='bbox 2980 4781 3201 4849; x_wconf 89' lang='lat' dir='ltr'><strong>tingitur</strong></span> <span class='ocrx_word' id='word_1_605' title='bbox 3234 4778 3408 4845; x_wconf 48' lang='lat' dir='ltr'><strong>undis,</strong></span> 
     </span>
    </p>
   </div>
   <div class='ocr_carea' id='block_1_52' title="bbox 580 4872 3719 4944">
    <p class='ocr_par' dir='ltr' id='par_1_52' title="bbox 580 4872 3719 4944">
     <span class='ocr_line' id='line_1_52' title="bbox 580 4872 3719 4944; baseline -0.002 -15"><span class='ocrx_word' id='word_1_606' title='bbox 580 4873 823 4944; x_wconf 84' lang='lat' dir='ltr'><strong>Lympha</strong></span> <span class='ocrx_word' id='word_1_607' title='bbox 846 4886 1032 4936; x_wconf 91' lang='lat' dir='ltr'><strong>ruens,</strong></span> <span class='ocrx_word' id='word_1_608' title='bbox 1068 4872 1403 4940; x_wconf 90' lang='lat' dir='ltr'><strong>primumque</strong></span> <span class='ocrx_word' id='word_1_609' title='bbox 1436 4872 1543 4925; x_wconf 90' lang='lat' dir='ltr'><strong>illic</strong></span> <span class='ocrx_word' id='word_1_610' title='bbox 1570 4874 1919 4928; x_wconf 90' lang='lat' dir='ltr'><strong>committitur</strong></span> <span class='ocrx_word' id='word_1_611' title='bbox 1943 4876 2100 4941; x_wconf 92' lang='lat' dir='ltr'><strong>unda,</strong></span> <span class='ocrx_word' id='word_1_612' title='bbox 2266 4874 2514 4929; x_wconf 89' lang='lat' dir='ltr'><strong>Consona</strong></span> <span class='ocrx_word' id='word_1_613' title='bbox 2547 4888 2651 4943; x_wconf 92' lang='lat' dir='ltr'><strong>quo</strong></span> <span class='ocrx_word' id='word_1_614' title='bbox 2681 4883 2899 4928; x_wconf 87' lang='lat' dir='ltr'><strong>resonat</strong></span> <span class='ocrx_word' id='word_1_615' title='bbox 2924 4873 3231 4941; x_wconf 86' lang='lat' dir='ltr'><strong>persultans</strong></span> <span class='ocrx_word' id='word_1_616' title='bbox 3259 4873 3410 4925; x_wconf 87' lang='lat' dir='ltr'><strong>turba</strong></span> <span class='ocrx_word' id='word_1_617' title='bbox 3439 4881 3719 4942; x_wconf 72' lang='lat' dir='ltr'><strong>tropteum,</strong></span> 
     </span>
    </p>
   </div>
   <div class='ocr_carea' id='block_1_53' title="bbox 580 4963 3731 5037">
    <p class='ocr_par' dir='ltr' id='par_1_53' title="bbox 580 4963 3731 5037">
     <span class='ocr_line' id='line_1_53' title="bbox 580 4963 3731 5037; baseline -0.001 -17"><span class='ocrx_word' id='word_1_618' title='bbox 580 4968 695 5035; x_wconf 84' lang='lat' dir='ltr'><strong>Qua</strong></span> <span class='ocrx_word' id='word_1_619' title='bbox 726 4966 1060 5019; x_wconf 90' lang='lat' dir='ltr'><strong>monstrabat</strong></span> <span class='ocrx_word' id='word_1_620' title='bbox 1083 4963 1185 5016; x_wconf 91' lang='lat' dir='ltr'><strong>iter</strong></span> <span class='ocrx_word' id='word_1_621' title='bbox 1207 4963 1403 5017; x_wconf 89' lang='lat' dir='ltr'><strong>Phario</strong></span> <span class='ocrx_word' id='word_1_622' title='bbox 1434 4978 1549 5017; x_wconf 91' lang='lat' dir='ltr'><strong>sors</strong></span> <span class='ocrx_word' id='word_1_623' title='bbox 1577 4964 1765 5017; x_wconf 91' lang='lat' dir='ltr'><strong>ultima</strong></span> <span class='ocrx_word' id='word_1_624' title='bbox 1801 4968 1927 5034; x_wconf 72' lang='lat' dir='ltr'><strong>regi.</strong></span> <span class='ocrx_word' id='word_1_625' title='bbox 2265 4967 2382 5032; x_wconf 82' lang='lat' dir='ltr'><strong>Quo</strong></span> <span class='ocrx_word' id='word_1_626' title='bbox 2407 4966 2789 5035; x_wconf 70' lang='lat' dir='ltr'><strong>prmcurrentis</strong></span> <span class='ocrx_word' id='word_1_627' title='bbox 2813 4967 3151 5034; x_wconf 86' lang='lat' dir='ltr'><strong>complentur</strong></span> <span class='ocrx_word' id='word_1_628' title='bbox 3173 4964 3309 5018; x_wconf 93' lang='lat' dir='ltr'><strong>dona</strong></span> <span class='ocrx_word' id='word_1_629' title='bbox 3335 4966 3535 5032; x_wconf 72' lang='lat' dir='ltr'><strong>figurae,</strong></span> <span class='ocrx_word' id='word_1_630' title='bbox 3726 5034 3731 5037; x_wconf 16' lang='grc' dir='ltr'><strong>Α</strong></span> 
     </span>
    </p>
   </div>
   <div class='ocr_carea' id='block_1_54' title="bbox 580 5054 3683 5127">
    <p class='ocr_par' dir='ltr' id='par_1_54' title="bbox 580 5054 3683 5127">
     <span class='ocr_line' id='line_1_54' title="bbox 580 5054 3683 5127; baseline -0.001 -16"><span class='ocrx_word' id='word_1_631' title='bbox 580 5057 869 5127; x_wconf 88' lang='lat' dir='ltr'><strong>Postquam</strong></span> <span class='ocrx_word' id='word_1_632' title='bbox 896 5056 1076 5109; x_wconf 84' lang='lat' dir='ltr'><strong>clausa</strong></span> <span class='ocrx_word' id='word_1_633' title='bbox 1113 5054 1194 5107; x_wconf 91' lang='lat' dir='ltr'><strong>via</strong></span> <span class='ocrx_word' id='word_1_634' title='bbox 1218 5063 1321 5119; x_wconf 84' lang='lat' dir='ltr'><strong>est,</strong></span> <span class='ocrx_word' id='word_1_635' title='bbox 1351 5054 1651 5123; x_wconf 84' lang='lat' dir='ltr'><strong>fluctusque</strong></span> <span class='ocrx_word' id='word_1_636' title='bbox 1680 5054 1892 5123; x_wconf 90' lang='lat' dir='ltr'><strong>repellit</strong></span> <span class='ocrx_word' id='word_1_637' title='bbox 1919 5066 2155 5125; x_wconf 89' lang='lat' dir='ltr'><strong>euntem,</strong></span> <span class='ocrx_word' id='word_1_638' title='bbox 2266 5060 2395 5125; x_wconf 78' lang='lat' dir='ltr'><strong>Qua:</strong></span> <span class='ocrx_word' id='word_1_639' title='bbox 2420 5058 2534 5125; x_wconf 91' lang='lat' dir='ltr'><strong>pius</strong></span> <span class='ocrx_word' id='word_1_640' title='bbox 2556 5058 2809 5126; x_wconf 80' lang='lat' dir='ltr'><strong>explicuit</strong></span> <span class='ocrx_word' id='word_1_641' title='bbox 2836 5072 2929 5126; x_wconf 91' lang='lat' dir='ltr'><strong>per</strong></span> <span class='ocrx_word' id='word_1_642' title='bbox 2955 5060 3191 5125; x_wconf 89' lang='lat' dir='ltr'><strong>quinque</strong></span> <span class='ocrx_word' id='word_1_643' title='bbox 3220 5054 3483 5109; x_wconf 82' lang='lat' dir='ltr'><strong>volumina</strong></span> <span class='ocrx_word' id='word_1_644' title='bbox 3513 5066 3683 5117; x_wconf 88' lang='lat' dir='ltr'><strong>vates.</strong></span> 
     </span>
    </p>
   </div>
   <div class='ocr_carea' id='block_1_55' title="bbox 576 5146 3847 5217">
    <p class='ocr_par' dir='ltr' id='par_1_55' title="bbox 576 5146 3847 5217">
     <span class='ocr_line' id='line_1_55' title="bbox 576 5146 3847 5217; baseline -0.001 -11"><span class='ocrx_word' id='word_1_645' title='bbox 576 5150 811 5206; x_wconf 72' lang='lat' dir='ltr'><strong>Paenitet</strong></span> <span class='ocrx_word' id='word_1_646' title='bbox 841 5148 1016 5202; x_wconf 86' lang='lat' dir='ltr'><strong>intrati</strong></span> <span class='ocrx_word' id='word_1_647' title='bbox 1044 5147 1155 5216; x_wconf 86' lang='lat' dir='ltr'><strong>jam</strong></span> <span class='ocrx_word' id='word_1_648' title='bbox 1182 5148 1428 5216; x_wconf 86' lang='lat' dir='ltr'><strong>gurgitis,</strong></span> <span class='ocrx_word' id='word_1_649' title='bbox 1461 5156 1515 5201; x_wconf 94' lang='lat' dir='ltr'><strong>ct</strong></span> <span class='ocrx_word' id='word_1_650' title='bbox 1544 5147 1663 5216; x_wconf 90' lang='lat' dir='ltr'><strong>fuga</strong></span> <span class='ocrx_word' id='word_1_651' title='bbox 1688 5163 1869 5202; x_wconf 90' lang='lat' dir='ltr'><strong>serum</strong></span> <span class='ocrx_word' id='word_1_652' title='bbox 2174 5166 2179 5169; x_wconf 95' lang='grc'>·</span> <span class='ocrx_word' id='word_1_653' title='bbox 2270 5150 2486 5217; x_wconf 85' lang='lat' dir='ltr'><strong>Nosque</strong></span> <span class='ocrx_word' id='word_1_654' title='bbox 2527 5148 2705 5201; x_wconf 90' lang='lat' dir='ltr'><strong>tubam</strong></span> <span class='ocrx_word' id='word_1_655' title='bbox 2746 5147 2939 5215; x_wconf 89' lang='lat' dir='ltr'><strong>stipula</strong></span> <span class='ocrx_word' id='word_1_656' title='bbox 2976 5146 3273 5214; x_wconf 89' lang='lat' dir='ltr'><strong>sequimur,</strong></span> <span class='ocrx_word' id='word_1_657' title='bbox 3324 5161 3715 5214; x_wconf 83' lang='lat' dir='ltr'><strong>numerumque</strong></span> <span class='ocrx_word' id='word_1_658' title='bbox 3768 5154 3847 5203; x_wconf 77' lang='lat' dir='ltr'><strong>te-</strong></span> 
     </span>
    </p>
   </div>
   <div class='ocr_carea' id='block_1_56' title="bbox 574 5236 3739 5308">
    <p class='ocr_par' dir='ltr' id='par_1_56' title="bbox 574 5236 3739 5308">
     <span class='ocr_line' id='line_1_56' title="bbox 574 5236 3739 5308; baseline -0.002 -12"><span class='ocrx_word' id='word_1_659' title='bbox 574 5242 786 5296; x_wconf 80' lang='lat' dir='ltr'><strong>Molitur</strong></span> <span class='ocrx_word' id='word_1_660' title='bbox 812 5238 1039 5294; x_wconf 88' lang='lat' dir='ltr'><strong>reditum</strong></span> <span class='ocrx_word' id='word_1_661' title='bbox 1066 5254 1078 5289; x_wconf 90' lang='lat'>:</span> <span class='ocrx_word' id='word_1_662' title='bbox 1112 5236 1319 5306; x_wconf 89' lang='lat' dir='ltr'><strong>trepida</strong></span> <span class='ocrx_word' id='word_1_663' title='bbox 1345 5236 1472 5290; x_wconf 90' lang='lat' dir='ltr'><strong>dant</strong></span> <span class='ocrx_word' id='word_1_664' title='bbox 1504 5246 1651 5306; x_wconf 91' lang='lat' dir='ltr'><strong>terga</strong></span> <span class='ocrx_word' id='word_1_665' title='bbox 1683 5238 1951 5304; x_wconf 87' lang='lat' dir='ltr'><strong>cohortes,</strong></span> <span class='ocrx_word' id='word_1_666' title='bbox 3516 5236 3739 5308; x_wconf 88' lang='lat' dir='ltr'><strong>[nentes</strong></span> 
     </span>
    </p>
   </div>
   <div class='ocr_carea' id='block_1_57' title="bbox 576 5326 3700 5401">
    <p class='ocr_par' dir='ltr' id='par_1_57' title="bbox 576 5326 3700 5401">
     <span class='ocr_line' id='line_1_57' title="bbox 576 5326 3700 5401; baseline 0 -14"><span class='ocrx_word' id='word_1_667' title='bbox 576 5336 846 5401; x_wconf 78' lang='lat' dir='ltr'><strong>Armaque</strong></span> <span class='ocrx_word' id='word_1_668' title='bbox 866 5328 1187 5399; x_wconf 81' lang='lat' dir='ltr'><strong>projiciunt;</strong></span> <span class='ocrx_word' id='word_1_669' title='bbox 1212 5335 1407 5395; x_wconf 91' lang='lat' dir='ltr'><strong>pontus</strong></span> <span class='ocrx_word' id='word_1_670' title='bbox 1438 5326 1765 5395; x_wconf 86' lang='lat' dir='ltr'><strong>fugientibus</strong></span> <span class='ocrx_word' id='word_1_671' title='bbox 1799 5329 1980 5395; x_wconf 89' lang='lat' dir='ltr'><strong>instat,</strong></span> <span class='ocrx_word' id='word_1_672' title='bbox 2269 5333 2522 5385; x_wconf 46' lang='lat' dir='ltr'><strong>Plurimus</strong></span> <span class='ocrx_word' id='word_1_673' title='bbox 2550 5330 2651 5384; x_wconf 89' lang='lat' dir='ltr'><strong>hoc</strong></span> <span class='ocrx_word' id='word_1_674' title='bbox 2684 5329 2825 5383; x_wconf 89' lang='lat' dir='ltr'><strong>tenui</strong></span> <span class='ocrx_word' id='word_1_675' title='bbox 2852 5329 3058 5399; x_wconf 73' lang='lat' dir='ltr'><strong>cymba:</strong></span> <span class='ocrx_word' id='word_1_676' title='bbox 3083 5344 3225 5383; x_wconf 91' lang='lat' dir='ltr'><strong>nunc</strong></span> <span class='ocrx_word' id='word_1_677' title='bbox 3253 5328 3435 5383; x_wconf 90' lang='lat' dir='ltr'><strong>littore</strong></span> <span class='ocrx_word' id='word_1_678' title='bbox 3466 5339 3700 5398; x_wconf 90' lang='lat' dir='ltr'><strong>portum.</strong></span> 
     </span>
    </p>
   </div>
   <div class='ocr_carea' id='block_1_58' title="bbox 591 5443 3800 5467">
    <p class='ocr_par' dir='ltr' id='par_1_58' title="bbox 591 5443 3800 5467">
     <span class='ocr_line' id='line_1_58' title="bbox 591 5443 3800 5467; baseline -0 0"><span class='ocrx_word' id='word_1_679' title='bbox 591 5443 3800 5467; x_wconf 51' lang='lat' dir='ltr'><strong>WW—</strong></span> 
     </span>
    </p>
   </div>
   <div class='ocr_carea' id='block_1_59' title="bbox 1480 5509 2920 5586">
    <p class='ocr_par' dir='ltr' id='par_1_59' title="bbox 1480 5509 2920 5586">
     <span class='ocr_line' id='line_1_59' title="bbox 1480 5509 2920 5586; baseline 0.002 -18"><span class='ocrx_word' id='word_1_680' title='bbox 1480 5509 1906 5573; x_wconf 75' lang='lat' dir='ltr'><strong>PIUEFATIO</strong></span> <span class='ocrx_word' id='word_1_681' title='bbox 1949 5514 2028 5573; x_wconf 85' lang='lat' dir='ltr'><strong>IN</strong></span> <span class='ocrx_word' id='word_1_682' title='bbox 2074 5514 2373 5575; x_wconf 79' lang='lat' dir='ltr'><strong>LIBRUM</strong></span> <span class='ocrx_word' id='word_1_683' title='bbox 2420 5512 2920 5586; x_wconf 17' lang='lat' dir='ltr'><strong>SEQUENTEM,</strong></span> 
     </span>
    </p>
   </div>
   <div class='ocr_carea' id='block_1_60' title="bbox 646 5607 3847 5680">
    <p class='ocr_par' dir='ltr' id='par_1_60' title="bbox 646 5607 3847 5680">
     <span class='ocr_line' id='line_1_60' title="bbox 646 5607 3847 5680; baseline -0.001 -11"><span class='ocrx_word' id='word_1_684' title='bbox 646 5612 873 5669; x_wconf 88' lang='lat' dir='ltr'><strong>Domino</strong></span> <span class='ocrx_word' id='word_1_685' title='bbox 893 5620 1100 5674; x_wconf 86' lang='lat' dir='ltr'><strong>sancto,</strong></span> <span class='ocrx_word' id='word_1_686' title='bbox 1131 5607 1440 5664; x_wconf 86' lang='lat' dir='ltr'><strong>beatissimo</strong></span> <span class='ocrx_word' id='word_1_687' title='bbox 1477 5620 1531 5663; x_wconf 88' lang='lat' dir='ltr'><strong>et</strong></span> <span class='ocrx_word' id='word_1_688' title='bbox 1575 5610 1815 5678; x_wconf 86' lang='lat' dir='ltr'><strong>piissimo</strong></span> <span class='ocrx_word' id='word_1_689' title='bbox 1844 5626 2142 5680; x_wconf 76' lang='lat' dir='ltr'><strong>germano,</strong></span> <span class='ocrx_word' id='word_1_690' title='bbox 2252 5616 2413 5665; x_wconf 80' lang='lat' dir='ltr'><strong>luerat</strong></span> <span class='ocrx_word' id='word_1_691' title='bbox 2438 5614 2595 5664; x_wconf 75' lang='lat' dir='ltr'><strong>edidit</strong></span> <span class='ocrx_word' id='word_1_692' title='bbox 2640 5613 2904 5679; x_wconf 77' lang='lat' dir='ltr'><strong>dispositio</strong></span> <span class='ocrx_word' id='word_1_693' title='bbox 2930 5629 3059 5674; x_wconf 81' lang='lat' dir='ltr'><strong>utea,</strong></span> <span class='ocrx_word' id='word_1_694' title='bbox 3093 5612 3181 5665; x_wconf 78' lang='lat' dir='ltr'><strong>sed</strong></span> <span class='ocrx_word' id='word_1_695' title='bbox 3212 5622 3296 5663; x_wconf 86' lang='lat' dir='ltr'><strong>tua</strong></span> <span class='ocrx_word' id='word_1_696' title='bbox 3322 5612 3679 5679; x_wconf 78' lang='lat' dir='ltr'><strong>sodaliumque</strong></span> <span class='ocrx_word' id='word_1_697' title='bbox 3717 5627 3847 5680; x_wconf 83' lang='lat' dir='ltr'><strong>quo-</strong></span> 
     </span>
    </p>
   </div>
   <div class='ocr_carea' id='block_1_61' title="bbox 577 5700 3846 5775">
    <p class='ocr_par' dir='ltr' id='par_1_61' title="bbox 577 5700 3846 5775">
     <span class='ocr_line' id='line_1_61' title="bbox 577 5700 3846 5775; baseline -0.002 -16"><span class='ocrx_word' id='word_1_698' title='bbox 577 5704 865 5775; x_wconf 79' lang='lat' dir='ltr'><strong>Apollinari</strong></span> <span class='ocrx_word' id='word_1_699' title='bbox 895 5702 1168 5770; x_wconf 88' lang='lat' dir='ltr'><strong>episcopo,</strong></span> <span class='ocrx_word' id='word_1_700' title='bbox 1192 5701 1379 5756; x_wconf 79' lang='lat' dir='ltr'><strong>Avitus</strong></span> <span class='ocrx_word' id='word_1_701' title='bbox 1410 5700 1596 5755; x_wconf 85' lang='lat' dir='ltr'><strong>frater.</strong></span> <span class='ocrx_word' id='word_1_702' title='bbox 2214 5758 2219 5763; x_wconf 94' lang='lat'><em>_</em></span> <span class='ocrx_word' id='word_1_703' title='bbox 2257 5704 2489 5755; x_wconf 83' lang='lat' dir='ltr'><strong>rumdam</strong></span> <span class='ocrx_word' id='word_1_704' title='bbox 2523 5706 2604 5767; x_wconf 86' lang='lat' dir='ltr'><strong>pia</strong></span> <span class='ocrx_word' id='word_1_705' title='bbox 2628 5704 2905 5772; x_wconf 80' lang='lat' dir='ltr'><strong>festinatio,</strong></span> <span class='ocrx_word' id='word_1_706' title='bbox 2932 5704 3211 5770; x_wconf 74' lang='lat' dir='ltr'><strong>uﬂ&#39;ertuosu</strong></span> <span class='ocrx_word' id='word_1_707' title='bbox 3240 5704 3442 5770; x_wconf 60' lang='lat' dir='ltr'><strong>quidem</strong></span> <span class='ocrx_word' id='word_1_708' title='bbox 3467 5743 3480 5763; x_wconf 89' lang='lat'><strong>,</strong></span> <span class='ocrx_word' id='word_1_709' title='bbox 3535 5702 3624 5773; x_wconf 66' lang='lat' dir='ltr'><strong>sed</strong></span> <span class='ocrx_word' id='word_1_710' title='bbox 3666 5703 3846 5758; x_wconf 57' lang='lat' dir='ltr'><strong>incon.</strong></span> 
     </span>
    </p>
   </div>
   <div class='ocr_carea' id='block_1_62' title="bbox 654 5792 3853 5869">
    <p class='ocr_par' dir='ltr' id='par_1_62' title="bbox 654 5792 3853 5869">
     <span class='ocr_line' id='line_1_62' title="bbox 654 5792 3853 5869; baseline 0 -20"><span class='ocrx_word' id='word_1_711' title='bbox 654 5796 778 5853; x_wconf 76' lang='lat' dir='ltr'><strong>Post</strong></span> <span class='ocrx_word' id='word_1_712' title='bbox 804 5794 1287 5855; x_wconf 75' lang='lat' dir='ltr'><strong>consummationem</strong></span> <span class='ocrx_word' id='word_1_713' title='bbox 1311 5792 1598 5859; x_wconf 77' lang='lat' dir='ltr'><strong>libellorum</strong></span> <span class='ocrx_word' id='word_1_714' title='bbox 1626 5810 1750 5869; x_wconf 80' lang='lat' dir='ltr'><strong>quos</strong></span> <span class='ocrx_word' id='word_1_715' title='bbox 1790 5810 1890 5855; x_wconf 83' lang='lat' dir='ltr'><strong>non</strong></span> <span class='ocrx_word' id='word_1_716' title='bbox 1918 5796 2045 5855; x_wconf 71' lang='lat' dir='ltr'><strong>sicut</strong></span> <span class='ocrx_word' id='word_1_717' title='bbox 2072 5811 2158 5857; x_wconf 75' lang='grc' dir='ltr'><strong>νο·</strong></span> <span class='ocrx_word' id='word_1_718' title='bbox 2266 5795 2402 5852; x_wconf 65' lang='lat' dir='ltr'><strong>culta</strong></span> <span class='ocrx_word' id='word_1_719' title='bbox 2427 5796 2687 5869; x_wconf 75' lang='lat' dir='ltr'><strong>prmripuit</strong></span> <span class='ocrx_word' id='word_1_720' title='bbox 2706 5810 2723 5863; x_wconf 83' lang='lat'><em>;</em></span> <span class='ocrx_word' id='word_1_721' title='bbox 2745 5796 2881 5866; x_wconf 77' lang='lat' dir='ltr'><strong>cogis</strong></span> <span class='ocrx_word' id='word_1_722' title='bbox 2907 5796 3115 5867; x_wconf 73' lang='lat' dir='ltr'><strong>insuper</strong></span> <span class='ocrx_word' id='word_1_723' title='bbox 3138 5795 3227 5851; x_wconf 79' lang='lat' dir='ltr'><strong>tibi</strong></span> <span class='ocrx_word' id='word_1_724' title='bbox 3248 5794 3519 5862; x_wconf 70' lang='lat' dir='ltr'><strong>specialius</strong></span> <span class='ocrx_word' id='word_1_725' title='bbox 3532 5795 3644 5851; x_wconf 81' lang='lat' dir='ltr'><strong>dari</strong></span> <span class='ocrx_word' id='word_1_726' title='bbox 3675 5812 3853 5859; x_wconf 67' lang='lat' dir='ltr'><strong>rem“</strong></span> 
     </span>
    </p>
   </div>
  </div>
