  <div class='ocr_page' id='page_1' title='image "/cluster/home/n/w/nwhite01/storage/ocr_20150623/59/hvd.32044015471626/190.png"; bbox 0 0 4124 6350; ppageno 0'>
   <div class='ocr_carea' id='block_1_1' title="bbox 280 369 385 429">
    <p class='ocr_par' dir='ltr' id='par_1_1' title="bbox 280 369 385 429">
     <span class='ocr_line' id='line_1_1' title="bbox 280 369 385 429; baseline -0.019 0"><span class='ocrx_word' id='word_1_1' title='bbox 280 369 385 429; x_wconf 83' lang='lat'><em>369</em></span> 
     </span>
    </p>
   </div>
   <div class='ocr_carea' id='block_1_2' title="bbox 1518 366 2259 425">
    <p class='ocr_par' dir='ltr' id='par_1_2' title="bbox 1518 366 2259 425">
     <span class='ocr_line' id='line_1_2' title="bbox 1518 366 2259 425; baseline -0.001 -2"><span class='ocrx_word' id='word_1_2' title='bbox 1518 366 1889 425; x_wconf 75' lang='lat' dir='ltr'><em>POEMATUM</em></span> <span class='ocrx_word' id='word_1_3' title='bbox 1930 366 2133 423; x_wconf 80' lang='lat' dir='ltr'><em>LIBER</em></span> <span class='ocrx_word' id='word_1_4' title='bbox 2175 366 2259 422; x_wconf 85' lang='lat' dir='ltr'><em>Vl.</em></span> 
     </span>
    </p>
   </div>
   <div class='ocr_carea' id='block_1_3' title="bbox 3425 363 3529 417">
    <p class='ocr_par' dir='ltr' id='par_1_3' title="bbox 3425 363 3529 417">
     <span class='ocr_line' id='line_1_3' title="bbox 3425 363 3529 417; baseline -0.019 0"><span class='ocrx_word' id='word_1_5' title='bbox 3425 363 3529 417; x_wconf 78' lang='lat'><em>370</em></span> 
     </span>
    </p>
   </div>
   <div class='ocr_carea' id='block_1_4' title="bbox 275 466 3531 568">
    <p class='ocr_par' dir='ltr' id='par_1_4' title="bbox 275 466 3531 568">
     <span class='ocr_line' id='line_1_4' title="bbox 275 466 3531 568; baseline -0.004 -26"><span class='ocrx_word' id='word_1_6' title='bbox 275 490 391 542; x_wconf 89' lang='lat' dir='ltr'><em>illos</em></span> <span class='ocrx_word' id='word_1_7' title='bbox 428 505 551 558; x_wconf 83' lang='lat' dir='ltr'><em>quos</em></span> <span class='ocrx_word' id='word_1_8' title='bbox 582 488 648 540; x_wconf 86' lang='lat' dir='ltr'><em>ad</em></span> <span class='ocrx_word' id='word_1_9' title='bbox 686 488 1016 542; x_wconf 82' lang='lat' dir='ltr'><em>venerabilem</em></span> <span class='ocrx_word' id='word_1_10' title='bbox 1044 486 1329 568; x_wconf 58' lang='lat' dir='ltr'><em>Fuscinant</em></span> <span class='ocrx_word' id='word_1_11' title='bbox 1358 502 1583 539; x_wconf 83' lang='lat' dir='ltr'><em>sororem</em></span> <span class='ocrx_word' id='word_1_12' title='bbox 1626 494 1847 538; x_wconf 83' lang='lat' dir='ltr'><em>nostram</em></span> <span class='ocrx_word' id='word_1_13' title='bbox 1879 488 1926 547; x_wconf 78' lang='grc' dir='ltr'><strong>Α</strong></span> <span class='ocrx_word' id='word_1_14' title='bbox 1954 485 2139 545; x_wconf 88' lang='lat' dir='ltr'><em>metiri,</em></span> <span class='ocrx_word' id='word_1_15' title='bbox 2165 484 2301 549; x_wconf 89' lang='lat' dir='ltr'><em>quod</em></span> <span class='ocrx_word' id='word_1_16' title='bbox 2326 484 2387 535; x_wconf 89' lang='lat' dir='ltr'><em>de</em></span> <span class='ocrx_word' id='word_1_17' title='bbox 2409 496 2664 551; x_wconf 71' lang='lat' dir='ltr'><em>germanae</em></span> <span class='ocrx_word' id='word_1_18' title='bbox 2690 466 3098 534; x_wconf 73' lang='lat' dir='ltr'><em>sanctimonialis</em></span> <span class='ocrx_word' id='word_1_19' title='bbox 3123 477 3308 544; x_wconf 72' lang='lat' dir='ltr'><em>affectu</em></span> <span class='ocrx_word' id='word_1_20' title='bbox 3344 484 3531 529; x_wconf 83' lang='lat' dir='ltr'><em>secreta</em></span> 
     </span>
    </p>
   </div>
   <div class='ocr_carea' id='block_1_5' title="bbox 275 579 1848 649">
    <p class='ocr_par' dir='ltr' id='par_1_5' title="bbox 275 579 1848 649">
     <span class='ocr_line' id='line_1_5' title="bbox 275 579 1848 649; baseline -0.003 -15"><span class='ocrx_word' id='word_1_21' title='bbox 275 582 337 635; x_wconf 88' lang='lat' dir='ltr'><em>de</em></span> <span class='ocrx_word' id='word_1_22' title='bbox 367 581 708 634; x_wconf 86' lang='lat' dir='ltr'><em>consolatoria</em></span> <span class='ocrx_word' id='word_1_23' title='bbox 738 583 983 636; x_wconf 68' lang='lat' dir='ltr'><em>castitatis</em></span> <span class='ocrx_word' id='word_1_24' title='bbox 1010 580 1184 635; x_wconf 84' lang='lat' dir='ltr'><em>Laude</em></span> <span class='ocrx_word' id='word_1_25' title='bbox 1208 580 1505 649; x_wconf 78' lang='lat' dir='ltr'><em>conscripsi.</em></span> <span class='ocrx_word' id='word_1_26' title='bbox 1544 579 1683 644; x_wconf 82' lang='lat' dir='ltr'><em>Quos</em></span> <span class='ocrx_word' id='word_1_27' title='bbox 1732 588 1848 630; x_wconf 87' lang='lat' dir='ltr'><em>tunc</em></span> 
     </span>
    </p>
   </div>
   <div class='ocr_carea' id='block_1_6' title="bbox 275 652 1848 742">
    <p class='ocr_par' dir='ltr' id='par_1_6' title="bbox 275 673 1848 742">
     <span class='ocr_line' id='line_1_6' title="bbox 275 673 1848 742; baseline -0.001 -17"><span class='ocrx_word' id='word_1_28' title='bbox 275 688 391 725; x_wconf 78' lang='lat' dir='ltr'><em>cum</em></span> <span class='ocrx_word' id='word_1_29' title='bbox 424 690 515 742; x_wconf 82' lang='lat' dir='ltr'><em>ego</em></span> <span class='ocrx_word' id='word_1_30' title='bbox 544 682 656 739; x_wconf 88' lang='lat' dir='ltr'><em>post</em></span> <span class='ocrx_word' id='word_1_31' title='bbox 681 674 1027 727; x_wconf 82' lang='lat' dir='ltr'><em>denuntiatum</em></span> <span class='ocrx_word' id='word_1_32' title='bbox 1058 677 1301 742; x_wconf 73' lang='lat' dir='ltr'><em>poematis</em></span> <span class='ocrx_word' id='word_1_33' title='bbox 1332 674 1507 741; x_wconf 81' lang='lat' dir='ltr'><em>ﬁnem,</em></span> <span class='ocrx_word' id='word_1_34' title='bbox 1533 673 1848 740; x_wconf 79' lang='lat' dir='ltr'><em>epigramma</em></span> 
     </span>
    </p>
   </div>
   <div class='ocr_carea' id='block_1_7' title="bbox 275 746 1849 833">
    <p class='ocr_par' dir='ltr' id='par_1_7' title="bbox 275 746 1849 833">
     <span class='ocr_line' id='line_1_7' title="bbox 275 746 1849 833; baseline 0 -19"><span class='ocrx_word' id='word_1_35' title='bbox 275 765 459 816; x_wconf 85' lang='lat' dir='ltr'><em>rectius</em></span> <span class='ocrx_word' id='word_1_36' title='bbox 481 763 723 828; x_wconf 81' lang='lat' dir='ltr'><em>dicerem,</em></span> <span class='ocrx_word' id='word_1_37' title='bbox 752 772 805 816; x_wconf 92' lang='lat' dir='ltr'><em>lu</em></span> <span class='ocrx_word' id='word_1_38' title='bbox 828 764 1044 833; x_wconf 87' lang='lat' dir='ltr'><em>primum</em></span> <span class='ocrx_word' id='word_1_39' title='bbox 1073 766 1186 818; x_wconf 85' lang='lat' dir='ltr'><em>libri</em></span> <span class='ocrx_word' id='word_1_40' title='bbox 1220 746 1421 817; x_wconf 79' lang='lat' dir='ltr'><em>nomine</em></span> <span class='ocrx_word' id='word_1_41' title='bbox 1445 762 1674 816; x_wconf 79' lang='lat' dir='ltr'><em>recitasti</em></span> <span class='ocrx_word' id='word_1_42' title='bbox 1698 803 1713 828; x_wconf 90' lang='lat'><em>,</em></span> <span class='ocrx_word' id='word_1_43' title='bbox 1757 764 1849 816; x_wconf 91' lang='lat' dir='ltr'><em>ltoc</em></span> 
     </span>
    </p>
   </div>
   <div class='ocr_carea' id='block_1_8' title="bbox 277 855 1845 929">
    <p class='ocr_par' dir='ltr' id='par_1_8' title="bbox 277 855 1845 929">
     <span class='ocr_line' id='line_1_8' title="bbox 277 855 1845 929; baseline 0 -22"><span class='ocrx_word' id='word_1_44' title='bbox 277 856 470 908; x_wconf 87' lang='lat' dir='ltr'><em>scilicet</em></span> <span class='ocrx_word' id='word_1_45' title='bbox 492 856 791 908; x_wconf 86' lang='lat' dir='ltr'><em>rocabulum</em></span> <span class='ocrx_word' id='word_1_46' title='bbox 833 857 1116 923; x_wconf 75' lang='lat' dir='ltr'><em>prolixitati</em></span> <span class='ocrx_word' id='word_1_47' title='bbox 1144 860 1258 929; x_wconf 82' lang='lat' dir='ltr'><em>ejus</em></span> <span class='ocrx_word' id='word_1_48' title='bbox 1290 872 1515 908; x_wconf 67' lang='lat' dir='ltr'><em>asserens</em></span> <span class='ocrx_word' id='word_1_49' title='bbox 1562 855 1845 907; x_wconf 79' lang='lat' dir='ltr'><em>convenire.</em></span> 
     </span>
    </p>
   </div>
   <div class='ocr_carea' id='block_1_9' title="bbox 276 946 1851 1018">
    <p class='ocr_par' dir='ltr' id='par_1_9' title="bbox 276 946 1851 1018">
     <span class='ocr_line' id='line_1_9' title="bbox 276 946 1851 1018; baseline -0.001 -19"><span class='ocrx_word' id='word_1_50' title='bbox 276 948 596 1017; x_wconf 80' lang='lat' dir='ltr'><em>Quapmpter</em></span> <span class='ocrx_word' id='word_1_51' title='bbox 618 946 745 1001; x_wconf 84' lang='lat' dir='ltr'><em>habe</em></span> <span class='ocrx_word' id='word_1_52' title='bbox 771 964 847 1000; x_wconf 91' lang='lat' dir='ltr'><em>me</em></span> <span class='ocrx_word' id='word_1_53' title='bbox 874 948 1025 1000; x_wconf 87' lang='lat' dir='ltr'><em>etiam</em></span> <span class='ocrx_word' id='word_1_54' title='bbox 1054 949 1105 1001; x_wconf 89' lang='lat' dir='ltr'><em>in</em></span> <span class='ocrx_word' id='word_1_55' title='bbox 1128 948 1223 1000; x_wconf 78' lang='lat' dir='ltr'><em>hac</em></span> <span class='ocrx_word' id='word_1_56' title='bbox 1239 958 1383 1018; x_wconf 88' lang='lat' dir='ltr'><em>parte</em></span> <span class='ocrx_word' id='word_1_57' title='bbox 1404 948 1740 1015; x_wconf 89' lang='lat' dir='ltr'><em>famulantem</em></span> <span class='ocrx_word' id='word_1_58' title='bbox 1757 947 1851 1012; x_wconf 85' lang='lat' dir='ltr'><em>ju-</em></span> 
     </span>
    </p>
   </div>
   <div class='ocr_carea' id='block_1_10' title="bbox 272 1038 1847 1110">
    <p class='ocr_par' dir='ltr' id='par_1_10' title="bbox 272 1038 1847 1110">
     <span class='ocr_line' id='line_1_10' title="bbox 272 1038 1847 1110; baseline 0 -20"><span class='ocrx_word' id='word_1_59' title='bbox 272 1038 426 1103; x_wconf 89' lang='lat' dir='ltr'><em>dicio,</em></span> <span class='ocrx_word' id='word_1_60' title='bbox 446 1039 547 1091; x_wconf 91' lang='lat' dir='ltr'><em>imo</em></span> <span class='ocrx_word' id='word_1_61' title='bbox 578 1042 747 1104; x_wconf 91' lang='lat' dir='ltr'><em>potius</em></span> <span class='ocrx_word' id='word_1_62' title='bbox 784 1039 990 1105; x_wconf 70' lang='lat' dir='ltr'><em>affectui</em></span> <span class='ocrx_word' id='word_1_63' title='bbox 1027 1051 1145 1104; x_wconf 87' lang='lat' dir='ltr'><em>tuo;</em></span> <span class='ocrx_word' id='word_1_64' title='bbox 1182 1043 1422 1110; x_wconf 89' lang='lat' dir='ltr'><em>quoniam</em></span> <span class='ocrx_word' id='word_1_65' title='bbox 1469 1040 1695 1108; x_wconf 83' lang='lat' dir='ltr'><em>profecto</em></span> <span class='ocrx_word' id='word_1_66' title='bbox 1751 1038 1847 1091; x_wconf 82' lang='lat' dir='ltr'><em>ini-</em></span> 
     </span>
    </p>
   </div>
   <div class='ocr_carea' id='block_1_11' title="bbox 272 1130 1852 1200">
    <p class='ocr_par' dir='ltr' id='par_1_11' title="bbox 272 1130 1852 1200">
     <span class='ocr_line' id='line_1_11' title="bbox 272 1130 1852 1200; baseline 0.001 -23"><span class='ocrx_word' id='word_1_67' title='bbox 272 1143 425 1196; x_wconf 84' lang='lat' dir='ltr'><em>quum</em></span> <span class='ocrx_word' id='word_1_68' title='bbox 455 1137 549 1192; x_wconf 84' lang='lat' dir='ltr'><em>est,</em></span> <span class='ocrx_word' id='word_1_69' title='bbox 576 1138 631 1181; x_wconf 89' lang='lat' dir='ltr'><em>ut</em></span> <span class='ocrx_word' id='word_1_70' title='bbox 656 1130 737 1182; x_wconf 83' lang='lat' dir='ltr'><em>cui</em></span> <span class='ocrx_word' id='word_1_71' title='bbox 761 1131 909 1197; x_wconf 89' lang='lat' dir='ltr'><em>parui</em></span> <span class='ocrx_word' id='word_1_72' title='bbox 938 1132 990 1183; x_wconf 86' lang='lat' dir='ltr'><em>in</em></span> <span class='ocrx_word' id='word_1_73' title='bbox 1020 1132 1315 1200; x_wconf 79' lang='lat' dir='ltr'><em>maioribus,</em></span> <span class='ocrx_word' id='word_1_74' title='bbox 1346 1132 1397 1183; x_wconf 89' lang='lat' dir='ltr'><em>in</em></span> <span class='ocrx_word' id='word_1_75' title='bbox 1420 1130 1615 1199; x_wconf 79' lang='lat' dir='ltr'><em>exiguis</em></span> <span class='ocrx_word' id='word_1_76' title='bbox 1647 1137 1852 1181; x_wconf 82' lang='lat' dir='ltr'><em>contra-</em></span> 
     </span>
    </p>
   </div>
   <div class='ocr_carea' id='block_1_12' title="bbox 274 1216 1851 1290">
    <p class='ocr_par' dir='ltr' id='par_1_12' title="bbox 274 1216 1851 1290">
     <span class='ocr_line' id='line_1_12' title="bbox 274 1216 1851 1290; baseline 0.003 -23"><span class='ocrx_word' id='word_1_77' title='bbox 274 1216 465 1270; x_wconf 90' lang='lat' dir='ltr'><em>dicam.</em></span> <span class='ocrx_word' id='word_1_78' title='bbox 501 1216 790 1271; x_wconf 82' lang='lat' dir='ltr'><em>Meminerit</em></span> <span class='ocrx_word' id='word_1_79' title='bbox 818 1228 984 1272; x_wconf 88' lang='lat' dir='ltr'><em>autem</em></span> <span class='ocrx_word' id='word_1_80' title='bbox 1009 1222 1169 1290; x_wconf 85' lang='lat' dir='ltr'><em>pietas</em></span> <span class='ocrx_word' id='word_1_81' title='bbox 1201 1230 1315 1285; x_wconf 91' lang='lat' dir='ltr'><em>tua,</em></span> <span class='ocrx_word' id='word_1_82' title='bbox 1342 1220 1478 1271; x_wconf 84' lang='lat' dir='ltr'><em>ltunc</em></span> <span class='ocrx_word' id='word_1_83' title='bbox 1526 1221 1691 1289; x_wconf 86' lang='lat' dir='ltr'><em>ipsum</em></span> <span class='ocrx_word' id='word_1_84' title='bbox 1731 1219 1851 1288; x_wconf 85' lang='lat' dir='ltr'><em>quia</em></span> 
     </span>
    </p>
   </div>
   <div class='ocr_carea' id='block_1_13' title="bbox 274 1308 1847 1383">
    <p class='ocr_par' dir='ltr' id='par_1_13' title="bbox 274 1308 1847 1383">
     <span class='ocr_line' id='line_1_13' title="bbox 274 1308 1847 1383; baseline 0.001 -23"><span class='ocrx_word' id='word_1_85' title='bbox 274 1308 345 1361; x_wconf 87' lang='lat' dir='ltr'><em>sic</em></span> <span class='ocrx_word' id='word_1_86' title='bbox 374 1325 519 1363; x_wconf 85' lang='lat' dir='ltr'><em>vocas</em></span> <span class='ocrx_word' id='word_1_87' title='bbox 541 1310 790 1375; x_wconf 86' lang='lat' dir='ltr'><em>libellum,</em></span> <span class='ocrx_word' id='word_1_88' title='bbox 823 1314 899 1365; x_wconf 88' lang='lat' dir='ltr'><em>vel</em></span> <span class='ocrx_word' id='word_1_89' title='bbox 928 1314 991 1364; x_wconf 89' lang='lat' dir='ltr'><em>de</em></span> <span class='ocrx_word' id='word_1_90' title='bbox 1038 1314 1279 1383; x_wconf 87' lang='lat' dir='ltr'><em>religione</em></span> <span class='ocrx_word' id='word_1_91' title='bbox 1321 1321 1589 1380; x_wconf 90' lang='lat' dir='ltr'><em>parentum</em></span> <span class='ocrx_word' id='word_1_92' title='bbox 1622 1327 1847 1364; x_wconf 87' lang='lat' dir='ltr'><em>commu-</em></span> 
     </span>
    </p>
   </div>
   <div class='ocr_carea' id='block_1_14' title="bbox 274 1402 1846 1476">
    <p class='ocr_par' dir='ltr' id='par_1_14' title="bbox 274 1402 1846 1476">
     <span class='ocr_line' id='line_1_14' title="bbox 274 1402 1846 1476; baseline 0.002 -23"><span class='ocrx_word' id='word_1_93' title='bbox 274 1402 434 1466; x_wconf 89' lang='lat' dir='ltr'><em>nium,</em></span> <span class='ocrx_word' id='word_1_94' title='bbox 466 1404 540 1456; x_wconf 84' lang='lat' dir='ltr'><em>vel</em></span> <span class='ocrx_word' id='word_1_95' title='bbox 560 1404 623 1456; x_wconf 91' lang='lat' dir='ltr'><em>de</em></span> <span class='ocrx_word' id='word_1_96' title='bbox 642 1404 919 1474; x_wconf 77' lang='lat' dir='ltr'><em>virginibus</em></span> <span class='ocrx_word' id='word_1_97' title='bbox 960 1416 1146 1459; x_wconf 81' lang='lat' dir='ltr'><em>nostra:</em></span> <span class='ocrx_word' id='word_1_98' title='bbox 1174 1406 1383 1476; x_wconf 72' lang='lat' dir='ltr'><em>familia:</em></span> <span class='ocrx_word' id='word_1_99' title='bbox 1427 1405 1737 1472; x_wconf 77' lang='lat' dir='ltr'><em>familiarius</em></span> <span class='ocrx_word' id='word_1_100' title='bbox 1765 1403 1846 1456; x_wconf 88' lang='lat' dir='ltr'><em>di-</em></span> 
     </span>
    </p>
   </div>
   <div class='ocr_carea' id='block_1_15' title="bbox 274 1494 1849 1565">
    <p class='ocr_par' dir='ltr' id='par_1_15' title="bbox 274 1494 1849 1565">
     <span class='ocr_line' id='line_1_15' title="bbox 274 1494 1849 1565; baseline 0.002 -21"><span class='ocrx_word' id='word_1_101' title='bbox 274 1500 579 1561; x_wconf 72' lang='lat' dir='ltr'><em>sputantem,</em></span> <span class='ocrx_word' id='word_1_102' title='bbox 612 1494 719 1548; x_wconf 87' lang='lat' dir='ltr'><em>illis</em></span> <span class='ocrx_word' id='word_1_103' title='bbox 749 1497 1099 1548; x_wconf 82' lang='lat' dir='ltr'><em>tantummodo</em></span> <span class='ocrx_word' id='word_1_104' title='bbox 1123 1496 1391 1565; x_wconf 88' lang='lat' dir='ltr'><em>legendum</em></span> <span class='ocrx_word' id='word_1_105' title='bbox 1423 1494 1569 1559; x_wconf 90' lang='lat' dir='ltr'><em>dare,</em></span> <span class='ocrx_word' id='word_1_106' title='bbox 1602 1511 1726 1563; x_wconf 87' lang='lat' dir='ltr'><em>quos</em></span> <span class='ocrx_word' id='word_1_107' title='bbox 1768 1510 1849 1547; x_wconf 87' lang='lat' dir='ltr'><em>re-</em></span> 
     </span>
    </p>
   </div>
   <div class='ocr_carea' id='block_1_16' title="bbox 273 1586 1847 1658">
    <p class='ocr_par' dir='ltr' id='par_1_16' title="bbox 273 1586 1847 1658">
     <span class='ocr_line' id='line_1_16' title="bbox 273 1586 1847 1658; baseline 0.002 -23"><span class='ocrx_word' id='word_1_108' title='bbox 273 1597 387 1635; x_wconf 74' lang='lat' dir='ltr'><em>vera</em></span> <span class='ocrx_word' id='word_1_109' title='bbox 412 1586 571 1650; x_wconf 88' lang='lat' dir='ltr'><em>nobis,</em></span> <span class='ocrx_word' id='word_1_110' title='bbox 600 1596 686 1639; x_wconf 85' lang='lat' dir='ltr'><em>aut</em></span> <span class='ocrx_word' id='word_1_111' title='bbox 714 1587 969 1640; x_wconf 77' lang='lat' dir='ltr'><em>vinculum</em></span> <span class='ocrx_word' id='word_1_112' title='bbox 996 1588 1509 1658; x_wconf 86' lang='lat' dir='ltr'><em>propinquitatis,aut</em></span> <span class='ocrx_word' id='word_1_113' title='bbox 1531 1588 1847 1657; x_wconf 88' lang='lat' dir='ltr'><em>prapositum</em></span> 
     </span>
    </p>
   </div>
   <div class='ocr_carea' id='block_1_17' title="bbox 275 1672 1847 1745">
    <p class='ocr_par' dir='ltr' id='par_1_17' title="bbox 275 1672 1847 1745">
     <span class='ocr_line' id='line_1_17' title="bbox 275 1672 1847 1745; baseline 0.003 -24"><span class='ocrx_word' id='word_1_114' title='bbox 275 1672 531 1741; x_wconf 84' lang='lat' dir='ltr'><em>religionis</em></span> <span class='ocrx_word' id='word_1_115' title='bbox 555 1676 797 1729; x_wconf 81' lang='lat' dir='ltr'><em>adnectit.</em></span> <span class='ocrx_word' id='word_1_116' title='bbox 845 1675 999 1729; x_wconf 89' lang='lat' dir='ltr'><em>Potes</em></span> <span class='ocrx_word' id='word_1_117' title='bbox 1045 1679 1175 1729; x_wconf 86' lang='lat' dir='ltr'><em>enim</em></span> <span class='ocrx_word' id='word_1_118' title='bbox 1218 1693 1281 1730; x_wconf 78' lang='lat' dir='ltr'><em>ea:</em></span> <span class='ocrx_word' id='word_1_119' title='bbox 1324 1678 1546 1729; x_wconf 69' lang='lat' dir='ltr'><em>materia:</em></span> <span class='ocrx_word' id='word_1_120' title='bbox 1600 1675 1847 1745; x_wconf 84' lang='lat' dir='ltr'><em>qualitate</em></span> 
     </span>
    </p>
   </div>
   <div class='ocr_carea' id='block_1_18' title="bbox 289 1780 574 1801">
    <p class='ocr_par' dir='ltr' id='par_1_18' title="bbox 289 1780 574 1801">
     <span class='ocr_line' id='line_1_18' title="bbox 289 1780 574 1801; baseline 0.011 -3"><span class='ocrx_word' id='word_1_121' title='bbox 289 1780 574 1801; x_wconf 69' lang='lat'><em>_—</em></span> 
     </span>
    </p>
   </div>
   <div class='ocr_carea' id='block_1_19' title="bbox 1954 568 3531 643">
    <p class='ocr_par' dir='ltr' id='par_1_19' title="bbox 1954 568 3531 643">
     <span class='ocr_line' id='line_1_19' title="bbox 1954 568 3531 643; baseline -0.005 -17"><span class='ocrx_word' id='word_1_122' title='bbox 1954 574 2281 627; x_wconf 81' lang='lat' dir='ltr'><em>meditatione</em></span> <span class='ocrx_word' id='word_1_123' title='bbox 2302 572 2655 643; x_wconf 83' lang='lat' dir='ltr'><em>compositum,</em></span> <span class='ocrx_word' id='word_1_124' title='bbox 2682 570 2764 624; x_wconf 73' lang='lat' dir='ltr'><em>vix</em></span> <span class='ocrx_word' id='word_1_125' title='bbox 2793 571 2869 623; x_wconf 84' lang='lat' dir='ltr'><em>vel</em></span> <span class='ocrx_word' id='word_1_126' title='bbox 2898 569 2989 623; x_wconf 85' lang='lat' dir='ltr'><em>tibi</em></span> <span class='ocrx_word' id='word_1_127' title='bbox 3013 568 3187 623; x_wconf 86' lang='lat' dir='ltr'><em>crebra</em></span> <span class='ocrx_word' id='word_1_128' title='bbox 3221 568 3381 619; x_wconf 88' lang='lat' dir='ltr'><em>victus</em></span> <span class='ocrx_word' id='word_1_129' title='bbox 3418 568 3531 638; x_wconf 82' lang='lat' dir='ltr'><em>jus-</em></span> 
     </span>
    </p>
   </div>
   <div class='ocr_carea' id='block_1_20' title="bbox 1952 662 3533 733">
    <p class='ocr_par' dir='ltr' id='par_1_20' title="bbox 1952 662 3533 733">
     <span class='ocr_line' id='line_1_20' title="bbox 1952 662 3533 733; baseline -0.004 -14"><span class='ocrx_word' id='word_1_130' title='bbox 1952 667 2093 719; x_wconf 90' lang='lat' dir='ltr'><em>sione</em></span> <span class='ocrx_word' id='word_1_131' title='bbox 2120 666 2380 733; x_wconf 79' lang='lat' dir='ltr'><em>conﬁteor,</em></span> <span class='ocrx_word' id='word_1_132' title='bbox 2413 670 2619 732; x_wconf 87' lang='lat' dir='ltr'><em>quando</em></span> <span class='ocrx_word' id='word_1_133' title='bbox 2648 677 2736 716; x_wconf 87' lang='lat' dir='ltr'><em>aut</em></span> <span class='ocrx_word' id='word_1_134' title='bbox 2763 664 2981 730; x_wconf 79' lang='lat' dir='ltr'><em>qualiter</em></span> <span class='ocrx_word' id='word_1_135' title='bbox 3011 663 3177 715; x_wconf 76' lang='lat' dir='ltr'><em>venire</em></span> <span class='ocrx_word' id='word_1_136' title='bbox 3201 662 3252 713; x_wconf 90' lang='lat' dir='ltr'><em>in</em></span> <span class='ocrx_word' id='word_1_137' title='bbox 3271 672 3533 713; x_wconf 77' lang='lat' dir='ltr'><em>extraneo-</em></span> 
     </span>
    </p>
   </div>
   <div class='ocr_carea' id='block_1_21' title="bbox 1950 753 3534 825">
    <p class='ocr_par' dir='ltr' id='par_1_21' title="bbox 1950 753 3534 825">
     <span class='ocr_line' id='line_1_21' title="bbox 1950 753 3534 825; baseline -0.004 -14"><span class='ocrx_word' id='word_1_138' title='bbox 1950 776 2062 811; x_wconf 87' lang='lat' dir='ltr'><em>rum</em></span> <span class='ocrx_word' id='word_1_139' title='bbox 2093 774 2270 812; x_wconf 84' lang='lat' dir='ltr'><em>manus</em></span> <span class='ocrx_word' id='word_1_140' title='bbox 2302 758 2446 809; x_wconf 75' lang='lat' dir='ltr'><em>velim</em></span> <span class='ocrx_word' id='word_1_141' title='bbox 2481 772 2498 809; x_wconf 92' lang='lat'><strong><em>:</em></strong></span> <span class='ocrx_word' id='word_1_142' title='bbox 2529 773 2652 808; x_wconf 85' lang='lat' dir='ltr'><em>sane</em></span> <span class='ocrx_word' id='word_1_143' title='bbox 2681 772 2711 807; x_wconf 92' lang='lat' dir='ltr'><em>a</em></span> <span class='ocrx_word' id='word_1_144' title='bbox 2753 755 3001 825; x_wconf 79' lang='lat' dir='ltr'><em>faciendis</em></span> <span class='ocrx_word' id='word_1_145' title='bbox 3045 754 3270 807; x_wconf 82' lang='lat' dir='ltr'><em>versibus</em></span> <span class='ocrx_word' id='word_1_146' title='bbox 3296 753 3534 822; x_wconf 83' lang='lat' dir='ltr'><em>pedibus-</em></span> 
     </span>
    </p>
   </div>
   <div class='ocr_carea' id='block_1_22' title="bbox 1951 832 3534 920">
    <p class='ocr_par' dir='ltr' id='par_1_22' title="bbox 1951 832 3534 920">
     <span class='ocr_line' id='line_1_22' title="bbox 1951 832 3534 920; baseline -0.004 -16"><span class='ocrx_word' id='word_1_147' title='bbox 1951 868 2044 919; x_wconf 88' lang='lat' dir='ltr'><em>que</em></span> <span class='ocrx_word' id='word_1_148' title='bbox 2073 832 2355 920; x_wconf 86' lang='lat' dir='ltr'><em>jungendis</em></span> <span class='ocrx_word' id='word_1_149' title='bbox 2384 849 2559 916; x_wconf 71' lang='lat' dir='ltr'><em>pedem</em></span> <span class='ocrx_word' id='word_1_150' title='bbox 2600 848 2662 900; x_wconf 82' lang='lat' dir='ltr'><em>de</em></span> <span class='ocrx_word' id='word_1_151' title='bbox 2690 859 2870 900; x_wconf 78' lang='lat' dir='ltr'><em>cwtero</em></span> <span class='ocrx_word' id='word_1_152' title='bbox 2901 846 3157 899; x_wconf 86' lang='lat' dir='ltr'><em>relaturus</em></span> <span class='ocrx_word' id='word_1_153' title='bbox 3179 884 3198 912; x_wconf 89' lang='lat'><em>,</em></span> <span class='ocrx_word' id='word_1_154' title='bbox 3252 846 3348 898; x_wconf 86' lang='lat' dir='ltr'><em>nisi</em></span> <span class='ocrx_word' id='word_1_155' title='bbox 3402 846 3534 915; x_wconf 87' lang='lat' dir='ltr'><em>forte</em></span> 
     </span>
    </p>
   </div>
   <div class='ocr_carea' id='block_1_23' title="bbox 1952 938 3535 1009">
    <p class='ocr_par' dir='ltr' id='par_1_23' title="bbox 1952 938 3535 1009">
     <span class='ocr_line' id='line_1_23' title="bbox 1952 938 3535 1009; baseline -0.004 -12"><span class='ocrx_word' id='word_1_156' title='bbox 1952 944 2194 997; x_wconf 75' lang='lat' dir='ltr'><em>evidentia</em></span> <span class='ocrx_word' id='word_1_157' title='bbox 2225 958 2394 994; x_wconf 74' lang='lat' dir='ltr'><em>cauere</em></span> <span class='ocrx_word' id='word_1_158' title='bbox 2430 942 2562 994; x_wconf 88' lang='lat' dir='ltr'><em>ratio</em></span> <span class='ocrx_word' id='word_1_159' title='bbox 2594 942 2863 993; x_wconf 71' lang='lat' dir='ltr'><em>extorserit</em></span> <span class='ocrx_word' id='word_1_160' title='bbox 2895 940 3115 1009; x_wconf 82' lang='lat' dir='ltr'><em>alicujus</em></span> <span class='ocrx_word' id='word_1_161' title='bbox 3153 938 3535 1006; x_wconf 76' lang='lat' dir='ltr'><em>epigrammatis</em></span> 
     </span>
    </p>
   </div>
   <div class='ocr_carea' id='block_1_24' title="bbox 1955 1031 3532 1105">
    <p class='ocr_par' dir='ltr' id='par_1_24' title="bbox 1955 1031 3532 1105">
     <span class='ocr_line' id='line_1_24' title="bbox 1955 1031 3532 1105; baseline -0.004 -16"><span class='ocrx_word' id='word_1_162' title='bbox 1955 1037 2300 1089; x_wconf 83' lang='lat' dir='ltr'><em>necessitatem</em></span> <span class='ocrx_word' id='word_1_163' title='bbox 2324 1052 2340 1098; x_wconf 91' lang='lat'><strong><em>;</em></strong></span> <span class='ocrx_word' id='word_1_164' title='bbox 2372 1037 2519 1105; x_wconf 83' lang='lat' dir='ltr'><em>cujus</em></span> <span class='ocrx_word' id='word_1_165' title='bbox 2548 1042 2743 1085; x_wconf 89' lang='lat' dir='ltr'><em>tantam</em></span> <span class='ocrx_word' id='word_1_166' title='bbox 2769 1032 3099 1102; x_wconf 76' lang='lat' dir='ltr'><em>exiguitatem</em></span> <span class='ocrx_word' id='word_1_167' title='bbox 3127 1032 3237 1097; x_wconf 83' lang='lat' dir='ltr'><em>fore</em></span> <span class='ocrx_word' id='word_1_168' title='bbox 3266 1031 3532 1100; x_wconf 85' lang='lat' dir='ltr'><em>polliceor,</em></span> 
     </span>
    </p>
   </div>
   <div class='ocr_carea' id='block_1_25' title="bbox 1954 1119 3535 1191">
    <p class='ocr_par' dir='ltr' id='par_1_25' title="bbox 1954 1119 3535 1191">
     <span class='ocr_line' id='line_1_25' title="bbox 1954 1119 3535 1191; baseline -0.004 -12"><span class='ocrx_word' id='word_1_169' title='bbox 1954 1137 2006 1179; x_wconf 90' lang='lat' dir='ltr'><em>ut</em></span> <span class='ocrx_word' id='word_1_170' title='bbox 2035 1127 2076 1179; x_wconf 88' lang='lat' dir='ltr'><em>ei</em></span> <span class='ocrx_word' id='word_1_171' title='bbox 2107 1124 2251 1179; x_wconf 81' lang='lat' dir='ltr'><em>aliud</em></span> <span class='ocrx_word' id='word_1_172' title='bbox 2283 1141 2461 1177; x_wconf 89' lang='lat' dir='ltr'><em>nomen</em></span> <span class='ocrx_word' id='word_1_173' title='bbox 2491 1139 2747 1177; x_wconf 87' lang='lat' dir='ltr'><em>assumere</em></span> <span class='ocrx_word' id='word_1_174' title='bbox 2778 1139 2865 1176; x_wconf 89' lang='lat' dir='ltr'><em>nec</em></span> <span class='ocrx_word' id='word_1_175' title='bbox 2896 1124 3005 1191; x_wconf 88' lang='lat' dir='ltr'><em>ipse</em></span> <span class='ocrx_word' id='word_1_176' title='bbox 3032 1137 3330 1191; x_wconf 74' lang='lat' dir='ltr'><em>prtesumas.</em></span> <span class='ocrx_word' id='word_1_177' title='bbox 3379 1119 3535 1174; x_wconf 84' lang='lat' dir='ltr'><em>Decet</em></span> 
     </span>
    </p>
   </div>
   <div class='ocr_carea' id='block_1_26' title="bbox 1955 1214 3529 1282">
    <p class='ocr_par' dir='ltr' id='par_1_26' title="bbox 1955 1214 3529 1282">
     <span class='ocr_line' id='line_1_26' title="bbox 1955 1214 3529 1282; baseline -0.005 -13"><span class='ocrx_word' id='word_1_178' title='bbox 1955 1220 2087 1270; x_wconf 89' lang='lat' dir='ltr'><em>enim</em></span> <span class='ocrx_word' id='word_1_179' title='bbox 2105 1217 2297 1268; x_wconf 80' lang='lat' dir='ltr'><em>dudum</em></span> <span class='ocrx_word' id='word_1_180' title='bbox 2320 1214 2707 1282; x_wconf 87' lang='lat' dir='ltr'><em>professionem,</em></span> <span class='ocrx_word' id='word_1_181' title='bbox 2729 1229 2861 1265; x_wconf 85' lang='lat' dir='ltr'><em>nunc</em></span> <span class='ocrx_word' id='word_1_182' title='bbox 2884 1215 3037 1265; x_wconf 87' lang='lat' dir='ltr'><em>etiam</em></span> <span class='ocrx_word' id='word_1_183' title='bbox 3057 1220 3257 1265; x_wconf 69' lang='lat' dir='ltr'><em>aztatem</em></span> <span class='ocrx_word' id='word_1_184' title='bbox 3282 1220 3529 1275; x_wconf 88' lang='lat' dir='ltr'><em>nostram,</em></span> 
     </span>
    </p>
   </div>
   <div class='ocr_carea' id='block_1_27' title="bbox 1953 1301 3534 1376">
    <p class='ocr_par' dir='ltr' id='par_1_27' title="bbox 1953 1301 3534 1376">
     <span class='ocr_line' id='line_1_27' title="bbox 1953 1301 3534 1376; baseline -0.005 -16"><span class='ocrx_word' id='word_1_185' title='bbox 1953 1308 1998 1360; x_wconf 91' lang='lat' dir='ltr'><em>si</em></span> <span class='ocrx_word' id='word_1_186' title='bbox 2028 1307 2154 1376; x_wconf 90' lang='lat' dir='ltr'><em>quid</em></span> <span class='ocrx_word' id='word_1_187' title='bbox 2184 1307 2572 1376; x_wconf 87' lang='lat' dir='ltr'><em>scriptitaudum</em></span> <span class='ocrx_word' id='word_1_188' title='bbox 2601 1314 2695 1369; x_wconf 86' lang='lat' dir='ltr'><em>est,</em></span> <span class='ocrx_word' id='word_1_189' title='bbox 2728 1304 2950 1374; x_wconf 77' lang='lat' dir='ltr'><em>graviori</em></span> <span class='ocrx_word' id='word_1_190' title='bbox 2975 1304 3141 1371; x_wconf 80' lang='lat' dir='ltr'><em>potius</em></span> <span class='ocrx_word' id='word_1_191' title='bbox 3164 1301 3297 1371; x_wconf 83' lang='lat' dir='ltr'><em>stglo</em></span> <span class='ocrx_word' id='word_1_192' title='bbox 3327 1316 3534 1370; x_wconf 81' lang='lat' dir='ltr'><em>cperant</em></span> 
     </span>
    </p>
   </div>
   <div class='ocr_carea' id='block_1_28' title="bbox 1955 1391 3533 1465">
    <p class='ocr_par' dir='ltr' id='par_1_28' title="bbox 1955 1391 3533 1465">
     <span class='ocr_line' id='line_1_28' title="bbox 1955 1391 3533 1465; baseline -0.004 -16"><span class='ocrx_word' id='word_1_193' title='bbox 1955 1412 2016 1449; x_wconf 88' lang='lat' dir='ltr'><em>ac</em></span> <span class='ocrx_word' id='word_1_194' title='bbox 2037 1408 2231 1465; x_wconf 88' lang='lat' dir='ltr'><em>tempus</em></span> <span class='ocrx_word' id='word_1_195' title='bbox 2261 1397 2532 1459; x_wconf 82' lang='lat' dir='ltr'><em>insumere,</em></span> <span class='ocrx_word' id='word_1_196' title='bbox 2565 1411 2655 1448; x_wconf 91' lang='lat' dir='ltr'><em>nec</em></span> <span class='ocrx_word' id='word_1_197' title='bbox 2693 1398 2747 1447; x_wconf 91' lang='lat' dir='ltr'><em>in</em></span> <span class='ocrx_word' id='word_1_198' title='bbox 2786 1411 2846 1448; x_wconf 88' lang='lat' dir='ltr'><em>eo</em></span> <span class='ocrx_word' id='word_1_199' title='bbox 2890 1394 3153 1447; x_wconf 88' lang='lat' dir='ltr'><em>immorari</em></span> <span class='ocrx_word' id='word_1_200' title='bbox 3178 1393 3314 1463; x_wconf 88' lang='lat' dir='ltr'><em>quod</em></span> <span class='ocrx_word' id='word_1_201' title='bbox 3358 1391 3533 1461; x_wconf 87' lang='lat' dir='ltr'><em>paucis</em></span> 
     </span>
    </p>
   </div>
   <div class='ocr_carea' id='block_1_29' title="bbox 1954 1484 3532 1559">
    <p class='ocr_par' dir='ltr' id='par_1_29' title="bbox 1954 1484 3532 1559">
     <span class='ocr_line' id='line_1_29' title="bbox 1954 1484 3532 1559; baseline -0.003 -19"><span class='ocrx_word' id='word_1_202' title='bbox 1954 1488 2346 1559; x_wconf 86' lang='lat' dir='ltr'><em>intelligentibus</em></span> <span class='ocrx_word' id='word_1_203' title='bbox 2374 1503 2664 1541; x_wconf 86' lang='lat' dir='ltr'><em>mensuram</em></span> <span class='ocrx_word' id='word_1_204' title='bbox 2713 1487 3025 1555; x_wconf 82' lang='lat' dir='ltr'><em>syllabarum</em></span> <span class='ocrx_word' id='word_1_205' title='bbox 3065 1484 3314 1539; x_wconf 76' lang='lat' dir='ltr'><em>servando</em></span> <span class='ocrx_word' id='word_1_206' title='bbox 3357 1492 3532 1546; x_wconf 84' lang='lat' dir='ltr'><em>canat,</em></span> 
     </span>
    </p>
   </div>
   <div class='ocr_carea' id='block_1_30' title="bbox 1955 1563 3532 1649">
    <p class='ocr_par' dir='ltr' id='par_1_30' title="bbox 1955 1563 3532 1649">
     <span class='ocr_line' id='line_1_30' title="bbox 1955 1563 3532 1649; baseline -0.003 -14"><span class='ocrx_word' id='word_1_207' title='bbox 1955 1582 2042 1635; x_wconf 90' lang='lat' dir='ltr'><em>sed</em></span> <span class='ocrx_word' id='word_1_208' title='bbox 2065 1582 2199 1649; x_wconf 87' lang='lat' dir='ltr'><em>quod</em></span> <span class='ocrx_word' id='word_1_209' title='bbox 2223 1563 2497 1649; x_wconf 71' lang='lat' dir='ltr'><em>legentibus</em></span> <span class='ocrx_word' id='word_1_210' title='bbox 2531 1580 2703 1631; x_wconf 89' lang='lat' dir='ltr'><em>multis</em></span> <span class='ocrx_word' id='word_1_211' title='bbox 2734 1588 3024 1633; x_wconf 85' lang='lat' dir='ltr'><em>mensurata</em></span> <span class='ocrx_word' id='word_1_212' title='bbox 3058 1578 3179 1645; x_wconf 81' lang='lat' dir='ltr'><em>ﬁdei</em></span> <span class='ocrx_word' id='word_1_213' title='bbox 3228 1578 3532 1631; x_wconf 84' lang='lat' dir='ltr'><em>astructione</em></span> 
     </span>
    </p>
   </div>
   <div class='ocr_carea' id='block_1_31' title="bbox 1955 1673 2220 1726">
    <p class='ocr_par' dir='ltr' id='par_1_31' title="bbox 1955 1673 2220 1726">
     <span class='ocr_line' id='line_1_31' title="bbox 1955 1673 2220 1726; baseline -0.004 0"><span class='ocrx_word' id='word_1_214' title='bbox 1955 1673 2220 1726; x_wconf 88' lang='lat' dir='ltr'><em>deserviat.</em></span> 
     </span>
    </p>
   </div>
   <div class='ocr_carea' id='block_1_32' title="bbox 575 1770 3525 1802">
    <p class='ocr_par' dir='ltr' id='par_1_32' title="bbox 575 1770 3525 1802">
     <span class='ocr_line' id='line_1_32' title="bbox 575 1770 3525 1802; baseline 0.001 -13"><span class='ocrx_word' id='word_1_215' title='bbox 575 1770 3525 1802; x_wconf 68' lang='lat'><em>—___——_—__—_—_—_.—_—____—’</em></span> 
     </span>
    </p>
   </div>
   <div class='ocr_carea' id='block_1_33' title="bbox 1295 1877 2509 1987">
    <p class='ocr_par' dir='ltr' id='par_1_33' title="bbox 1295 1877 2509 1987">
     <span class='ocr_line' id='line_1_33' title="bbox 1295 1877 2509 1987; baseline 0 -2"><span class='ocrx_word' id='word_1_216' title='bbox 1295 1879 1773 1986; x_wconf 83' lang='lat' dir='ltr'><em>LIBER</em></span> <span class='ocrx_word' id='word_1_217' title='bbox 1852 1878 2273 1987; x_wconf 76' lang='lat' dir='ltr'><em>SEXT</em></span> <span class='ocrx_word' id='word_1_218' title='bbox 2294 1877 2509 1985; x_wconf 81' lang='lat' dir='ltr'><em>US.</em></span> 
     </span>
    </p>
   </div>
   <div class='ocr_carea' id='block_1_34' title="bbox 297 2036 3514 2138">
    <p class='ocr_par' dir='ltr' id='par_1_34' title="bbox 297 2036 3514 2138">
     <span class='ocr_line' id='line_1_34' title="bbox 297 2036 3514 2138; baseline 0.002 -48"><span class='ocrx_word' id='word_1_219' title='bbox 297 2036 392 2093; x_wconf 83' lang='lat' dir='ltr'><em>DE</em></span> <span class='ocrx_word' id='word_1_220' title='bbox 424 2038 940 2095; x_wconf 74' lang='lat' dir='ltr'><em>CONSOLATORIA</em></span> <span class='ocrx_word' id='word_1_221' title='bbox 977 2040 1206 2096; x_wconf 85' lang='lat' dir='ltr'><em>LAUDE</em></span> <span class='ocrx_word' id='word_1_222' title='bbox 1242 2041 1661 2105; x_wconf 86' lang='lat' dir='ltr'><em>CASTITATIS,</em></span> <span class='ocrx_word' id='word_1_223' title='bbox 1702 2039 2176 2111; x_wconf 23' lang='lat' dir='ltr'><em>ADgFUSClNAM</em></span> <span class='ocrx_word' id='word_1_224' title='bbox 2217 2039 2543 2095; x_wconf 80' lang='lat' dir='ltr'><em>SOROREM</em></span> <span class='ocrx_word' id='word_1_225' title='bbox 2583 2042 2718 2097; x_wconf 86' lang='grc' dir='ltr'><em>Ι)Εο</em></span> <span class='ocrx_word' id='word_1_226' title='bbox 2756 2040 3085 2097; x_wconf 81' lang='lat' dir='ltr'><em>VIRGINEM</em></span> <span class='ocrx_word' id='word_1_227' title='bbox 3123 2041 3514 2138; x_wconf 53' lang='lat' dir='ltr'><em>SACIlA&#39;l‘AM.</em></span> 
     </span>
    </p>
   </div>
   <div class='ocr_carea' id='block_1_35' title="bbox 342 2140 1776 2223">
    <p class='ocr_par' dir='ltr' id='par_1_35' title="bbox 342 2140 1776 2223">
     <span class='ocr_line' id='line_1_35' title="bbox 342 2140 1776 2223; baseline -0.001 -16"><span class='ocrx_word' id='word_1_228' title='bbox 342 2154 586 2221; x_wconf 79' lang='lat' dir='ltr'><em>Suscipe,</em></span> <span class='ocrx_word' id='word_1_229' title='bbox 618 2156 1001 2221; x_wconf 83' lang='lat' dir='ltr'><em>complectens,</em></span> <span class='ocrx_word' id='word_1_230' title='bbox 1024 2154 1239 2209; x_wconf 83' lang='lat' dir='ltr'><em>Christo</em></span> <span class='ocrx_word' id='word_1_231' title='bbox 1267 2140 1578 2223; x_wconf 79' lang='lat' dir='ltr'><em>dignissima</em></span> <span class='ocrx_word' id='word_1_232' title='bbox 1602 2154 1776 2222; x_wconf 87' lang='lat' dir='ltr'><em>virgo,</em></span> 
     </span>
    </p>
   </div>
   <div class='ocr_carea' id='block_1_36' title="bbox 275 2244 1570 2315">
    <p class='ocr_par' dir='ltr' id='par_1_36' title="bbox 275 2244 1570 2315">
     <span class='ocr_line' id='line_1_36' title="bbox 275 2244 1570 2315; baseline -0.001 -15"><span class='ocrx_word' id='word_1_233' title='bbox 275 2244 512 2300; x_wconf 79' lang='lat' dir='ltr'><em>Alcimus</em></span> <span class='ocrx_word' id='word_1_234' title='bbox 537 2245 634 2299; x_wconf 87' lang='lat' dir='ltr'><em>ista</em></span> <span class='ocrx_word' id='word_1_235' title='bbox 670 2246 759 2299; x_wconf 92' lang='lat' dir='ltr'><em>tibi</em></span> <span class='ocrx_word' id='word_1_236' title='bbox 784 2262 901 2315; x_wconf 70' lang='lat' dir='ltr'><em>qua:</em></span> <span class='ocrx_word' id='word_1_237' title='bbox 926 2247 1091 2299; x_wconf 89' lang='lat' dir='ltr'><em>mittit</em></span> <span class='ocrx_word' id='word_1_238' title='bbox 1120 2261 1339 2301; x_wconf 89' lang='lat' dir='ltr'><em>munera</em></span> <span class='ocrx_word' id='word_1_239' title='bbox 1384 2245 1570 2310; x_wconf 80' lang='lat' dir='ltr'><em>frater,</em></span> 
     </span>
    </p>
   </div>
   <div class='ocr_carea' id='block_1_37' title="bbox 277 2336 1617 2406">
    <p class='ocr_par' dir='ltr' id='par_1_37' title="bbox 277 2336 1617 2406">
     <span class='ocr_line' id='line_1_37' title="bbox 277 2336 1617 2406; baseline 0 -15"><span class='ocrx_word' id='word_1_240' title='bbox 277 2336 440 2405; x_wconf 86' lang='lat' dir='ltr'><em>lnque</em></span> <span class='ocrx_word' id='word_1_241' title='bbox 461 2336 565 2390; x_wconf 86' lang='lat' dir='ltr'><em>levi</em></span> <span class='ocrx_word' id='word_1_242' title='bbox 597 2336 803 2390; x_wconf 81' lang='lat' dir='ltr'><em>calamo</em></span> <span class='ocrx_word' id='word_1_243' title='bbox 830 2352 1111 2391; x_wconf 83' lang='lat' dir='ltr'><em>causarum</em></span> <span class='ocrx_word' id='word_1_244' title='bbox 1145 2338 1352 2403; x_wconf 82' lang='lat' dir='ltr'><em>reSpice</em></span> <span class='ocrx_word' id='word_1_245' title='bbox 1384 2336 1617 2406; x_wconf 89' lang='lat' dir='ltr'><em>pondus,</em></span> 
     </span>
    </p>
   </div>
   <div class='ocr_carea' id='block_1_38' title="bbox 278 2429 1638 2486">
    <p class='ocr_par' dir='ltr' id='par_1_38' title="bbox 278 2429 1638 2486">
     <span class='ocr_line' id='line_1_38' title="bbox 278 2429 1638 2486; baseline -0.002 -2"><span class='ocrx_word' id='word_1_246' title='bbox 278 2431 345 2484; x_wconf 83' lang='lat' dir='ltr'><em>Et</em></span> <span class='ocrx_word' id='word_1_247' title='bbox 375 2431 549 2484; x_wconf 87' lang='lat' dir='ltr'><em>tenuis</em></span> <span class='ocrx_word' id='word_1_248' title='bbox 578 2429 768 2485; x_wconf 81' lang='lat' dir='ltr'><em>fortem</em></span> <span class='ocrx_word' id='word_1_249' title='bbox 798 2430 1138 2486; x_wconf 90' lang='lat' dir='ltr'><em>commendet</em></span> <span class='ocrx_word' id='word_1_250' title='bbox 1160 2432 1349 2484; x_wconf 86' lang='lat' dir='ltr'><em>cantus</em></span> <span class='ocrx_word' id='word_1_251' title='bbox 1376 2445 1638 2483; x_wconf 85' lang='lat' dir='ltr'><em>amorem.</em></span> 
     </span>
    </p>
   </div>
   <div class='ocr_carea' id='block_1_39' title="bbox 279 2519 1783 2591">
    <p class='ocr_par' dir='ltr' id='par_1_39' title="bbox 279 2519 1783 2591">
     <span class='ocr_line' id='line_1_39' title="bbox 279 2519 1783 2591; baseline 0 -17"><span class='ocrx_word' id='word_1_252' title='bbox 279 2519 410 2574; x_wconf 76' lang='lat' dir='ltr'><em>Nam</em></span> <span class='ocrx_word' id='word_1_253' title='bbox 439 2521 649 2591; x_wconf 87' lang='lat' dir='ltr'><em>quoties</em></span> <span class='ocrx_word' id='word_1_254' title='bbox 678 2531 919 2575; x_wconf 86' lang='lat' dir='ltr'><em>sanctum</em></span> <span class='ocrx_word' id='word_1_255' title='bbox 950 2521 1298 2589; x_wconf 87' lang='lat' dir='ltr'><em>compleverit</em></span> <span class='ocrx_word' id='word_1_256' title='bbox 1322 2522 1507 2575; x_wconf 83' lang='lat' dir='ltr'><em>ordine</em></span> <span class='ocrx_word' id='word_1_257' title='bbox 1528 2534 1740 2574; x_wconf 83' lang='lat' dir='ltr'><em>cursum</em></span> <span class='ocrx_word' id='word_1_258' title='bbox 1768 2559 1783 2583; x_wconf 89' lang='lat'><em>,</em></span> 
     </span>
    </p>
   </div>
   <div class='ocr_carea' id='block_1_40' title="bbox 284 2610 1635 2680">
    <p class='ocr_par' dir='ltr' id='par_1_40' title="bbox 284 2610 1635 2680">
     <span class='ocr_line' id='line_1_40' title="bbox 284 2610 1635 2680; baseline -0.002 -14"><span class='ocrx_word' id='word_1_259' title='bbox 284 2612 533 2667; x_wconf 84' lang='lat' dir='ltr'><em>Alternos</em></span> <span class='ocrx_word' id='word_1_260' title='bbox 563 2610 808 2665; x_wconf 86' lang='lat' dir='ltr'><em>recinens</em></span> <span class='ocrx_word' id='word_1_261' title='bbox 840 2611 979 2679; x_wconf 81' lang='lat' dir='ltr'><em>dulci</em></span> <span class='ocrx_word' id='word_1_262' title='bbox 1008 2611 1372 2666; x_wconf 86' lang='lat' dir='ltr'><em>modulamine</em></span> <span class='ocrx_word' id='word_1_263' title='bbox 1404 2610 1635 2680; x_wconf 85' lang='lat' dir='ltr'><em>psalmos</em></span> 
     </span>
    </p>
   </div>
   <div class='ocr_carea' id='block_1_41' title="bbox 278 2703 1615 2773">
    <p class='ocr_par' dir='ltr' id='par_1_41' title="bbox 278 2703 1615 2773">
     <span class='ocr_line' id='line_1_41' title="bbox 278 2703 1615 2773; baseline 0.001 -19"><span class='ocrx_word' id='word_1_264' title='bbox 278 2704 425 2770; x_wconf 83' lang='lat' dir='ltr'><em>Quos</em></span> <span class='ocrx_word' id='word_1_265' title='bbox 454 2704 642 2757; x_wconf 75' lang='lat' dir='ltr'><em>vivens</em></span> <span class='ocrx_word' id='word_1_266' title='bbox 679 2703 730 2757; x_wconf 92' lang='lat' dir='ltr'><em>in</em></span> <span class='ocrx_word' id='word_1_267' title='bbox 763 2703 925 2758; x_wconf 89' lang='lat' dir='ltr'><em>corde</em></span> <span class='ocrx_word' id='word_1_268' title='bbox 945 2703 1155 2773; x_wconf 80' lang='lat' dir='ltr'><em>chelys,</em></span> <span class='ocrx_word' id='word_1_269' title='bbox 1185 2703 1380 2757; x_wconf 87' lang='lat' dir='ltr'><em>virtute</em></span> <span class='ocrx_word' id='word_1_270' title='bbox 1400 2717 1615 2767; x_wconf 90' lang='lat' dir='ltr'><em>canora,</em></span> 
     </span>
    </p>
   </div>
   <div class='ocr_carea' id='block_1_42' title="bbox 275 2794 1483 2864">
    <p class='ocr_par' dir='ltr' id='par_1_42' title="bbox 275 2794 1483 2864">
     <span class='ocr_line' id='line_1_42' title="bbox 275 2794 1483 2864; baseline 0.001 -15"><span class='ocrx_word' id='word_1_271' title='bbox 275 2794 536 2849; x_wconf 87' lang='lat' dir='ltr'><em>luteriorc</em></span> <span class='ocrx_word' id='word_1_272' title='bbox 567 2812 701 2850; x_wconf 75' lang='lat' dir='ltr'><em>euno</em></span> <span class='ocrx_word' id='word_1_273' title='bbox 730 2796 891 2849; x_wconf 88' lang='lat' dir='ltr'><em>castis</em></span> <span class='ocrx_word' id='word_1_274' title='bbox 914 2796 1263 2849; x_wconf 80' lang='lat' dir='ltr'><em>concentibus</em></span> <span class='ocrx_word' id='word_1_275' title='bbox 1291 2804 1436 2864; x_wconf 87' lang='lat' dir='ltr'><em>aptat</em></span> <span class='ocrx_word' id='word_1_276' title='bbox 1468 2812 1483 2850; x_wconf 87' lang='lat'>:</span> 
     </span>
    </p>
   </div>
   <div class='ocr_carea' id='block_1_43' title="bbox 284 2891 1553 2955">
    <p class='ocr_par' dir='ltr' id='par_1_43' title="bbox 284 2891 1553 2955">
     <span class='ocr_line' id='line_1_43' title="bbox 284 2891 1553 2955; baseline -0.002 -9"><span class='ocrx_word' id='word_1_277' title='bbox 284 2892 422 2946; x_wconf 85' lang='lat' dir='ltr'><em>Tum</em></span> <span class='ocrx_word' id='word_1_278' title='bbox 448 2892 573 2947; x_wconf 90' lang='lat' dir='ltr'><em>licet</em></span> <span class='ocrx_word' id='word_1_279' title='bbox 602 2906 831 2947; x_wconf 82' lang='lat' dir='ltr'><em>excusso</em></span> <span class='ocrx_word' id='word_1_280' title='bbox 863 2892 1021 2946; x_wconf 88' lang='lat' dir='ltr'><em>libeat</em></span> <span class='ocrx_word' id='word_1_281' title='bbox 1045 2892 1135 2946; x_wconf 86' lang='lat' dir='ltr'><em>tibi</em></span> <span class='ocrx_word' id='word_1_282' title='bbox 1159 2891 1343 2946; x_wconf 87' lang='lat' dir='ltr'><em>ludere</em></span> <span class='ocrx_word' id='word_1_283' title='bbox 1374 2906 1553 2955; x_wconf 85' lang='lat' dir='ltr'><em>versu,</em></span> 
     </span>
    </p>
   </div>
   <div class='ocr_carea' id='block_1_44' title="bbox 278 2984 1677 3055">
    <p class='ocr_par' dir='ltr' id='par_1_44' title="bbox 278 2984 1677 3055">
     <span class='ocr_line' id='line_1_44' title="bbox 278 2984 1677 3055; baseline -0.004 -14"><span class='ocrx_word' id='word_1_284' title='bbox 278 2987 457 3054; x_wconf 80' lang='lat' dir='ltr'><em>Atque</em></span> <span class='ocrx_word' id='word_1_285' title='bbox 486 2985 753 3055; x_wconf 88' lang='lat' dir='ltr'><em>fatigatam</em></span> <span class='ocrx_word' id='word_1_286' title='bbox 786 2984 1089 3039; x_wconf 87' lang='lat' dir='ltr'><em>meditando</em></span> <span class='ocrx_word' id='word_1_287' title='bbox 1120 2985 1400 3039; x_wconf 85' lang='lat' dir='ltr'><em>absolvere</em></span> <span class='ocrx_word' id='word_1_288' title='bbox 1423 2992 1677 3039; x_wconf 89' lang='lat' dir='ltr'><em>mentem.</em></span> 
     </span>
    </p>
   </div>
   <div class='ocr_carea' id='block_1_45' title="bbox 277 3075 1432 3146">
    <p class='ocr_par' dir='ltr' id='par_1_45' title="bbox 277 3075 1432 3146">
     <span class='ocr_line' id='line_1_45' title="bbox 277 3075 1432 3146; baseline -0.003 -15"><span class='ocrx_word' id='word_1_289' title='bbox 277 3076 396 3131; x_wconf 71' lang='lat' dir='ltr'><em>Non</em></span> <span class='ocrx_word' id='word_1_290' title='bbox 430 3075 513 3131; x_wconf 79' lang='lat' dir='ltr'><em>hic</em></span> <span class='ocrx_word' id='word_1_291' title='bbox 537 3076 711 3131; x_wconf 79' lang='lat' dir='ltr'><em>fallaci</em></span> <span class='ocrx_word' id='word_1_292' title='bbox 741 3076 973 3146; x_wconf 86' lang='lat' dir='ltr'><em>tingelur</em></span> <span class='ocrx_word' id='word_1_293' title='bbox 1002 3075 1236 3130; x_wconf 86' lang='lat' dir='ltr'><em>barbitos</em></span> <span class='ocrx_word' id='word_1_294' title='bbox 1262 3076 1432 3140; x_wconf 87' lang='lat' dir='ltr'><em>unda,</em></span> 
     </span>
    </p>
   </div>
   <div class='ocr_carea' id='block_1_46' title="bbox 280 3169 1673 3239">
    <p class='ocr_par' dir='ltr' id='par_1_46' title="bbox 280 3169 1673 3239">
     <span class='ocr_line' id='line_1_46' title="bbox 280 3169 1673 3239; baseline 0 -14"><span class='ocrx_word' id='word_1_295' title='bbox 280 3170 516 3239; x_wconf 75' lang='lat' dir='ltr'><em>Pegasus</em></span> <span class='ocrx_word' id='word_1_296' title='bbox 543 3169 681 3224; x_wconf 88' lang='lat' dir='ltr'><em>unde</em></span> <span class='ocrx_word' id='word_1_297' title='bbox 711 3170 857 3223; x_wconf 84' lang='lat' dir='ltr'><em>leves</em></span> <span class='ocrx_word' id='word_1_298' title='bbox 888 3178 1212 3238; x_wconf 71' lang='lat' dir='ltr'><em>prtevertens</em></span> <span class='ocrx_word' id='word_1_299' title='bbox 1253 3170 1488 3223; x_wconf 86' lang='lat' dir='ltr'><em>motibus</em></span> <span class='ocrx_word' id='word_1_300' title='bbox 1515 3184 1673 3225; x_wconf 85' lang='lat' dir='ltr'><em>auras</em></span> 
     </span>
    </p>
   </div>
   <div class='ocr_carea' id='block_1_47' title="bbox 279 3259 1578 3331">
    <p class='ocr_par' dir='ltr' id='par_1_47' title="bbox 279 3259 1578 3331">
     <span class='ocr_line' id='line_1_47' title="bbox 279 3259 1578 3331; baseline -0.001 -17"><span class='ocrx_word' id='word_1_301' title='bbox 279 3259 524 3331; x_wconf 83' lang='lat' dir='ltr'><em>Fingitur</em></span> <span class='ocrx_word' id='word_1_302' title='bbox 548 3269 821 3329; x_wconf 88' lang='lat' dir='ltr'><em>assumpto</em></span> <span class='ocrx_word' id='word_1_303' title='bbox 843 3260 1081 3330; x_wconf 85' lang='lat' dir='ltr'><em>pendens</em></span> <span class='ocrx_word' id='word_1_304' title='bbox 1113 3260 1352 3315; x_wconf 88' lang='lat' dir='ltr'><em>hinnisse</em></span> <span class='ocrx_word' id='word_1_305' title='bbox 1376 3261 1578 3325; x_wconf 78' lang='lat' dir='ltr'><em>volatu,</em></span> 
     </span>
    </p>
   </div>
   <div class='ocr_carea' id='block_1_48' title="bbox 281 3350 1740 3422">
    <p class='ocr_par' dir='ltr' id='par_1_48' title="bbox 281 3350 1740 3422">
     <span class='ocr_line' id='line_1_48' title="bbox 281 3350 1740 3422; baseline 0.001 -16"><span class='ocrx_word' id='word_1_306' title='bbox 281 3350 420 3406; x_wconf 85' lang='lat' dir='ltr'><em>Dum</em></span> <span class='ocrx_word' id='word_1_307' title='bbox 448 3350 676 3407; x_wconf 85' lang='lat' dir='ltr'><em>ferretur</em></span> <span class='ocrx_word' id='word_1_308' title='bbox 705 3351 827 3421; x_wconf 90' lang='lat' dir='ltr'><em>equi</em></span> <span class='ocrx_word' id='word_1_309' title='bbox 860 3352 1039 3421; x_wconf 88' lang='lat' dir='ltr'><em>gravis</em></span> <span class='ocrx_word' id='word_1_310' title='bbox 1061 3353 1255 3421; x_wconf 88' lang='lat' dir='ltr'><em>ungula</em></span> <span class='ocrx_word' id='word_1_311' title='bbox 1290 3362 1521 3421; x_wconf 69' lang='lat' dir='ltr'><em>prmpcte</em></span> <span class='ocrx_word' id='word_1_312' title='bbox 1549 3367 1740 3422; x_wconf 87' lang='lat' dir='ltr'><em>penna.</em></span> 
     </span>
    </p>
   </div>
   <div class='ocr_carea' id='block_1_49' title="bbox 283 3443 1477 3509">
    <p class='ocr_par' dir='ltr' id='par_1_49' title="bbox 283 3443 1477 3509">
     <span class='ocr_line' id='line_1_49' title="bbox 283 3443 1477 3509; baseline 0 -9"><span class='ocrx_word' id='word_1_313' title='bbox 283 3443 391 3500; x_wconf 89' lang='lat' dir='ltr'><em>Sed</em></span> <span class='ocrx_word' id='word_1_314' title='bbox 419 3459 517 3499; x_wconf 88' lang='lat' dir='ltr'><em>nec</em></span> <span class='ocrx_word' id='word_1_315' title='bbox 546 3445 725 3499; x_wconf 89' lang='lat' dir='ltr'><em>Pierio</em></span> <span class='ocrx_word' id='word_1_316' title='bbox 753 3444 949 3500; x_wconf 88' lang='lat' dir='ltr'><em>ducent</em></span> <span class='ocrx_word' id='word_1_317' title='bbox 978 3444 1064 3498; x_wconf 87' lang='lat' dir='ltr'><em>hic</em></span> <span class='ocrx_word' id='word_1_318' title='bbox 1094 3447 1298 3501; x_wconf 88' lang='lat' dir='ltr'><em>cantica</em></span> <span class='ocrx_word' id='word_1_319' title='bbox 1329 3447 1477 3509; x_wconf 89' lang='lat' dir='ltr'><em>ludo,</em></span> 
     </span>
    </p>
   </div>
   <div class='ocr_carea' id='block_1_50' title="bbox 282 3534 1582 3602">
    <p class='ocr_par' dir='ltr' id='par_1_50' title="bbox 282 3534 1582 3602">
     <span class='ocr_line' id='line_1_50' title="bbox 282 3534 1582 3602; baseline 0.002 -13"><span class='ocrx_word' id='word_1_320' title='bbox 282 3534 428 3602; x_wconf 84' lang='lat' dir='ltr'><em>Quas</em></span> <span class='ocrx_word' id='word_1_321' title='bbox 453 3537 553 3590; x_wconf 87' lang='lat' dir='ltr'><em>sibi</em></span> <span class='ocrx_word' id='word_1_322' title='bbox 585 3547 666 3591; x_wconf 89' lang='lat' dir='ltr'><em>ter</em></span> <span class='ocrx_word' id='word_1_323' title='bbox 688 3547 867 3592; x_wconf 88' lang='lat' dir='ltr'><em>ternas</em></span> <span class='ocrx_word' id='word_1_324' title='bbox 895 3538 1155 3592; x_wconf 86' lang='lat' dir='ltr'><em>mentitur</em></span> <span class='ocrx_word' id='word_1_325' title='bbox 1186 3538 1324 3593; x_wconf 88' lang='lat' dir='ltr'><em>fama</em></span> <span class='ocrx_word' id='word_1_326' title='bbox 1348 3554 1582 3593; x_wconf 79' lang='lat' dir='ltr'><em>sorores.</em></span> 
     </span>
    </p>
   </div>
   <div class='ocr_carea' id='block_1_51' title="bbox 282 3624 1712 3699">
    <p class='ocr_par' dir='ltr' id='par_1_51' title="bbox 282 3624 1712 3699">
     <span class='ocr_line' id='line_1_51' title="bbox 282 3624 1712 3699; baseline 0.003 -20"><span class='ocrx_word' id='word_1_327' title='bbox 282 3624 385 3680; x_wconf 85' lang='lat' dir='ltr'><em>Dat</em></span> <span class='ocrx_word' id='word_1_328' title='bbox 409 3628 502 3681; x_wconf 85' lang='lat' dir='ltr'><em>tibi</em></span> <span class='ocrx_word' id='word_1_329' title='bbox 531 3643 865 3696; x_wconf 86' lang='lat' dir='ltr'><em>germanum,</em></span> <span class='ocrx_word' id='word_1_330' title='bbox 900 3628 992 3683; x_wconf 88' lang='lat' dir='ltr'><em>sed</em></span> <span class='ocrx_word' id='word_1_331' title='bbox 1018 3644 1177 3682; x_wconf 85' lang='lat' dir='ltr'><em>verax</em></span> <span class='ocrx_word' id='word_1_332' title='bbox 1206 3631 1402 3683; x_wconf 69' lang='lat' dir='ltr'><em>musica</em></span> <span class='ocrx_word' id='word_1_333' title='bbox 1428 3630 1712 3699; x_wconf 87' lang='lat' dir='ltr'><em>plectrum,</em></span> 
     </span>
    </p>
   </div>
   <div class='ocr_carea' id='block_1_52' title="bbox 283 3717 1687 3778">
    <p class='ocr_par' dir='ltr' id='par_1_52' title="bbox 283 3717 1687 3778">
     <span class='ocr_line' id='line_1_52' title="bbox 283 3717 1687 3778; baseline 0.005 -7"><span class='ocrx_word' id='word_1_334' title='bbox 283 3717 649 3773; x_wconf 76' lang='lat' dir='ltr'><em>Et&#39;Christum</em></span> <span class='ocrx_word' id='word_1_335' title='bbox 680 3734 939 3775; x_wconf 85' lang='lat' dir='ltr'><em>resonans</em></span> <span class='ocrx_word' id='word_1_336' title='bbox 968 3720 1243 3775; x_wconf 88' lang='lat' dir='ltr'><em>claudetur</em></span> <span class='ocrx_word' id='word_1_337' title='bbox 1272 3722 1441 3777; x_wconf 83' lang='lat' dir='ltr'><em>listula</em></span> <span class='ocrx_word' id='word_1_338' title='bbox 1468 3723 1687 3778; x_wconf 68' lang='lat' dir='ltr'><em>thbo.</em></span> 
     </span>
    </p>
   </div>
   <div class='ocr_carea' id='block_1_53' title="bbox 280 3810 1678 3885">
    <p class='ocr_par' dir='ltr' id='par_1_53' title="bbox 280 3810 1678 3885">
     <span class='ocr_line' id='line_1_53' title="bbox 280 3810 1678 3885; baseline 0.006 -22"><span class='ocrx_word' id='word_1_339' title='bbox 280 3822 287 3841; x_wconf 86' lang='grc'><strong>·</strong></span> <span class='ocrx_word' id='word_1_340' title='bbox 356 3810 535 3865; x_wconf 83' lang='lat' dir='ltr'><em>Edidit</em></span> <span class='ocrx_word' id='word_1_341' title='bbox 566 3821 622 3864; x_wconf 90' lang='lat' dir='ltr'><em>ut</em></span> <span class='ocrx_word' id='word_1_342' title='bbox 647 3822 888 3881; x_wconf 82' lang='lat' dir='ltr'><em>quartam</em></span> <span class='ocrx_word' id='word_1_343' title='bbox 912 3814 1139 3883; x_wconf 82' lang='lat' dir='ltr'><em>genitrix</em></span> <span class='ocrx_word' id='word_1_344' title='bbox 1163 3815 1422 3869; x_wconf 87' lang='lat' dir='ltr'><em>Audentia</em></span> <span class='ocrx_word' id='word_1_345' title='bbox 1456 3818 1678 3885; x_wconf 85' lang='lat' dir='ltr'><em>prolem,</em></span> 
     </span>
    </p>
   </div>
   <div class='ocr_carea' id='block_1_54' title="bbox 285 3902 1609 3974">
    <p class='ocr_par' dir='ltr' id='par_1_54' title="bbox 285 3902 1609 3974">
     <span class='ocr_line' id='line_1_54' title="bbox 285 3902 1609 3974; baseline 0.005 -19"><span class='ocrx_word' id='word_1_346' title='bbox 285 3902 466 3968; x_wconf 83' lang='lat' dir='ltr'><em>Teque</em></span> <span class='ocrx_word' id='word_1_347' title='bbox 492 3903 639 3957; x_wconf 87' lang='lat' dir='ltr'><em>dedit</em></span> <span class='ocrx_word' id='word_1_348' title='bbox 668 3905 851 3973; x_wconf 80' lang='lat' dir='ltr'><em>generi</em></span> <span class='ocrx_word' id='word_1_349' title='bbox 879 3915 1031 3973; x_wconf 89' lang='lat' dir='ltr'><em>partu</em></span> <span class='ocrx_word' id='word_1_350' title='bbox 1066 3904 1289 3959; x_wconf 87' lang='lat' dir='ltr'><em>fecunda</em></span> <span class='ocrx_word' id='word_1_351' title='bbox 1314 3920 1564 3974; x_wconf 85' lang='lat' dir='ltr'><em>supremo</em></span> <span class='ocrx_word' id='word_1_352' title='bbox 1595 3925 1609 3972; x_wconf 84' lang='lat'><strong>;</strong></span> 
     </span>
    </p>
   </div>
   <div class='ocr_carea' id='block_1_55' title="bbox 282 3991 1540 4065">
    <p class='ocr_par' dir='ltr' id='par_1_55' title="bbox 282 3991 1540 4065">
     <span class='ocr_line' id='line_1_55' title="bbox 282 3991 1540 4065; baseline 0.006 -20"><span class='ocrx_word' id='word_1_353' title='bbox 282 3991 577 4065; x_wconf 86' lang='lat' dir='ltr'><em>Confestim</em></span> <span class='ocrx_word' id='word_1_354' title='bbox 611 4010 821 4064; x_wconf 88' lang='lat' dir='ltr'><em>parcam</em></span> <span class='ocrx_word' id='word_1_355' title='bbox 849 3994 1107 4063; x_wconf 85' lang='lat' dir='ltr'><em>premittit</em></span> <span class='ocrx_word' id='word_1_356' title='bbox 1131 3996 1328 4050; x_wconf 90' lang='lat' dir='ltr'><em>ducere</em></span> <span class='ocrx_word' id='word_1_357' title='bbox 1357 3998 1540 4053; x_wconf 87' lang='lat' dir='ltr'><em>vitam.</em></span> 
     </span>
    </p>
   </div>
   <div class='ocr_carea' id='block_1_56' title="bbox 282 4084 1561 4153">
    <p class='ocr_par' dir='ltr' id='par_1_56' title="bbox 282 4084 1561 4153">
     <span class='ocr_line' id='line_1_56' title="bbox 282 4084 1561 4153; baseline 0.005 -17"><span class='ocrx_word' id='word_1_358' title='bbox 282 4088 363 4137; x_wconf 84' lang='lat' dir='ltr'><em>Ac</em></span> <span class='ocrx_word' id='word_1_359' title='bbox 391 4084 639 4153; x_wconf 87' lang='lat' dir='ltr'><em>deinceps</em></span> <span class='ocrx_word' id='word_1_360' title='bbox 681 4086 895 4153; x_wconf 88' lang='lat' dir='ltr'><em>paribus</em></span> <span class='ocrx_word' id='word_1_361' title='bbox 920 4095 1122 4139; x_wconf 90' lang='lat' dir='ltr'><em>castum</em></span> <span class='ocrx_word' id='word_1_362' title='bbox 1146 4101 1363 4153; x_wconf 74' lang='lat' dir='ltr'><em>servare</em></span> <span class='ocrx_word' id='word_1_363' title='bbox 1388 4088 1561 4141; x_wconf 84' lang='lat' dir='ltr'><em>cubile</em></span> 
     </span>
    </p>
   </div>
   <div class='ocr_carea' id='block_1_57' title="bbox 282 4173 1497 4244">
    <p class='ocr_par' dir='ltr' id='par_1_57' title="bbox 282 4173 1497 4244">
     <span class='ocr_line' id='line_1_57' title="bbox 282 4173 1497 4244; baseline 0.007 -23"><span class='ocrx_word' id='word_1_364' title='bbox 282 4173 573 4227; x_wconf 71' lang='lat' dir='ltr'><em>Constituit</em></span> <span class='ocrx_word' id='word_1_365' title='bbox 604 4174 735 4229; x_wconf 80' lang='lat' dir='ltr'><em>votis</em></span> <span class='ocrx_word' id='word_1_366' title='bbox 766 4190 1007 4228; x_wconf 82' lang='lat' dir='ltr'><em>carorum</em></span> <span class='ocrx_word' id='word_1_367' title='bbox 1040 4190 1163 4230; x_wconf 90' lang='lat' dir='ltr'><em>cura</em></span> <span class='ocrx_word' id='word_1_368' title='bbox 1197 4186 1497 4244; x_wconf 88' lang='lat' dir='ltr'><em>parentum.</em></span> 
     </span>
    </p>
   </div>
   <div class='ocr_carea' id='block_1_58' title="bbox 284 4262 1623 4337">
    <p class='ocr_par' dir='ltr' id='par_1_58' title="bbox 284 4262 1623 4337">
     <span class='ocr_line' id='line_1_58' title="bbox 284 4262 1623 4337; baseline 0.006 -19"><span class='ocrx_word' id='word_1_369' title='bbox 284 4262 357 4318; x_wconf 85' lang='lat' dir='ltr'><em>Et</em></span> <span class='ocrx_word' id='word_1_370' title='bbox 380 4264 500 4332; x_wconf 89' lang='lat' dir='ltr'><em>quia</em></span> <span class='ocrx_word' id='word_1_371' title='bbox 533 4265 855 4333; x_wconf 73' lang='lat' dir='ltr'><em>principium</em></span> <span class='ocrx_word' id='word_1_372' title='bbox 888 4275 991 4319; x_wconf 89' lang='lat' dir='ltr'><em>tam</em></span> <span class='ocrx_word' id='word_1_373' title='bbox 1018 4268 1186 4321; x_wconf 84' lang='lat' dir='ltr'><em>sancti</em></span> <span class='ocrx_word' id='word_1_374' title='bbox 1217 4268 1432 4323; x_wconf 69' lang='lat' dir='ltr'><em>fmderis</em></span> <span class='ocrx_word' id='word_1_375' title='bbox 1453 4284 1623 4337; x_wconf 84' lang='lat' dir='ltr'><em>esses,</em></span> 
     </span>
    </p>
   </div>
   <div class='ocr_carea' id='block_1_59' title="bbox 283 4353 1584 4431">
    <p class='ocr_par' dir='ltr' id='par_1_59' title="bbox 283 4353 1584 4431">
     <span class='ocr_line' id='line_1_59' title="bbox 283 4353 1584 4431; baseline 0.005 -23"><span class='ocrx_word' id='word_1_376' title='bbox 283 4353 367 4408; x_wconf 75' lang='lat' dir='ltr'><em>&#39;l&#39;u</em></span> <span class='ocrx_word' id='word_1_377' title='bbox 395 4355 552 4409; x_wconf 90' lang='lat' dir='ltr'><em>simul</em></span> <span class='ocrx_word' id='word_1_378' title='bbox 579 4355 785 4411; x_wconf 79' lang='lat' dir='ltr'><em>offerris</em></span> <span class='ocrx_word' id='word_1_379' title='bbox 814 4356 1045 4424; x_wconf 88' lang='lat' dir='ltr'><em>Christo,</em></span> <span class='ocrx_word' id='word_1_380' title='bbox 1072 4359 1159 4428; x_wconf 88' lang='lat' dir='ltr'><em>qui</em></span> <span class='ocrx_word' id='word_1_381' title='bbox 1185 4360 1424 4428; x_wconf 88' lang='lat' dir='ltr'><em>protinus</em></span> <span class='ocrx_word' id='word_1_382' title='bbox 1455 4362 1584 4431; x_wconf 85' lang='lat' dir='ltr'><em>ipsis</em></span> 
     </span>
    </p>
   </div>
   <div class='ocr_carea' id='block_1_60' title="bbox 282 4445 1545 4514">
    <p class='ocr_par' dir='ltr' id='par_1_60' title="bbox 282 4445 1545 4514">
     <span class='ocr_line' id='line_1_60' title="bbox 282 4445 1545 4514; baseline 0.006 -14"><span class='ocrx_word' id='word_1_383' title='bbox 282 4445 494 4514; x_wconf 78' lang='lat' dir='ltr'><em>Accipit</em></span> <span class='ocrx_word' id='word_1_384' title='bbox 523 4446 574 4499; x_wconf 91' lang='lat' dir='ltr'><em>in</em></span> <span class='ocrx_word' id='word_1_385' title='bbox 602 4447 754 4501; x_wconf 90' lang='lat' dir='ltr'><em>cunis</em></span> <span class='ocrx_word' id='word_1_386' title='bbox 787 4448 1036 4502; x_wconf 90' lang='lat' dir='ltr'><em>lactentia</em></span> <span class='ocrx_word' id='word_1_387' title='bbox 1066 4450 1305 4505; x_wconf 89' lang='lat' dir='ltr'><em>membra</em></span> <span class='ocrx_word' id='word_1_388' title='bbox 1331 4451 1545 4507; x_wconf 85' lang='lat' dir='ltr'><em>dicatis.</em></span> 
     </span>
    </p>
   </div>
   <div class='ocr_carea' id='block_1_61' title="bbox 281 4536 1775 4612">
    <p class='ocr_par' dir='ltr' id='par_1_61' title="bbox 281 4536 1775 4612">
     <span class='ocr_line' id='line_1_61' title="bbox 281 4536 1775 4612; baseline 0.007 -23"><span class='ocrx_word' id='word_1_389' title='bbox 281 4536 377 4590; x_wconf 89' lang='lat' dir='ltr'><em>Sic</em></span> <span class='ocrx_word' id='word_1_390' title='bbox 403 4538 689 4605; x_wconf 88' lang='lat' dir='ltr'><em>quondam,</em></span> <span class='ocrx_word' id='word_1_391' title='bbox 723 4554 844 4593; x_wconf 91' lang='lat' dir='ltr'><em>cum</em></span> <span class='ocrx_word' id='word_1_392' title='bbox 873 4540 1043 4608; x_wconf 83' lang='lat' dir='ltr'><em>prima</em></span> <span class='ocrx_word' id='word_1_393' title='bbox 1074 4557 1212 4596; x_wconf 86' lang='lat' dir='ltr'><em>novo</em></span> <span class='ocrx_word' id='word_1_394' title='bbox 1235 4543 1631 4612; x_wconf 85' lang='lat' dir='ltr'><em>splendesceret</em></span> <span class='ocrx_word' id='word_1_395' title='bbox 1653 4554 1775 4601; x_wconf 89' lang='lat' dir='ltr'><em>ortu</em></span> 
     </span>
    </p>
   </div>
   <div class='ocr_carea' id='block_1_62' title="bbox 280 4624 1865 4707">
    <p class='ocr_par' dir='ltr' id='par_1_62' title="bbox 280 4624 1865 4707">
     <span class='ocr_line' id='line_1_62' title="bbox 280 4624 1865 4707; baseline 0.008 -27"><span class='ocrx_word' id='word_1_396' title='bbox 280 4624 452 4680; x_wconf 83' lang='lat' dir='ltr'><em>Terra</em></span> <span class='ocrx_word' id='word_1_397' title='bbox 484 4628 682 4693; x_wconf 89' lang='lat' dir='ltr'><em>nitens,</em></span> <span class='ocrx_word' id='word_1_398' title='bbox 706 4630 1065 4699; x_wconf 88' lang='lat' dir='ltr'><em>pulchrasque</em></span> <span class='ocrx_word' id='word_1_399' title='bbox 1090 4632 1278 4686; x_wconf 85' lang='lat' dir='ltr'><em>darent</em></span> <span class='ocrx_word' id='word_1_400' title='bbox 1308 4649 1400 4687; x_wconf 89' lang='lat' dir='ltr'><em>sua</em></span> <span class='ocrx_word' id='word_1_401' title='bbox 1430 4626 1631 4689; x_wconf 80' lang='lat' dir='ltr'><em>semina</em></span> <span class='ocrx_word' id='word_1_402' title='bbox 1663 4636 1865 4707; x_wconf 82' lang='lat' dir='ltr'><em>fruges,</em></span> 
     </span>
    </p>
   </div>
   <div class='ocr_carea' id='block_1_63' title="bbox 280 4716 1543 4793">
    <p class='ocr_par' dir='ltr' id='par_1_63' title="bbox 280 4716 1543 4793">
     <span class='ocr_line' id='line_1_63' title="bbox 280 4716 1543 4793; baseline 0.007 -22"><span class='ocrx_word' id='word_1_403' title='bbox 280 4716 565 4773; x_wconf 81' lang='lat' dir='ltr'><em>Viventcm</em></span> <span class='ocrx_word' id='word_1_404' title='bbox 595 4720 794 4775; x_wconf 90' lang='lat' dir='ltr'><em>ducens</em></span> <span class='ocrx_word' id='word_1_405' title='bbox 822 4721 887 4774; x_wconf 89' lang='lat' dir='ltr'><em>ad</em></span> <span class='ocrx_word' id='word_1_406' title='bbox 919 4732 1101 4777; x_wconf 91' lang='lat' dir='ltr'><em>sancta</em></span> <span class='ocrx_word' id='word_1_407' title='bbox 1130 4723 1315 4777; x_wconf 87' lang='lat' dir='ltr'><em>altaria</em></span> <span class='ocrx_word' id='word_1_408' title='bbox 1339 4724 1499 4779; x_wconf 89' lang='lat' dir='ltr'><em>fetum</em></span> <span class='ocrx_word' id='word_1_409' title='bbox 1527 4767 1543 4793; x_wconf 87' lang='lat'><em>,</em></span> 
     </span>
    </p>
   </div>
   <div class='ocr_carea' id='block_1_64' title="bbox 278 4809 1478 4885">
    <p class='ocr_par' dir='ltr' id='par_1_64' title="bbox 278 4809 1478 4885">
     <span class='ocr_line' id='line_1_64' title="bbox 278 4809 1478 4885; baseline 0.008 -22"><span class='ocrx_word' id='word_1_410' title='bbox 278 4809 538 4865; x_wconf 88' lang='lat' dir='ltr'><em>lnnocuis</em></span> <span class='ocrx_word' id='word_1_411' title='bbox 567 4813 807 4867; x_wconf 89' lang='lat' dir='ltr'><em>sonuisse</em></span> <span class='ocrx_word' id='word_1_412' title='bbox 834 4813 943 4868; x_wconf 91' lang='lat' dir='ltr'><em>Deo</em></span> <span class='ocrx_word' id='word_1_413' title='bbox 968 4814 1231 4870; x_wconf 87' lang='lat' dir='ltr'><em>balatibus</em></span> <span class='ocrx_word' id='word_1_414' title='bbox 1257 4831 1478 4885; x_wconf 85' lang='lat' dir='ltr'><em>agnum,</em></span> 
     </span>
    </p>
   </div>
   <div class='ocr_carea' id='block_1_65' title="bbox 277 4898 1451 4973">
    <p class='ocr_par' dir='ltr' id='par_1_65' title="bbox 277 4898 1451 4973">
     <span class='ocr_line' id='line_1_65' title="bbox 277 4898 1451 4973; baseline 0.008 -20"><span class='ocrx_word' id='word_1_415' title='bbox 277 4898 597 4957; x_wconf 82' lang='lat' dir='ltr'><em>lnsinuante</em></span> <span class='ocrx_word' id='word_1_416' title='bbox 626 4903 727 4958; x_wconf 86' lang='lat' dir='ltr'><em>fide</em></span> <span class='ocrx_word' id='word_1_417' title='bbox 749 4903 923 4971; x_wconf 86' lang='lat' dir='ltr'><em>justus</em></span> <span class='ocrx_word' id='word_1_418' title='bbox 948 4914 1273 4973; x_wconf 78' lang='lat' dir='ltr'><em>cognoverat</em></span> <span class='ocrx_word' id='word_1_419' title='bbox 1295 4907 1451 4973; x_wconf 85' lang='lat' dir='ltr'><em>Abel,</em></span> 
     </span>
    </p>
   </div>
   <div class='ocr_carea' id='block_1_66' title="bbox 276 4989 1569 5069">
    <p class='ocr_par' dir='ltr' id='par_1_66' title="bbox 276 4989 1569 5069">
     <span class='ocr_line' id='line_1_66' title="bbox 276 4989 1569 5069; baseline 0.007 -23"><span class='ocrx_word' id='word_1_420' title='bbox 276 4989 363 5046; x_wconf 82' lang='lat' dir='ltr'><em>Et</em></span> <span class='ocrx_word' id='word_1_421' title='bbox 386 4993 561 5060; x_wconf 89' lang='lat' dir='ltr'><em>capite</em></span> <span class='ocrx_word' id='word_1_422' title='bbox 581 4993 761 5048; x_wconf 88' lang='lat' dir='ltr'><em>oblato</em></span> <span class='ocrx_word' id='word_1_423' title='bbox 794 4996 990 5069; x_wconf 86' lang='lat' dir='ltr'><em>placuit</em></span> <span class='ocrx_word' id='word_1_424' title='bbox 1014 5010 1144 5065; x_wconf 82' lang='lat' dir='ltr'><em>grex</em></span> <span class='ocrx_word' id='word_1_425' title='bbox 1174 5005 1319 5051; x_wconf 87' lang='lat' dir='ltr'><em>totus</em></span> <span class='ocrx_word' id='word_1_426' title='bbox 1346 4999 1415 5052; x_wconf 91' lang='lat' dir='ltr'><em>ab</em></span> <span class='ocrx_word' id='word_1_427' title='bbox 1441 5015 1569 5055; x_wconf 91' lang='lat' dir='ltr'><em>uno.</em></span> 
     </span>
    </p>
   </div>
   <div class='ocr_carea' id='block_1_67' title="bbox 275 5081 1476 5157">
    <p class='ocr_par' dir='ltr' id='par_1_67' title="bbox 275 5081 1476 5157">
     <span class='ocr_line' id='line_1_67' title="bbox 275 5081 1476 5157; baseline 0.007 -20"><span class='ocrx_word' id='word_1_428' title='bbox 275 5081 434 5152; x_wconf 77' lang='lat' dir='ltr'><em>Ergo</em></span> <span class='ocrx_word' id='word_1_429' title='bbox 463 5084 551 5138; x_wconf 90' lang='lat' dir='ltr'><em>ubi</em></span> <span class='ocrx_word' id='word_1_430' title='bbox 585 5086 760 5139; x_wconf 90' lang='lat' dir='ltr'><em>vitalis</em></span> <span class='ocrx_word' id='word_1_431' title='bbox 787 5085 915 5139; x_wconf 88' lang='lat' dir='ltr'><em>fovit</em></span> <span class='ocrx_word' id='word_1_432' title='bbox 942 5097 991 5141; x_wconf 89' lang='lat' dir='ltr'><em>te</em></span> <span class='ocrx_word' id='word_1_433' title='bbox 1020 5087 1233 5157; x_wconf 81' lang='lat' dir='ltr'><em>lympha</em></span> <span class='ocrx_word' id='word_1_434' title='bbox 1259 5088 1476 5155; x_wconf 85' lang='lat' dir='ltr'><em>lavacri,</em></span> 
     </span>
    </p>
   </div>
   <div class='ocr_carea' id='block_1_68' title="bbox 274 5175 1608 5253">
    <p class='ocr_par' dir='ltr' id='par_1_68' title="bbox 274 5175 1608 5253">
     <span class='ocr_line' id='line_1_68' title="bbox 274 5175 1608 5253; baseline 0.007 -23"><span class='ocrx_word' id='word_1_435' title='bbox 274 5175 514 5245; x_wconf 81' lang='lat' dir='ltr'><em>Jamque</em></span> <span class='ocrx_word' id='word_1_436' title='bbox 541 5193 692 5231; x_wconf 90' lang='lat' dir='ltr'><em>suum</em></span> <span class='ocrx_word' id='word_1_437' title='bbox 723 5182 927 5249; x_wconf 88' lang='lat' dir='ltr'><em>peperit</em></span> <span class='ocrx_word' id='word_1_438' title='bbox 955 5180 1189 5234; x_wconf 78' lang='lat' dir='ltr'><em>caelestis</em></span> <span class='ocrx_word' id='word_1_439' title='bbox 1207 5184 1373 5250; x_wconf 88' lang='lat' dir='ltr'><em>gratia</em></span> <span class='ocrx_word' id='word_1_440' title='bbox 1399 5184 1608 5253; x_wconf 87' lang='lat' dir='ltr'><em>pignus,</em></span> 
     </span>
    </p>
   </div>
   <div class='ocr_carea' id='block_1_69' title="bbox 274 5268 1508 5341">
    <p class='ocr_par' dir='ltr' id='par_1_69' title="bbox 274 5268 1508 5341">
     <span class='ocr_line' id='line_1_69' title="bbox 274 5268 1508 5341; baseline 0.005 -18"><span class='ocrx_word' id='word_1_441' title='bbox 274 5268 407 5323; x_wconf 79' lang='lat' dir='ltr'><em>Non</em></span> <span class='ocrx_word' id='word_1_442' title='bbox 442 5270 531 5324; x_wconf 89' lang='lat' dir='ltr'><em>tibi</em></span> <span class='ocrx_word' id='word_1_443' title='bbox 563 5283 829 5340; x_wconf 90' lang='lat' dir='ltr'><em>gemmato</em></span> <span class='ocrx_word' id='word_1_444' title='bbox 862 5289 1087 5341; x_wconf 89' lang='lat' dir='ltr'><em>posuere</em></span> <span class='ocrx_word' id='word_1_445' title='bbox 1108 5274 1320 5329; x_wconf 89' lang='lat' dir='ltr'><em>monilia</em></span> <span class='ocrx_word' id='word_1_446' title='bbox 1347 5275 1508 5341; x_wconf 92' lang='lat' dir='ltr'><em>collo,</em></span> 
     </span>
    </p>
   </div>
   <div class='ocr_carea' id='block_1_70' title="bbox 274 5358 1509 5435">
    <p class='ocr_par' dir='ltr' id='par_1_70' title="bbox 274 5358 1509 5435">
     <span class='ocr_line' id='line_1_70' title="bbox 274 5358 1509 5435; baseline 0.004 -20"><span class='ocrx_word' id='word_1_447' title='bbox 274 5358 401 5415; x_wconf 84' lang='lat' dir='ltr'><em>Nec</em></span> <span class='ocrx_word' id='word_1_448' title='bbox 424 5371 475 5416; x_wconf 88' lang='lat' dir='ltr'><em>te</em></span> <span class='ocrx_word' id='word_1_449' title='bbox 505 5363 759 5431; x_wconf 78' lang='lat' dir='ltr'><em>contexit,</em></span> <span class='ocrx_word' id='word_1_450' title='bbox 787 5374 910 5419; x_wconf 91' lang='lat' dir='ltr'><em>ueto</em></span> <span class='ocrx_word' id='word_1_451' title='bbox 943 5382 1063 5433; x_wconf 79' lang='lat' dir='ltr'><em>qua:</em></span> <span class='ocrx_word' id='word_1_452' title='bbox 1093 5366 1319 5435; x_wconf 77' lang='lat' dir='ltr'><em>fulgurat</em></span> <span class='ocrx_word' id='word_1_453' title='bbox 1346 5380 1476 5421; x_wconf 90' lang='lat' dir='ltr'><em>auro</em></span> <span class='ocrx_word' id='word_1_454' title='bbox 1496 5408 1509 5431; x_wconf 89' lang='lat'><em>,</em></span> 
     </span>
    </p>
   </div>
   <div class='ocr_carea' id='block_1_71' title="bbox 279 5451 1527 5516">
    <p class='ocr_par' dir='ltr' id='par_1_71' title="bbox 279 5451 1527 5516">
     <span class='ocr_line' id='line_1_71' title="bbox 279 5451 1527 5516; baseline 0.009 -11"><span class='ocrx_word' id='word_1_455' title='bbox 279 5451 470 5507; x_wconf 75' lang='lat' dir='ltr'><em>Vestis</em></span> <span class='ocrx_word' id='word_1_456' title='bbox 499 5454 786 5510; x_wconf 86' lang='lat' dir='ltr'><em>ductilibus</em></span> <span class='ocrx_word' id='word_1_457' title='bbox 823 5459 1147 5512; x_wconf 82' lang='lat' dir='ltr'><em>concludens</em></span> <span class='ocrx_word' id='word_1_458' title='bbox 1175 5460 1258 5512; x_wconf 87' lang='lat' dir='ltr'><em>ftla</em></span> <span class='ocrx_word' id='word_1_459' title='bbox 1294 5460 1527 5516; x_wconf 87' lang='lat' dir='ltr'><em>talentis.</em></span> 
     </span>
    </p>
   </div>
   <div class='ocr_carea' id='block_1_72' title="bbox 272 5545 1507 5606">
    <p class='ocr_par' dir='ltr' id='par_1_72' title="bbox 272 5545 1507 5606">
     <span class='ocr_line' id='line_1_72' title="bbox 272 5545 1507 5606; baseline 0.003 -5"><span class='ocrx_word' id='word_1_460' title='bbox 272 5545 405 5601; x_wconf 81' lang='lat' dir='ltr'><em>Nec</em></span> <span class='ocrx_word' id='word_1_461' title='bbox 430 5556 480 5601; x_wconf 92' lang='lat' dir='ltr'><em>te</em></span> <span class='ocrx_word' id='word_1_462' title='bbox 506 5548 759 5603; x_wconf 87' lang='lat' dir='ltr'><em>Sidonem</em></span> <span class='ocrx_word' id='word_1_463' title='bbox 782 5550 862 5604; x_wconf 89' lang='lat' dir='ltr'><em>bis</em></span> <span class='ocrx_word' id='word_1_464' title='bbox 891 5550 1027 5604; x_wconf 88' lang='lat' dir='ltr'><em>cocti</em></span> <span class='ocrx_word' id='word_1_465' title='bbox 1058 5551 1275 5605; x_wconf 89' lang='lat' dir='ltr'><em>muricis</em></span> <span class='ocrx_word' id='word_1_466' title='bbox 1303 5562 1507 5606; x_wconf 71' lang='lat' dir='ltr'><em>osuum</em></span> 
     </span>
    </p>
   </div>
   <div class='ocr_carea' id='block_1_73' title="bbox 268 5638 1545 5713">
    <p class='ocr_par' dir='ltr' id='par_1_73' title="bbox 268 5638 1545 5713">
     <span class='ocr_line' id='line_1_73' title="bbox 268 5638 1545 5713; baseline 0.002 -18"><span class='ocrx_word' id='word_1_467' title='bbox 268 5638 487 5706; x_wconf 83' lang='lat' dir='ltr'><em>Induit,</em></span> <span class='ocrx_word' id='word_1_468' title='bbox 514 5651 604 5696; x_wconf 90' lang='lat' dir='ltr'><em>aut</em></span> <span class='ocrx_word' id='word_1_469' title='bbox 628 5644 784 5697; x_wconf 91' lang='lat' dir='ltr'><em>rutilo</em></span> <span class='ocrx_word' id='word_1_470' title='bbox 815 5644 1096 5711; x_wconf 90' lang='lat' dir='ltr'><em>perlucens</em></span> <span class='ocrx_word' id='word_1_471' title='bbox 1128 5659 1358 5713; x_wconf 88' lang='lat' dir='ltr'><em>purpura</em></span> <span class='ocrx_word' id='word_1_472' title='bbox 1391 5644 1545 5711; x_wconf 86' lang='lat' dir='ltr'><em>fuco,</em></span> 
     </span>
    </p>
   </div>
   <div class='ocr_carea' id='block_1_74' title="bbox 268 5730 1551 5804">
    <p class='ocr_par' dir='ltr' id='par_1_74' title="bbox 268 5730 1551 5804">
     <span class='ocr_line' id='line_1_74' title="bbox 268 5730 1551 5804; baseline 0.002 -17"><span class='ocrx_word' id='word_1_473' title='bbox 268 5730 469 5787; x_wconf 76' lang='lat' dir='ltr'><em>Mollia</em></span> <span class='ocrx_word' id='word_1_474' title='bbox 492 5734 575 5787; x_wconf 89' lang='lat' dir='ltr'><em>vel</em></span> <span class='ocrx_word' id='word_1_475' title='bbox 605 5744 742 5789; x_wconf 85' lang='lat' dir='ltr'><em>tactu</em></span> <span class='ocrx_word' id='word_1_476' title='bbox 766 5751 882 5804; x_wconf 75' lang='lat' dir='ltr'><em>qua:</em></span> <span class='ocrx_word' id='word_1_477' title='bbox 906 5735 1119 5789; x_wconf 89' lang='lat' dir='ltr'><em>mittunt</em></span> <span class='ocrx_word' id='word_1_478' title='bbox 1151 5736 1348 5791; x_wconf 88' lang='lat' dir='ltr'><em>vellera</em></span> <span class='ocrx_word' id='word_1_479' title='bbox 1372 5736 1551 5791; x_wconf 90' lang='lat' dir='ltr'><em>Seres.</em></span> 
     </span>
    </p>
   </div>
   <div class='ocr_carea' id='block_1_75' title="bbox 264 5825 1597 5898">
    <p class='ocr_par' dir='ltr' id='par_1_75' title="bbox 264 5825 1597 5898">
     <span class='ocr_line' id='line_1_75' title="bbox 264 5825 1597 5898; baseline 0 -13"><span class='ocrx_word' id='word_1_480' title='bbox 264 5825 398 5885; x_wconf 74' lang='lat' dir='ltr'><em>Nec</em></span> <span class='ocrx_word' id='word_1_481' title='bbox 427 5826 522 5881; x_wconf 87' lang='lat' dir='ltr'><em>tibi</em></span> <span class='ocrx_word' id='word_1_482' title='bbox 546 5827 853 5882; x_wconf 85' lang='lat' dir='ltr'><em>transfossis</em></span> <span class='ocrx_word' id='word_1_483' title='bbox 879 5829 1107 5882; x_wconf 83' lang='lat' dir='ltr'><em>tixerunt</em></span> <span class='ocrx_word' id='word_1_484' title='bbox 1131 5828 1351 5885; x_wconf 87' lang='lat' dir='ltr'><em>auribus</em></span> <span class='ocrx_word' id='word_1_485' title='bbox 1380 5844 1597 5898; x_wconf 87' lang='lat' dir='ltr'><em>aurum,</em></span> 
     </span>
    </p>
   </div>
   <div class='ocr_carea' id='block_1_76' title="bbox 1886 2151 3220 2221">
    <p class='ocr_par' dir='ltr' id='par_1_76' title="bbox 1886 2151 3220 2221">
     <span class='ocr_line' id='line_1_76' title="bbox 1886 2151 3220 2221; baseline 0.002 -16"><span class='ocrx_word' id='word_1_486' title='bbox 1886 2153 1937 2213; x_wconf 85' lang='lat' dir='ltr'><strong>B</strong></span> <span class='ocrx_word' id='word_1_487' title='bbox 1962 2152 2077 2219; x_wconf 89' lang='lat' dir='ltr'><em>Quo</em></span> <span class='ocrx_word' id='word_1_488' title='bbox 2106 2151 2471 2221; x_wconf 87' lang='lat' dir='ltr'><em>dependentes</em></span> <span class='ocrx_word' id='word_1_489' title='bbox 2494 2164 2750 2207; x_wconf 87' lang='lat' dir='ltr'><em>ornarent</em></span> <span class='ocrx_word' id='word_1_490' title='bbox 2776 2155 2996 2209; x_wconf 88' lang='lat' dir='ltr'><em>vulnera</em></span> <span class='ocrx_word' id='word_1_491' title='bbox 3024 2155 3220 2219; x_wconf 79' lang='lat' dir='ltr'><em>baccae,</em></span> 
     </span>
    </p>
   </div>
   <div class='ocr_carea' id='block_1_77' title="bbox 1962 2244 3325 2317">
    <p class='ocr_par' dir='ltr' id='par_1_77' title="bbox 1962 2244 3325 2317">
     <span class='ocr_line' id='line_1_77' title="bbox 1962 2244 3325 2317; baseline 0.002 -19"><span class='ocrx_word' id='word_1_492' title='bbox 1962 2244 2024 2298; x_wconf 86' lang='lat' dir='ltr'><em>Et</em></span> <span class='ocrx_word' id='word_1_493' title='bbox 2055 2247 2283 2312; x_wconf 87' lang='lat' dir='ltr'><em>pretiosa</em></span> <span class='ocrx_word' id='word_1_494' title='bbox 2317 2246 2530 2315; x_wconf 89' lang='lat' dir='ltr'><em>quidem</em></span> <span class='ocrx_word' id='word_1_495' title='bbox 2564 2248 2701 2301; x_wconf 89' lang='lat' dir='ltr'><em>mala</em></span> <span class='ocrx_word' id='word_1_496' title='bbox 2732 2246 2826 2300; x_wconf 88' lang='lat' dir='ltr'><em>sed</em></span> <span class='ocrx_word' id='word_1_497' title='bbox 2861 2262 2984 2301; x_wconf 86' lang='lat' dir='ltr'><em>saxa</em></span> <span class='ocrx_word' id='word_1_498' title='bbox 3016 2256 3325 2317; x_wconf 79' lang='lat' dir='ltr'><em>gravarent.</em></span> 
     </span>
    </p>
   </div>
   <div class='ocr_carea' id='block_1_78' title="bbox 1959 2336 3183 2405">
    <p class='ocr_par' dir='ltr' id='par_1_78' title="bbox 1959 2336 3183 2405">
     <span class='ocr_line' id='line_1_78' title="bbox 1959 2336 3183 2405; baseline 0.004 -15"><span class='ocrx_word' id='word_1_499' title='bbox 1959 2336 2141 2390; x_wconf 87' lang='lat' dir='ltr'><em>Latius</em></span> <span class='ocrx_word' id='word_1_500' title='bbox 2166 2336 2279 2391; x_wconf 56' lang='lat' dir='ltr'><em>haec</em></span> <span class='ocrx_word' id='word_1_501' title='bbox 2302 2352 2428 2391; x_wconf 90' lang='lat' dir='ltr'><em>vero</em></span> <span class='ocrx_word' id='word_1_502' title='bbox 2451 2348 2671 2393; x_wconf 89' lang='lat' dir='ltr'><em>sanctus</em></span> <span class='ocrx_word' id='word_1_503' title='bbox 2691 2339 2950 2394; x_wconf 86' lang='lat' dir='ltr'><em>describit</em></span> <span class='ocrx_word' id='word_1_504' title='bbox 2978 2339 3183 2405; x_wconf 86' lang='lat' dir='ltr'><em>Esaias,</em></span> 
     </span>
    </p>
   </div>
   <div class='ocr_carea' id='block_1_79' title="bbox 1959 2416 3416 2501">
    <p class='ocr_par' dir='ltr' id='par_1_79' title="bbox 1959 2416 3416 2501">
     <span class='ocr_line' id='line_1_79' title="bbox 1959 2416 3416 2501; baseline 0.002 -17"><span class='ocrx_word' id='word_1_505' title='bbox 1959 2427 2293 2498; x_wconf 88' lang='lat' dir='ltr'><em>Ornatusque</em></span> <span class='ocrx_word' id='word_1_506' title='bbox 2324 2428 2490 2484; x_wconf 90' lang='lat' dir='ltr'><em>refert</em></span> <span class='ocrx_word' id='word_1_507' title='bbox 2520 2430 2695 2485; x_wconf 90' lang='lat' dir='ltr'><em>varios</em></span> <span class='ocrx_word' id='word_1_508' title='bbox 2726 2432 2814 2501; x_wconf 90' lang='lat' dir='ltr'><em>qui</em></span> <span class='ocrx_word' id='word_1_509' title='bbox 2840 2416 3081 2487; x_wconf 84' lang='lat' dir='ltr'><em>membra</em></span> <span class='ocrx_word' id='word_1_510' title='bbox 3108 2442 3416 2494; x_wconf 86' lang='lat' dir='ltr'><em>venustam,</em></span> 
     </span>
    </p>
   </div>
   <div class='ocr_carea' id='block_1_80' title="bbox 1960 2508 3417 2591">
    <p class='ocr_par' dir='ltr' id='par_1_80' title="bbox 1960 2508 3417 2591">
     <span class='ocr_line' id='line_1_80' title="bbox 1960 2508 3417 2591; baseline 0.005 -20"><span class='ocrx_word' id='word_1_511' title='bbox 1960 2519 2089 2586; x_wconf 78' lang='lat' dir='ltr'><em>Qua:</em></span> <span class='ocrx_word' id='word_1_512' title='bbox 2121 2536 2243 2574; x_wconf 80' lang='lat' dir='ltr'><em>mox</em></span> <span class='ocrx_word' id='word_1_513' title='bbox 2275 2516 2554 2589; x_wconf 83' lang='lat' dir='ltr'><em>pascendis</em></span> <span class='ocrx_word' id='word_1_514' title='bbox 2579 2523 2893 2591; x_wconf 64' lang='lat' dir='ltr'><em>praebebunt</em></span> <span class='ocrx_word' id='word_1_515' title='bbox 2914 2526 3186 2580; x_wconf 83' lang='lat' dir='ltr'><em>vermibus</em></span> <span class='ocrx_word' id='word_1_516' title='bbox 3215 2508 3417 2591; x_wconf 81' lang='lat' dir='ltr'><em>escam,</em></span> 
     </span>
    </p>
   </div>
   <div class='ocr_carea' id='block_1_81' title="bbox 1962 2610 3280 2683">
    <p class='ocr_par' dir='ltr' id='par_1_81' title="bbox 1962 2610 3280 2683">
     <span class='ocr_line' id='line_1_81' title="bbox 1962 2610 3280 2683; baseline 0.005 -18"><span class='ocrx_word' id='word_1_517' title='bbox 1962 2611 2031 2665; x_wconf 86' lang='lat' dir='ltr'><em>Et</em></span> <span class='ocrx_word' id='word_1_518' title='bbox 2051 2610 2226 2666; x_wconf 89' lang='lat' dir='ltr'><em>forsan</em></span> <span class='ocrx_word' id='word_1_519' title='bbox 2249 2611 2374 2666; x_wconf 91' lang='lat' dir='ltr'><em>dum</em></span> <span class='ocrx_word' id='word_1_520' title='bbox 2404 2614 2508 2667; x_wconf 91' lang='lat' dir='ltr'><em>vita</em></span> <span class='ocrx_word' id='word_1_521' title='bbox 2537 2624 2737 2678; x_wconf 89' lang='lat' dir='ltr'><em>manet,</em></span> <span class='ocrx_word' id='word_1_522' title='bbox 2764 2630 3077 2683; x_wconf 88' lang='lat' dir='ltr'><em>percurrere</em></span> <span class='ocrx_word' id='word_1_523' title='bbox 3104 2616 3280 2671; x_wconf 88' lang='lat' dir='ltr'><em>verbis</em></span> 
     </span>
    </p>
   </div>
   <div class='ocr_carea' id='block_1_82' title="bbox 1962 2703 3290 2776">
    <p class='ocr_par' dir='ltr' id='par_1_82' title="bbox 1962 2703 3290 2776">
     <span class='ocr_line' id='line_1_82' title="bbox 1962 2703 3290 2776; baseline 0.005 -19"><span class='ocrx_word' id='word_1_524' title='bbox 1962 2703 2269 2759; x_wconf 80' lang='lat' dir='ltr'><em>Morborum</em></span> <span class='ocrx_word' id='word_1_525' title='bbox 2296 2712 2375 2759; x_wconf 91' lang='lat' dir='ltr'><em>tot</em></span> <span class='ocrx_word' id='word_1_526' title='bbox 2398 2719 2536 2759; x_wconf 66' lang='lat' dir='ltr'><em>saeva</em></span> <span class='ocrx_word' id='word_1_527' title='bbox 2570 2714 2747 2776; x_wconf 88' lang='lat' dir='ltr'><em>potest</em></span> <span class='ocrx_word' id='word_1_528' title='bbox 2775 2707 3083 2762; x_wconf 88' lang='lat' dir='ltr'><em>discrimina</em></span> <span class='ocrx_word' id='word_1_529' title='bbox 3112 2724 3290 2775; x_wconf 79' lang='lat' dir='ltr'><em>nemo,</em></span> 
     </span>
    </p>
   </div>
   <div class='ocr_carea' id='block_1_83' title="bbox 1962 2795 3303 2867">
    <p class='ocr_par' dir='ltr' id='par_1_83' title="bbox 1962 2795 3303 2867">
     <span class='ocr_line' id='line_1_83' title="bbox 1962 2795 3303 2867; baseline 0.005 -19"><span class='ocrx_word' id='word_1_530' title='bbox 1962 2795 2102 2849; x_wconf 86' lang='lat' dir='ltr'><em>Ante</em></span> <span class='ocrx_word' id='word_1_531' title='bbox 2128 2795 2332 2850; x_wconf 90' lang='lat' dir='ltr'><em>obitum</em></span> <span class='ocrx_word' id='word_1_532' title='bbox 2358 2796 2537 2851; x_wconf 88' lang='lat' dir='ltr'><em>cuncti</em></span> <span class='ocrx_word' id='word_1_533' title='bbox 2568 2814 2684 2867; x_wconf 70' lang='lat' dir='ltr'><em>quae</em></span> <span class='ocrx_word' id='word_1_534' title='bbox 2711 2798 2999 2855; x_wconf 82' lang='lat' dir='ltr'><em>formidare</em></span> <span class='ocrx_word' id='word_1_535' title='bbox 3027 2801 3303 2857; x_wconf 87' lang='lat' dir='ltr'><em>docemur.</em></span> 
     </span>
    </p>
   </div>
   <div class='ocr_carea' id='block_1_84' title="bbox 1965 2885 3185 2959">
    <p class='ocr_par' dir='ltr' id='par_1_84' title="bbox 1965 2885 3185 2959">
     <span class='ocr_line' id='line_1_84' title="bbox 1965 2885 3185 2959; baseline 0.006 -18"><span class='ocrx_word' id='word_1_536' title='bbox 1965 2885 2185 2956; x_wconf 78' lang='lat' dir='ltr'><em>Singula</em></span> <span class='ocrx_word' id='word_1_537' title='bbox 2213 2887 2297 2942; x_wconf 88' lang='lat' dir='ltr'><em>vel</em></span> <span class='ocrx_word' id='word_1_538' title='bbox 2328 2888 2453 2941; x_wconf 88' lang='lat' dir='ltr'><em>totis</em></span> <span class='ocrx_word' id='word_1_539' title='bbox 2483 2888 2718 2943; x_wconf 79' lang='lat' dir='ltr'><em>obnoxia</em></span> <span class='ocrx_word' id='word_1_540' title='bbox 2751 2892 3013 2946; x_wconf 85' lang='lat' dir='ltr'><em>mortibus</em></span> <span class='ocrx_word' id='word_1_541' title='bbox 3044 2908 3185 2959; x_wconf 90' lang='lat' dir='ltr'><em>esse,</em></span> 
     </span>
    </p>
   </div>
   <div class='ocr_carea' id='block_1_85' title="bbox 1962 2977 3252 3052">
    <p class='ocr_par' dir='ltr' id='par_1_85' title="bbox 1962 2977 3252 3052">
     <span class='ocr_line' id='line_1_85' title="bbox 1962 2977 3252 3052; baseline 0.005 -21"><span class='ocrx_word' id='word_1_542' title='bbox 1962 2977 2151 3031; x_wconf 86' lang='lat' dir='ltr'><em>Omnia</em></span> <span class='ocrx_word' id='word_1_543' title='bbox 2176 2977 2301 3032; x_wconf 89' lang='lat' dir='ltr'><em>dum</em></span> <span class='ocrx_word' id='word_1_544' title='bbox 2332 2979 2548 3048; x_wconf 88' lang='lat' dir='ltr'><em>proprio</em></span> <span class='ocrx_word' id='word_1_545' title='bbox 2577 2981 2854 3037; x_wconf 87' lang='lat' dir='ltr'><em>solvantur</em></span> <span class='ocrx_word' id='word_1_546' title='bbox 2875 2998 3099 3052; x_wconf 88' lang='lat' dir='ltr'><em>corpora</em></span> <span class='ocrx_word' id='word_1_547' title='bbox 3131 2986 3252 3051; x_wconf 87' lang='lat' dir='ltr'><em>line,</em></span> 
     </span>
    </p>
   </div>
   <div class='ocr_carea' id='block_1_86' title="bbox 1962 3067 3291 3141">
    <p class='ocr_par' dir='ltr' id='par_1_86' title="bbox 1962 3067 3291 3141">
     <span class='ocr_line' id='line_1_86' title="bbox 1962 3067 3291 3141; baseline 0.008 -20"><span class='ocrx_word' id='word_1_548' title='bbox 1962 3067 2138 3136; x_wconf 81' lang='lat' dir='ltr'><em>Atque</em></span> <span class='ocrx_word' id='word_1_549' title='bbox 2163 3083 2299 3123; x_wconf 90' lang='lat' dir='ltr'><em>unus</em></span> <span class='ocrx_word' id='word_1_550' title='bbox 2328 3078 2547 3138; x_wconf 61' lang='lat' dir='ltr'><em>praestet</em></span> <span class='ocrx_word' id='word_1_551' title='bbox 2577 3071 2813 3141; x_wconf 87' lang='lat' dir='ltr'><em>reliquos</em></span> <span class='ocrx_word' id='word_1_552' title='bbox 2842 3073 3100 3130; x_wconf 82' lang='lat' dir='ltr'><em>desistere</em></span> <span class='ocrx_word' id='word_1_553' title='bbox 3120 3090 3291 3132; x_wconf 89' lang='lat' dir='ltr'><em>casus.</em></span> 
     </span>
    </p>
   </div>
   <div class='ocr_carea' id='block_1_87' title="bbox 1964 3159 3435 3237">
    <p class='ocr_par' dir='ltr' id='par_1_87' title="bbox 1964 3159 3435 3237">
     <span class='ocr_line' id='line_1_87' title="bbox 1964 3159 3435 3237; baseline 0.009 -23"><span class='ocrx_word' id='word_1_554' title='bbox 1964 3159 2032 3215; x_wconf 84' lang='lat' dir='ltr'><em>Et</em></span> <span class='ocrx_word' id='word_1_555' title='bbox 2054 3164 2180 3231; x_wconf 91' lang='lat' dir='ltr'><em>quid</em></span> <span class='ocrx_word' id='word_1_556' title='bbox 2213 3163 2437 3232; x_wconf 90' lang='lat' dir='ltr'><em>quisque</em></span> <span class='ocrx_word' id='word_1_557' title='bbox 2466 3166 2613 3233; x_wconf 88' lang='lat' dir='ltr'><em>cupit</em></span> <span class='ocrx_word' id='word_1_558' title='bbox 2642 3167 2933 3234; x_wconf 90' lang='lat' dir='ltr'><em>periturum</em></span> <span class='ocrx_word' id='word_1_559' title='bbox 2962 3183 3179 3225; x_wconf 88' lang='lat' dir='ltr'><em>comere</em></span> <span class='ocrx_word' id='word_1_560' title='bbox 3210 3171 3435 3237; x_wconf 88' lang='lat' dir='ltr'><em>vultum,</em></span> 
     </span>
    </p>
   </div>
   <div class='ocr_carea' id='block_1_88' title="bbox 1970 3253 3440 3329">
    <p class='ocr_par' dir='ltr' id='par_1_88' title="bbox 1970 3253 3440 3329">
     <span class='ocr_line' id='line_1_88' title="bbox 1970 3253 3440 3329; baseline 0.006 -23"><span class='ocrx_word' id='word_1_561' title='bbox 1970 3253 2199 3309; x_wconf 86' lang='lat' dir='ltr'><em>Interior</em></span> <span class='ocrx_word' id='word_1_562' title='bbox 2228 3254 2353 3308; x_wconf 89' lang='lat' dir='ltr'><em>dum</em></span> <span class='ocrx_word' id='word_1_563' title='bbox 2376 3256 2558 3309; x_wconf 87' lang='lat' dir='ltr'><em>sordet</em></span> <span class='ocrx_word' id='word_1_564' title='bbox 2580 3257 2761 3324; x_wconf 91' lang='lat' dir='ltr'><em>homo,</em></span> <span class='ocrx_word' id='word_1_565' title='bbox 2786 3272 2848 3311; x_wconf 88' lang='lat' dir='ltr'><em>ac</em></span> <span class='ocrx_word' id='word_1_566' title='bbox 2877 3274 2935 3313; x_wconf 91' lang='lat' dir='ltr'><em>se</em></span> <span class='ocrx_word' id='word_1_567' title='bbox 2957 3260 3184 3316; x_wconf 89' lang='lat' dir='ltr'><em>crimine</em></span> <span class='ocrx_word' id='word_1_568' title='bbox 3217 3272 3394 3329; x_wconf 86' lang='lat' dir='ltr'><em>turpat</em></span> <span class='ocrx_word' id='word_1_569' title='bbox 3416 3266 3440 3315; x_wconf 81' lang='lat'><strong>?</strong></span> 
     </span>
    </p>
   </div>
   <div class='ocr_carea' id='block_1_89' title="bbox 2036 3332 3595 3419">
    <p class='ocr_par' dir='ltr' id='par_1_89' title="bbox 2036 3332 3595 3419">
     <span class='ocr_line' id='line_1_89' title="bbox 2036 3332 3595 3419; baseline 0.006 -21"><span class='ocrx_word' id='word_1_570' title='bbox 2036 3344 2139 3399; x_wconf 89' lang='lat' dir='ltr'><em>Sed</em></span> <span class='ocrx_word' id='word_1_571' title='bbox 2164 3344 2256 3397; x_wconf 90' lang='lat' dir='ltr'><em>tibi</em></span> <span class='ocrx_word' id='word_1_572' title='bbox 2282 3360 2403 3399; x_wconf 89' lang='lat' dir='ltr'><em>cum</em></span> <span class='ocrx_word' id='word_1_573' title='bbox 2428 3348 2699 3414; x_wconf 88' lang='lat' dir='ltr'><em>geminum</em></span> <span class='ocrx_word' id='word_1_574' title='bbox 2722 3349 3008 3416; x_wconf 87' lang='lat' dir='ltr'><em>tetigerunt</em></span> <span class='ocrx_word' id='word_1_575' title='bbox 3026 3360 3269 3419; x_wconf 87' lang='lat' dir='ltr'><em>tempora</em></span> <span class='ocrx_word' id='word_1_576' title='bbox 3299 3352 3522 3407; x_wconf 88' lang='lat' dir='ltr'><em>lustrum</em></span> <span class='ocrx_word' id='word_1_577' title='bbox 3591 3332 3595 3337; x_wconf 18' lang='lat' dir='ltr'><strong>v</strong></span> 
     </span>
    </p>
   </div>
   <div class='ocr_carea' id='block_1_90' title="bbox 1966 3434 3197 3507">
    <p class='ocr_par' dir='ltr' id='par_1_90' title="bbox 1966 3434 3197 3507">
     <span class='ocr_line' id='line_1_90' title="bbox 1966 3434 3197 3507; baseline 0.006 -19"><span class='ocrx_word' id='word_1_578' title='bbox 1966 3434 2084 3488; x_wconf 78' lang='lat' dir='ltr'><em>Mox</em></span> <span class='ocrx_word' id='word_1_579' title='bbox 2117 3436 2251 3489; x_wconf 87' lang='lat' dir='ltr'><em>stola</em></span> <span class='ocrx_word' id='word_1_580' title='bbox 2286 3436 2497 3491; x_wconf 88' lang='lat' dir='ltr'><em>sincero</em></span> <span class='ocrx_word' id='word_1_581' title='bbox 2529 3438 2670 3492; x_wconf 87' lang='lat' dir='ltr'><em>velat</em></span> <span class='ocrx_word' id='word_1_582' title='bbox 2697 3447 2751 3492; x_wconf 92' lang='lat' dir='ltr'><em>te</em></span> <span class='ocrx_word' id='word_1_583' title='bbox 2778 3441 2999 3494; x_wconf 89' lang='lat' dir='ltr'><em>candida</em></span> <span class='ocrx_word' id='word_1_584' title='bbox 3028 3442 3197 3507; x_wconf 92' lang='lat' dir='ltr'><em>cultu,</em></span> 
     </span>
    </p>
   </div>
   <div class='ocr_carea' id='block_1_91' title="bbox 1885 3528 3510 3604">
    <p class='ocr_par' dir='ltr' id='par_1_91' title="bbox 1885 3528 3510 3604">
     <span class='ocr_line' id='line_1_91' title="bbox 1885 3528 3510 3604; baseline 0.004 -21"><span class='ocrx_word' id='word_1_585' title='bbox 1885 3528 1932 3591; x_wconf 87' lang='lat' dir='ltr'><em>C</em></span> <span class='ocrx_word' id='word_1_586' title='bbox 1969 3529 2198 3599; x_wconf 89' lang='lat' dir='ltr'><em>Virginis</em></span> <span class='ocrx_word' id='word_1_587' title='bbox 2224 3545 2286 3585; x_wconf 91' lang='lat' dir='ltr'><em>os</em></span> <span class='ocrx_word' id='word_1_588' title='bbox 2315 3529 2660 3599; x_wconf 88' lang='lat' dir='ltr'><em>habitumque</em></span> <span class='ocrx_word' id='word_1_589' title='bbox 2680 3531 2879 3589; x_wconf 86' lang='lat' dir='ltr'><em>decens</em></span> <span class='ocrx_word' id='word_1_590' title='bbox 2898 3576 2913 3599; x_wconf 91' lang='lat'><em>,</em></span> <span class='ocrx_word' id='word_1_591' title='bbox 2959 3542 3008 3588; x_wconf 91' lang='lat' dir='ltr'><em>et</em></span> <span class='ocrx_word' id='word_1_592' title='bbox 3036 3535 3270 3604; x_wconf 90' lang='lat' dir='ltr'><em>concipit</em></span> <span class='ocrx_word' id='word_1_593' title='bbox 3300 3552 3510 3592; x_wconf 86' lang='lat' dir='ltr'><em>omnem</em></span> 
     </span>
    </p>
   </div>
   <div class='ocr_carea' id='block_1_92' title="bbox 1965 3622 3359 3694">
    <p class='ocr_par' dir='ltr' id='par_1_92' title="bbox 1965 3622 3359 3694">
     <span class='ocr_line' id='line_1_92' title="bbox 1965 3622 3359 3694; baseline 0.004 -16"><span class='ocrx_word' id='word_1_594' title='bbox 1965 3622 2211 3679; x_wconf 85' lang='lat' dir='ltr'><em>Floribus</em></span> <span class='ocrx_word' id='word_1_595' title='bbox 2240 3623 2503 3693; x_wconf 90' lang='lat' dir='ltr'><em>imprimis</em></span> <span class='ocrx_word' id='word_1_596' title='bbox 2524 3623 2632 3693; x_wconf 85' lang='lat' dir='ltr'><em>jam</em></span> <span class='ocrx_word' id='word_1_597' title='bbox 2664 3640 2815 3680; x_wconf 88' lang='lat' dir='ltr'><em>mens</em></span> <span class='ocrx_word' id='word_1_598' title='bbox 2842 3635 3045 3680; x_wconf 91' lang='lat' dir='ltr'><em>matura</em></span> <span class='ocrx_word' id='word_1_599' title='bbox 3078 3626 3359 3694; x_wconf 91' lang='lat' dir='ltr'><em>pudorem.</em></span> 
     </span>
    </p>
   </div>
   <div class='ocr_carea' id='block_1_93' title="bbox 1964 3715 3477 3789">
    <p class='ocr_par' dir='ltr' id='par_1_93' title="bbox 1964 3715 3477 3789">
     <span class='ocr_line' id='line_1_93' title="bbox 1964 3715 3477 3789; baseline 0.003 -20"><span class='ocrx_word' id='word_1_600' title='bbox 1964 3715 2114 3770; x_wconf 83' lang='lat' dir='ltr'><em>Haud</em></span> <span class='ocrx_word' id='word_1_601' title='bbox 2142 3730 2296 3771; x_wconf 85' lang='lat' dir='ltr'><em>secus</em></span> <span class='ocrx_word' id='word_1_602' title='bbox 2327 3716 2599 3771; x_wconf 85' lang='lat' dir='ltr'><em>exsultans</em></span> <span class='ocrx_word' id='word_1_603' title='bbox 2626 3716 2844 3782; x_wconf 89' lang='lat' dir='ltr'><em>sterilis,</em></span> <span class='ocrx_word' id='word_1_604' title='bbox 2884 3730 3000 3786; x_wconf 91' lang='lat' dir='ltr'><em>post</em></span> <span class='ocrx_word' id='word_1_605' title='bbox 3028 3716 3222 3773; x_wconf 87' lang='lat' dir='ltr'><em>damna</em></span> <span class='ocrx_word' id='word_1_606' title='bbox 3244 3718 3477 3789; x_wconf 71' lang='lat' dir='ltr'><em>juventa:</em></span> 
     </span>
    </p>
   </div>
   <div class='ocr_carea' id='block_1_94' title="bbox 1964 3807 3271 3879">
    <p class='ocr_par' dir='ltr' id='par_1_94' title="bbox 1964 3807 3271 3879">
     <span class='ocr_line' id='line_1_94' title="bbox 1964 3807 3271 3879; baseline 0.002 -16"><span class='ocrx_word' id='word_1_607' title='bbox 1964 3807 2267 3863; x_wconf 86' lang='lat' dir='ltr'><em>Fecundata</em></span> <span class='ocrx_word' id='word_1_608' title='bbox 2291 3823 2487 3863; x_wconf 90' lang='lat' dir='ltr'><em>novum</em></span> <span class='ocrx_word' id='word_1_609' title='bbox 2518 3824 2638 3863; x_wconf 91' lang='lat' dir='ltr'><em>cum</em></span> <span class='ocrx_word' id='word_1_610' title='bbox 2673 3808 2838 3864; x_wconf 89' lang='lat' dir='ltr'><em>ferret</em></span> <span class='ocrx_word' id='word_1_611' title='bbox 2862 3810 3059 3865; x_wconf 89' lang='lat' dir='ltr'><em>femina</em></span> <span class='ocrx_word' id='word_1_612' title='bbox 3088 3810 3271 3879; x_wconf 88' lang='lat' dir='ltr'><em>fetum,</em></span> 
     </span>
    </p>
   </div>
   <div class='ocr_carea' id='block_1_95' title="bbox 1966 3898 3192 3969">
    <p class='ocr_par' dir='ltr' id='par_1_95' title="bbox 1966 3898 3192 3969">
     <span class='ocr_line' id='line_1_95' title="bbox 1966 3898 3192 3969; baseline 0.004 -17"><span class='ocrx_word' id='word_1_613' title='bbox 1966 3898 2179 3955; x_wconf 86' lang='lat' dir='ltr'><em>Vestem</em></span> <span class='ocrx_word' id='word_1_614' title='bbox 2207 3900 2324 3953; x_wconf 69' lang='lat' dir='ltr'><em>lteta</em></span> <span class='ocrx_word' id='word_1_615' title='bbox 2346 3915 2443 3953; x_wconf 88' lang='lat' dir='ltr'><em>suo</em></span> <span class='ocrx_word' id='word_1_616' title='bbox 2475 3915 2690 3969; x_wconf 88' lang='lat' dir='ltr'><em>parvam</em></span> <span class='ocrx_word' id='word_1_617' title='bbox 2713 3900 2934 3955; x_wconf 81' lang='lat' dir='ltr'><em>texebat</em></span> <span class='ocrx_word' id='word_1_618' title='bbox 2953 3902 3192 3968; x_wconf 89' lang='lat' dir='ltr'><em>alumno,</em></span> 
     </span>
    </p>
   </div>
   <div class='ocr_carea' id='block_1_96' title="bbox 1967 3988 3403 4061">
    <p class='ocr_par' dir='ltr' id='par_1_96' title="bbox 1967 3988 3403 4061">
     <span class='ocr_line' id='line_1_96' title="bbox 1967 3988 3403 4061; baseline 0.003 -18"><span class='ocrx_word' id='word_1_619' title='bbox 1967 3988 2207 4044; x_wconf 89' lang='lat' dir='ltr'><em>Disceret</em></span> <span class='ocrx_word' id='word_1_620' title='bbox 2229 3998 2285 4042; x_wconf 88' lang='lat' dir='ltr'><em>ut</em></span> <span class='ocrx_word' id='word_1_621' title='bbox 2316 3990 2528 4045; x_wconf 83' lang='lat' dir='ltr'><em>Samuel</em></span> <span class='ocrx_word' id='word_1_622' title='bbox 2548 3990 2658 4059; x_wconf 88' lang='lat' dir='ltr'><em>jam</em></span> <span class='ocrx_word' id='word_1_623' title='bbox 2690 4001 2799 4045; x_wconf 90' lang='lat' dir='ltr'><em>tum</em></span> <span class='ocrx_word' id='word_1_624' title='bbox 2833 4006 2965 4061; x_wconf 89' lang='lat' dir='ltr'><em>puer</em></span> <span class='ocrx_word' id='word_1_625' title='bbox 2979 4006 3099 4048; x_wconf 88' lang='lat' dir='ltr'><em>esse</em></span> <span class='ocrx_word' id='word_1_626' title='bbox 3128 3995 3403 4050; x_wconf 87' lang='lat' dir='ltr'><em>sacerdos.</em></span> 
     </span>
    </p>
   </div>
   <div class='ocr_carea' id='block_1_97' title="bbox 1968 4080 3257 4152">
    <p class='ocr_par' dir='ltr' id='par_1_97' title="bbox 1968 4080 3257 4152">
     <span class='ocr_line' id='line_1_97' title="bbox 1968 4080 3257 4152; baseline 0.002 -17"><span class='ocrx_word' id='word_1_627' title='bbox 1968 4080 2058 4135; x_wconf 92' lang='lat' dir='ltr'><em>Sic</em></span> <span class='ocrx_word' id='word_1_628' title='bbox 2087 4090 2137 4134; x_wconf 90' lang='lat' dir='ltr'><em>te</em></span> <span class='ocrx_word' id='word_1_629' title='bbox 2159 4082 2279 4134; x_wconf 66' lang='lat' dir='ltr'><em>laeta</em></span> <span class='ocrx_word' id='word_1_630' title='bbox 2312 4082 2507 4135; x_wconf 78' lang='lat' dir='ltr'><em>domus</em></span> <span class='ocrx_word' id='word_1_631' title='bbox 2530 4085 2731 4136; x_wconf 90' lang='lat' dir='ltr'><em>sanctis</em></span> <span class='ocrx_word' id='word_1_632' title='bbox 2757 4083 3016 4137; x_wconf 87' lang='lat' dir='ltr'><em>altaribus</em></span> <span class='ocrx_word' id='word_1_633' title='bbox 3046 4094 3257 4152; x_wconf 89' lang='lat' dir='ltr'><em>aptans,</em></span> 
     </span>
    </p>
   </div>
   <div class='ocr_carea' id='block_1_98' title="bbox 1968 4175 3267 4243">
    <p class='ocr_par' dir='ltr' id='par_1_98' title="bbox 1968 4175 3267 4243">
     <span class='ocr_line' id='line_1_98' title="bbox 1968 4175 3267 4243; baseline -0.002 -13"><span class='ocrx_word' id='word_1_634' title='bbox 1968 4176 2201 4230; x_wconf 83' lang='lat' dir='ltr'><em>Assueto</em></span> <span class='ocrx_word' id='word_1_635' title='bbox 2223 4175 2404 4228; x_wconf 88' lang='lat' dir='ltr'><em>docuit</em></span> <span class='ocrx_word' id='word_1_636' title='bbox 2432 4175 2645 4243; x_wconf 84' lang='lat' dir='ltr'><em>dignam</em></span> <span class='ocrx_word' id='word_1_637' title='bbox 2672 4189 3019 4229; x_wconf 87' lang='lat' dir='ltr'><em>concrescere</em></span> <span class='ocrx_word' id='word_1_638' title='bbox 3046 4175 3267 4243; x_wconf 86' lang='lat' dir='ltr'><em>templo,</em></span> 
     </span>
    </p>
   </div>
   <div class='ocr_carea' id='block_1_99' title="bbox 1968 4266 3314 4337">
    <p class='ocr_par' dir='ltr' id='par_1_99' title="bbox 1968 4266 3314 4337">
     <span class='ocr_line' id='line_1_99' title="bbox 1968 4266 3314 4337; baseline -0.001 -15"><span class='ocrx_word' id='word_1_639' title='bbox 1968 4267 2221 4322; x_wconf 85' lang='lat' dir='ltr'><em>Scribens</em></span> <span class='ocrx_word' id='word_1_640' title='bbox 2251 4267 2301 4319; x_wconf 93' lang='lat' dir='ltr'><em>in</em></span> <span class='ocrx_word' id='word_1_641' title='bbox 2334 4266 2595 4319; x_wconf 89' lang='lat' dir='ltr'><em>thalamos</em></span> <span class='ocrx_word' id='word_1_642' title='bbox 2626 4280 2688 4320; x_wconf 88' lang='lat' dir='ltr'><em>ac</em></span> <span class='ocrx_word' id='word_1_643' title='bbox 2713 4267 2892 4335; x_wconf 84' lang='lat' dir='ltr'><em>magni</em></span> <span class='ocrx_word' id='word_1_644' title='bbox 2917 4266 3117 4322; x_wconf 61' lang='lat' dir='ltr'><em>foedera</em></span> <span class='ocrx_word' id='word_1_645' title='bbox 3150 4267 3314 4337; x_wconf 83' lang='lat' dir='ltr'><em>regis.</em></span> 
     </span>
    </p>
   </div>
   <div class='ocr_carea' id='block_1_100' title="bbox 1970 4358 3411 4431">
    <p class='ocr_par' dir='ltr' id='par_1_100' title="bbox 1970 4358 3411 4431">
     <span class='ocr_line' id='line_1_100' title="bbox 1970 4358 3411 4431; baseline 0.001 -15"><span class='ocrx_word' id='word_1_646' title='bbox 1970 4360 2039 4416; x_wconf 85' lang='lat' dir='ltr'><em>Et</em></span> <span class='ocrx_word' id='word_1_647' title='bbox 2063 4362 2208 4429; x_wconf 89' lang='lat' dir='ltr'><em>cupit</em></span> <span class='ocrx_word' id='word_1_648' title='bbox 2236 4361 2459 4415; x_wconf 79' lang='lat' dir='ltr'><em>electam</em></span> <span class='ocrx_word' id='word_1_649' title='bbox 2492 4359 2724 4429; x_wconf 86' lang='lat' dir='ltr'><em>speciem</em></span> <span class='ocrx_word' id='word_1_650' title='bbox 2751 4359 2852 4413; x_wconf 86' lang='lat' dir='ltr'><em>sibi</em></span> <span class='ocrx_word' id='word_1_651' title='bbox 2875 4358 3375 4431; x_wconf 83' lang='lat' dir='ltr'><em>jungereChristus</em></span> <span class='ocrx_word' id='word_1_652' title='bbox 3395 4401 3411 4428; x_wconf 91' lang='lat'><em>,</em></span> 
     </span>
    </p>
   </div>
   <div class='ocr_carea' id='block_1_101' title="bbox 1969 4450 3166 4522">
    <p class='ocr_par' dir='ltr' id='par_1_101' title="bbox 1969 4450 3166 4522">
     <span class='ocr_line' id='line_1_101' title="bbox 1969 4450 3166 4522; baseline 0 -15"><span class='ocrx_word' id='word_1_653' title='bbox 1969 4452 2173 4507; x_wconf 89' lang='lat' dir='ltr'><em>Ornatu</em></span> <span class='ocrx_word' id='word_1_654' title='bbox 2204 4452 2353 4504; x_wconf 84' lang='lat' dir='ltr'><em>vario</em></span> <span class='ocrx_word' id='word_1_655' title='bbox 2384 4451 2517 4504; x_wconf 89' lang='lat' dir='ltr'><em>ditat</em></span> <span class='ocrx_word' id='word_1_656' title='bbox 2545 4465 2701 4520; x_wconf 90' lang='lat' dir='ltr'><em>quam</em></span> <span class='ocrx_word' id='word_1_657' title='bbox 2735 4450 2904 4520; x_wconf 86' lang='lat' dir='ltr'><em>gratia</em></span> <span class='ocrx_word' id='word_1_658' title='bbox 2936 4452 3166 4522; x_wconf 85' lang='lat' dir='ltr'><em>pollens.</em></span> 
     </span>
    </p>
   </div>
   <div class='ocr_carea' id='block_1_102' title="bbox 2044 4543 3312 4613">
    <p class='ocr_par' dir='ltr' id='par_1_102' title="bbox 2044 4543 3312 4613">
     <span class='ocr_line' id='line_1_102' title="bbox 2044 4543 3312 4613; baseline -0.001 -15"><span class='ocrx_word' id='word_1_659' title='bbox 2044 4545 2166 4599; x_wconf 78' lang='lat' dir='ltr'><em>llaec</em></span> <span class='ocrx_word' id='word_1_660' title='bbox 2194 4544 2281 4599; x_wconf 91' lang='lat' dir='ltr'><em>ubi</em></span> <span class='ocrx_word' id='word_1_661' title='bbox 2313 4544 2584 4610; x_wconf 85' lang='lat' dir='ltr'><em>reSpirans</em></span> <span class='ocrx_word' id='word_1_662' title='bbox 2614 4544 2874 4612; x_wconf 74' lang='lat' dir='ltr'><em>prrcvenit</em></span> <span class='ocrx_word' id='word_1_663' title='bbox 2901 4543 3091 4613; x_wconf 86' lang='lat' dir='ltr'><em>gaudia</em></span> <span class='ocrx_word' id='word_1_664' title='bbox 3119 4552 3312 4607; x_wconf 86' lang='lat' dir='ltr'><em>mater,</em></span> 
     </span>
    </p>
   </div>
   <div class='ocr_carea' id='block_1_103' title="bbox 1968 4637 3160 4706">
    <p class='ocr_par' dir='ltr' id='par_1_103' title="bbox 1968 4637 3160 4706">
     <span class='ocr_line' id='line_1_103' title="bbox 1968 4637 3160 4706; baseline -0.001 -12"><span class='ocrx_word' id='word_1_665' title='bbox 1968 4640 2046 4694; x_wconf 88' lang='lat' dir='ltr'><em>Ac</em></span> <span class='ocrx_word' id='word_1_666' title='bbox 2068 4639 2161 4693; x_wconf 91' lang='lat' dir='ltr'><em>tibi</em></span> <span class='ocrx_word' id='word_1_667' title='bbox 2183 4640 2434 4693; x_wconf 87' lang='lat' dir='ltr'><em>collatqu</em></span> <span class='ocrx_word' id='word_1_668' title='bbox 2469 4652 2634 4706; x_wconf 87' lang='lat' dir='ltr'><em>parvo</em></span> <span class='ocrx_word' id='word_1_669' title='bbox 2664 4637 2945 4706; x_wconf 82' lang='lat' dir='ltr'><em>conspexit</em></span> <span class='ocrx_word' id='word_1_670' title='bbox 2969 4638 3020 4691; x_wconf 91' lang='lat' dir='ltr'><em>in</em></span> <span class='ocrx_word' id='word_1_671' title='bbox 3044 4654 3160 4693; x_wconf 63' lang='lat' dir='ltr'><em>(evo</em></span> 
     </span>
    </p>
   </div>
   <div class='ocr_carea' id='block_1_104' title="bbox 1972 4727 3476 4797">
    <p class='ocr_par' dir='ltr' id='par_1_104' title="bbox 1972 4727 3476 4797">
     <span class='ocr_line' id='line_1_104' title="bbox 1972 4727 3476 4797; baseline 0.001 -14"><span class='ocrx_word' id='word_1_672' title='bbox 1972 4727 2185 4784; x_wconf 88' lang='lat' dir='ltr'><em>Grande</em></span> <span class='ocrx_word' id='word_1_673' title='bbox 2209 4728 2427 4792; x_wconf 86' lang='lat' dir='ltr'><em>bonum,</em></span> <span class='ocrx_word' id='word_1_674' title='bbox 2457 4727 2655 4782; x_wconf 77' lang='lat' dir='ltr'><em>teneris</em></span> <span class='ocrx_word' id='word_1_675' title='bbox 2681 4727 2807 4781; x_wconf 91' lang='lat' dir='ltr'><em>dum</em></span> <span class='ocrx_word' id='word_1_676' title='bbox 2831 4728 3004 4781; x_wconf 89' lang='lat' dir='ltr'><em>virtus</em></span> <span class='ocrx_word' id='word_1_677' title='bbox 3025 4728 3262 4783; x_wconf 91' lang='lat' dir='ltr'><em>creditur</em></span> <span class='ocrx_word' id='word_1_678' title='bbox 3288 4744 3443 4784; x_wconf 84' lang='lat' dir='ltr'><em>aunts</em></span> <span class='ocrx_word' id='word_1_679' title='bbox 3460 4771 3476 4797; x_wconf 91' lang='lat'><em>,</em></span> 
     </span>
    </p>
   </div>
   <div class='ocr_carea' id='block_1_105' title="bbox 1972 4818 3380 4889">
    <p class='ocr_par' dir='ltr' id='par_1_105' title="bbox 1972 4818 3380 4889">
     <span class='ocr_line' id='line_1_105' title="bbox 1972 4818 3380 4889; baseline -0.001 -15"><span class='ocrx_word' id='word_1_680' title='bbox 1972 4819 2153 4889; x_wconf 90' lang='lat' dir='ltr'><em>&#39;l&#39;eque</em></span> <span class='ocrx_word' id='word_1_681' title='bbox 2179 4819 2545 4888; x_wconf 88' lang='lat' dir='ltr'><em>reparturieus</em></span> <span class='ocrx_word' id='word_1_682' title='bbox 2568 4818 2758 4872; x_wconf 90' lang='lat' dir='ltr'><em>melius</em></span> <span class='ocrx_word' id='word_1_683' title='bbox 2787 4818 2945 4887; x_wconf 89' lang='lat' dir='ltr'><em>quam</em></span> <span class='ocrx_word' id='word_1_684' title='bbox 2976 4820 3216 4887; x_wconf 86' lang='lat' dir='ltr'><em>corporis</em></span> <span class='ocrx_word' id='word_1_685' title='bbox 3236 4819 3380 4887; x_wconf 89' lang='lat' dir='ltr'><em>alvo,</em></span> 
     </span>
    </p>
   </div>
   <div class='ocr_carea' id='block_1_106' title="bbox 1894 4888 3544 4980">
    <p class='ocr_par' dir='ltr' id='par_1_106' title="bbox 1894 4888 3544 4980">
     <span class='ocr_line' id='line_1_106' title="bbox 1894 4888 3544 4980; baseline -0.001 -14"><span class='ocrx_word' id='word_1_686' title='bbox 1894 4888 2605 4980; x_wconf 33' lang='lat' dir='ltr'><em>I’Sp&#39;emquemetumque</em></span> <span class='ocrx_word' id='word_1_687' title='bbox 2659 4908 2821 4975; x_wconf 88' lang='lat' dir='ltr'><em>inter,</em></span> <span class='ocrx_word' id='word_1_688' title='bbox 2876 4922 3173 4977; x_wconf 86' lang='lat' dir='ltr'><em>quanquam</em></span> <span class='ocrx_word' id='word_1_689' title='bbox 3231 4909 3334 4964; x_wconf 89' lang='lat' dir='ltr'><em>iam</em></span> <span class='ocrx_word' id='word_1_690' title='bbox 3386 4908 3544 4973; x_wconf 72' lang='lat' dir='ltr'><em>libers</em></span> 
     </span>
    </p>
   </div>
   <div class='ocr_carea' id='block_1_107' title="bbox 3310 5000 3479 5072">
    <p class='ocr_par' dir='ltr' id='par_1_107' title="bbox 3310 5000 3479 5072">
     <span class='ocr_line' id='line_1_107' title="bbox 3310 5000 3479 5072; baseline 0.006 -18"><span class='ocrx_word' id='word_1_691' title='bbox 3310 5000 3479 5072; x_wconf 74' lang='grc' dir='ltr'><em>[νοιο.</em></span> 
     </span>
    </p>
   </div>
   <div class='ocr_carea' id='block_1_108' title="bbox 1970 5090 3401 5161">
    <p class='ocr_par' dir='ltr' id='par_1_108' title="bbox 1970 5090 3401 5161">
     <span class='ocr_line' id='line_1_108' title="bbox 1970 5090 3401 5161; baseline -0.003 -11"><span class='ocrx_word' id='word_1_692' title='bbox 1970 5094 2099 5151; x_wconf 87' lang='lat' dir='ltr'><em>Fert</em></span> <span class='ocrx_word' id='word_1_693' title='bbox 2116 5102 2290 5147; x_wconf 88' lang='lat' dir='ltr'><em>tamen</em></span> <span class='ocrx_word' id='word_1_694' title='bbox 2320 5092 2574 5146; x_wconf 88' lang='lat' dir='ltr'><em>attonitas</em></span> <span class='ocrx_word' id='word_1_695' title='bbox 2602 5093 2679 5145; x_wconf 86' lang='lat' dir='ltr'><em>sic</em></span> <span class='ocrx_word' id='word_1_696' title='bbox 2707 5090 2825 5145; x_wconf 64' lang='lat' dir='ltr'><em>laeta</em></span> <span class='ocrx_word' id='word_1_697' title='bbox 2854 5090 2994 5161; x_wconf 91' lang='lat' dir='ltr'><em>quod</em></span> <span class='ocrx_word' id='word_1_698' title='bbox 3023 5092 3180 5145; x_wconf 83' lang='lat' dir='ltr'><em>auxia</em></span> <span class='ocrx_word' id='word_1_699' title='bbox 3206 5105 3363 5146; x_wconf 88' lang='lat' dir='ltr'><em>curas</em></span> <span class='ocrx_word' id='word_1_700' title='bbox 3385 5133 3401 5157; x_wconf 91' lang='lat'><em>,</em></span> 
     </span>
    </p>
   </div>
   <div class='ocr_carea' id='block_1_109' title="bbox 1972 5181 3401 5252">
    <p class='ocr_par' dir='ltr' id='par_1_109' title="bbox 1972 5181 3401 5252">
     <span class='ocr_line' id='line_1_109' title="bbox 1972 5181 3401 5252; baseline -0.007 -11"><span class='ocrx_word' id='word_1_701' title='bbox 1972 5186 2255 5241; x_wconf 87' lang='lat' dir='ltr'><em>lnsinuans</em></span> <span class='ocrx_word' id='word_1_702' title='bbox 2294 5198 2509 5238; x_wconf 84' lang='lat' dir='ltr'><em>causam</em></span> <span class='ocrx_word' id='word_1_703' title='bbox 2542 5182 2812 5252; x_wconf 82' lang='lat' dir='ltr'><em>lacrymis,</em></span> <span class='ocrx_word' id='word_1_704' title='bbox 2844 5191 2953 5237; x_wconf 90' lang='lat' dir='ltr'><em>tum</em></span> <span class='ocrx_word' id='word_1_705' title='bbox 2986 5183 3110 5237; x_wconf 90' lang='lat' dir='ltr'><em>talia</em></span> <span class='ocrx_word' id='word_1_706' title='bbox 3139 5181 3355 5236; x_wconf 75' lang='lat' dir='ltr'><em>mandat</em></span> <span class='ocrx_word' id='word_1_707' title='bbox 3389 5198 3401 5231; x_wconf 88' lang='lat'><strong>:</strong></span> 
     </span>
    </p>
   </div>
   <div class='ocr_carea' id='block_1_110' title="bbox 1970 5275 3364 5346">
    <p class='ocr_par' dir='ltr' id='par_1_110' title="bbox 1970 5275 3364 5346">
     <span class='ocr_line' id='line_1_110' title="bbox 1970 5275 3364 5346; baseline -0.005 -12"><span class='ocrx_word' id='word_1_708' title='bbox 1970 5279 2104 5334; x_wconf 88' lang='lat' dir='ltr'><em>Ortu</em></span> <span class='ocrx_word' id='word_1_709' title='bbox 2133 5286 2318 5346; x_wconf 88' lang='lat' dir='ltr'><em>quarta</em></span> <span class='ocrx_word' id='word_1_710' title='bbox 2345 5276 2582 5345; x_wconf 89' lang='lat' dir='ltr'><em>quidem,</em></span> <span class='ocrx_word' id='word_1_711' title='bbox 2615 5290 2771 5331; x_wconf 89' lang='lat' dir='ltr'><em>sacro</em></span> <span class='ocrx_word' id='word_1_712' title='bbox 2792 5276 2886 5330; x_wconf 87' lang='lat' dir='ltr'><em>sed</em></span> <span class='ocrx_word' id='word_1_713' title='bbox 2919 5291 3142 5330; x_wconf 89' lang='lat' dir='ltr'><em>munere</em></span> <span class='ocrx_word' id='word_1_714' title='bbox 3170 5275 3364 5343; x_wconf 84' lang='lat' dir='ltr'><em>prima,</em></span> 
     </span>
    </p>
   </div>
   <div class='ocr_carea' id='block_1_111' title="bbox 1977 5364 3251 5438">
    <p class='ocr_par' dir='ltr' id='par_1_111' title="bbox 1977 5364 3251 5438">
     <span class='ocr_line' id='line_1_111' title="bbox 1977 5364 3251 5438; baseline -0.007 -11"><span class='ocrx_word' id='word_1_715' title='bbox 1977 5371 2156 5427; x_wconf 89' lang='lat' dir='ltr'><em>Dulcis</em></span> <span class='ocrx_word' id='word_1_716' title='bbox 2186 5378 2305 5424; x_wconf 89' lang='lat' dir='ltr'><em>nata</em></span> <span class='ocrx_word' id='word_1_717' title='bbox 2334 5368 2484 5433; x_wconf 89' lang='lat' dir='ltr'><em>mihi,</em></span> <span class='ocrx_word' id='word_1_718' title='bbox 2508 5368 2646 5424; x_wconf 71' lang='lat' dir='ltr'><em>cmlo</em></span> <span class='ocrx_word' id='word_1_719' title='bbox 2674 5383 2829 5438; x_wconf 88' lang='lat' dir='ltr'><em>quam</em></span> <span class='ocrx_word' id='word_1_720' title='bbox 2860 5382 3021 5423; x_wconf 87' lang='lat' dir='ltr'><em>carne</em></span> <span class='ocrx_word' id='word_1_721' title='bbox 3044 5364 3251 5433; x_wconf 86' lang='lat' dir='ltr'><em>fideque</em></span> 
     </span>
    </p>
   </div>
   <div class='ocr_carea' id='block_1_112' title="bbox 1975 5455 3357 5533">
    <p class='ocr_par' dir='ltr' id='par_1_112' title="bbox 1975 5455 3357 5533">
     <span class='ocr_line' id='line_1_112' title="bbox 1975 5455 3357 5533; baseline -0.008 -14"><span class='ocrx_word' id='word_1_722' title='bbox 1975 5465 2065 5519; x_wconf 88' lang='lat' dir='ltr'><em>Bis</em></span> <span class='ocrx_word' id='word_1_723' title='bbox 2086 5463 2266 5533; x_wconf 89' lang='lat' dir='ltr'><em>genui,</em></span> <span class='ocrx_word' id='word_1_724' title='bbox 2296 5462 2617 5531; x_wconf 88' lang='lat' dir='ltr'><em>Christoque</em></span> <span class='ocrx_word' id='word_1_725' title='bbox 2638 5459 2826 5515; x_wconf 85' lang='lat' dir='ltr'><em>rudem</em></span> <span class='ocrx_word' id='word_1_726' title='bbox 2855 5460 2923 5514; x_wconf 89' lang='lat' dir='ltr'><em>de</em></span> <span class='ocrx_word' id='word_1_727' title='bbox 2947 5468 3134 5513; x_wconf 83' lang='lat' dir='ltr'><em>ventre</em></span> <span class='ocrx_word' id='word_1_728' title='bbox 3163 5455 3357 5521; x_wconf 87' lang='lat' dir='ltr'><em>dicavi,</em></span> 
     </span>
    </p>
   </div>
   <div class='ocr_carea' id='block_1_113' title="bbox 1977 5550 3446 5617">
    <p class='ocr_par' dir='ltr' id='par_1_113' title="bbox 1977 5550 3446 5617">
     <span class='ocr_line' id='line_1_113' title="bbox 1977 5550 3446 5617; baseline -0.005 -7"><span class='ocrx_word' id='word_1_729' title='bbox 1977 5557 2243 5611; x_wconf 88' lang='lat' dir='ltr'><em>Hactenus</em></span> <span class='ocrx_word' id='word_1_730' title='bbox 2266 5554 2369 5610; x_wconf 90' lang='lat' dir='ltr'><em>hoc</em></span> <span class='ocrx_word' id='word_1_731' title='bbox 2393 5564 2636 5609; x_wconf 88' lang='lat' dir='ltr'><em>nostrum</em></span> <span class='ocrx_word' id='word_1_732' title='bbox 2671 5554 2863 5617; x_wconf 89' lang='lat' dir='ltr'><em>fuerat,</em></span> <span class='ocrx_word' id='word_1_733' title='bbox 2896 5552 2989 5605; x_wconf 91' lang='lat' dir='ltr'><em>sed</em></span> <span class='ocrx_word' id='word_1_734' title='bbox 3020 5561 3260 5617; x_wconf 83' lang='lat' dir='ltr'><em>tempore</em></span> <span class='ocrx_word' id='word_1_735' title='bbox 3287 5550 3446 5605; x_wconf 87' lang='lat' dir='ltr'><em>ducto</em></span> 
     </span>
    </p>
   </div>
   <div class='ocr_carea' id='block_1_114' title="bbox 1973 5640 3505 5714">
    <p class='ocr_par' dir='ltr' id='par_1_114' title="bbox 1973 5640 3505 5714">
     <span class='ocr_line' id='line_1_114' title="bbox 1973 5640 3505 5714; baseline -0.005 -11"><span class='ocrx_word' id='word_1_736' title='bbox 1973 5648 2091 5703; x_wconf 85' lang='lat' dir='ltr'><em>.lam</em></span> <span class='ocrx_word' id='word_1_737' title='bbox 2121 5648 2274 5702; x_wconf 89' lang='lat' dir='ltr'><em>decet</em></span> <span class='ocrx_word' id='word_1_738' title='bbox 2302 5662 2421 5703; x_wconf 90' lang='lat' dir='ltr'><em>esse</em></span> <span class='ocrx_word' id='word_1_739' title='bbox 2444 5655 2624 5711; x_wconf 90' lang='lat' dir='ltr'><em>tuum;</em></span> <span class='ocrx_word' id='word_1_740' title='bbox 2658 5661 2779 5700; x_wconf 89' lang='lat' dir='ltr'><em>nam</em></span> <span class='ocrx_word' id='word_1_741' title='bbox 2805 5645 2946 5711; x_wconf 90' lang='lat' dir='ltr'><em>quod</em></span> <span class='ocrx_word' id='word_1_742' title='bbox 2994 5640 3299 5709; x_wconf 75' lang='lat' dir='ltr'><em>servabere,</em></span> <span class='ocrx_word' id='word_1_743' title='bbox 3330 5644 3505 5714; x_wconf 72' lang='lat' dir='ltr'><em>virgo,</em></span> 
     </span>
    </p>
   </div>
   <div class='ocr_carea' id='block_1_115' title="bbox 1975 5734 3342 5809">
    <p class='ocr_par' dir='ltr' id='par_1_115' title="bbox 1975 5734 3342 5809">
     <span class='ocr_line' id='line_1_115' title="bbox 1975 5734 3342 5809; baseline 0.007 -26"><span class='ocrx_word' id='word_1_744' title='bbox 1975 5744 2020 5794; x_wconf 80' lang='grc' dir='ltr'>Α</span> <span class='ocrx_word' id='word_1_745' title='bbox 2052 5756 2137 5794; x_wconf 80' lang='lat' dir='ltr'><em>me</em></span> <span class='ocrx_word' id='word_1_746' title='bbox 2169 5740 2507 5809; x_wconf 79' lang='lat' dir='ltr'><em>principium,</em></span> <span class='ocrx_word' id='word_1_747' title='bbox 2542 5738 2636 5791; x_wconf 90' lang='lat' dir='ltr'><em>tibi</em></span> <span class='ocrx_word' id='word_1_748' title='bbox 2666 5734 2943 5804; x_wconf 87' lang='lat' dir='ltr'><em>pervenit;</em></span> <span class='ocrx_word' id='word_1_749' title='bbox 2971 5734 3150 5789; x_wconf 86' lang='lat' dir='ltr'><em>omnia</em></span> <span class='ocrx_word' id='word_1_750' title='bbox 3188 5752 3342 5805; x_wconf 89' lang='lat' dir='ltr'><em>posse</em></span> 
     </span>
    </p>
   </div>
   <div class='ocr_carea' id='block_1_116' title="bbox 1973 5824 3305 5900">
    <p class='ocr_par' dir='ltr' id='par_1_116' title="bbox 1973 5824 3305 5900">
     <span class='ocr_line' id='line_1_116' title="bbox 1973 5824 3305 5900; baseline -0.001 -16"><span class='ocrx_word' id='word_1_751' title='bbox 1973 5830 2221 5900; x_wconf 87' lang='lat' dir='ltr'><em>lncipies,</em></span> <span class='ocrx_word' id='word_1_752' title='bbox 2254 5845 2373 5887; x_wconf 89' lang='lat' dir='ltr'><em>cum</em></span> <span class='ocrx_word' id='word_1_753' title='bbox 2394 5830 2535 5884; x_wconf 85' lang='lat' dir='ltr'><em>velle</em></span> <span class='ocrx_word' id='word_1_754' title='bbox 2565 5827 2756 5882; x_wconf 84' lang='lat' dir='ltr'><em>subest</em></span> <span class='ocrx_word' id='word_1_755' title='bbox 2787 5842 2802 5880; x_wconf 87' lang='lat'><strong>:</strong></span> <span class='ocrx_word' id='word_1_756' title='bbox 2831 5826 3056 5899; x_wconf 80' lang='lat' dir='ltr'><em>vestigia</em></span> <span class='ocrx_word' id='word_1_757' title='bbox 3071 5824 3305 5893; x_wconf 83' lang='lat' dir='ltr'><em>fervent,</em></span> 
     </span>
    </p>
   </div>
   <div class='ocr_carea' id='block_1_117' title="bbox 3578 5248 3585 5279">
    <p class='ocr_par' dir='ltr' id='par_1_117' title="bbox 3578 5248 3585 5279">
     <span class='ocr_line' id='line_1_117' title="bbox 3578 5248 3585 5279; baseline 0 0"><span class='ocrx_word' id='word_1_758' title='bbox 3578 5248 3585 5279; x_wconf 94' lang='lat' dir='ltr'><em>l</em></span> 
     </span>
    </p>
   </div>
  </div>
