4124 6350
573 286 671 367 δη
1154 292 1167 301 λ
1810 279 1893 332 s.
1940 274 2121 331 AVITI
2162 272 2201 329 v

2200 271 2563 330 ‘IENNENSIS
3724 266 3828 324 572

575 382 674 454 l’e'r
704 414 819 467 quc
852 407 1054 452 sectato
1077 394 1400 461 conscendas
1426 391 1637 446 tramite
1663 390 1889 452 coelum;

576 488 685 545 Nec
710 491 909 544 desunt
933 488 1171 555 exempla
1195 484 1357 538 domi.
1388 478 1516 537 Nam
1550 482 1755 551 respice
1777 489 2000 551 quantas

581 582 878 653 Virginibus
909 579 1102 633 ﬂoreus
1122 574 1230 646 jam
1257 584 1499 630 nostrum
1524 586 1750 630 stemma
1778 586 2003 628 coronas

576 674 777 729 Miserit
803 672 855 726 in
885 670 1097 735 cmlum,
1131 677 1317 723 sancto
1347 679 1479 737 quas
1501 666 1750 736 dogmate
1786 674 1955 719 mater

577 762 862 818 Severiana
893 760 1097 825 levans,
1128 766 1183 813 et
1211 765 1263 812 te
1289 756 1602 825 conjungier
1630 762 1781 823 opat.

577 854 685 909 Nec
711 853 880 907 multo
909 852 1109 919 senior,
1144 863 1283 904 nunc
1312 848 1548 919 gaudens
1579 846 1797 915 Aspida,
1832 841 2103 913 quondam

573 945 847 1000 Sacratum
875 945 1051 999 velata
1080 952 1258 1012 caput,
1289 951 1378 997 tua
1406 943 1587 995 munia
1619 938 1865 1005 sumpsit,

578 1036 831 1092 Essenos
854 1036 1081 1104 jungeus
1110 1032 1307 1088 sanctis
1337 1029 1591 1085 altaribus
1622 1042 1807 1082 annos.

575 1110 744 1193 quam
778 1127 901 1181 licet
930 1126 1057 1179 hinc
1082 1124 1243 1178 ceteri
1276 1123 1453 1176 tulerit
1474 1134 1588 1174 sors
1613 1120 1790 1172 ultima
1827 1119 1988 1180 letlto,

575 1216 665 1272 Nil
690 1226 868 1270 tamen
898 1223 983 1270 est
1013 1216 1247 1269 subitum
1276 1226 1487 1281 semper
1509 1212 1736 1277 migrare
1766 1208 1984 1277 partitis.

581 1310 774 1376 Aspice
801 1318 941 1361 nunc
970 1307 1235 1369 columen,
1265 1303 1473 1373 gemina
1497 1301 1639 1371 quod
1667 1299 1871 1369 virgine
1898 1299 2076 1368 fulget,

582 1399 955 1467 Eximiumque
984 1398 1167 1460 decus,
1201 1396 1353 1463 cujus
1383 1403 1437 1447 tu
1462 1392 1581 1462 jure
1614 1391 1907 1461 prepinqua

580 1489 861 1543 Fuscinam
890 1488 1113 1542 Fuscina
1156 1486 1357 1549 refers;
1390 1496 1487 1537 nec
1517 1482 1731 1551 segnius
1761 1480 1926 1546 illam,

577 1579 713 1646 Qum
735 1579 929 1647 pietate
962 1588 1171 1646 potens,
1205 1584 1230 1612 ι
1264 1574 1417 1628 Graia
1449 1573 1497 1628 si
1525 1587 1653 1626 voce
1678 1578 1918 1631 sanetur,

581 1670 857 1739 Signilicat
884 1668 1149 1738 propriam
1181 1675 1390 1734 sumpto
1417 1664 1483 1718 de
1514 1664 1727 1717 nomine
1753 1669 2004 1715 mentem.

578 1760 740 1826 Qucis
768 1760 889 1813 licet
919 1759 1201 1813 emeritum
1229 1757 1418 1811 cedant
1437 1767 1530 1808 sua
1558 1752 1755 1808 saecula
1774 1752 2007 1817 culmen,
2034 1822 2043 1825 _

579 1850 806 1918 Vitaun
833 1848 1049 1902 sublimi
1075 1849 1281 1903 cunctis
1311 1846 1619 1915 pra-polleat
1641 1857 1794 1911 arce;

576 1939 685 1995 Has
708 1953 967 2005 generosa
1000 1948 1175 1993 tamen
1208 1947 1405 1992 matres
1432 1936 1475 1990 si
1505 1935 1666 1990 corde
1695 1934 1955 2004 sequaris,

577 2030 900 2095 eam»:
926 2030 1069 2089 vinci
1094 2031 1227 2086 dm
1261 2028 1497 2099 proﬁcis,
1521 2040 1583 2082 ac
1613 2024 1707 2082 tibi
1729 2018 1990 2082 susurnam

577 2120 781 2190 Sponte
810 2121 1015 2175 dabunt
1041 2120 1271 2189 palmam
1301 2119 1573 2188 superanti
1600 2123 1721 2173 vota
1748 2118 2032 2186 magiam“.

576 2211 704 2267 Haec
729 2214 911 2269 dicens
938 2222 1151 2268 teneros
1174 2220 1357 2267 sancto
1385 2210 1759 2266 exbortamine
1787 2224 1977 2267 sensus

575 2302 809 2371 Impulit,
838 2302 1143 2358 accendens
1159 2302 1225 2356 ad
1255 2302 1570 2371 virginitatis
1597 2316 1855 2356 antorem.

578 2394 670 2449 Sic
701 2403 871 2448 mater
896 2394 1123 2450 fecunda
1152 2403 1325 2459 utero,
1352 2394 1630 2452 fecundior
1654 2405 1798 2457 actu,

577 2484 879 2540 Macbabaea
909 2492 1115 2555 potens,
1145 2495 1201 2541 et
1226 2485 1393 2556 prolis
1420 2485 1607 2541 funere
1635 2484 1785 2550 felix,

576 2576 766 2633 Orbari
792 2579 1057 2651 gaudens,
1081 2579 1261 2637 animo
1291 2580 1537 2635 vincente
1563 2592 1856 2643 senectam,

547 2666 776 2723 'Ia‘docet
803 2654 1063 2731 hortando
1094 2670 1332 2725 sobolem
1364 2684 1467 2725 non
1497 2669 1689 2724 cedere
1717 2668 1939 2733 mundo,

574 2752 979 2827 Inflammatque
1012 2760 1128 2828 pios
1156 2760 1221 2814 ad
1249 2759 1408 2813 fortia
1438 2758 1573 2812 facta
1605 2758 1830 2815 furores.

576 2848 716 2915 Quid
745 2857 831 2902 tua
864 2865 1005 2904 nunc
1036 2860 1294 2919 repetam,
1324 2856 1507 2906 tenero
1531 2864 1653 2921 qute
1683 2850 1866 2905 fortior
1892 2864 2027 2915 ενι),

576 2939 715 2993 Ante
742 2953 909 2993 annos
940 2940 1282 3008 animumque
1309 2954 1525 3009 gerens,
1549 2955 1800 3010 responsa
1831 2940 2064 2997 dedisti!

575 3029 692 3083 Non
725 3030 837 3084 hac
862 3045 1023 3099 parva
1056 3040 1198 3107 tuam
1229 3034 1469 3102 suscepit
1497 3035 1686 3103 pagina
1712 3033 1947 3089 laudem.

576 3118 765 3172 Exitus
788 3119 1005 3190 impleto
1031 3122 1209 3175 veniet
1228 3138 1347 3178 cum
1383 3132 1620 3193 tempore
1642 3124 1837 3188 victor,

577 3209 720 3263 Laus
749 3210 941 3264 melius
968 3212 1199 3280 canitur,
1224 3230 1347 3271 cum
1365 3217 1473 3287 iam
1501 3217 1760 3271 clamante
1786 3215 2079 3286 triumpho,

580 3301 959 3358 Consummata
996 3304 1097 3358 tuis
1122 3307 1413 3362 reddentur
1432 3309 1655 3377 praemia
1674 3308 1849 3364 factis.

577 3396 730 3451 Nunc
756 3397 909 3453 decet
937 3403 1191 3457 attonitos
1221 3412 1370 3456 cauta
1404 3411 1456 3457 te
1484 3417 1613 3458 voce
1644 3417 1889 3467 monere,

576 3489 840 3546 Sollicitas
871 3490 1041 3547 tccum
1074 3496 1256 3562 partiri
1286 3510 1349 3551 ac
1380 3497 1595 3552 volvere
1623 3512 1801 3562 curas,

576 3583 747 3650 Atque
768 3583 961 3650 juvare
992 3594 1110 3639 tuos
1141 3585 1405 3641 hortantia
1433 3587 1570 3643 dicta
1604 3589 1836 3654 labores,

577 3672 712 3727 Dum
746 3686 943 3745 pugnat
968 3677 1147 3730 varius
1171 3692 1266 3744 per
1294 3681 1479 3734 crebra
1512 3680 1741 3749 pericula
1772 3695 1953 3746 casus,

579 3763 804 3819 Lubrica
834 3765 959 3818 dum
992 3766 1163 3836 fragili
1196 3770 1367 3823 currit
1390 3770 1490 3824 sub
1520 3772 1732 3825 tramite
1760 3771 1889 3839 vita,

580 3855 714 3910 Dum
744 3866 830 3910 tua
861 3858 1097 3912 calcatus
1128 3871 1303 3929 captat
1331 3862 1547 3931 vestigia
1573 3877 1815 3931 serpens,

582 3945 888 4001 Ascendens
911 3947 1099 4002 dextro
1122 3965 1278 4020 quem
1310 3960 1549 4005 conterat
1574 3962 1767 4021 aggere
1794 3954 1994 4022 planta.

580 4034 664 4090 Nil
693 4052 795 4090 non
826 4038 1085 4094 intentum
1114 4042 1396 4111 praesentia
1426 4042 1622 4095 sarcula
1650 4044 1865 4109 ducunt,

582 4128 693 4184 Nec
723 4145 904 4186 secura
937 4132 1093 4188 datur
1115 4134 1323 4205 requies
1351 4135 1406 4189 in
1437 4148 1598 4189 carne
1624 4135 1840 4189 caduca.

578 4220 871 4277 Verluntur
900 4240 1021 4278 nam
1049 4240 1189 4297 saepe
1213 4226 1360 4291 boni,
1398 4226 1537 4295 perit
1566 4226 1755 4281 obruta
1786 4227 1971 4291 virtus,

579 4313 840 4383 Pariaque
868 4324 1149 4371 transacta:
1177 4316 1439 4371 decedunt
1470 4317 1685 4386 praemia
1715 4317 1891 4373 laudis
1914 4336 1925 4369 :

580 4408 659 4459 Ac
689 4406 997 4473 plerumque
1028 4408 1185 4473 solet,
1216 4407 1389 4462 subito
1416 4423 1675 4465 succensa
1702 4409 1903 4474 calore,

2173 388 2228 446 Α
2254 382 2533 437 Mundanis
2559 381 2747 437 ludens
2777 380 3087 453 facilinunc
3114 392 3305 448 aggere
3326 378 3510 444 currit,

2250 475 2495 531 Strictior
2528 475 2667 528 hunc
2690 486 2874 527 carcer
2898 470 3101 525 crudeli
3130 478 3272 524 sorte
3304 467 3499 537 ligabit.

2321 568 2407 622 Tu
2432 567 2590 622 modo
2617 566 2681 619 da
2707 564 2934 629 veniam,
2970 564 3057 632 qui
3085 574 3135 617 te
3161 562 3495 627 exhortatur,
3529 562 3718 624 amori,

2251 656 2671 727 Currentemque
2696 665 2898 721 monet,
2923 670 3041 710 cum
3072 654 3159 708 vix
3188 664 3362 708 tamen
3395 652 3508 721 ipse
3537 662 3823 723 sequatur:

2254 748 2452 805 Suadet
2482 748 2650 804 veloci
2683 747 2866 801 tardus
2896 743 3213 815 compendia
3236 757 3472 812 gressus.

2252 840 2494 910 Namque
2520 840 2583 894 ad
2611 838 2929 901 doctrinam,
2951 835 3186 891 canimus
3214 848 3372 904 quam
3403 848 3634 901 paupere
3657 849 3835 898 versu,
3870 871 3880 885 .

2254 931 2334 985 τι]
2360 931 2548 986 melius
2572 929 2679 999 jam
2714 930 2869 983 docta
2896 928 3064 992 venis,
3099 941 3217 995 qua:
3240 924 3421 994 junior
3442 935 3579 990 ortu,

2260 1022 2559 1093 Relligione
2588 1021 2753 1090 prior,
2787 1019 2999 1074 vivendi
3021 1016 3138 1087 jura
3172 1017 3383 1072 dicasti.

2256 1117 2639 1182 Annorumque
2663 1124 2914 1181 sequens,
2946 1111 3255 1164 meritorum
3284 1116 3432 1162 sorte
3457 1110 3751 1176 superstas.

2257 1205 2409 1273 Quod
2438 1204 2482 1259 si
2514 1202 2908 1272 consequimur,
2939 1202 3048 1271 jam
3080 1207 3321 1254 nostrum
3353 1196 3488 1253 forte
3520 1206 3761 1267 putetur;

2256 1292 2411 1367 Quod
2452 1299 2741 1369 sequimur,
2790 1306 2965 1353 tamen
3009 1295 3175 1350 hocce
3218 1304 3365 1349 tuum
3406 1303 3488 1348 est
3515 1310 3527 1344 :
3556 1290 3846 1347 conversio.

3510 1380 3756 1455 [fratrum

2257 1482 2517 1553 Exemplo
2546 1481 2786 1539 debeuda
2818 1480 2924 1550 pio,
2966 1489 3017 1535 te
3048 1476 3267 1546 reSpicit
3286 1485 3489 1540 auctor,

2258 1574 2632 1642 I’tlmitiasque
2663 1574 2714 1628 in
2750 1580 2799 1628 te
2826 1570 2993 1626 sacris
3022 1570 3087 1625 de
3119 1566 3377 1623 fructibus
3403 1564 3588 1632 oﬁ‘ert;

2182 1672 2183 1675 ‘
2257 1665 2450 1722 Indicit
2481 1666 2575 1720 sed
2609 1672 2790 1719 sancta
2820 1662 2976 1727 ﬁdes,
3010 1670 3066 1716 ut
3093 1660 3255 1716 corde
3284 1660 3582 1731 propinquo

2180 1747 2233 1808 Β
2258 1751 2576 1825 Participata
2605 1754 2749 1810 levet
2775 1753 3066 1807 fraternum
3090 1750 3295 1806 sarcina
3329 1750 3554 1820 pondus.

2257 1847 2336 1902 'I‘u
2357 1852 2633 1917 germana,
2662 1846 2811 1914 pium
2832 1857 2952 1912 quae
2980 1841 3130 1896 ducis
3151 1841 3216 1894 ab
3251 1839 3414 1894 ubere
3445 1839 3664 1903 fascem,

2255 1937 2373 1993 Non
2401 1934 2597 2003 carnis,
2624 1934 2716 1989 sed
2743 1934 2873 2004 legis
2900 1933 3064 1989 habes
3093 1930 3302 1988 cervice
3331 1929 3476 1986 fideli

2254 2024 2479 2085 Subdita
2505 2027 2646 2083 ferre
2670 2025 2877 2095 jugum,
2912 2032 3011 2079 nec
3040 2022 3214 2077 vincla
3240 2022 3290 2078 in
3322 2021 3567 2092 conjugis
3593 2022 3666 2077 ire
3692 2039 3706 2076 :

2255 2121 2554 2178 Mundam
2581 2119 2759 2174 odisse
2795 2118 2928 2184 vias,
2957 2128 3269 2187 percurrere
3299 2114 3551 2178 mundas;

2258 2213 2411 2269 Illinc
2440 2212 2582 2268 nolle
2606 2220 2773 2276 toros,
2804 2209 2929 2264 hinc
2951 2220 3205 2278 sponsum
3230 2220 3471 2274 nutet-ere
3495 2206 3783 2269 Christum,

2258 2305 2351 2361 Sic
2377 2304 2547 2359 taedas
2572 2304 2880 2373 tempsisse,
2904 2303 2990 2371 pio
3017 2300 3157 2369 quod
3180 2314 3363 2355 amore
3389 2300 3588 2367 calere,

2178 2445 2183 2449 ,
2258 2396 2416 2467 Pigra
2445 2395 2699 2464 voluptati
2730 2394 3033 2448 fervescere
3060 2391 3222 2445 corda
3255 2388 3448 2451 labori.

2258 2486 2515 2556 Ignorare
2530 2486 2728 2550 virum,
2755 2485 2893 2539 fetus
2919 2493 3096 2539 tamen
3123 2482 3287 2538 edere
3306 2482 3462 2547 tales,
3502 2476 3507 2477 ί

2258 2577 2403 2644 Quos
2433 2578 2603 2632 tristis
2632 2590 2899 2645 nunquam
2934 2575 3099 2644 possit
3131 2574 3227 2627 tibi
3260 2575 3447 2628 tollere
3476 2587 3649 2627 casus.

2327 2667 2443 2723 Non
2470 2669 2655 2724 orbata
2684 2681 2865 2737 gemes
2894 2666 3139 2722 fecunda:
3157 2667 3377 2736 pignora
3409 2665 3553 2730 vitae,

2256 2760 2367 2815 Nec
2394 2761 2605 2815 viduam
2635 2775 2834 2829 sponso
2859 2768 3064 2814 metues
3090 2770 3372 2827 superesse
3398 2758 3645 2827 perenni,

2257 2853 2466 2921 Expers
2494 2855 2605 2923 ipsa
2637 2853 2759 2907 mali
2782 2869 2797 2917 ;
2824 2845 3003 2908 necte
3030 2851 3292 2908 sententia
3326 2860 3507 2922 tanget

2257 2946 2371 3011 Qua
2402 2946 2566 3014 prolis
2597 2946 2888 3015 mortisque
2916 2959 3111 3013 parens
3133 2945 3471 3012 compellitur
3512 2944 3639 3005 Eva,

2256 3036 2497 3092 Occisam
2531 3040 2740 3105 pariens
2769 3038 3015 3091 sobolem‘
3038 3038 3244 3091 vivente
3270 3045 3437 3091 reatu.

2176 3120 2225 3183 ε
2256 3130 2384 3194 Qum
2407 3129 2646 3197 subjecta
2673 3130 2787 3182 viro
2815 3129 3089 3182 dominum
3124 3143 3339 3194 passura
3369 3128 3577 3193 cubitis,

2257 3210 2431 3277 Servit
2455 3222 2505 3273 in
2530 3222 2764 3274 obsceno
2795 3221 3029 3274 toleratis
3059 3221 3325 3274 connubia
3353 3220 3508 3273 lecto.

2255 3313 2344 3368 Sic
2372 3312 2578 3381 captiva
2620 3312 2742 3378 tori,
2776 3326 2896 3365 cum
2927 3319 3099 3380 portet
3128 3324 3321 3364 nomen
3349 3311 3523 3375 insue,

2255 3403 2511 3474 Coniugis
2542 3416 2593 3458 et
2620 3419 2754 3458 vana
2785 3405 2993 3458 dicatur
3023 3405 3249 3473 imagine
3274 3416 3517 3473 consors.

2255 3496 2383 3553 Sola
2409 3498 2533 3567 jugo
2563 3498 2820 3567 premitur
2845 3513 2949 3551 non
2976 3510 3179 3567 aequam
3206 3497 3407 3550 ducere
3432 3503 3649 3548 sortem.

2256 3588 2466 3642 Etcum
2499 3589 2652 3657 longa
2683 3589 2865 3643 decem
2894 3589 3112 3642 tulerint
3140 3588 3352 3641 fastidia
3382 3601 3616 3650 menses,

2255 3678 2608 3749 Perfectoque
2639 3681 2815 3749 gravis
2848 3681 2953 3734 fetu
2979 3678 3297 3733 distenditur
3325 3678 3494 3744 alvus,

2257 3770 2472 3825 Semina
2505 3787 2622 3840 quae
2659 3772 2820 3839 patris
2854 3772 3079 3835 fuerant,
3115 3770 3228 3824 hac
3257 3769 3490 3839 pondera
3519 3766 3671 3823 matri

2255 3861 2508 3930 Inlligunt
2530 3863 2693 3916 duros
2719 3872 2871 3916 utero
2898 3870 3141 3931 turgente
3170 3862 3405 3916 dolores.

2258 3952 2389 4006 Nam
2420 3968 2539 4007 cum
2573 3954 2770 4007 luctato
2797 3954 3076 4007 solvuntur
3106 3952 3307 4006 viscera
3338 3960 3515 4020 partu,

2263 4044 2375 4103 Una
2409 4044 2525 4107 luit,
2550 4051 2697 4099 tanto
2716 4043 2892 4097 carnis
2913 4043 3225 4098 discrimine
3246 4041 3484 4111 pendens

2258 4135 2409 4199 Quod
2431 4137 2607 4189 coiere
2637 4134 2774 4198 duo;
2806 4148 2929 4202 spes
2952 4135 3129 4203 palpat
3159 4133 3298 4187 forte
3322 4132 3608 4199 dolentem,

2258 4227 2449 4280 Editus
2480 4227 2529 4279 in
2556 4226 2725 4280 lucem
2752 4226 2797 4278 si
2822 4228 2964 4278 vivat
2994 4224 3172 4289 filius;
3204 4224 3355 4292 atqui

2258 4318 2528 4385 Contingit
2553 4317 2867 4386 plerumque
2896 4331 3112 4386 gemens
3144 4325 3203 4370 ut
3237 4323 3441 4370 mortua
3473 4313 3672 4369 fundat.

2259 4410 2413 4478 Saepe
2438 4409 2596 4463 etiam
2623 4410 2793 4463 soboli
2820 4422 2919 4463 nec
2946 4408 3135 4464 mortis
3163 4418 3399 4475 tempore
3420 4416 3558 4461 nata:

580 4494 794 4561 Frigida
823 4511 939 4564 quae
972 4512 1138 4565 nuper
1166 4484 1356 4566 fuerat,
1406 4514 1559 4553 mens
1599 4500 1842 4569 linquere
1874 4501 2155 4568 mundum,
2182 4486 2236 4547 Ῑ)
2261 4498 2397 4553 Dant
2438 4499 2715 4569 geminum
2755 4499 2942 4553 matris
2981 4507 3313 4553 commortua
3371 4497 3607 4551 membra
3654 4490 3811 4563 sepulv

581 4583 755 4654 Atque
784 4586 1061 4653 repentino
1093 4588 1416 4657 restringere
1443 4588 1665 4643 crimina
1693 4590 1862 4646 freno.

581 4675 675 4732 Sic
701 4677 1053 4732 alternantem
1076 4689 1404 4736 commutant
1433 4680 1536 4736 fata
1566 4691 1820 4751 rotatum,

581 4767 779 4837 Imp'us
810 4779 865 4821 ut
890 4779 1069 4838 speret
1098 4772 1327 4838 veniam,
1349 4773 1632 4844 justusque
1658 4774 1897 4830 timendo

582 4858 894 4923 Proficiens,
926 4860 1193 4914 cumulum
1225 4863 1428 4932 magnis
1450 4862 1734 4919 virtutibus
1759 4865 1939 4922 addat.

577 4937 711 5003 Nam
737 4949 966 5004 studium
993 4950 1165 5005 sancti
1194 4951 1333 5007 laxet
1362 4953 1405 5007 si
1435 4952 1571 5008 forte
1602 4955 1817 5021 laboris,

579 5040 841 5109 Pigraque
863 5050 1147 5097 consuetas
1175 5042 1472 5099 dissolvant
1498 5046 1603 5100 otia
1633 5061 1815 5112 curas,

576 5128 800 5186 Labitur
830 5132 881 5184 in
910 5143 1151 5200 praeceps
1174 5120 1448 5188 damnosa:
1477 5134 1638 5203 gloria
1670 5136 1813 5190 vitae.

579 5221 735 5277 Stare
766 5222 947 5291 nequit
976 5221 1245 5289 meritum,
1277 5224 1319 5277 si
1354 5239 1459 5278 non
1489 5212 1715 5294 acquirit
1739 5226 1936 5294 eundo,

577 5313 787 5369 Amittit
811 5313 1054 5378 rediens;
1089 5313 1363 5367 nitendum
1391 5323 1473 5369 est
1501 5315 1703 5370 viribus
1733 5317 1947 5386 amplis,

578 5404 646 5457 Ut
673 5407 800 5460 satis
826 5416 1109 5476 angustum
1133 5404 1419 5461 observent
1442 5406 1663 5475 vestigia
1687 5406 1900 5462 callem.

580 5496 708 5550 Nam
738 5500 826 5568 qui
855 5498 1098 5554 diﬂ'usam
1122 5498 1298 5571 spatio
1314 5482 1538 5555 laxante
1568 5500 1793 5567 plateam

656 5690 680 5716 ι
716 5680 1065 5749 Euphrosine.

3574 4586 3755 4658 [crum

2262 4679 2398 4734 Illud
2425 4680 2532 4748 jam
2565 4674 2736 4734 levius
2765 4682 2973 4749 quoties
2999 4681 3307 4748 intervenit,
3342 4683 3457 4749 ipsa

2266 4770 2337 4825 Ut
2370 4782 2545 4849 pereat
2572 4780 2681 4824 tum
2709 4771 2825 4827 sola
2852 4784 3067 4839 parens,
3096 4786 3159 4825 ac
3189 4773 3424 4838 pendere
3448 4770 3575 4825 fuso'

2263 4858 2485 4917 Emittat
2510 4878 2627 4917 cum
2658 4864 2813 4933 prole
2832 4863 3104 4916 animum?
3131 4862 3270 4929 Quid
3302 4863 3437 4917 forte
3468 4863 3701 4915 levatum

2262 4954 2639 5021 Nutritumque
2668 4955 2767 5008 diu
2787 4955 2993 5022 rapitur
3022 4954 3067 5008 si
3096 4954 3282 5008 funere
3313 4956 3521 5021 pignus.

2264 5044 2431 5102 Unica
2459 5045 2600 5114 quod
2627 5046 2823 5100 crebro
2848 5058 2972 5113 spes
2992 5045 3230 5113 respici,
3256 5053 3310 5097 et
3342 5043 3479 5110 perit
3508 5055 3671 5095 omne

2263 5138 2416 5206 Quod
2447 5137 2546 5193 sibi
2572 5140 2844 5205 conceptis
2869 5136 3204 5207 Spondebant
3226 5135 3424 5204 gaudia
3445 5132 3615 5186 votis?

2264 5230 2523 5285 Omnibus
2552 5229 2636 5284 his
2668 5229 2804 5284 illud
2824 5230 3058 5298 gravius,
3091 5230 3135 5283 si
3167 5228 3305 5282 forte
3327 5236 3596 5281 carentem

2263 5321 2480 5377 Caelesti
2512 5323 2726 5378 lavacro
2760 5332 3005 5378 tenerum
3034 5335 3180 5375 mors
3209 5321 3385 5375 invida
3419 5328 3607 5372 uatum

2261 5412 2542 5483 Prairipiat
2574 5414 2707 5469 dura
2735 5424 3051 5483 generatum
3080 5422 3226 5467 sorte
3254 5413 3531 5482 gehennae.

2162 5555 2169 5559 _
2264 5507 2491 5579 Quique,
2519 5509 2792 5579 genitricis
2814 5517 2989 5565 cessat
3013 5522 3137 5563 cum
3168 5507 3464 5572 [ilius-esse,
