4124 6350
592 352 697 413 37s
1483 320 1492 328 ’
1855 356 1911 411 s.
1954 359 2138 413 xvm
2186 356 2580 420 VIENNENSIS
3113 331 3116 335 ’
3715 374 3811 427 376

594 468 959 538 Degenerique‘
984 468 1151 522 ﬁuens
1178 467 1335 536 elegit
1365 467 1540 523 vivere
1570 470 1715 522 luxu.

593 560 699 614 Sed
724 560 892 629 judex
927 561 1135 615 tandem
1162 559 1310 613 ﬁnito
1341 569 1579 631 tempore
1611 565 1791 617 mundi

594 648 926 719 Regreditnr,
959 649 1214 719 cujusque
1240 665 1442 705 moram
1467 654 1802 721 dasnexerat,
1830 636 2027 710 excors

592 741 895 798 Contemnit
923 756 1108 796 servus
1133 742 1392 806 reditum;
1423 753 1547 799 tunc
1575 746 1820 801 omnibus
1851 747 1939 802 ille

593 835 661 890 Ut
685 836 911 913 doceant
938 836 1143 890 ratione
1168 837 1338 907 jubet,
1369 854 1525 908 quem
1552 849 1790 909 tempore
1822 849 1971 896 tanto

593 928 836 982 Poscenti
867 928 1093 984 reddant
1119 941 1337 998 operata
1370 934 1574 1001 negnt'a
1610 933 1855 986 fructum.

592 1020 884 1086 Argentum
913 1018 1108 1089 gemini
1134 1020 1398 1088 geminata
1424 1023 1561 1076 mole
1589 1004 1813 1076 ministri

592 1110 870 1173 Protnunt,
901 1120 955 1165 et
981 1112 1101 1165 Izeto
1131 1112 1372 1166 referunt
1401 1116 1720 1170 commercia
1752 1115 1923 1169 vultu.

593 1200 805 1255 Tertius
832 1202 920 1275 ille
948 1203 1096 1271 piger
1121 1202 1431 1257 drachmam
1464 1206 1653 1261 tellure
1682 1207 1931 1261 latentem
2026 1266 2039 1277 .

519 1324 533 1336 .
594 1293 817 1359 Promit,
851 1311 967 1362 qua:
990 1296 1160 1363 juncti
1192 1299 1415 1351 sorbens
1445 1299 1687 1367 contagia
1716 1299 1855 1354 caeni

596 1385 892 1440 Perdiderit
922 1390 1165 1455 proprios
1199 1390 1402 1443 incluso
1425 1390 1625 1445 lumine
1658 1392 1852 1445 vultus.

596 1476 745 1530 llltnn
780 1478 1001 1532 terribili
1029 1479 1276 1535 dominus
1299 1491 1422 1537 tunc
1450 1482 1690 1551 increpat
1725 1500 1856 1538 ore:

594 1567 832 1623 Tantane
863 1579 913 1623 te
937 1572 1103 1625 nostri
1137 1582 1354 1629 tenuere
1378 1574 1572 1629 oblivia
1596 1591 1836 1645 segnem,

594 1658 759 1712 Serve
787 1660 954 1729 piger,
989 1662 1296 1732 reditusque
1321 1665 1424 1719 mei
1454 1666 1532 1720 sic
1561 1682 1683 1720 cura
1716 1666 1943 1735 refugit?

593 1752 907 1819 Argentum,
940 1753 1100 1807 nitida
1130 1756 1271 1824 quod
1301 1772 1491 1824 purum
1525 1758 1640 1812 luce
1671 1758 1858 1823 tulisti,

2198 476 2248 536 Α
2277 473 2624 543 Describens,
2657 475 2852 531 mentis
2880 476 3053 531 varias
3081 460 3202 532 cum
3226 492 3450 549 corpore
3478 498 3682 552 pugnas

2274 569 2528 626 Prudenti
2555 571 2824 641 quondam
2848 571 3045 627 cecinit
3076 573 3397 629 Prudentius
3420 590 3536 641 ore.

2272 665 2511 735 Namque
2541 665 2610 720 ibi
2633 666 2909 733 bellatrix,
2933 676 2986 722 et
3012 667 3169 736 pleno
3198 667 3391 723 robore
3417 669 3623 738 pollens

2274 758 2563 828 Virginitas
2590 769 2796 813 armata
2823 761 2997 826 venit;
3032 776 3188 830 quam
3223 760 3363 816 fceda
3388 762 3555 817 libido

2274 849 2511 918 Appetit.
2544 859 2597 905 et
2623 866 2777 905 casso
2810 860 2966 906 vocat
2996 851 3048 907 in
3079 853 3369 908 certamina
3409 854 3552 909 nisu.

2273 940 2361 997 Sic
2390 940 2720 996 bellatricem
2747 950 2798 997 te
2828 944 3025 998 sentiat
3050 946 3272 999 :cmulus
3294 947 3501 1015 anguis,

2273 1031 2513 1101 Cumque
2540 1033 2801 1089 lacessita:
2824 1035 3120 1091 concedent
3146 1039 3329 1107 praelia
3359 1039 3609 1106 palmam,

2275 1119 2419 1176 Lzeta
2451 1123 2588 1177 feras
2613 1138 2879 1179 summum
2908 1126 3112 1180 calcato
3140 1142 3203 1181 ex
3239 1129 3393 1183 hoste
3418 1138 3697 1197 tropzcum.

2346 1210 2479 1264 Nam
2509 1212 2759 1281 quidquid
2791 1228 2959 1269 sacras
2979 1214 3158 1270 divina
3191 1218 3458 1273 volumina
3490 1219 3620 1290 legis

2278 1301 2502 1370 Eloquio
2531 1317 2795 1373 sensuque
2819 1304 3032 1370 docent,
3066 1306 3204 1375 quod
3234 1308 3483 1376 praedicat
3510 1310 3625 1378 ipse

2276 1395 2539 1464 Antiquus
2570 1396 2750 1449 mundi
2775 1398 3038 1465 replicans
3062 1398 3280 1453 exordia
3312 1409 3481 1467 vates,

2276 1483 2399 1540 Sive
2426 1486 2514 1540 ille
2554 1486 2802 1542 historias
2844 1496 3013 1553 texat,
3044 1504 3139 1543 seu
3164 1490 3300 1545 forte
3333 1491 3550 1559 figuras,

2277 1577 2426 1643 Quod
2450 1577 2659 1632 diversa
2689 1589 2831 1633 retro
2862 1580 3149 1634 multorum
3184 1591 3423 1651 tempora
3457 1595 3643 1650 regum

2280 1667 2407 1722 Post
2436 1668 2577 1723 Ruth
2606 1670 2859 1725 succiduo
2890 1685 3168 1740 gesserunt
3196 1674 3386 1728 ordine
3419 1689 3665 1744 magnum
3698 1716 3709 1726 .

2284 1756 2376 1813 Vel
2406 1774 2539 1829 quos
2571 1769 2690 1829 post
2718 1762 3003 1830 reprobum
3053 1764 3301 1819 Davidica
3335 1779 3495 1834 regna
3528 1763 3749 1820 Saulem

593 1840 676 1893 En
702 1851 892 1897 tetrum
920 1859 1271 1915 pressamque
1298 1848 1485 1903 refers.
1513 1849 1644 1904 Nam
1668 1851 1876 1918 cognita
1904 1849 2169 1919 quondam
2200 1833 2251 1895 Β
2276 1850 2382 1905 Ter
2410 1852 2783 1921 quinquageno
2813 1855 3145 1923 scripserunt
3185 1856 3422 1909 carmine
3452 1856 3713 1925 psalmos.

592 1930 832 1999 Delituit,
866 1950 964 1989 nec
994 1938 1344 2004 respondens,
1366 1950 1421 1994 ut
1448 1956 1590 2010 szepe
1611 1944 1835 2004 solebat,

593 2021 785 2080 Forma
814 2028 963 2092 mihi,
995 2030 1276 2100 vultusque
1299 2036 1402 2087 mei
1431 2050 1536 2088 non
1570 2045 1720 2104 paret
1746 2036 1919 2106 imago

593 2114 875 2183 Assignata
900 2118 1021 2182 tibi;
1056 2120 1151 2174 sed
1177 2123 1221 2175 si
1250 2122 1514 2179 ferrentur
1540 2127 1605 2179 ad
1638 2142 1784 2193 usus,

591 2208 893 2279 Altarisque
922 2213 1025 2267 mei
1058 2214 1357 2284 tetigissent
1380 2219 1581 2273 credita
1604 2235 1861 2287 mensam,

593 2299 875 2358 Cresceret
897 2305 1394 2393 inscriptusnostro
1420 2315 1486 2367 de
1514 2314 2028 2371 nomine..nummus.

593 2395 747 2451 Nunc
778 2398 935 2467 igitur
962 2400 1147 2457 famuli
1188 2419 1279 2459 vos
1305 2415 1469 2461 totum
1506 2408 1638 2463 ferte
1668 2410 1874 2481 fideles,

593 2485 769 2540 Addat
798 2498 857 2541 ut
886 2490 1104 2547 utilibus
1130 2484 1249 2549 scrs
1276 2496 1479 2565 ultima,
1515 2498 1663 2553 tollat
1693 2499 1871 2555 inerti.

592 2577 871 2644 Improbus
898 2581 950 2634 in
983 2584 1162 2650 paucis
1184 2585 1270 2639 hic
1293 2588 1486 2656 dignus
1512 2605 1617 2644 non
1641 2592 1742 2645 erit
1764 2593 1883 2647 ullis
1908 2610 1921 2646 z

582 2667 828 2738 Quisque
853 2674 1178 2730 voluntatem
1211 2692 1440 2733 noscens
1462 2684 1758 2737 contemnit
1783 2684 2026 2751 herilem,

589 2758 822 2815 Creditur
859 2762 944 2819 hic
974 2766 1175 2831 multis,
1209 2771 1391 2835 paucis
1418 2772 1503 2838 qui
1539 2774 1745 2827 nescius
1776 2785 1939 2839 errat,

595 2851 735 2920 Ergo
755 2867 874 2922 age,
908 2857 1194 2912 succinctis
1223 2860 1288 2912 ad
1318 2859 1473 2914 fortia
1502 2864 1681 2930 praelia
1716 2865 1909 2920 lumbis

592 2943 959 3001 Armata-cum
988 2958 1168 3004 mente
1194 2951 1337 3015 veni,
1371 2966 1471 3006 nec
1501 2953 1695 3008 femina
1728 2956 1921 3010 bellum

592 3034 877 3092 Fortnides
896 3040 1038 3109 quod
1067 3057 1217 3097 tnens
1248 3045 1451 3114 peragit
1476 3063 1489 3098 :
1522 3063 1641 3101 nam
1669 3049 1838 3117 gloria
1864 3051 2063 3106 dudum

593 3126 766 3182 Sexus
788 3128 885 3183 ista
913 3134 986 3186 tui
1011 3144 1133 3188 nota
1164 3144 1246 3189 est
1276 3136 1369 3191 tibi
1396 3151 1540 3208 smpe
1567 3140 1814 3208 legendo.

593 3216 702 3272 Nec
725 3219 936 3274 dubiam
972 3232 1022 3277 te
1048 3237 1206 3279 nosse
1235 3241 1379 3291 reor,
1411 3243 1532 3282 cum
1564 3229 1768 3285 Debora
1795 3232 2061 3301 quondam

594 3312 824 3368 Duceret
853 3314 1139 3372 instructas
1162 3328 1278 3387 post
1313 3320 1468 3375 fortia
1490 3322 1709 3378 classica
1743 3334 1962 3393 turmas,

594 3405 656 3458 Et
680 3405 871 3462 mulier
892 3417 1103 3478 sumpto
1132 3412 1460 3477 prtccederet
1481 3414 1688 3483 agmina
1715 3417 1888 3488 signo,

589 3493 836 3551 lllirantes
867 3497 1073 3553 hortata
1100 3501 1261 3565 viros,
1292 3516 1427 3571 quos
1455 3503 1565 3571 ipsa
1598 3506 1813 3572 ducatu,

590 3586 848 3656 Exemplo
876 3590 1142 3659 verboque
1171 3608 1394 3647 monens
1422 3597 1667 3650 accendit
1686 3597 1737 3650 in
1767 3598 1996 3653 hostem.

589 3679 695 3732 Sed
728 3689 1008 3748 postquam
1034 3682 1236 3738 ducens
1267 3685 1514 3754 princeps
1544 3688 1780 3741 animosa
1820 3698 2061 3743 catervas

590 3768 804 3838 Impulit
829 3771 1129 3825 accendens
1156 3784 1395 3842 vegetata
1425 3776 1696 3831 furoribus
1718 3794 1886 3845 arma,

591 3861 890 3916 Barbariem
919 3864 1163 3920 cecidere
1189 3882 1408 3933 manus;
1440 3855 1744 3924 dissolvitur
1764 3873 1939 3926 omnis

592 3956 811 4011 lIostilis
840 3959 1024 4023 virtus,
1057 3970 1111 4015 et
1130 3978 1231 4032 qua
1260 3978 1320 4017 se
1350 3964 1544 4019 femina
1576 3977 1857 4033 monSIrat,

590 4048 837 4104 Palantes
869 4051 997 4104 dant
1020 4050 1163 4122 terga
1193 4054 1311 4122 viri,
1338 4056 1703 4126 latebramque
1729 4069 1971 4129 petentes

589 4140 645 4194 Si
674 4141 872 4209 vivant,
906 4130 1099 4199 vicisse
1127 4154 1330 4213 putant.
1355 4147 1505 4203 Tunc
1534 4150 1800 4206 maximus
1828 4153 1961 4221 ipse,

588 4234 778 4289 Forma
810 4237 1086 4306 gigantaea:
1107 4239 1284 4306 junxit
1313 4256 1465 4307 quem
1495 4257 1722 4313 corpore
1744 4246 1922 4307 mulis,

589 4326 1013 4396 lmmensamque
1043 4330 1228 4384 levans
1252 4332 1501 4399 produxit
1525 4336 1736 4390 verticis
1759 4351 1959 4401 arcem,

589 4414 697 4469 Rex
728 4417 899 4471 Sisara
931 4416 1126 4487 fugam,
1157 4421 1381 4475 telorum
1416 4425 1554 4479 fasce
1575 4426 1773 4494 rejecto

588 4506 929 4563 lacomitatus
952 4511 1080 4579 agit,
1114 4521 1356 4568 metuens
1381 4517 1606 4571 sublime
1636 4520 1806 4574 notari

588 4597 815 4666 Corpus,
846 4608 900 4654 et
927 4601 1139 4657 excelsa
1170 4603 1442 4672 fugitivum
1472 4608 1699 4676 prodere
1729 4625 1919 4663 massa.

588 4686 695 4741 Sed
729 4698 1007 4758 postquam
1032 4690 1251 4747 latuisse
1277 4704 1486 4762 putans,
1516 4705 1763 4769 tectoque
1790 4710 2053 4771 receptus,

587 4777 759 4833 Mollia
792 4783 1051 4850 perpetuo
1074 4782 1276 4838 dimisit
1302 4786 1499 4841 lumina
1523 4802 1733 4856 somno,

586 4866 739 4922 Hunc
763 4856 922 4923 etiam
950 4874 1141 4927 sternit
1170 4874 1379 4941 mulier,
1414 4887 1659 4950 terraque
1678 4881 1879 4950 jacenti

584 4959 803 5017 Malleus
831 4963 993 5018 inﬁxo
1024 4967 1304 5023 transfodit
1333 4978 1569 5040 tempora
1599 4975 1771 5029 clavo.

583 5054 867 5109 Femineus
889 5055 967 5110 sic
992 5055 1082 5110 ille
1106 5056 1202 5111 fuit
1224 5073 1317 5127 per
1340 5072 1525 5118 cuncta
1554 5066 1871 5135 triumphus.

580 5148 650 5200 At
683 5155 760 5211 tu,
793 5145 941 5216 virgo
971 5147 1087 5214 Dei,
1120 5152 1319 5206 sanctis
1347 5168 1505 5222 quam
1530 5158 1769 5212 moribus
1789 5169 1982 5216 ornant

583 5240 718 5297 Ilinc
739 5241 929 5312 pudor,
954 5242 1079 5299 inde
1102 5244 1254 5313 ﬁdes,
1286 5246 1510 5304 internis
1539 5250 1727 5305 fortior
1758 5255 1924 5308 armis

578 5334 723 5389 Bella
752 5337 915 5404 geris,
942 5337 1099 5407 justis
1119 5354 1293 5395 saevus
1314 5356 1433 5410 quae
1455 5356 1753 5400 commovet
1784 5347 1954 5402 hostis

577 5425 714 5495 Spes
743 5428 834 5483 tibi
862 5429 966 5484 ﬁda
998 5431 1132 5487 foret
1159 5431 1284 5488 felix
1307 5432 1361 5487 in
1386 5436 1583 5491 vertice
1611 5439 1797 5503 cassis,

580 5517 863 5573 Contineat
891 5521 1103 5577 lumbos
1129 5524 1346 5591 pretiosi
1380 5539 1513 5579 zona
1545 5526 1784 5595 pudoris,

580 5609 808 5663 Iustitiae
834 5611 999 5667 lorica
1028 5623 1145 5669 tuos
1174 5616 1505 5686 constringat
1532 5618 1778 5683 amictus,

580 5698 685 5754 Pro
714 5698 891 5767 gladio
918 5704 1138 5759 verbum
1162 5719 1374 5774 semper
1401 5716 1609 5760 tueatur
1637 5716 1875 5761 acutum.

584 5790 925 5881 llasovirtutis
955 5810 1103 5868 opes,
1139 5797 1252 5853 haec
1277 5800 1353 5854 sic
1384 5799 1570 5856 solatia
1604 5802 1730 5859 belli

2191 4582 2247 4644 D

2277 1942 2538 1997 Paciﬁco;
2569 1944 2825 2013 quidquid
2855 1944 2957 1999 lati
2991 1947 3129 2001 inter
3154 1957 3362 2016 sceptra
3394 1948 3649 2003 Salomon

2278 2033 2574 2087 Obscurum
2599 2049 2758 2088 sensu
2792 2050 2885 2104 per
2913 2036 3056 2090 clara
3094 2036 3373 2106 proverbia
3403 2037 3535 2091 dixit
3560 2054 3573 2090 :

2276 2124 2536 2192 Quodque
2558 2126 2639 2179 bis
2659 2127 2837 2181 octoni
2873 2137 2991 2196 post
3017 2144 3075 2183 se
3096 2129 3274 2184 videre
3306 2129 3597 2198 prophetae,

2277 2217 2431 2286 Quod
2459 2219 2697 2273 clausum
2729 2220 2831 2275 Job
2857 2221 3000 2275 mitis
3023 2222 3097 2276 ait
3125 2237 3247 2276 cum
3279 2222 3499 2278 vulnere
3519 2229 3727 2292 aperto.

2282 2312 2477 2368 Esther
2507 2312 2631 2383 quid
2660 2328 2976 2383 memorem,
3010 2326 3063 2369 et
3094 2322 3255 2371 casta:
3276 2314 3550 2371 mendacia
3578 2313 3782 2381 Iudith,

2278 2404 2465 2457 Ornati
2489 2418 2607 2457 cum
2648 2402 2834 2459 fraude
2860 2416 3068 2475 satraps
3097 2408 3410 2463 accenditur
3434 2410 3563 2473 Oris,

2276 2495 2411 2549 Cum
2442 2505 2583 2548 meat
2613 2495 2841 2550 illudens
2870 2498 3159 2552 obscenum
3193 2498 3386 2553 femina
3408 2500 3639 2563 lectum,

2279 2587 2612 2657 Desectoque
2642 2586 2782 2641 feros
2800 2590 3092 2657 compescit
3115 2589 3315 2645 vertice
3334 2588 3520 2643 visus?

2277 2675 2429 2747 Quod
2458 2683 2647 2737 melius
2671 2698 2897 2737 cernens
2927 2694 3128 2739 caecato
3155 2684 3207 2739 in
3233 2700 3461 2755 corpore
3486 2684 3642 2753 Tobi,

2276 2775 2405 2842 Quae
2444 2786 2647 2831 secreta
2672 2778 2858 2833 videns
2885 2780 3197 2850 perscripsit
3225 2780 3472 2836 conditor
3497 2780 3714 2836 Esdras.

2276 2868 2539 2936 Quidquid
2569 2880 2689 2939 post
2719 2874 2948 2941 priscam
2980 2873 3277 2929 succedens
3302 2875 3472 2943 gratia
3504 2874 3677 2945 legem

2278 2957 2507 3025 Intonat,
2533 2972 2694 3031 atque
2716 2963 2847 3017 Novi
2871 2964 3126 3019 miracula
3148 2964 3479 3021 Testamettti

2280 3050 2410 3105 Ilinc
2444 3052 2675 3109 hominis
2700 3056 2895 3110 clamat
2922 3057 3106 3123 facies,
3137 3074 3232 3113 vos
3254 3059 3376 3113 inde
3408 3059 3610 3128 leonis,

2278 3140 2346 3196 Et
2374 3146 2560 3212 pernix
2588 3147 2785 3215 aquila,
2807 3156 2864 3201 et
2890 3147 3044 3203 fortis
3070 3150 3372 3204 certamine
3405 3160 3607 3203 taurus.

2198 3205 2244 3268 Ο
2278 3205 2405 3289 Inde
2428 3247 2615 3305 quater
2639 3205 2778 3292 terni
2818 3239 2962 3309 puris
2992 3240 3134 3309 quod
3167 3241 3434 3297 mentibus
3458 3241 3577 3311 agni

2277 3329 2508 3397 Egerunt
2537 3339 2645 3384 toto
2671 3340 2987 3400 spargentes
3017 3334 3222 3387 sentina
3249 3334 3468 3389 mundo.

2276 3419 2365 3473 Bis
2389 3433 2609 3489 septena
2638 3423 2706 3491 pii
2738 3423 2877 3491 quod
2913 3425 3113 3493 spargit
3137 3425 3361 3493 epistola
3396 3425 3565 3489 Pauli,

2273 3512 2431 3579 Quod
2469 3514 2658 3568 Petrus
2681 3514 3017 3585 Jacobusque
3047 3516 3263 3583 docent,
3286 3517 3426 3587 quod
3453 3517 3637 3586 Iudas,
3672 3531 3725 3573 et
3749 3518 3848 3587 ipse

2273 3604 2374 3671 Qui
2396 3616 2679 3673 conspecta
2711 3607 2874 3661 refert
2903 3608 3022 3663 εωιὶ
3044 3620 3249 3663 secreta
3280 3609 3533 3665 Joannes.

2274 3696 2412 3763 Quin
2441 3706 2494 3750 et
2523 3697 2741 3752 veridici
2773 3714 2889 3768 qua:
2919 3699 3149 3767 plurima
3176 3708 3492 3756 tractatores

2273 3787 2582 3855 Exposnere
2610 3788 2719 3842 suis
2748 3791 3000 3858 mysteria
3025 3790 3182 3860 digna
3213 3791 3408 3845 libellis
3428 3834 3442 3856 ,

2274 3876 2401 3932 Haec
2432 3886 2483 3931 tu
2515 3888 2704 3933 cuncta
2737 3889 2924 3934 tenens
2945 3882 3124 3935 animo
3154 3881 3375 3937 sitiente
3401 3882 3598 3937 bibisti.

2272 3967 2380 4023 Nec
2409 3969 2453 4023 si
2482 3970 2605 4039 quid
2633 3984 2843 4024 sacrum
2873 3974 3039 4027 nostri
3067 3975 3313 4028 cecinere
3346 3983 3518 4042 poeta:

2271 4060 2349 4116 Te
2378 4063 2525 4127 latet,
2556 4064 2871 4132 agnostique
2898 4065 3103 4135 legens,
3137 4075 3191 4120 et
3221 4065 3434 4120 condita
3467 4081 3679 4133 servas,

2270 4156 2443 4224 Atque
2469 4138 2641 4209 aliena
2671 4165 2760 4210 tuo
2787 4158 3131 4212 commendas
3150 4158 3384 4211 carmina
3410 4168 3593 4224 cantu,

2222 4268 2231 4277 ·
2270 4248 2406 4316 Quid
2438 4257 2608 4301 totum
2640 4249 2936 4318 replicem‘i
2958 4248 3035 4302 'I‘u
3064 4248 3309 4303 sensibus
3336 4260 3486 4303 utere
3515 4248 3729 4314 doctis,

2270 4344 2473 4411 thuze
2496 4351 2620 4396 nota
2649 4342 2765 4406 tibi,
2796 4342 2876 4396 vel
2897 4356 3015 4411 qua:
3046 4357 3298 4412 percursa
3332 4342 3590 4411 legendo,

2271 4437 2349 4491 A'd
2372 4438 2586 4491 virtutis
2604 4452 2738 4506 Opus
2768 4435 2947 4489 studio
2966 4444 3217 4501 converte
3250 4434 3409 4488 virili.

2271 4529 2401 4586 Nam
2431 4532 2528 4584 nisi
2558 4529 2816 4584 doctrinae
2843 4529 3098 4598 jungatur
3131 4527 3236 4581 vita
3272 4526 3444 4581 ﬁdelis
3473 4568 3491 4594 ,

2266 4624 2498 4694 Agnosci
2528 4623 2741 4693 gravius
2768 4638 2872 4675 non
2905 4620 3242 4691 observanda
3276 4620 3511 4673 nombit.

2342 4718 2544 4772 Esuriit
2571 4726 2852 4785 postquam
2881 4714 3161 4778 Dominus,
3198 4730 3318 4768 cum
3342 4714 3482 4769 forte
3511 4714 3678 4768 vianti

2266 4810 2610 4879 Conspicitur
2635 4807 2825 4862 diﬁ‘usa
2872 4808 2973 4862 levi
3010 4807 3235 4862 ﬁculnea
3269 4806 3490 4870 fronde,

2265 4902 2375 4957 Nec
2400 4902 2511 4970 jam
2542 4910 2807 4955 maturum
2844 4899 3095 4969 prtedicta
3126 4914 3193 4953 ex
3226 4899 3418 4953 arbore
3441 4898 3673 4952 fructum

2266 4994 2501 5062 Carpere
2530 5002 2739 5069 tempus
2760 5002 2897 5059 erat,
2926 5009 3085 5064 quam
3117 5008 3239 5047 mox
3273 5002 3329 5046 ttt
3356 4991 3595 5062 repperit
3616 4991 3713 5045 ille

2269 5085 2510 5139 lndutam
2539 5074 2741 5138 tantum
2769 5084 2929 5150 foliis,
2961 5086 3054 5141 sed
3081 5086 3320 5154 germine
3352 5084 3566 5147 nudam,

2271 5175 2499 5230 Prorsus
2528 5176 2684 5230 inane
2707 5176 2882 5231 virens
2911 5186 3131 5231 ornatus
3161 5177 3362 5232 inutilis
3385 5176 3598 5238 horret;

2269 5266 2577 5322 Percutitur
2605 5267 2779 5322 subito
2807 5268 2958 5321 radix
2984 5268 3159 5323 afﬁata
3181 5268 3386 5334 calore,

2271 5359 2428 5413 Aruit
2446 5368 2502 5414 et
2529 5359 2700 5427 posito
2730 5373 3000 5413 ramorum
3031 5362 3266 5428 tegmine
3291 5370 3531 5415 truncus.

2272 5449 2590 5505 Instruimur
2613 5449 2704 5504 tali
2732 5451 2903 5520 legem
2931 5466 3257 5521 cognoscere
3281 5452 3455 5521 signo,

2270 5539 2348 5595 Ne
2372 5540 2570 5595 Christi
2598 5541 2815 5610 famulo,
2844 5542 2961 5595 solo
2987 5558 3234 5598 sermone
3266 5543 3483 5606 fatenti,

2269 5631 2496 5686 Nomine
2519 5631 2766 5687 confesso
2795 5632 3247 5703 vivensoperatio
3263 5633 3420 5688 desit.

2269 5720 2401 5774 Nam
2431 5722 2474 5775 si
2505 5719 2854 5777 Christicolas
2882 5732 3093 5779 nosmet
3112 5733 3431 5793 sanctosque
3450 5732 3755 5791 putamus,

2274 5816 2539 5881 Aggravat
2568 5814 2668 5869 hoc
2694 5817 2877 5881 etiam,
2914 5817 2965 5870 ni
2999 5816 3198 5871 dictum
3226 5817 3361 5870 facta
3391 5820 3713 5885 sequantur.
