4124 6350
294 436 393 493 377
1539 402 1909 464 pomum
1948 398 2146 455 LIBER
2192 401 2276 454 vr.
2820 456 2831 465 ,
3441 394 3543 449 ὅτε

1862 530 1865 533 ’
1894 517 1946 577 Δ
1977 519 2309 589 Venalesque
2334 534 2519 573 manus
2545 536 2558 583 ;
2580 518 2673 573 sed
2702 517 2825 570 dum
2848 514 3170 577 disceditur,
3193 526 3319 566 ecce

1971 614 2177 668 Introiit
2203 627 2429 681 sponsus
2457 610 2767 674 thalamum,
2796 606 3106 675 induxitque
3136 611 3361 673 paratas,

1970 711 2144 777 Atque
2167 720 2329 773 vagas
2350 704 2598 773 linquens
2630 702 2855 757 exclusit
2881 710 3031 770 porta
3060 712 3292 752 sorores.

1970 801 2156 858 Cernis
2176 799 2397 869 virginei
2430 807 2610 868 pereat
2638 795 2777 866 quod
2795 809 2989 849 nomen
3023 791 3261 859 honoris,

1969 894 2034 950 Ni
2063 894 2230 949 fertur
2247 899 2465 945 sanctus
2490 888 2740 944 thalamis
2767 884 3077 941 caelestibus
3104 882 3261 951 ignis.

1970 986 2128 1042 Felix
2156 984 2243 1039 illa
2266 997 2486 1045 manus,
2520 979 2680 1049 largis
2708 991 2830 1047 quae.
2859 974 3077 1046 provida
3103 972 3259 1028 donis

1972 1084 2269 1138 Accensum
2298 1092 2428 1146 pura
2461 1074 2587 1128 fovit
2615 1071 2936 1142 pinguedine
2967 1068 3168 1123 lumen.

1972 1176 2200 1230 Tantum
2229 1184 2458 1238 namque
2482 1168 2582 1222 olei
2610 1165 2749 1220 vasis
2777 1162 3087 1219 diffunditur
3116 1158 3328 1227 amplis,

1971 1270 2240 1334 Quantum
2273 1261 2511 1331 poscenti
2534 1260 2796 1314 miserans
2815 1254 3263 1325 porrexitegeno.
3348 1274 3355 1289 ι

1975 1358 2107 1414 Ilinc
2133 1355 2389 1411 Dominus
2423 1352 2614 1423 palmis
2645 1348 2892 1404 ardentes
2919 1345 3061 1400 ferre
3088 1342 3335 1397 lucernas

1972 1449 2239 1505 Admonet
2269 1463 2281 1498 :
2309 1444 2413 1499 hoc
2441 1456 2573 1512 opus
2594 1452 2697 1507 est,
2733 1439 2847 1494 haec
2870 1438 3027 1492 clara:
3053 1434 3219 1503 gloria
3249 1429 3391 1485 vitae.

1974 1542 2234 1608 Suppetat
2260 1550 2387 1603 ergo
2416 1533 2510 1587 tibi
2533 1532 2720 1600 pietas,
2746 1528 2999 1599 patientia
3020 1569 3035 1593 ,
3064 1526 3262 1590 virtus,

1977 1629 2083 1686 Sed
2108 1629 2275 1683 virtus
2296 1624 2489 1688 animi;
2518 1622 2730 1691 fragiles
2757 1635 2880 1674 nam
2906 1632 3067 1673 carne
3098 1614 3302 1684 puellas

1976 1719 2203 1775 Protulit
2228 1716 2492 1771 interdum
2521 1714 2661 1768 coelo
2684 1710 2982 1767 constantia
3007 1709 3225 1763 mentis.

2052 1808 2303 1879 Eugeniae
2333 1805 2531 1860 dudum
2562 1810 2675 1857 toto
2693 1798 3047 1855 celeberrima
3070 1793 3268 1849 mundo

1905 1891 1955 1951 Β
1984 1903 2145 1960 Fama
2170 1900 2287 1963 fuit,
2315 1898 2440 1954 dum
2463 1896 2553 1950 dat
2575 1893 2771 1950 Christi
2804 1906 2900 1962 pro
2930 1890 3144 1946 nomine
3168 1886 3350 1942 vitam.

1985 1999 2124 2051 Ante
2140 2005 2316 2048 tamen
2340 1989 2533 2045 mulier
2567 1988 2729 2042 fortes
2757 1985 3017 2056 processit
3045 1982 3100 2037 in
3128 1989 3308 2047 actus,

1982 2086 2117 2140 Cum
2147 2083 2378 2152 stipante
2404 2080 2572 2134 choro
2602 2084 2909 2131 sanctorum
2943 2072 3097 2127 fieret
3123 2069 3286 2125 abbas
3307 2108 3320 2132 ,

1982 2178 2159 2245 Atque
2187 2181 2391 2243 patrem
2420 2170 2695 2239 complens
2720 2166 2920 2221 celaret
2950 2162 3184 2232 tegmine
3213 2169 3456 2215 matrem.

1983 2270 2089 2327 Sed
2105 2276 2384 2339 postquam
2411 2270 2597 2317 sancto
2626 2259 2835 2315 cunctis
2858 2254 3149 2327 perclaruit
3176 2267 3272 2307 ore
3289 2292 3304 2314 ,

1984 2361 2051 2415 Et
2078 2357 2281 2414 meritis
2307 2354 2569 2423 annisque
2593 2365 2813 2421 graves,
2836 2348 3099 2417 longaque
3117 2340 3378 2405 verendos

1984 2452 2282 2522 Relligione
2308 2464 2464 2506 senes
2484 2446 2706 2517 juvenili
2735 2443 2873 2499 rexit
2895 2442 2948 2495 iu
2979 2454 3127 2503 :evo;

1986 2544 2271 2614 Impatiens
2292 2541 2444 2606 recti,
2474 2548 2586 2593 toto
2608 2537 2699 2605 qui
2726 2542 2967 2602 tempore
2988 2542 3213 2600 serpens

1985 2613 2130 2695 Mille
2160 2633 2387 2691 nocendi
2411 2638 2577 2695 artes,
2610 2625 2945 2695 stimulisque
2972 2621 3266 2676 inflammat
3290 2613 3486 2669 amoris

1986 2734 2103 2802 Quo
2132 2731 2323 2785 famam
2346 2726 2548 2781 violare
2577 2720 2755 2791 cupit,
2788 2716 2936 2773 dedit
2960 2713 3085 2769 inde
3104 2722 3379 2766 coronam.

1985 2825 2299 2881 Commovet
2332 2822 2519 2873 insano
2549 2815 2635 2885 qui
2662 2814 2825 2881 fingat
2845 2821 3028 2863 amore
3056 2803 3248 2874 puellae

1988 2916 2217 2972 Accendi
2248 2909 2562 2981 Eugeniam,
2595 2914 2852 2973 m0tuque
2873 2898 3063 2955 ardere
3088 2894 3247 2951 virili.

1988 3009 2169 3064 Turba
2190 3019 2378 3061 senum
2410 3000 2619 3056 turbata
2644 2997 2770 3063 coit,
2796 2992 2937 3065 quod
2957 2990 3181 3047 crimine
3209 2994 3355 3041 tauto

1989 3100 2121 3154 Tam
2145 3096 2368 3166 rigidam
2402 3106 2571 3161 nuper
2600 3088 2863 3159 potuisset
2892 3084 3102 3138 solvere
3122 3080 3285 3134 vitam

1996 3194 2144 3249 Meus
2173 3190 2379 3259 dejecta
2411 3185 2537 3251 viri,
2560 3183 2878 3259 viduataque
2893 3177 3124 3249 praesule
3146 3187 3356 3229 summo

1919 3253 1970 3318 θ
2000 3285 2081 3341 Nil
2106 3298 2211 3338 non
2238 3253 2400 3351 posse
2424 3278 2572 3333 dolet
2590 3253 2822 3329 titubans
2843 3267 3098 3339 perfectio
3117 3278 3355 3320 carnem.

2000 3375 2222 3430 Ducitur
2246 3373 2346 3426 iste
2377 3369 2491 3422 foro
2516 3364 2747 3434 juvenis,
2774 3372 3080 3427 szevumque
3109 3352 3339 3409 tribunal

2003 3469 2170 3525 Intrat
2198 3464 2370 3519 adhttc
2402 3456 2732 3519 monachus;
2757 3451 2921 3506 vincit
2950 3445 3237 3504 concordia
3262 3439 3461 3498 fraudis
3478 3477 3496 3504 ,

2002 3562 2071 3618 Et
2094 3561 2203 3631 jam
2233 3558 2449 3626 jamque
2476 3563 2623 3606 reum
2653 3544 2848 3601 secreti
2878 3543 3057 3612 ignara
3081 3536 3296 3592 tenebat

2002 3627 2218 3709 Publica
2240 3647 2342 3712 vis,
2371 3644 2496 3698 odio
2528 3647 2731 3695 tantum
2761 3633 3027 3688 flammata
3053 3627 3292 3683 sinistro.

2002 3742 2233 3801 Conscia
2256 3749 2365 3795 tum
2393 3750 2550 3792 sexus
2580 3728 2803 3802 proprii,
2832 3724 3114 3792 cordisque
3144 3716 3343 3790 pudici,

2006 3836 2247 3894 Vincitur
2276 3842 2330 3886 ut
2362 3830 2541 3884 vincat
2567 3825 2676 3895 jam
2703 3820 2937 3892 prodens
2962 3813 3160 3870 femina
3182 3809 3455 3874 fraudem,

2004 3925 2261 3997 Quamvis
2281 3921 2518 3977 exterius
2539 3929 2755 3973 carnem
2777 3908 3048 3979 compulsa
3076 3904 3252 3969 fateri,

2005 4018 2268 4077 Interiore
2299 4026 2479 4070 tamen
2502 4016 2713 4065 servato
2733 4008 3014 4075 permanet
3036 3998 3193 4052 heros

2007 4114 2234 4180 Semper
2259 4116 2368 4162 tuta
2384 4106 2482 4160 fuit
2510 4100 2641 4171 casti
2665 4094 2902 4153 custodia
2924 4090 3064 4153 voti,

2008 4170 2313 4272 Quamlibet
2337 4170 2613 4264 impugnet
2638 4185 2821 4242 miseri
2845 4183 2988 4237 fraus
3008 4175 3198 4232 callida
3216 4170 3394 4227 mundi
3422 4208 3438 4234 ,

2014 4268 2385 4358 Cxtendatque
2412 4284 2551 4341 dolis
2573 4281 2815 4350 laqueos,
2837 4268 3119 4327 mendacia
3140 4270 3334 4325 nectat,

2010 4390 2128 4446 Non
2158 4384 2304 4440 venit
2332 4380 2400 4436 ad
2424 4390 2646 4449 pronam
2678 4385 2831 4427 mens
2851 4364 3021 4435 culpae
3040 4362 3222 4431 ignara
3249 4354 3477 4410 ruinam.

290 552 381 608 Sic
402 560 456 605 et
478 547 753 617 virginitas
773 554 927 597 sacro
953 539 1144 593 devota
1176 531 1397 603 pudori,

293 642 493 711 ludiget
515 636 778 707 adjunctis
798 629 1081 687 virtutibus
1104 643 1118 691 ;
1149 633 1202 679 et
1222 622 1322 677 nisi
1350 626 1583 674 mentem

294 737 545 791 Intactum
572 741 793 785 servans
816 734 961 779 casto
990 735 1109 776 cum
1131 728 1359 785 corpore
1380 713 1588 781 jungat,

296 822 608 887 Succumbit
631 820 801 883 vitiis;
835 830 932 871 nec
957 823 1155 869 castam
1177 807 1360 862 dicere
1381 814 1599 858 carnem

290 920 419 973 Jure
450 920 653 986 potest,
681 911 891 966 animus
918 921 1075 977 quam
1106 902 1182 956 sic
1209 894 1505 964 corrumpit
1527 890 1755 946 adulter.

293 1010 397 1075 Ira,
433 1008 597 1070 furor,
632 1018 850 1067 mceror,
879 1000 1035 1063 livor,
1059 991 1347 1053 discordia,
1372 989 1553 1049 luxus,

294 1074 496 1168 Lingua
523 1095 742 1165 duplex,
770 1090 1053 1147 constricta
1084 1097 1293 1146 manus,
1328 1080 1499 1134 laxata
1526 1074 1793 1143 voluptas,

290 1196 623 1252 Mmcbantur
650 1206 771 1247 cum
799 1189 960 1244 corde
996 1184 1246 1248 hominis,
1274 1190 1384 1235 tum
1405 1177 1615 1233 semine
1642 1171 1831 1229 mortis

290 1288 454 1343 Fetus
483 1284 670 1340 mortis
698 1283 867 1337 alunt.
908 1279 987 1334 En
1013 1292 1121 1347 quo
1150 1272 1457 1345 perducitur
1486 1266 1685 1332 omnis,

290 1380 519 1435 Nomine
540 1377 783 1445 virgineo
811 1388 931 1443 qua:
952 1386 1011 1425 se
1034 1370 1161 1423 dum
1182 1365 1409 1436 jactitat,
1445 1363 1585 1415 intus

290 1470 613 1527 Criminibus
629 1465 902 1538 gravidam
922 1463 1091 1518 nescit
1113 1468 1417 1527 turgescere
1443 1458 1697 1506 mentem.

295 1565 433 1619 Ecce
464 1564 557 1617 tibi
588 1578 618 1616 e
648 1558 829 1614 multis
861 1571 1042 1622 unum,
1076 1568 1181 1622 quo
1209 1557 1402 1603 caetera
1426 1558 1646 1607 noscas,

294 1656 628 1724 Exemplum.
653 1650 908 1706 Dominus
939 1646 1146 1716 plebem
1177 1656 1297 1695 cum
1324 1639 1461 1692 forte
1482 1636 1698 1689 doceret

294 1748 543 1818 Pervigili
575 1761 701 1801 cura
722 1756 1043 1811 supremum
1067 1750 1289 1792 noscere
1319 1743 1549 1799 tempus,

296 1842 623 1909 Exspectare
653 1836 794 1890 diem
830 1846 936 1902 quo
965 1830 1121 1898 iudex
1148 1826 1390 1880 imminet
1411 1820 1552 1882 orbi,

297 1930 605 2001 Virginibus
625 1935 811 1981 sancto
836 1924 1073 1992 signatos
1103 1917 1392 1972 chrismate
1414 1909 1639 1974 confert,

296 2026 514 2094 Hasque
539 2022 726 2077 decem
761 2017 918 2073 nobis
945 2010 1250 2070 documenti
1279 2009 1330 2062 in
1364 2006 1562 2060 vertice
1590 2005 1878 2063 monstrat,

295 2104 531 2187 Quarum
552 2116 785 2185 quinque
807 2122 985 2166 tamen
1014 2105 1271 2175 sapientia
1299 2100 1449 2155 dives
1476 2096 1732 2159 adornat,

294 2211 393 2265 Ast
417 2207 539 2289 aliis
563 2205 816 2260 stolidqu
848 2198 1070 2255 lentavit
1097 2194 1287 2250 inertia
1319 2204 1556 2246 sensum.

293 2283 510 2371 Sepias
540 2297 737 2368 pariter
764 2291 975 2361 requies
997 2283 1369 2355 complectitur
1394 2293 1520 2344 una,

294 2395 472 2463 Atque
492 2390 709 2443 obitum.
727 2387 940 2454 signans
962 2378 1228 2449 depressit
1257 2373 1455 2429 lumina
1486 2380 1729 2422 somnus.

295 2460 608 2541 Transierat
638 2479 870 2535 medium
898 2475 986 2529 vix
1016 2473 1151 2527 forte
1180 2467 1396 2540 quietis,
1422 2473 1475 2519 et
1504 2460 1634 2516 illud

293 2578 536 2645 Tempus
556 2581 671 2628 erat
693 2568 887 2634 noctis,
920 2580 1027 2637 quo
1052 2562 1296 2619 Christus
1322 2571 1487 2614 carne
1510 2558 1746 2621 recepta.

296 2669 556 2738 Fregerat
595 2664 915 2726 obstructas,
941 2663 1196 2727 perrupto
1222 2651 1442 2707 cardine
1473 2646 1623 2713 lethi,

295 2764 418 2818 Jam
448 2769 649 2830 portas,
677 2755 906 2818 inferne,
936 2762 1075 2816 tuas,
1106 2752 1395 2818 spretoque
1420 2739 1668 2809 sepulcro

298 2853 535 2910 Devictis
563 2852 682 2906 lana
706 2845 975 2903 remeabat
1012 2843 1130 2898 luce
1153 2835 1411 2894 tenebris.

298 2945 640 3015 Perstrepuit
669 2941 876 2997 subitus
907 2934 1207 3006 rumpitque
1237 2928 1448 2984 silentia
1471 2925 1698 2989 clamor,

297 3040 547 3098 Tandem
575 3050 803 3107 sponsus
832 3033 1005 3097 adest,
1039 3036 1330 3083 nocturnus
1352 3033 1582 3088 corpore
1604 3025 1789 3083 torpor

300 3132 599 3207 Abscedat,
632 3125 833 3199 sapidze
857 3122 1047 3200 raptim
1072 3123 1357 3189 properate
1387 3110 1601 3182 puellae.

300 3202 560 3283 Protinus
586 3219 843 3278 exsiliunt
870 3228 1057 3269 omnes
1078 3252 1091 3276 ,
1116 3209 1405 3277 stratisque
1433 3202 1655 3263 relictis.

299 3321 576 3389 Aptavere
595 3326 719 3367 suas
739 3306 964 3379 quaesito
985 3301 1183 3357 lumine
1198 3298 1460 3352 flammas.

298 3384 462 3467 Tunc
488 3407 583 3464 sed
610 3405 862 3476 quinque,
887 3396 1076 3469 quibus
1102 3391 1249 3448 cordi
1273 3387 1489 3444 solertia
1514 3384 1708 3454 major.

297 3502 569 3575 Quamvis
593 3474 867 3557 festinant,
894 3491 1068 3547 oleum
1099 3497 1277 3543 tamen
1299 3480 1499 3536 addere
1518 3474 1747 3546 sumptis

297 3594 627 3655 Sollicitudo
655 3589 751 3644 fuit
777 3587 917 3641 vasis
942 3629 955 3652 ,
987 3579 1278 3654 pinguique
1310 3576 1517 3646 liquore

299 3690 529 3761 Ignibus
557 3682 777 3739 armatis
797 3676 1130 3749 squalentem
1161 3682 1412 3737 rumpere
1442 3675 1676 3720 noctem.

297 3789 377 3843 At
396 3798 523 3856 qua:
549 3779 851 3850 neglectum
872 3771 1025 3842 liquit
1048 3781 1169 3839 pars
1198 3765 1367 3818 altera
1393 3773 1611 3815 succum
1628 3798 1643 3824 ,

296 3851 541 3935 Sumens
570 3871 927 3939 flammigeras
952 3862 1308 3933 nequicquam
1331 3853 1545 3913 sustulit
1565 3851 1765 3906 hastas.

297 3970 520 4026 Emicat
546 3965 772 4035 exiguus
799 3956 1053 4015 commoti
1077 3953 1297 4010 luminis
1328 3948 1463 4020 ignis
1482 3989 1497 4012 ,

297 4063 417 4121 Sed
449 4061 648 4116 virtute
668 4068 858 4111 carens
886 4053 1229 4120 languentem
1270 4040 1511 4110 lampada
1545 4036 1721 4090 fervor

297 4152 556 4218 Deserit,
584 4159 641 4207 et
666 4149 861 4203 siccam
889 4138 1155 4215 percurrit
1180 4136 1395 4190 ﬂamma
1423 4140 1683 4201 papyrum
1706 4165 1721 4189 ,

297 4254 491 4320 Atque
518 4247 658 4301 inter
684 4240 823 4314 picei
851 4235 1107 4294 nebulosa
1135 4225 1409 4286 volumina
1439 4223 1569 4279 fumi

298 4319 625 4401 Vanescunt
653 4339 803 4410 pigra
832 4337 1139 4391 crescentes
1163 4324 1303 4380 mole
1329 4319 1543 4376 favillae.

300 4438 377 4495 Ut
400 4450 527 4493 sese
548 4431 795 4501 indignas
826 4426 916 4482 tali
936 4424 1116 4479 videre
1142 4424 1361 4490 paratu,

297 4531 618 4587 Occurrant
641 4535 843 4594 sponso
872 4533 993 4589 quae
1013 4513 1258 4571 cominus
1280 4502 1607 4567 advenienti,

297 4621 496 4679 Tarda
526 4624 707 4674 movet
725 4612 885 4669 lentis
914 4604 1281 4681 pudibundum
1310 4612 1441 4656 cura
1465 4595 1731 4655 laborem.

296 4721 451 4788 Quae
479 4728 641 4787 prece
668 4709 933 4767 submissa
962 4702 1141 4761 stultis
1170 4708 1282 4755 tum
1307 4694 1527 4751 vocibus
1549 4696 1726 4753 orant,

297 4787 381 4869 Ut
412 4816 661 4881 porrecta
686 4815 876 4857 manus
902 4804 1179 4868 torpentes
1201 4788 1423 4847 suscitet
1452 4787 1625 4855 ignes,

296 4875 535 4957 Dividat
555 4905 610 4954 et
631 4892 907 4966 proprium
939 4883 1199 4957 sapientia
1226 4878 1441 4951 pinguis
1471 4875 1693 4931 olivum.

298 4991 674 5064 Respondent
703 4986 900 5058 pariter
941 4982 1031 5037 tali
1054 4990 1306 5035 sermone
1333 4986 1550 5030 sorores
1577 4987 1593 5023 :

296 5093 406 5147 Est
438 5083 745 5144 miseranda
775 5078 990 5152 quidem
1014 5083 1319 5131 vestrorum
1341 5081 1507 5125 causa
1537 5063 1802 5119 malorum
1820 5100 1838 5128 ,

296 5182 423 5239 Sed
452 5189 643 5241 tamen
672 5176 758 5230 hic
783 5174 959 5228 oleum
978 5183 1082 5224 non
1109 5166 1229 5237 plus
1266 5176 1423 5233 quam
1454 5155 1654 5214 sufficit
1682 5152 1843 5208 affert

298 5270 710 5343 Unusquisque
739 5266 864 5328 sibi,
892 5268 1100 5319 constat
1120 5255 1244 5327 quia
1274 5252 1425 5323 copia
1451 5250 1595 5304 vasis
1614 5289 1629 5311 ,

302 5370 377 5422 Et
412 5362 659 5435 perfecta
685 5358 840 5413 suum
865 5362 1044 5411 servat
1065 5362 1313 5404 mensura
1340 5344 1625 5413 liquorem.

298 5460 432 5517 Nec
472 5455 551 5510 fas
571 5452 851 5524 quasitum
875 5445 1055 5517 partiri
1075 5449 1167 5498 aut
1193 5438 1420 5509 perdere
1444 5445 1663 5487 succum
1691 5469 1707 5495 ,

298 5554 394 5610 Nc
420 5549 674 5617 dispersa
703 5543 848 5597 cavis
867 5536 1046 5593 desint
1065 5533 1299 5587 fomenta
1332 5524 1571 5581 lucernis
1590 5566 1606 5592 ,

299 5613 577 5712 Cumque
605 5641 809 5694 lucrum
832 5631 980 5688 vobis
1009 5624 1285 5697 dispendia
1315 5627 1495 5675 nostra
1525 5613 1818 5685 parabunt,

299 5746 471 5801 Tota
492 5708 658 5793 simul
686 5729 843 5787 fessis
865 5729 1169 5794 torpescant
1196 5717 1399 5797 lumina
1428 5708 1689 5767 flammis.

299 5831 560 5893 Talibus
586 5825 813 5893 abjecta:
838 5792 1009 5883 dictis,
1039 5813 1281 5880 tristique
1308 5792 1523 5875 repulsa
1558 5842 1573 5865 ,

307 5924 680 5995 Perlustrant
698 5924 1013 5993 quocunque
1034 5907 1134 5965 loci
1165 5897 1487 5962 commercia
1517 5896 1747 5957 fervent,

2013 4484 2266 4551 Quosque
2295 4474 2529 4531 fremens
2551 4467 2721 4523 hostis
2748 4459 2921 4517 fallaci
2951 4455 3172 4511 tribulat
3191 4455 3339 4514 astu,

2016 4544 2331 4646 Durgandos
2354 4575 2540 4622 sancto
2570 4556 2823 4631 patientia
2858 4549 3076 4607 discutit
3108 4544 3236 4614 igni.

2065 4628 2932 4729 Ve‘ltdideratquondamjuvenem
2950 4653 3138 4697 manus
3150 4628 3592 4696 :emulafratrum,

2015 4764 2084 4819 Et
2111 4758 2361 4816 famulum
2386 4727 2586 4821 Joseph
2614 4746 2769 4803 tellus
2800 4730 3103 4807 Memphitis
3126 4727 3382 4821 habebat,

2019 4816 2247 4912 Dertulit
2270 4851 2358 4904 ille
2380 4816 2595 4915 quidem
2627 4836 2921 4895 dominum,
2954 4841 3073 4881 cum
3104 4820 3328 4878 crimine
3357 4816 3493 4870 falso

2022 4949 2295 5007 Coufictus
2320 4940 2553 4998 voluisse
2577 4935 2725 4989 nefas
2744 4974 2758 4996 ,
2782 4924 2923 4997 quod
2948 4922 3099 4976 triste
3121 4914 3350 4984 refugit,

2024 5039 2292 5101 Sustinuit
2322 5035 2557 5090 tolerans
2584 5020 2873 5095 ergastula,
2904 5014 3100 5075 vincla,
3128 5018 3382 5067 catenas,

2026 5141 2162 5194 Dum
2187 5131 2415 5205 spatium
2437 5122 2702 5193 replicans
2724 5113 2966 5186 geminos
2997 5107 3077 5161 sol
3101 5106 3351 5174 junxerat
3372 5103 3564 5147 annos.

2027 5192 2235 5285 Oblitus
2260 5223 2370 5292 jam
2399 5192 2534 5272 lucis
2563 5218 2699 5274 erat,
2726 5208 2832 5276 jam
2860 5201 3009 5257 crine
3039 5192 3221 5249 fluenti

2028 5287 2276 5376 Nutritus
2300 5311 2473 5367 macie
2497 5301 2745 5371 tangebat
2767 5309 2911 5363 terga
2932 5287 3176 5356 capillus.

2028 5411 2135 5469 Sed
2156 5410 2436 5475 vegetante
2460 5399 2570 5451 Deo
2596 5405 2746 5447 mens
2775 5385 2934 5441 nullis
2956 5381 3131 5434 clausa
3162 5363 3394 5423 tenebris

3133 5464 3165 5475 -.
3222 5474 3225 5475 ν
3263 5454 3386 5475 μ--.

2037 5454 2303 5559 Ρτωνὶιῖει
2340 5504 2592 5550 arcanum
2626 5477 2879 5555 quidquid
2913 5480 3037 5544 post
3064 5464 3238 5522 exitus
3263 5454 3466 5523 implet.

2034 5596 2276 5664 Denique
2310 5587 2568 5659 producto
2589 5575 2832 5634 certatim
2856 5566 3025 5637 gloria
3060 5559 3258 5617 fertur,

2034 5692 2151 5747 Non
2182 5646 2382 5741 tamdiu
2413 5677 2599 5737 venia;
2623 5678 2677 5724 et
2706 5661 2952 5735 precibus
2981 5664 3103 5708 tunc
3133 5648 3248 5714 ipse
3272 5646 3510 5709 rogatus,

2036 5786 2106 5841 Ut
2127 5781 2371 5837 diadema
2400 5772 2573 5826 libens
2593 5759 2833 5831 captivos
2864 5754 2916 5807 in
2939 5745 3139 5803 vertice
3161 5743 3364 5820 sumat,

2041 5873 2297 5934 Exsilium
2324 5877 2488 5933 regno
2509 5858 2838 5913 commutat,
2866 5838 3106 5914 principe
3133 5838 3368 5887 servum.
