4124 6350
494 384 603 445 379

496 497 722 555 Przemia
745 497 938 552 servati
965 493 1141 549 cordis
1166 493 1243 544 Sic
1270 489 1497 557 percipit
1530 488 1651 543 istc.

566 594 865 648 Susannam
894 595 1012 657 post
1036 587 1180 639 hunc'
1206 584 1379 652 dignis
1407 584 1526 651 quis
1558 583 1803 637 laudibus
1831 596 2060 649 unquam
2100 585 2113 599 ‘

496 683 751 745 Excolat,
782 678 1006 734 inﬁrmis
1032 676 1301 746 quondam
1321 691 1442 744 qua:
1466 676 1590 730 vicit
1619 675 1673 728 in
1701 675 1853 729 annis

491 772 733 841 Improba
765 779 885 826 vota
903 780 1115 833 senum,
1143 768 1560 837 coniuratosque
1589 767 1833 821 furores?

490 866 725 919 Primum
747 863 1021 933 disiuncta
1046 876 1182 931 quos
1208 864 1346 929 cepit
1364 874 1522 913 eausa
1546 859 1745 913 viritim

487 953 745 1022 Consilio,
779 954 1031 1022 solusque
1056 952 1154 1008 sibi
1189 952 1433 1023 promisit
1462 960 1688 1021 uterque

487 1047 647 1116 Spem
680 1049 879 1116 culpae,
907 1048 1181 1114 aeditui-pe
1210 1046 1390 1101 caicus
1420 1046 1471 1098 in
1500 1044 1757 1099 cordibus»
1780 1044 1921 1113 ignis

392 1170 405 1183 ι
487 1139 752 1193 Conﬂavit
768 1149 999 1193 mentem
1021 1138 1241 1193 sceleris
1262 1138 1475 1191 fornace
1497 1136 1743 1189 duorum.

487 1231 841 1297 Conveniunt,
868 1248 989 1287 nam
1012 1232 1146 1287 forte
1168 1232 1257 1286 die
1276 1232 1354 1285 sic
1380 1229 1601 1297 contigit
1618 1244 1742 1291 una,

488 1322 756 1376 Ahscessu
790 1324 916 1377 ficto
941 1324 1146 1376 diversa
1176 1332 1232 1376 ut
1271 1332 1420 1389 parte
1450 1321 1706 1376 redirent.

488 1409 651 1480 inque
682 1424 1093 1468 nemusvenere
1120 1412 1311 1477 simul,
1335 1412 1548 1480 vulgata
1581 1411 1818 1465 vicissim

488 1499 745 1555 Panditur
765 1503 973 1557 alterno
1005 1504 1233 1571 flagrans
1272 1503 1323 1557 in
1353 1498 1516 1556 corde
1546 1502 1806 1570 voluptats

491 1594 636 1648 Ilicet
667 1596 933 1650 incautam
963 1596 1206 1651 fallentes
1229 1594 1415 1649 fraude
1442 1595 1673 1662 puellam

488 1687 773 1753 Appetiere
801 1687 994 1751 simul;
1026 1697 1252 1756 possim
1290 1686 1591 1741 consentiat
1618 1694 1743 1739 amo

489 1776 777 1832 Dedecoris
808 1785 1010 1833 tantum
1042 1788 1251 1833 moveat
1268 1792 1429 1847 quam
1451 1778 1593 1832 fama
1614 1778 1819 1843 rebelli,

488 1864 711 1934 Moxque
736 1868 1151 1937 retorquendam
1172 1867 1398 1934 facinus,
1425 1867 1476 1922 ni
1500 1868 1678 1931 cedat,
1707 1868 1759 1921 is
1784 1866 1959 1937 ipsam

490 1956 729 2012 Confessi
758 1960 1009 2015 ardorem
1025 1958 1221 2029 pariter
1250 1959 1525 2015 mendacia
1552 1958 1783 2028 produnt

1378 377 1433 430 S.
1476 375 1656 430 AVlTl
1701 370 2099 430 VIENNENSIS
2141 369 2510 427 POEMATUM
2553 371 2753 427 LIBER
2799 372 2882 425 Vl.

2098 487 2154 546 Α
2182 484 2378 553 Vulgus
2402 486 2690 541 inauditam
2714 488 3088 551 damnaverat,
3121 498 3173 543 et
3198 489 3357 543 simul
3388 499 3573 546 omnes

3646 370 3759 429 580

2174 576 2403 630 insontis
2432 589 2640 632 sontem
2663 581 2940 634 certabant
2965 594 3185 633 cernere
3210 590 3431 635 mortem
3454 600 3467 648 ;

2172 667 2301 719 Cum
2328 670 2504 722 subito
2530 669 2582 722 in
2605 669 2838 725 medium
2880 671 3087 738 juvenis
3110 685 3169 725 se
3193 673 3418 741 proripit
3448 689 3639 743 agmen
3661 714 3676 739 ,

2171 757 2469 812 Accensum
2503 766 2682 813 tenera
2704 761 2971 829 castigans
2998 777 3129 816 voce
3158 764 3465 825 tumultum,

2170 850 2278 903 Cur
2299 859 2444 905 tanto
2467 858 2530 906 ex
2561 863 2703 908 eam
2723 854 2901 908 nullus
2933 870 3051 909 rem
3074 855 3297 924 iudicat,
3322 872 3385 911 ac
3411 872 3472 911 se

2171 941 2331 997 Liber
2359 943 2423 996 ad
2452 945 2704 1011 iniustum
2735 948 2931 1000 clamat
2956 963 3060 1001 non
3087 962 3306 1003 currere
3338 949 3576 1005 lethutn?

2171 1032 2420 1089 Protinus
2446 1036 2515 1089 ad
2542 1037 2763 1090 verbum
2796 1038 2947 1106 pueri
2978 1047 3217 1107 permota
3250 1042 3506 1108 repressit

2170 1123 2351 1181 Turba
2368 1140 2564 1195 sequax
2587 1130 2792 1183 animos
2816 1148 2826 1191 ;
2849 1130 3011 1197 judex
3036 1132 3343 1188 decernitur
3372 1135 3508 1200 ipse,

2170 1216 2560 1287 Cousultorque
2584 1234 2793 1287 senum,
2824 1236 2919 1288 per
2944 1236 3101 1290 quem
3130 1224 3209 1276 via
3235 1240 3359 1278 vera
3394 1235 3649 1293 patescat.

2170 1303 2410 1361 Consulit
2439 1309 2652 1364 avulsos
2675 1312 2917 1378 quisnam
2940 1314 3009 1366 sit
3033 1314 3271 1369 criminis
3293 1316 3427 1370 ordo
3449 1354 3465 1382 ,
3520 1322 3523 1323 ⁷

2168 1395 2275 1451 Sed
2302 1397 2427 1452 dum
2452 1398 2766 1454 discordans
2791 1416 3104 1469 responsum
3138 1406 3341 1473 praebet
3365 1419 3605 1477 uterque,

2168 1492 2519 1562 Conjunctum
2541 1496 2744 1559 facinus
2766 1496 3026 1565 disjuncta
3052 1513 3183 1553 voce
3208 1498 3461 1554 fitentur.

2167 1582 2318 1637 Tunc
2374 1599 2562 1641 omnes
2614 1588 2814 1655 pariter
2872 1589 3028 1642 timor
3082 1590 3317 1658 accipit:
3363 1592 3595 1660 undique
3644 1594 3757 1649 cla-

3534 1684 3675 1754 hnor

2166 1766 2414 1836 Tollitur,
2447 1780 2692 1825 auctores
2722 1773 2940 1827 sceleris
2970 1773 3117 1841 plebs
3147 1776 3322 1830 obruit
3342 1777 3537 1842 omnis,

2096 1856 2550 1932 BLaudaturque
2577 1865 2716 1919 Deus
2738 1905 2755 1931 ,
2785 1868 2873 1935 qui
2908 1883 3175 1936 nunquam
3202 1880 3319 1922 vota
3349 1870 3607 1925 bonorum

2179 1956 2405 2017 Deserit.
2436 1957 2795 2026 auxiliumque
2819 1973 2972 2014 suum
3003 1976 3098 2030 pro
3130 1972 3369 2031 tempore
3399 1971 3680 2017 ministrat.

485 2048 782 2117 Disposita,
822 2062 879 2107 et
920 2051 1141 2120 laqueos
1193 2050 1449 2119 pandunt,
1500 2066 1637 2120 quos
1694 2059 1906 2106 nectere
1961 2050 2069 2108 vel.
2175 2044 2242 2098 Et
2272 2054 2447 2100 tamen
2478 2045 2561 2101 his
2592 2048 2737 2116 prior
2767 2059 2850 2104 est
2877 2067 2995 2120 quae
3021 2052 3326 2121 virginitate
3353 2056 3539 2123 pudica
3617 2049 3631 2062 ’

1832 2140 1852 2213 [
1866 2141 1997 2197 ient.

489 2236 702 2302 Anceps
725 2234 823 2289 illa
847 2236 945 2290 diu
965 2248 1153 2291 secum
1172 2234 1420 2303 luctatur,
1442 2242 1499 2290 et
1521 2233 1733 2289 haerens

488 2326 736 2381 Fluctuat
757 2327 973 2393 incerta
1001 2342 1107 2396 quo
1137 2336 1360 2396 vergant
1384 2327 1623 2394 pondera
1656 2327 1848 2381 mentis
1874 2342 1887 2381 :

487 2414 598 2469 Lex
621 2429 843 2484 peccare
871 2423 1037 2481 vetat,
1061 2429 1357 2484 rursusque
1387 2414 1605 2469 infamia
1641 2423 1809 2469 terret

487 2506 621 2560 llinc
649 2507 844 2563 iterum
877 2509 1041 2564 duros
1070 2508 1318 2575 precibus
1345 2506 1554 2561 nmilire
1577 2506 1787 2560 furores

487 2595 703 2663 Tentat,
727 2599 1058 2653 etobsoenas
1088 2598 1343 2668 lacrymis
1370 2599 1704 2667 reStinguere
1727 2597 1992 2654 ﬂammas.

491 2691 597 2746 Sed
626 2702 911 2760 postquam
936 2692 1097 2746 nullis
1131 2691 1379 2760 precibus
1409 2691 1731 2759 monitisque
1759 2700 1995 2748 remotos

487 2784 890 2853 Obstrictosque
916 2797 1081 2839 senes
1104 2784 1232 2838 vicit
1259 2792 1481 2852 cognata
1512 2782 1677 2837 libido
1694 2824 1710 2848 ,

404 2912 411 2921 κ
488 2875 706 2929 Femina
730 2876 994 2944 praeclaro
1013 2885 1521 2930 moment-succensa
1554 2876 1759 2943 pudore

488 2968 736 3023 Decrevit
769 2978 893 3024 tunc
915 2977 1061 3024 casta
1087 2969 1257 3033 mori,
1286 2983 1355 3022 ne
1383 2968 1607 3023 crimine
1635 2976 1784 3021 tanto

488 3062 766 3115 Ambircnt
797 3062 1047 3117 miseram
1072 3060 1251 3116 carnis
1272 3060 1597 3116 commercia
1629 3060 1793 3114 vitam

490 3152 695 3208 Caelum
722 3163 858 3209 teste
881 3162 1053 3218 vocat,
1082 3154 1383 3221 famamque
1406 3164 1617 3209 recusat
1648 3154 1863 3208 inanem

489 3245 694 3301 iudicio
720 3255 975 3303 contenta
992 3258 1097 3302 suo
1120 3259 1139 3300 :'
1162 3261 1287 3301 eum
1309 3238 1517 3301 conseia
1551 3245 1710 3300 corda

489 3335 841 3392 Commendat
866 3351 1072 3406 superat
1098 3337 1243 3403 fidei,
1273 3346 1556 3404 servatque
1584 3335 1795 3390 futuris.

490 3429 677 3483 Maluit?
702 3430 792 3484 ille
816 3439 1005 3484 tamen
1019 3432 1213 3485 secreti
1245 3430 1512 3498 inspector
1541 3437 1787 3495 apertum

493 3522 730 3576 Examen
756 3532 1015 3591 praetore
1037 3523 1187 3587 loco,
1217 3523 1527 3590 facinusque
1550 3522 1812 3576 reclusum

490 3613 747 3681 Pandere,
774 3625 828 3669 et
857 3615 1099 3684 obiectas
1125 3614 1333 3683 laqueis
1362 3614 1654 3682 producere
1686 3614 1921 3669 fraudes.

489 3704 773 3773 Spectabat
801 3706 955 3760 vanis
982 3713 1303 3759 cotuanotam
1336 3705 1547 3760 ﬂetibus
1571 3704 1754 3758 urbem

490 3798 677 3851 Juninr
700 3798 790 3852 ille
817 3812 981 3866 puer,
1012 3801 1195 3864 pueris
1214 3796 1386 3850 tribus
1416 3796 1529 3865 ipse
1556 3795 1763 3873 iuturus

491 3887 614 3942 Post
646 3904 846 3949 comes,
872 3889 1095 3943 undanti
1115 3902 1255 3957 quos
1269 3888 1401 3958 iecit
1429 3887 1671 3942 Parthica
1700 3886 1926 3940 ﬂamma:

491 3978 810 4050 Contempto
844 3981 1070 4050 imperio
1095 3982 1328 4037 ﬂammis
1356 3981 1652 4035 ferventior
1683 3982 1782 4034 ira.

492 4071 640 4126 Arsit
669 4082 943 4127 contracto
974 4073 1170 4141 pariter
1192 4081 1471 4127 crescente
1498 4071 1679 4152 cgiore

488 4162 624 4219 llinc
650 4162 816 4229 furor,
841 4165 965 4219 inde
989 4163 1144 4232 fides,
1168 4162 1368 4217 sanetis
1393 4161 1529 4217 dum»
1550 4160 1762 4216 mollior
1790 4159 1927 4229 ignis

406 4241 410 4245 ’
488 4256 681 4312 Serviit
702 4298 717 4323 ,
748 4266 805 4311 et
826 4256 1293 4326 tepidoconclusit
1320 4270 1485 4324 pruna
1518 4255 1749 4319 rubore;

490 4348 669 4402 Donec
699 4348 922 4401 miratus
954 4361 1171 4402 cessare
1200 4346 1443 4400 incendia
1474 4354 1685 4413 satraps

489 4439 675 4506 JUSsit,
704 4449 758 4493 et
777 4449 1013 4494 astantes
1034 4440 1366 4493 ﬂammarum
1393 4437 1545 4505 copia
1577 4438 1761 4491 cinxit.

494 4528 601 4582 llos
634 4530 838 4583 meritis
866 4542 1082 4597 aequatis
1116 4528 1347 4582 Danielis
1368 4529 1604 4595 proxima
1628 4529 1801 4583 virtus

491 4616 715 4671 Horrida
740 4617 1076 4678 frendentutn
1108 4619 1434 4686 compescuit
1459 4632 1549 4671 ora
1582 4618 1812 4685 leonum,

490 4707 623 4762 Dum
649 4712 801 4778 prius
813 4709 1027 4765 accensi
1054 4706 1287 4764 stimulis
1310 4707 1467 4763 famis
1493 4716 1653 4779 atque
1683 4708 1878 4765 furoris
1903 4751 1919 4776 ,

490 4800 826 4870 Frenatoque
853 4802 1012 4857 simul
1040 4809 1342 4858 sternentes
1372 4816 1599 4871 corpora
1620 4802 1773 4870 rictu,

489 4893 815 4948 lttColumem
843 4892 1083 4950 lambunt
1111 4896 1249 4949 inter
1271 4893 1468 4964 jejunis
1500 4905 1740 4964 pastum,

488 4982 618 5039 Cum
675 4995 850 5042 sumat
903 4995 1087 5041 tamen
1134 4988 1233 5042 iste
1287 4985 1457 5055 cibos,
1506 5001 1639 5057 quos
1686 4988 1884 5043 vertice
1934 5003 2061 5057 pcn-

1833 5080 1988 5152 [dens

489 5171 739 5239 Angelica
770 5169 998 5223 librante
1021 5183 1177 5222 manu
1208 5183 1301 5239 per
1328 5170 1483 5224 inane
1509 5172 1703 5225 citatus
1722 5212 1737 5236 ,

488 5261 766 5330 Subjectas
786 5261 999 5316 calcans
1030 5260 1264 5315 immotis
1291 5261 1564 5330 gressibus
1588 5276 1775 5331 auras,

511 5357 667 5410 ntulit
690 5356 868 5411 illatus
895 5354 1055 5409 fascis
1081 5369 1200 5409 cum
1226 5353 1369 5407 fasce
1401 5354 1676 5424 prOpheta.

488 5448 709 5515 Excepit
738 5448 921 5503 Daniel
955 5448 1296 5502 trausrnissas
1318 5446 1545 5514 desuper
1570 5460 1741 5501 escas.

486 5538 706 5591 Fercula
738 5538 1037 5607 longinquis
1060 5540 1290 5607 migrant
1321 5536 1583 5591 ferventia
1604 5538 1778 5599 terris,

489 5633 883 5696 Asservantque
908 5642 1034 5682 suos
1064 5626 1344 5696 peregrina
1374 5626 1427 5680 in
1457 5624 1587 5706 sede
1610 5640 1850 5693 sapores.

488 5717 585 5772 llic
616 5731 740 5786 ergo
774 5717 1017 5785 impubes
1047 5718 1343 5771 Susanttam
1374 5718 1506 5770 forte
1532 5715 1747 5777 videbat

488 5807 543 5863 ltt
579 5802 841 5865 tormenta
863 5807 999 5877 rapi,
1026 5809 1138 5865 veri
1165 5820 1326 5878 quant
1355 5806 1566 5864 nescius
1589 5814 1712 5859 ante

2174 2136 2433 2193 Intactum
2465 2141 2678 2209 praefert
2716 2144 2781 2197 ad
2814 2153 2933 2198 vota
2965 2146 3221 2213 perennia
3252 2162 3465 2217 corpus.

2173 2227 2304 2281 Nam
2334 2229 2378 2283 si
2410 2238 2618 2285 terrena
2642 2234 2929 2289 nubentem
2963 2236 3079 2306 lege
3100 2238 3326 2306 puellam

2176 2325 2499 2379 Asservasse
2524 2333 2702 2391 toros,
2736 2337 2893 2397 atque
2915 2344 3074 2382 unum
3101 2345 3262 2386 nosse
3288 2332 3463 2387 cubile
3483 2374 3496 2397 ,

2175 2413 2385 2470 Mortali
2420 2426 2621 2471 tantum
2643 2420 2892 2474 laudatur
2908 2421 3091 2490 judice
3120 2434 3293 2491 coetu,
3446 2423 3450 2426 ’

2172 2504 2392 2577 Conjice
2422 2510 2673 2578 virgineis
2700 2521 2954 2580 quantum
2976 2514 3274 2583 disponitur
3296 2516 3400 2570 illic

2174 2597 2292 2662 Quo
2319 2597 2563 2653 Christus
2585 2610 2739 2655 vocat
2760 2602 2885 2657 hinc
2914 2605 3120 2659 meritis
3138 2650 3151 2671 ,
3185 2606 3270 2661 ubi
3302 2607 3426 2660 sede
3450 2621 3681 2677 superus

2174 2685 2473 2743 Humanum
2498 2690 2549 2743 in
2577 2701 2755 2759 partes
2777 2693 2987 2749 dirimet
3012 2710 3183 2764 genus
3207 2697 3411 2752 arbiter
3441 2699 3607 2752 orbis.

2173 2776 2354 2843 Agnos
2376 2777 2564 2832 dextra
2591 2780 2774 2835 levans
2796 2822 2810 2848 ,
2843 2783 3002 2837 latvos
3029 2794 3335 2842 contemnet
3360 2800 3416 2842 ut
3446 2790 3647 2856 fundos,

2173 2868 2399 2923 Stabunt
2430 2871 2655 2939 angelici
2687 2874 2942 2930 mirantes
2966 2876 3100 2931 facta
3131 2877 3397 2932 bonorum

2172 2961 2589 3032 Laudantesque
2611 2963 2760 3019 chori
2795 2984 2820 3053 ί
2842 2969 3049 3022 cunctis
3080 2983 3364 3023 commune
3396 2971 3593 3039 patebit

2176 3054 2431 3110 Decursae
2454 3057 2631 3112 carnis
2656 3060 2937 3125 meritum;
2968 3059 3117 3114 fraus
3142 3061 3283 3114 nulla
3316 3061 3545 3115 tenrbris

2174 3145 2385 3201 Abdere
2404 3188 2419 3213 ,
2444 3149 2525 3203 vel
2562 3158 2715 3203 notas
2743 3150 2941 3219 poterit
2968 3152 3268 3207 subducere
3296 3154 3499 3223 culpas.

3604 2394 3636 2423 ρ

2098 3221 2147 3286 c
2177 3237 2289 3296 lllic
2316 3249 2440 3294 nota
2464 3242 2555 3295 tibi
2583 3242 2884 3298 subsistens
2915 3245 3019 3299 vita
3046 3256 3257 3312 petatur
3277 3287 3291 3310 ,

2180 3346 2292 3397 ,ιιιο
2309 3331 2483 3400 justus
2514 3331 2651 3387 ditat
2676 3332 2995 3403 dispensans
3027 3338 3241 3406 praemia
3264 3338 3449 3406 judex.

2259 3424 2538 3491 Quondam
2568 3427 2837 3483 succincte
2863 3428 3003 3507 quod
3028 3430 3225 3485 dictum
3256 3440 3340 3485 est
3362 3447 3457 3486 ore
3487 3428 3755 3500 magistri,
3780 3424 3783 3425 ⁷

2176 3515 2309 3569 Dum
2334 3518 2475 3586 viget
2497 3517 2671 3573 officio
2697 3518 2963 3576 famulans
2988 3524 3203 3577 solertia
3235 3524 3474 3591 Marthae,

2178 3609 2560 3679 Attentamque
2584 3612 2892 3668 tenetverbi
2921 3614 3116 3668 virtute
3139 3629 3424 3687 sororem“

2175 3698 2312 3752 Cura
2341 3700 2461 3753 cibo
2493 3702 2681 3756 melior
2703 3747 2717 3770 ,
2757 3712 2906 3772 pastu
2937 3720 3055 3773 qua:
3072 3705 3226 3776 digna
3263 3708 3503 3775 perenni.

2176 3790 2326 3845 Tunc
2351 3807 2544 3848 vacuas
2575 3794 2799 3849 Domino
2828 3796 3150 3867 depromens
3178 3798 3381 3852 Martha
3415 3800 3683 3869 querelas,

2175 3884 2220 3936 0
2249 3883 2453 3950 doctor,
2490 3902 2593 3939 non
2626 3889 2822 3955 cernis,
2856 3889 2950 3958 ait,
2982 3889 3121 3959 quod
3145 3892 3258 3944 sola
3294 3903 3476 3969 paratu

2181 3976 2379 4040 Vexor,
2409 3984 2460 4033 et
2491 3977 2605 4032 haec
2632 3978 2831 4033 nullum
2862 3982 3071 4035 confert
3096 3968 3660 4053 germantlevamen?

2175 4066 2271 4121 Cui
2299 4066 2543 4124 Christus
2570 4071 2649 4125 sic
2673 4070 2813 4126 forte
2844 4072 3007 4127 refert
3037 4090 3050 4126 :
3084 4073 3217 4127 Sunt
3250 4076 3472 4143 plurima
3498 4093 3615 4144 qua:
3639 4088 3693 4130 te

2175 4155 2497 4212 Obstrictam
2524 4159 2773 4225 retinent,
2808 4161 2999 4215 melior
3016 4162 3110 4216 sed
3134 4178 3289 4217 causa
3320 4167 3540 4233 quietis,

2174 4248 2443 4320 Lectaque
2483 4266 2580 4306 nec
2611 4253 2805 4321 poterit
2835 4254 3010 4307 Maria:
3044 4270 3165 4322 pars
3196 4256 3393 4324 Optima
3419 4258 3548 4310 tolli.

2246 4342 2358 4407 Sic,
2388 4358 2658 4412 germana,
2689 4346 2799 4400 suis
2826 4347 2949 4400 dum
2975 4349 3195 4417 ﬂagrant
3223 4349 3414 4403 saccttla
3448 4351 3614 4415 curis,

2174 4434 2412 4488 Electam
2444 4449 2658 4493 servare
2682 4437 2773 4491 tibi
2808 4453 2913 4493 non
2941 4438 3125 4494 desine
3149 4453 3374 4509 partem.

2174 4527 2257 4585 Te
2283 4529 2473 4583 meruit
2508 4530 2730 4597 primam
2756 4530 3001 4599 cognatio
3036 4540 3142 4586 tota
3174 4542 3470 4600 patronam,

2094 4594 2291 4673 nJam
2322 4630 2373 4675 te
2404 4594 2705 4691 signiferum
2736 4594 3034 4693 sequimur,
3054 4626 3356 4697 vexillaque
3383 4628 3582 4681 Christi

2175 4713 2249 4768 Te
2274 4723 2523 4782 portante
2549 4714 2720 4770 libens
2747 4726 2983 4771 sectatur
3012 4728 3233 4772 stemma
3268 4732 3576 4789 parentum;

2173 4804 2316 4871 Quos
2344 4804 2467 4860 licet
2497 4807 2715 4875 antiquo
2746 4807 2975 4863 mundus
3006 4806 3259 4864 donasset
3298 4806 3531 4877 honore,

2174 4898 2242 4953 Et
2265 4900 2428 4952 titulis
2451 4890 2710 4954 monstret
2736 4917 2996 4969 generoso
3018 4918 3233 4970 semper
3261 4904 3327 4957 ab
3354 4919 3470 4957 orsu
3499 4922 3512 4970 ;

2173 4990 2300 5045 Plus
2331 5000 2507 5067 tamen
2537 4992 2743 5046 ornavit
2764 4991 3004 5047 divinum
3038 4994 3243 5063 insigne
3267 5004 3535 5065 gerentes,

2172 5078 2373 5135 Ordine
2402 5081 2539 5150 quod
2572 5078 2787 5151 proprio
2823 5095 3034 5140 sanetas
3064 5102 3309 5140 meruere
3336 5087 3643 5143 cathedras.

2171 5173 2284 5225 Non
2307 5166 2488 5226 atavos
2511 5172 2618 5240 jam
2649 5189 2786 5228 nunc
2817 5175 3022 5229 tibimet
3051 5192 3379 5246 proavosque
3404 5187 3663 5239 retexam,

2171 5261 2289 5315 Vita
2314 5263 2617 5318 sacerdotes
2649 5279 2782 5334 quos
2813 5264 3042 5320 reddidii
3076 5252 3272 5338 inclyta
3303 5268 3490 5337 dignos
3522 5286 3531 5319 :

2170 5352 2484 5409 Pontilicem
2519 5358 2684 5409 sacris
2714 5366 3044 5425 assumptum
3075 5360 3283 5425 respice
3308 5367 3536 5429 patrem.

2170 5443 2410 5511 Cumque
2441 5444 2535 5497 tibi
2562 5445 2773 5514 genitor
2803 5447 2886 5500 vel
2922 5448 3220 5502 avunculus
3247 5449 3479 5521 undique
3511 5453 3691 5519 magni

2174 5535 2299 5588 Post
2326 5535 2498 5591 fasces
2525 5538 2767 5606 placeant
2796 5540 3115 5609 populorum
3146 5557 3356 5596 sumere
3386 5539 3605 5605 fascem,

2172 5625 2395 5694 Suscipe
2424 5643 2556 5694 quos
2590 5628 2817 5684 humiles
2851 5634 3055 5699 patrum
3085 5632 3149 5686 ad
3182 5635 3445 5688 consortia
3485 5632 3648 5690 fratre

2174 5714 2362 5769 Ofﬁcio
2389 5717 2592 5773 similes
2622 5729 2838 5774 nectens
2867 5720 3103 5776 Ecclesia
3132 5722 3325 5791 iunxit.

2178 5805 2282 5861 Pro
2304 5807 2493 5877 quibus
2524 5810 2763 5867 assiduas
2788 5810 3000 5868 Christo
3030 5813 3335 5884 persolvere
3368 5824 3564 5886 grates,
