4124 6350
544 378 649 438 385

1320 370 1409 425 AD
1448 362 1961 427 SIRMONDIANAM
2003 358 2184 415 AVITI
2226 356 2589 413 EDITIUNEM
2630 353 3053 412 AUCTARIUM.

547 518 636 560 aut
658 519 886 565 uxorem,
910 502 997 554 aut
1026 500 1180 568 ﬁlios,
1206 505 1293 548 aut
1322 509 1470 563 agros
1488 502 1697 561 propter
1728 504 1908 541 nomen
1932 500 2117 548 meum,
2150 483 2204 541 Α
2232 490 2441 535 rentum
2474 481 2917 535 consuetudinem
2950 480 3061 532 sive
3086 485 3288 531 sectam
3318 476 3507 530 melius
3534 475 3800 530 credendo

546 597 834 667 centuplum
846 592 1078 659 accipiet,
1096 598 1144 643 et
1161 589 1309 642 vitam
1322 597 1562 641 (sternam
1578 582 1867 653 possidebit.
1882 579 2119 648 Namque

551 706 673 748 cum
705 691 758 742 in
788 684 1076 754 Scripturis
1096 684 1297 738 sanctis
1317 679 1654 737 centenarius
1691 690 1944 731 numerus
1972 672 2115 726 omni

547 781 874 854 perfectione
916 756 1155 830 sacratus
1203 773 1295 838 sit,
1322 771 1613 827 discernite
1643 765 2117 853 quod‘reddantur

548 872 603 926 in
624 868 956 938 centuplum,
985 882 1090 920 non
1141 880 1261 935 quae
1316 855 1843 921 tribuunturfChristi
1883 855 2115 919 nomine,

547 962 641 1018 sed
671 976 790 1032 quae
820 974 918 1029 pro
944 957 1139 1012 Christi
1173 955 1386 1010 nomine
1416 954 1819 1022 relinquuntur:
1853 948 1974 1019 quia
1999 946 2126 1001 licet

550 1068 743 1121 magna
768 1051 1020 1106 salutaris
1049 1049 1223 1120 prosit
1249 1061 1453 1102 merces
1502 1045 1855 1113 eleemosyna:
1877 1082 1891 1107 ,
1923 1042 2124 1094 incom-

551 1144 859 1213 parabiliter
891 1151 1069 1197 tamen
1106 1142 1282 1209 majus
1306 1149 1389 1195 est
1425 1137 1610 1199 omnia,
1644 1135 1933 1198 dimittere,
1964 1146 2121 1201 quam

552 1236 781 1306 plurima
807 1235 1137 1305 dispensare.
1179 1233 1440 1298 Quocirca
1484 1229 1703 1285 definiat
1746 1228 1915 1298 gloria
1945 1237 2125 1282 vestra

552 1327 621 1382 de
641 1327 756 1382 solo
784 1308 1201 1395 istud'martyrio
1232 1322 1532 1392 praedicari,
1564 1320 1718 1389 cujus
1760 1333 1975 1374 corona:
2004 1320 2125 1374 nul-

558 1419 667 1475 lum
699 1419 912 1489 penitus
936 1418 1181 1471 meritum
1215 1412 1430 1469 humani
1458 1400 1639 1481 operis
1666 1420 1995 1481 exchuatur.
2024 1410 2128 1466 iste

553 1517 639 1564 est
661 1506 982 1563 centesimus
1030 1504 1233 1560 fructus
1262 1506 1351 1574 qui
1387 1505 1437 1557 in
1478 1503 1657 1557 futuro
1706 1502 1921 1573 quidem
1962 1502 2126 1557 vitam

554 1609 809 1655 aeternam
847 1608 1142 1668 exspectat,
1173 1597 1267 1652 sed
1317 1598 1367 1650 in
1401 1596 1651 1666 praesenti
1681 1611 1891 1665 quoque
1925 1595 2127 1649 sreculo

555 1692 728 1747 illatas
753 1690 1445 1762 martyribus’contumelias
1464 1688 1745 1743 miriﬁcato
1766 1686 1970 1743 honore
1983 1703 2130 1743 com-

554 1791 760 1853 pensat.
794 1781 947 1838 Unde
972 1790 1025 1835 et
1052 1782 1159 1835 alio
1182 1780 1455 1849 Evangelii
1477 1780 1597 1833 loco
1625 1779 1924 1833 dominicus
1949 1793 2128 1833 sermo

2226 583 2539 642 commutet,
2591 588 2689 628 nec
2742 581 2985 627 teneatur
3036 570 3314 641 privilegio
3362 568 3795 637 consuetudinis,

2224 683 2347 722 cum
2378 668 2578 723 veritas
2606 675 2857 736 provocat
2888 665 2955 720 ad
2986 664 3327 719 dilectionem
3356 661 3560 726 salutis,
3603 660 3799 716 utiliter

2226 759 2313 814 hic
2369 768 2650 830 parentes,
2704 761 2897 813 fratres
2922 797 2938 823 ,
2978 770 3303 824 sororesque
3350 753 3575 809 dimittit
3609 769 3624 807 :
3658 753 3798 807 velut

2225 851 2495 906 Abraham
2526 850 2703 917 dives,
2734 850 2823 919 qui
2853 848 3059 904 cunctis
3082 845 3387 903 caelestibus
3413 844 3568 899 donis
3600 842 3797 909 fruens,

2232 942 2376 1007 ﬁliis,
2406 942 2640 1008 famulis,
2673 957 2827 1008 auro,
2866 951 3109 1012 argento,
3158 941 3498 1010 patrimonio,
3530 938 3800 994 matrimo-

2227 1038 2317 1093 nio
2348 1047 2494 1091 recte
2517 1051 2664 1103 usus,
2716 1038 2903 1105 patria:
2948 1051 3008 1091 se
3053 1044 3229 1089 tamen
3278 1042 3333 1087 et
3360 1032 3660 1102 cognationi
3692 1044 3799 1087 sure

2231 1137 2360 1183 voto
2389 1130 2658 1183 mutandae
2679 1109 2955 1198 religionis
2981 1128 3243 1193 excussit,
3275 1138 3329 1180 et
3356 1125 3670 1179 imminente
3691 1123 3795 1191 jam

2228 1221 2400 1285 senio,
2432 1222 2641 1292 signum
2667 1220 3094 1276 circumcisionis
3124 1234 3229 1289 quo
3271 1217 3645 1273 Christianitas
3666 1216 3797 1286 ligu-

2228 1316 2469 1383 rabatur,
2501 1314 2793 1383 accipiens,
2828 1322 3108 1383 provectos
3152 1312 3263 1382 jam
3315 1326 3409 1380 per
3436 1318 3648 1364 aetatem
3676 1323 3802 1363 con-

2228 1408 2478 1462 versione
2525 1422 2721 1477 pueros
2752 1406 2869 1461 ﬁeri
2920 1421 3078 1475 posse
3110 1405 3449 1474 prtemonuit.
3501 1403 3579 1457 De
3616 1401 3803 1471 quibus

2231 1506 2282 1552 et
2295 1496 2638 1566 propheticus
2663 1512 2870 1552 sermo:
2900 1495 3061 1563 Puer,
3093 1496 3285 1565 inquit,
3318 1504 3519 1549 centum
3544 1508 3797 1547 annorum

2232 1592 2479 1645 morietur
2506 1588 2661 1661 (Isai.
2693 1605 2819 1657 va,
2854 1589 2946 1659 20)
2975 1608 2989 1645 :
3033 1589 3083 1643 id
3112 1598 3195 1644 est
3232 1588 3539 1657 centuplum
3583 1585 3805 1654 accipiet

2232 1681 2373 1751 quod
2400 1697 2530 1750 puer
2556 1680 2729 1736 factus
2758 1689 2879 1747 est;
2929 1696 3090 1751 quem
3123 1680 3342 1750 praefata
3373 1679 3565 1733 sacrati
3604 1676 3805 1731 numeri
3830 1730 3849 1751 η

2234 1772 2535 1842 pluralitate
2566 1780 2933 1843 praestantem,
2982 1772 3124 1825 sicut
3168 1778 3326 1825 aetate
3365 1777 3572 1823 matura
3598 1767 3805 1823 vivendi

555 1881 779 1928 testatur
806 1872 947 1943 quod
978 1874 1044 1926 ad
1073 1870 1438 1927 centenariam
1462 1869 1670 1940 frugem
1706 1870 1905 1924 cadens
1932 1870 1985 1924 in
2012 1879 2124 1925 ter-
2156 1859 2205 1919 Β
2231 1866 2441 1921 novitas
2473 1865 2599 1921 fecit
2618 1880 2867 1935 puerum,
2886 1864 2963 1918 sic
2992 1863 3255 1919 custodita
3286 1862 3571 1918 renovatio
3594 1861 3806 1915 immor-

552 1978 666 2018 ram
695 1964 887 2019 bonam
916 1963 1132 2018 nutritae
1160 1963 1419 2018 sementis
1445 1977 1665 2032 germen
1688 1962 1899 2015 exierit.
1929 1961 2131 2016 Paren-

552 2066 636 2113 tes
665 2072 813 2126 ergo,
844 2071 1090 2121 uxorem,
1120 2056 1206 2111 vel
1238 2055 1396 2121 filios,
1428 2055 1542 2110 sive
1591 2054 1784 2109 fratres
1811 2068 1907 2123 pro
1932 2052 2131 2108 Christi

553 2157 758 2203 tantum
784 2155 1068 2203 consecrat
1105 2148 1321 2202 nomine
1344 2146 1743 2217 relinquendos,
1778 2146 1828 2201 id
1875 2153 1978 2209 est,
2010 2160 2130 2200 cum

556 2254 653 2308 pro
666 2240 952 2294 asserenda
967 2238 1195 2294 nominis
1216 2239 1579 2305 confessione,
1595 2253 1698 2294 non
1719 2247 1921 2293 tantum
1946 2238 2129 2308 hujus-

555 2331 699 2386 modi
722 2332 1195 2398 necessitudinum,
1243 2333 1337 2387 sed
1379 2333 1678 2388 animarum
1718 2348 1932 2404 quoque
1977 2334 2132 2389 nobis
2208 2386 2211 2389 ,

556 2437 949 2493 corporumque
981 2423 1224 2479 facienda
1247 2424 1460 2493 jactura
1484 2425 1575 2479 sit.
1630 2425 1705 2480 De
1740 2439 1844 2495 qua
1871 2425 2133 2481 divisione

554 2513 696 2570 idem
730 2514 982 2570 Dominus
1011 2515 1115 2571 alio
1141 2516 1258 2571 loco
1287 2532 1300 2571 :
1334 2515 1482 2584 Veni,
1517 2518 1706 2587 inquit,
1736 2535 1972 2590 separare
1995 2520 2133 2589 ﬁlios

555 2604 796 2659 adversus
819 2616 1071 2677 parentes,
1096 2623 1282 2661 nurum
1309 2608 1551 2663 adversus
1582 2625 1785 2663 socrum
1820 2609 2034 2682 (Matth.
2070 2628 2129 2678 x,

553 2693 645 2763 35)
673 2712 687 2747 :
720 2695 771 2749 id
797 2707 899 2761 est,
934 2706 991 2751 ut
1017 2697 1377 2768 quorumlibet
1405 2698 1691 2755 affectuum
1721 2716 1989 2770 personae,
2017 2713 2134 2759 ten-

555 2786 802 2843 dentibus
845 2789 997 2844 nobis
1026 2790 1089 2844 ad
1115 2790 1408 2860 Christum,
1458 2793 1504 2847 si
1550 2794 1794 2849 comitari
1838 2795 2130 2865 noluerint,

556 2878 894 2934 deserantur.
922 2880 1163 2950 Excepto
1193 2889 1371 2937 autem
1413 2882 1517 2938 hoc
1546 2898 1732 2949 sensu,
1760 2886 2132 2955 propinquita-

556 2977 638 3025 tes
664 2969 794 3025 istas
817 2986 920 3026 non
972 2986 1187 3042 semper
1234 2974 1384 3028 nobis
1409 2982 1469 3029 ut
1508 2974 1886 3045 praejudicatas
1931 2977 2133 3035 debere

557 3060 772 3126 dimitti,
795 3071 847 3117 et
871 3064 1130 3133 exemplis
1174 3073 1229 3119 et
1276 3065 1487 3121 ratione
1529 3066 1818 3136 colligitur.
1849 3052 1959 3123 Nec
1990 3069 2132 3124 enim

557 3158 614 3208 et
642 3153 717 3208 illi
749 3157 1029 3235 propinqui
1052 3157 1357 3213 dimittendi
1383 3169 1531 3227 sunt,
1565 3161 1654 3231 qui
1679 3160 1746 3215 ad
1771 3162 2021 3218 caelestes
2042 3178 2132 3219 co-

2235 1956 2356 2011 talis
2378 1958 2537 2013 faciet
2562 1957 2900 2027 longaevitate
2919 1955 3235 2024 profectum.

2797 2046 3129 2103 EPISTOLA
3171 2046 3234 2100 ll.

2270 2158 2423 2196 ΒΕΑΤΙ
2464 2156 2603 2196 Ανιτι
2643 2153 2874 2196 εΡιεοοΡι
2904 2158 2970 2194 ΑΙ)
3000 2154 3295 2195 ιιιυετιιιῖιι
3328 2153 3490 2193 νιιιυιι
3533 2152 3766 2193 ΑιιιῦιιΊί.

2304 2233 2493 2288 Avitus
2519 2232 2802 2302 episcopus
2824 2232 2938 2287 viro
2968 2231 3331 2287 illustrissimo
3355 2229 3557 2300 Arigio.

2308 2325 2433 2381 Scio
2459 2324 2675 2395 quidem
2722 2335 2934 2394 quanta:
2962 2324 3263 2380 devotionis
3292 2323 3484 2378 allectu
3520 2321 3598 2378 ire
3628 2336 3713 2377 me
3739 2320 3801 2374 ad

2235 2416 2369 2471 festa
2397 2420 2701 2472 communia
2748 2416 3017 2485 voluistis,
3048 2425 3415 2471 verumtamen
3466 2416 3536 2469 ita
3567 2424 3625 2469 ut
3650 2428 3803 2484 quem

2235 2512 2541 2579 gavisurum
2567 2508 2935 2563 tantummodo
2964 2508 3260 2573 vobiscum,
3311 2524 3415 2563 non
3448 2506 3648 2577 aliquid
3690 2521 3807 2573 pro-

2238 2601 2500 2669 futurum,
2522 2601 2743 2657 credere
2772 2599 3088 2655 debueritis.
3126 2600 3255 2654 Nam
3283 2615 3403 2654 cum
3436 2598 3587 2653 vobis
3626 2612 3807 2652 sacer-

2237 2692 2392 2747 dotes
2432 2700 2487 2748 et
2514 2695 2690 2762 magni
2723 2692 2915 2747 merito
2944 2701 2998 2747 et
3036 2692 3184 2746 multi
3216 2705 3440 2745 numero
3467 2690 3624 2760 digne
3650 2697 3807 2758 atque

2236 2785 2534 2841 ambienter
2572 2785 2926 2852 occurrerint,
2962 2800 3060 2855 ego
3107 2785 3257 2840 solus
3286 2784 3482 2839 damno
3526 2778 3803 2853 percellor,

2236 2878 2326 2946 qui
2351 2877 2643 2947 singularis
2679 2877 2886 2946 patroni
2919 2876 3124 2946 gaudiis
3154 2875 3415 2931 interesse
3446 2889 3549 2929 non
3582 2888 3807 2929 mereor.

2237 2970 2443 3035 Quibus
2463 2969 2508 3024 si
2542 2970 2825 3038 praesentia
2857 2984 2973 3024 mea
3014 2967 3307 3027 secundum
3336 2967 3662 3022 desiderium
3691 2980 3810 3035 pro-

2237 3059 2494 3123 venisset,
2526 3059 2665 3114 sicut
2685 3071 2995 3130 optaveram
3020 3060 3087 3115 de
3115 3058 3271 3114 laude
3299 3059 3428 3113 tanti
3457 3060 3634 3129 operis
3652 3072 3810 3128 quos-

2238 3169 2447 3222 cunque
2473 3152 2620 3223 digni
2643 3154 2907 3208 sermonis
2936 3132 3173 3208 audirem
3196 3197 3209 3221 ,
3242 3152 3333 3221 qui
3359 3154 3607 3207 omnibus
3649 3167 3811 3205 mem-

559 3259 720 3301 ronas
754 3224 1081 3318 contemptu
1133 3250 1317 3305 saeculi
1352 3224 1557 3306 calcata
1581 3224 1788 3308 -mor‘te
1843 3252 2130 3321 festinam;
2160 3224 2206 3287 ε
2241 3245 2353 3301 bris
2380 3245 2593 3300 fabrica:
2622 3245 2867 3301 sublimis
2893 3245 3166 3316 inspectis,
3195 3254 3551 3315 congruenter
3598 3251 3811 3314 possent

560 3353 732 3409 neque
775 3341 1001 3395 suadere
1058 3341 1305 3397 fidelibus
1350 3358 1635 3412 possumus
1662 3354 1718 3398 ut
1769 3346 2013 3416 conjugis
2052 3347 2135 3402 vel

557 3440 810 3500 parentes
840 3432 1113 3502 abjiciant,
1143 3447 1263 3488 cum
1314 3434 1570 3491 Dominus
1615 3435 1814 3491 clamet
1849 3437 1989 3506 quod
2028 3453 2134 3493 non

558 3524 715 3581 liceat
745 3525 946 3580 homini
975 3526 1243 3583 dimittere
1274 3543 1518 3583 uxorem.
1566 3527 1634 3581 Et
1676 3531 1812 3597 quod
1854 3529 2015 3596 Deus,
2049 3533 2135 3586 in-

557 3617 691 3686 quit,
745 3619 1031 3688 conjunmit,
1084 3621 1234 3671 homo
1265 3636 1366 3673 non
1418 3630 1617 3691 separet
1671 3622 1885 3691 (Matth.
1928 3640 2036 3689 xu,
2066 3626 2134 3688 6;

560 3708 729 3763 Marc.
755 3726 808 3775 x,
837 3710 915 3778 9).
948 3711 1322 3779 EtApostolus
1353 3720 1677 3779 protestatur
1714 3712 1763 3782 (1
1788 3714 1922 3767 Tim.
1978 3730 2032 3779 v,
2079 3716 2136 3787 8)

559 3799 699 3869 quod
726 3800 816 3869 qni
838 3801 950 3854 suis
981 3810 1035 3855 et
1065 3802 1297 3856 maxime
1330 3803 1644 3872 propinquis
1676 3805 1943 3873 providet,
1977 3806 2135 3861 fidem

508 3904 513 3909 '
560 3901 737 3961 neget,
764 3891 942 3960 sitque
971 3892 1211 3947 deterior
1238 3894 1459 3949 iulideli.
1492 3896 1772 3951 Dominum
1804 3898 2013 3966 Petrus,
2040 3900 2138 3956 Pe-

563 3992 702 4038 trum
733 3984 931 4051 conjux
982 3985 1194 4054 propria
1241 3987 1583 4056 sequebatur.
1641 3988 1896 4045 Cessante
1934 3992 2136 4047 carnali

560 4090 679 4140 usu,
708 4075 957 4130 manebat
996 4076 1239 4145 spiritale
1288 4078 1558 4133 solatium.
1627 4081 1692 4135 Et
1747 4082 2037 4138 comitante
2079 4099 2137 4139 se

557 4166 768 4220 Andrea
798 4182 1072 4237 germano,
1100 4183 1198 4223 nec
1230 4168 1447 4224 fratrem
1471 4185 1570 4225 nec
1590 4186 1809 4227 uxorem
1833 4174 2133 4240 dimiserat,

557 4258 609 4313 in
640 4273 865 4328 quorum
916 4261 1268 4316 contubernio
1296 4259 1497 4317 Christi
1526 4265 1768 4334 vestigiis
1803 4267 2132 4322 adhmrebat.

555 4348 893 4420 Quapropter
918 4367 1176 4420 personas
1206 4352 1509 4424 hujusmodi
1553 4370 1659 4411 non
1707 4357 1897 4412 obesse
1955 4360 2131 4426 nobis,

556 4442 650 4495 sed
672 4443 931 4512 impedire
954 4445 1248 4500 timendum
1278 4448 1531 4503 est.Nam
1559 4464 1681 4503 cum
1711 4451 1933 4504 omnino
1963 4451 2137 4505 homi-

557 4548 683 4587 num
716 4536 920 4604 generi,
979 4538 1175 4600 ordini,
1227 4538 1470 4607 dignitati
1524 4540 1872 4596 obtinendum
1917 4541 2137 4597 caeleste

558 4639 777 4694 regnum
805 4626 1024 4682 divinus
1044 4642 1220 4683 sermo
1243 4639 1525 4698 pr0ponat,
1548 4640 1631 4685 est
1656 4633 1971 4688 temerarius
2000 4649 2136 4702 prae-

559 4714 783 4783 dicator,
817 4719 1122 4772 necessitati
1173 4720 1472 4789 principum
1519 4737 1638 4790 qua:
1670 4738 1891 4791 regnum
1939 4722 2134 4778 divinis

560 4806 775 4862 mtibus
829 4809 1185 4877 administrat,
1235 4812 1280 4864 si
1328 4812 1507 4866 omnia
1544 4828 1665 4882 qua:
1713 4828 1873 4888 supra
1902 4813 2133 4869 diximus

560 4900 904 4971 relinquenda
962 4907 1225 4970 suaserit;
1266 4920 1387 4961 cum
1446 4918 1622 4962 tamen
1674 4907 1831 4961 etiam
1889 4909 2134 4977 personis

528 4990 717 5061 .hujus
746 4994 999 5050 culminis
1027 5006 1361 5066 contemptus
1392 4998 1574 5053 mundi
1605 5000 1839 5068 suggeri,
1871 5010 1926 5054 et
1965 5001 2129 5055 caelo-

560 5095 675 5135 rum
698 5098 918 5154 regnum
938 5087 1256 5156 repromitti,
1283 5089 1713 5157 Apostolofsicut
1730 5089 1987 5161 recolitis,
2013 5106 2130 5159 pro-

560 5185 787 5233 testante
823 5176 1174 5249 locupletibus
1202 5181 1251 5252 (Ι
1290 5182 1420 5236 Tim.
1446 5200 1519 5249 vr,
1577 5182 1791 5251 17-19),
1836 5192 1892 5238 ut
1938 5184 2131 5239 divites

558 5268 665 5322 sint
688 5270 740 5322 in
763 5270 1015 5340 Operibus
1040 5271 1215 5338 bonis,
1240 5282 1292 5327 et
1317 5274 1674 5329 thesaurizent
1693 5275 1792 5329 sibi
1821 5274 2131 5329 fundamen-

526 5371 668 5414 ‘tum
698 5362 917 5427 bonum,
955 5353 1439 5435 ut‘apprehendant
1470 5383 1647 5422 veram
1694 5370 1877 5423 vitam.
1928 5370 2131 5436 Quibus

559 5454 846 5509 secundum
876 5458 1011 5512 hanc
1037 5459 1352 5512 sententiam
1382 5475 1625 5529 agrorum
1650 5462 1761 5515 sive
1787 5462 2049 5515 redituum
2078 5471 2133 5516 et

562 5541 815 5608 prodesse
839 5561 969 5601 usus
999 5551 1211 5616 poterit,
1237 5552 1280 5604 si
1306 5566 1409 5604 non
1444 5552 1686 5605 nocuerit
1715 5554 2005 5621 appetitus.
2041 5554 2133 5607 Est

562 5642 740 5687 tamen
793 5644 847 5688 et
880 5638 1022 5692 aliud
1068 5642 1366 5697 sanctitatis
1392 5658 1578 5711 genus,
1621 5645 1671 5697 in
1702 5659 1807 5710 quo
1847 5645 1891 5697 si
1922 5652 2132 5712 tempus

564 5724 948 5789 persecutionis
1003 5730 1258 5797 assistat,
1301 5736 1613 5805 martyrium
1650 5736 1914 5803 quoddam
1972 5737 2129 5805 plena

565 5812 824 5869 tonfessio
844 5826 1002 5887 queat
1027 5818 1243 5876 imitari.
1288 5824 1342 5879 Si
1384 5826 1517 5895 quiS'
1548 5826 1690 5882 enim
1723 5826 1990 5897 antiquam
2024 5842 2124 5897 pa-

2240 3338 2509 3393 ascribere
2529 3338 2792 3393 conditori
2814 3338 2867 3392 in
2892 3338 3298 3408 diSpositionum
3320 3338 3576 3407 qualitate
3596 3336 3809 3405 elegan-

2240 3430 2390 3496 tiam,
2418 3431 2470 3485 in
2493 3445 2848 3500 espensarum
2883 3430 3188 3499 profusione
3210 3430 3494 3500 jacturam,
3528 3430 3579 3482 in
3609 3428 3813 3482 dimen-

2239 3522 2448 3577 sianum
2477 3524 2683 3578 ratione
2704 3524 3069 3588 concordiam,
3090 3524 3142 3578 in
3167 3523 3352 3592 spatiis
3372 3522 3729 3584 dimisionem,
3762 3520 3813 3573 in

2239 3615 2560 3673 culminibus
2603 3615 2977 3672 celsitudinem
2998 3656 3013 3681 ,
3054 3617 3107 3670 in
3138 3615 3439 3669 humilitate
3474 3614 3775 3668 ﬁrmitatem
3796 3650 3810 3676 ,

2241 3710 2481 3780 expolire
2533 3710 2815 3779 praeconiis
2866 3724 3189 3765 marmorum
3239 3708 3571 3778 dignitatem,
3625 3705 3816 3775 quibus

2239 3816 2572 3871 gemmarum
2604 3815 2802 3856 nomen
2828 3800 2944 3855 sola
2989 3798 3370 3869 magnitudinis
3403 3797 3551 3852 tollat
3575 3795 3770 3853 invidia
3797 3836 3813 3862 ,

2240 3894 2524 3947 collectum
2555 3892 2787 3961 quodam
2836 3890 2995 3946 modo
3036 3899 3195 3961 atque
3246 3890 3508 3946 inclusum
3556 3888 3815 3943 industria

2240 3983 2401 4053 diem,
2422 3985 2786 4040 emolumento
2806 3984 3142 4039 metallorum
3166 3984 3559 4052 splendentium
3590 3983 3705 4037 luce
3726 3997 3814 4035 ve-

2238 4078 2437 4148 getari,
2484 4078 2675 4148 hisque
2716 4077 2964 4132 omnibus
3017 4078 3225 4148 pompis
3272 4077 3430 4147 digne
3477 4075 3660 4131 inferri
3692 4074 3812 4129 reli-

2239 4166 2408 4240 quias,
2434 4170 2625 4241 quibus
2648 4169 2879 4226 mundus
2906 4170 3151 4239 indignus
3175 4178 3274 4224 est.
3303 4169 3427 4224 Haec
3456 4169 3616 4237 igitur
3638 4182 3801 4235 exag-

2237 4263 2470 4335 geranda
2517 4264 2825 4320 melioribus
2851 4263 2975 4333 jure
3012 4277 3406 4318 concesseram.
3437 4260 3815 4316 Verumtamen

2237 4356 2565 4425 peculiarem
2596 4356 2699 4410 sibi
2728 4355 3034 4411 mercedem
3064 4369 3218 4408 suam
3262 4368 3441 4408 sermo
3471 4366 3622 4406 meus
3646 4351 3818 4406 fuerat
3904 4391 3913 4405 ρ

2239 4448 2621 4513 vindicaturus,
2653 4448 2895 4501 recolens
2919 4447 3101 4516 utique
3125 4455 3333 4514 tempus
3357 4445 3484 4499 illud
3511 4442 3652 4513 quod
3680 4443 3819 4496 inter
3872 4462 3885 4479 -

2240 4540 2562 4595 srevissimas
2584 4540 3047 4610 perturbationum
3071 4540 3363 4609 procellas,
3394 4553 3513 4592 cum
3536 4538 3657 4592 facti
3686 4552 3818 4605 ape-

2162 4605 2218 4666 Ῑ)
2243 4631 2317 4685 ris
2350 4631 2555 4685 ﬁrmam
2580 4605 2903 4686 soliditatem
2936 4605 3085 4697 quasi
3119 4629 3504 4700 gubernatores
3546 4626 3726 4683 invicti
3752 4625 3817 4679 ad

2243 4722 2593 4779 dedicationis
2614 4733 2829 4792 portum
2853 4721 3409 4776 circumstridenlibus
3435 4719 3667 4788 untdique
3689 4733 3821 4770 nau-

2243 4816 2531 4886 fragiorum
2560 4816 2771 4870 casibus
2816 4816 3034 4885 impune
3061 4815 3318 4880 duxistis,
3351 4829 3457 4877 me,
3492 4824 3546 4867 ut
3577 4828 3642 4868 ex
3672 4827 3821 4867 com-

2241 4910 2389 4964 muni
2443 4910 2761 4964 necessitate
2816 4908 3081 4975 recolitis,
3132 4923 3229 4977 pro
3281 4906 3489 4976 gaudiis
3545 4906 3822 4975 lacrymas

2241 5004 2574 5072 dependente
2598 5017 2613 5058 :
2633 5002 2716 5055 cui
2749 5015 2868 5055 cum
2903 5001 3076 5070 ipsum
3103 5007 3436 5070 prmmaturm
3461 4996 3821 5051 innovationis

2244 5095 2757 5159 ardore,causarum
2798 5095 3008 5147 ratione
3035 5093 3247 5155 librata,
3276 5106 3382 5145 non
3418 5090 3594 5144 minus
3624 5102 3824 5156 conge—

2244 5202 2362 5241 rere
2389 5186 2586 5241 suadeo
2608 5202 2764 5255 quam
2816 5185 3095 5254 plangere:
3128 5183 3249 5252 quia
3281 5197 3386 5235 non
3413 5190 3469 5235 ut
3510 5188 3687 5249 nupta:
3729 5178 3823 5231 tali

2247 5292 2444 5345 sponso
2468 5278 2550 5331 cui
2583 5287 2732 5346 pacta
2781 5275 2972 5341 fuerat,
3016 5274 3451 5343 qualitercunque
3490 5268 3779 5339 jungendzc
3804 5312 3819 5333 ,

2245 5371 2345 5424 etsi
2383 5370 2511 5424 satis
2557 5367 3000 5423 desiderabantur
3045 5372 3339 5419 strumenla
3388 5362 3646 5426 cultuum,
3702 5360 3827 5427 plus

2248 5472 2421 5515 tamen
2473 5460 2745 5513 formidari
2795 5458 3032 5527 oportuit
3086 5458 3193 5511 tela
3224 5466 3519 5524 raptorum.
3557 5451 3827 5518 Quocirca

2244 5551 2327 5604 his
2373 5550 2618 5605 omnibus
2648 5548 2873 5604 consilio
2922 5548 3182 5618 pensatis,
3227 5546 3474 5599 mutastis
3517 5542 3619 5596 viri
3671 5540 3829 5595 fortis

2242 5641 2557 5697 constantia:
2578 5657 2764 5711 genus,
2780 5652 2832 5698 et
2849 5642 3174 5710 deponentes
3195 5655 3299 5709 quo
3318 5637 3621 5707 adpessime
3637 5633 3831 5707 [Forte

2238 5734 2516 5805 aptissime]
2546 5735 2749 5791 ﬂoretis
2784 5735 3059 5790 saecularis
3086 5735 3310 5788 ducatus
3340 5728 3641 5796 audaciam,
3666 5725 3831 5795 quid-

2240 5828 2366 5897 quid
2390 5827 2457 5882 ab
2480 5828 2701 5887 adversa
2736 5836 2884 5899 parte
2910 5825 3232 5883 discriminis
3263 5823 3606 5891 incubuerat,
3632 5818 3835 5880 timore

3702 356 3801 411 584
3895 362 3903 373 ⁸
