4124 6350
337 360 437 417 585

875 361 931 417 S.
975 362 1159 419 AVITI
1201 364 1621 422 FRAGMENTA
1664 369 1838 427 LIBRI
1880 373 1968 427 DE
2010 373 2401 433 DIVINITATE
2440 378 2751 438 SPIIIITUS
2789 383 3049 441 SANCTI.

3487 394 3593 453 586

333 477 553 533 vicistis.
579 480 911 550 Quapropter
938 482 1111 539 omnis
1138 484 1224 552 qui
1257 483 1448 538 viderit
1469 500 1649 540 coram
1679 491 1902 556 positam
1931 496 1984 554 Α
2010 490 2307 547 absentium
2327 504 2581 567 estquam
2597 502 2938 567 praesentium
2956 502 3588 581 ofﬁciiscelebratc(sic).

222 548 227 553 λ
325 548 731 639 jocnnditatcm,
764 548 941 629 laudet
963 548 1285 644 prmteritam
1316 577 1736 635 festinationem.
1769 583 1907 637 Con-

330 660 476 714 venit
502 662 942 732 dispositionibus
968 667 1159 722 vestris
1188 680 1337 737 rapta
1378 670 1444 723 de
1473 669 1797 728 adversitate
1827 689 1908 728 sea.

327 755 545 809 curitas.
580 754 717 812 Ante
734 759 911 813 decuit
937 769 1175 815 nostrum
1201 763 1338 829 fieri,
1364 765 1507 833 quod
1532 766 1707 821 taliter
1736 768 1905 824 libue-

324 854 404 900 rat
427 849 625 903 ornari.
664 850 774 920 Ego
821 861 997 905 autem
1033 863 1091 908 ut
1133 852 1322 908 borum
1355 842 1515 910 modo
1552 859 1756 914 visione
1796 876 1903 916 non

328 942 589 1009 perfruar,
620 954 670 998 et
703 962 820 1013 qua:
848 962 1007 1002 causa
1032 948 1217 1015 faciat,
1262 960 1318 1006 et
1349 952 1555 1007 nobiles
1584 954 1817 1022 patroni,
1849 965 1904 1011 et

320 1037 503 1102 quales
529 1037 737 1105 arbitri,
771 1039 977 1095 etiamsi
1027 1050 1295 1112 taceatur,
1327 1043 1624 1101 advertitis.
1671 1046 1902 1117 Aposto-

324 1128 495 1182 lorum
521 1145 749 1199 namque
771 1131 1030 1188 festivitas
1054 1135 1446 1192 Viennensibus
1466 1139 1681 1209 quidem
1705 1142 1898 1196 vestris

318 1221 457 1277 inter
486 1238 718 1277 annuum
761 1226 1071 1298 martyrium
1103 1228 1216 1283 dies
1258 1231 1509 1298 peculiari
1536 1232 1714 1287 studio
1741 1233 1890 1290 vivit.

314 1313 497 1368 Habeo
549 1318 887 1385 praesentiam
940 1321 1185 1389 tempori,
1230 1337 1337 1392 quo
1391 1323 1496 1378 diei
1525 1326 1788 1393 passionis
1817 1327 1894 1381 fa-

311 1404 531 1460 briculre
560 1424 716 1477 quam
750 1412 919 1465 nostis
964 1412 1177 1467 videtur
1206 1414 1440 1484 injuncta
1485 1430 1604 1471 esse
1624 1416 1891 1474 dedicatio

312 1499 548 1554 virorum
571 1545 584 1568 ,
619 1503 742 1571 quia
775 1504 909 1559 nihil
953 1517 1037 1561 est
1067 1508 1134 1561 ad
1175 1508 1314 1578 quod
1338 1510 1575 1564 animum
1600 1528 1776 1567 meum
1801 1528 1892 1568 ve-

310 1599 421 1644 ster
452 1590 727 1663 destinare
772 1610 877 1651 non
910 1599 1081 1668 possit
1124 1601 1369 1655 allectus.
1413 1601 1690 1658 Excusans
1724 1604 1891 1673 plebi-

310 1681 446 1735 cola)
490 1683 825 1751 absentiam,
858 1703 1030 1743 meam
1077 1700 1461 1760 anteponerem
1516 1695 1893 1750 consuetudini

308 1772 763 1842 singularitatem,
798 1778 923 1843 nisi,
947 1790 1003 1833 ut
1033 1781 1222 1847 nostis,
1272 1784 1323 1837 in
1349 1784 1481 1852 ipsis
1510 1786 1890 1853 ptenitentibus

306 1866 507 1920 nostris
537 1866 715 1921 fervor
742 1879 1000 1939 appetens
1026 1871 1212 1928 vitium
1254 1874 1487 1929 vicinum
1516 1852 1608 1931 diu
1640 1878 1894 1935 formaret
1923 1872 1972 1933 Β
1999 1852 2229 1913 Ρίθηιθδ·

313 1964 472 2024 atque
498 1960 775 2028 strepitum
799 1976 812 2026 ;
842 1975 962 2016 cum
984 1978 1013 2017 e
1043 1965 1240 2019 nostris
1261 1966 1480 2021 ambitio
1501 1968 1730 2035 aliquos,
1753 1970 1887 2025 alios

307 2048 617 2104 sollicitudo
652 2050 1047 2110 adolescentior
1069 2099 1084 2123 ,
1120 2057 1317 2113 multos
1357 2059 1479 2128 gula
1513 2060 1739 2115 tractura
1796 2065 1883 2117 sit.

302 2136 516 2193 Veritus
544 2155 661 2194 sum
690 2158 757 2197 ne
804 2144 942 2199 forte
980 2148 1024 2200 si
1058 2147 1138 2202 vel
1184 2164 1381 2217 paucos
1425 2152 1513 2220 qui
1538 2152 1711 2208 forent
1749 2168 1885 2224 quos

299 2232 475 2287 aliena
531 2233 893 2306 declinantes,
945 2254 1057 2294 suae
1106 2243 1276 2311 magis
1320 2243 1597 2300 festivitati
1645 2246 1880 2303 studium

296 2327 723 2383 mansuetudinis
768 2342 1102 2402 aggregaret,
1153 2336 1291 2403 apud
1322 2336 1528 2407 aliquos
1557 2338 1791 2408 animus,
1824 2349 1884 2396 ut

292 2418 433 2474 solet
458 2418 510 2473 in
534 2420 624 2475 tali
651 2423 969 2489 turbatione,
1000 2434 1174 2482 motus
1193 2427 1277 2482 isti
1297 2430 1446 2498 quasi
1472 2445 1565 2500 per
1585 2412 1880 2488 absentiam

292 2527 491 2577 meam,
541 2528 606 2568 eo
636 2514 725 2570 die
775 2531 965 2573 cursus
1000 2528 1198 2576 nostrre
1248 2521 1549 2579 devotionis
1608 2535 1883 2593 putaretur

292 2602 490 2671 omitti,
522 2619 627 2674 quo
651 2606 876 2662 diversae
917 2619 1095 2679 partes
1126 2612 1443 2668 videbantur
1472 2615 1695 2671 institui.
1728 2618 1881 2675 Unde

292 2699 692 2756 excusationem
724 2719 1012 2761 meremur.
1042 2707 1096 2764 Si
1128 2710 1388 2766 rationem
1420 2712 1518 2768 rite
1566 2717 1877 2785 agnovistis,

290 2790 576 2860 ignoscite,
625 2810 961 2854 communem
994 2800 1335 2859 festivitatem
1377 2809 1770 2876 praeteritorum
1796 2825 1879 2865 re-

288 2884 624 2952 cordatione,
658 2892 997 2956 praesentium
1031 2895 1358 2961 plenitudine
1409 2902 1736 2969 cognoscite,
1771 2912 1875 2957 tam

2011 581 2234 638 Confido
2254 584 2322 641 de
2349 588 2714 646 misericordia
2747 592 2839 648 Dei
2871 595 3037 649 nostri
3081 598 3221 665 quod
3268 600 3428 654 etiam
3461 602 3590 659 mihi

2008 675 2061 729 in
2090 675 2192 731 hoc
2218 680 2337 732 loco
2365 680 2794 753 quandocunque
2817 689 3167 754 opportunius
3194 689 3338 745 verbi
3369 703 3592 761 praesta-

2007 766 2084 821 bit
2113 767 2340 837 aditum,
2365 771 2559 841 quibus
2585 775 2873 843 geminatae
2913 781 3330 839 consecrationis
3355 786 3590 840 ornatio-

2006 874 2119 913 rem
2151 862 2420 917 concessit
2443 863 2713 919 effectum.

2566 976 2897 1034 EPISTULA
2940 982 3026 1036 III.

2076 1104 2231 1142 BEATI
2273 1106 2421 1145 Ανιτι
2462 1105 2694 1147 EPISCOPI
2735 1110 2801 1148 AD
2840 1110 3153 1152 ετερηλκυιι
3195 1116 3508 1158 ΒΡΙεϐοΡυΙί.

2072 1200 2262 1257 Avitus
2286 1203 2569 1273 episcopus
2594 1204 2869 1274 Stephano
2891 1208 3170 1279 episcopo.

2069 1292 2198 1348 Post
2227 1303 2464 1349 sanctam
2496 1295 2872 1365 festivitatem,
2897 1315 3056 1367 quam
3104 1302 3229 1359 licet
3256 1306 3398 1360 avidi
3431 1317 3587 1378 atque

1998 1384 2166 1450 anxii,
2220 1396 2402 1441 vestro
2446 1396 2625 1443 tamen
2676 1389 2976 1446 interventu
3018 1392 3315 1466 divinaque
3366 1400 3587 1456 tuitione

2000 1478 2378 1548 transivimus,
2411 1478 2593 1536 debito
2642 1479 2926 1537 famulatus
2972 1484 3232 1555 obsequio
3282 1503 3345 1542 ac
3386 1489 3585 1546 sedulae

1996 1569 2374 1627 sollicitudinis
2402 1572 2687 1630 devotione
2716 1577 3001 1643 servimus,
3033 1579 3292 1650 quidquid
3334 1582 3460 1637 illud
3488 1599 3585 1638 no-

1997 1659 2204 1714 biscum
2229 1663 2431 1717 meritae
2470 1665 2775 1733 asperitatis
2802 1676 2915 1733 est,
2958 1669 3118 1724 solari
3166 1680 3382 1738 vestrae,
3426 1686 3583 1742 quam

2000 1750 2141 1805 Deus
2196 1766 2411 1822 semper
2460 1766 2686 1825 augeat,
2742 1760 3118 1827 prosperitatis
3170 1763 3441 1832 agnitione
3485 1780 3581 1819 cu-

2564 1939 2897 1996 EPISTOLA
2935 1942 3022 1996 IV.

2168 2063 2303 2101 AV’ITI
2347 2065 2573 2105 EPISCOPI
2614 2069 2681 2106 AD
2731 2068 3033 2109 GREGORIUII
3075 2070 3381 2111 EI'ISCOPUM.

2060 2162 2245 2217 Avitus
2275 2164 2560 2235 episcopus
2590 2167 2852 2239 Gregorio
2879 2172 3155 2241 episcopo.

1994 2238 1997 2239 7
2059 2253 2193 2309 Meis
2224 2256 2401 2323 potius
2422 2257 2636 2314 ascribo
2667 2238 2927 2329 peccatis,
2967 2238 3108 2333 quod
3138 2280 3233 2319 vos
3261 2266 3326 2321 ad
3354 2268 3579 2339 ἀίενοδίο

1991 2347 2189 2402 tionem
2220 2349 2472 2419 piissimae
2512 2353 2801 2409 voluntatis
2832 2338 3076 2427 corporis
3116 2338 3447 2429 inaequalitas
3473 2364 3577 2418 im-

1990 2438 2209 2506 pedivit,
2241 2456 2548 2513 quanquam
2583 2455 2841 2501 consueta
2872 2446 3112 2517 dignatio
3140 2450 3379 2505 oratione
3403 2468 3500 2508 nos
3521 2463 3576 2510 et

1988 2530 2260 2587 oblatione
2300 2535 2550 2590 comitata
2603 2539 2690 2591 sit.
2723 2536 2875 2592 Unde
2906 2538 3245 2595 salutationis
3273 2542 3444 2597 officia
3474 2559 3567 2613 pa-

1984 2622 2107 2694 gina
2134 2622 2424 2682 famulante
2458 2628 2788 2699 persolvens,
2824 2644 2985 2700 supra
3013 2647 3171 2701 quam
3203 2640 3454 2690 sertnone
3482 2651 3576 2691 va-

1986 2715 2074 2771 leo
2098 2718 2298 2788 gratias
2322 2734 2443 2789 ago,
2472 2720 2614 2791 quod
2647 2721 2994 2777 festivitatem
3019 2732 3255 2780 nostram
3289 2725 3448 2795 pleno
3475 2742 3572 2783 vos

1984 2808 2252 2865 desiderio
2307 2812 2600 2879 sitie'ntem,
2631 2813 2790 2870 etiam
2832 2816 2876 2871 si
2921 2831 3026 2872 non
3055 2819 3288 2875 satiastis
3333 2833 3571 2889 przesen-

1984 2906 2075 2970 tia,
2111 2906 2373 2963 refecistis
2396 2924 2651 2979 expensa.

358 3084 3558 3129 -——————________h__________

501 3246 525 3274 ⁸
560 3252 1169 3335 FRAGMENTA
1223 3261 1486 3338 LIBRI
1543 3262 1669 3337 DE
1722 3264 2318 3344 DIVINITATE
2380 3271 2841 3349 SPIBITUS
2893 3274 3279 3355 SANCTI.
3543 3343 3552 3377 ,
3597 3328 3600 3332 λ

1622 3482 2171 3509 ἰ--ή-ι-

365 3670 591 3727 Sanctus
621 3674 795 3728 Avitus
821 3675 873 3727 in
905 3675 995 3729 illo
1025 3677 1152 3730 libro
1173 3692 1320 3746 quem
1357 3681 1419 3733 de
1446 3681 1725 3737 Divinitate
1755 3686 1876 3755 Spi-
1904 3687 1950 3750 C
1983 3702 2087 3741 non
2117 3687 2345 3745 dicendo
2375 3694 2639 3761 processit,
2668 3696 2764 3749 sed
2791 3696 3040 3766 procedit,
3068 3712 3175 3753 non
3210 3708 3418 3771 tempus
3445 3720 3569 3773 pro-

284 3764 417 3817 ritus
443 3767 605 3818 sancti
636 3775 813 3820 contra
835 3766 1210 3823 Gundobadum
1251 3774 1501 3827 Arianum
1550 3791 1717 3847 regem
1740 3777 1871 3831 scri-

285 3856 410 3925 psit,
445 3858 816 3925 processionem
848 3860 1074 3930 Spiritus
1119 3864 1283 3917 sancti
1309 3881 1341 3917 a
1370 3864 1528 3919 Patre
1557 3876 1604 3921 et
1629 3868 1771 3922 Filio
1799 3870 1872 3923 ita

285 3954 535 4008 declarat.

262 4052 297 4091 ι·
359 4044 387 4083 δ
412 4046 489 4100 De
519 4046 797 4104 divinitate
840 4050 1071 4119 Spiritus
1113 4052 1305 4119 sancti,
1336 4067 1495 4123 quem
1529 4068 1629 4108 nec
1674 4055 1870 4109 factum

283 4136 542 4208 legimus,
573 4155 670 4195 nec
700 4142 957 4210 genitum,
986 4156 1087 4196 nec
1116 4153 1378 4209 creatum,
1424 4144 1565 4198 Deus
1594 4153 1697 4212 est,
1732 4145 1873 4201 Deus

282 4232 378 4300 qui
424 4243 678 4301 operatur
724 4236 901 4288 omnia
954 4236 1005 4289 in
1056 4235 1325 4290 omnibus.
1357 4236 1424 4291 Et
1460 4238 1653 4293 eodem
1712 4239 1867 4294 loco:

284 4324 477 4378 Omnia
505 4336 673 4380 autem
696 4326 803 4381 hwc
826 4339 1066 4397 operatur
1086 4345 1219 4383 unus
1248 4337 1397 4399 atque
1435 4331 1569 4384 idem
1600 4330 1829 4402 Spiritus
1850 4372 1867 4399 ,

280 4418 516 4470 dividens
544 4418 759 4487 singulis
790 4429 943 4487 prout
974 4420 1078 4472 vult
1106 4418 1157 4489 (Ι
1182 4420 1299 4474 Cor.
1330 4426 1424 4485 x'tt,
1451 4421 1559 4493 II).
1594 4422 1660 4476 Et
1681 4422 1873 4478 Petrus

279 4510 339 4562 in
374 4508 597 4563 Actibus
625 4512 989 4580 apostolorum
1019 4528 1032 4566 :
1075 4512 1213 4577 Quid
1242 4514 1495 4578 convenit,
1520 4515 1716 4585 inquit,
1741 4517 1871 4570 inter

276 4620 372 4659 vos
403 4604 603 4657 mentiri
639 4604 860 4670 Spiritui
880 4614 1057 4657 sancto
1082 4606 1220 4675 (Act.
1246 4622 1299 4672 v,
1324 4605 1381 4677 5)
1405 4608 1427 4655 2
1462 4606 1528 4661 Et
1556 4617 1675 4675 post
1703 4626 1713 4660 :
1746 4607 1869 4662 Non

274 4714 332 4752 es
368 4697 604 4749 mentitus
637 4697 943 4762 hominibus,
987 4700 1074 4750 sed
1110 4698 1214 4753 Deo
1261 4697 1450 4767 (Ibid.,
1497 4699 1575 4769 4).
1611 4700 1737 4755 Item
1764 4702 1871 4757 alio

272 4789 401 4843 loco
429 4806 441 4840 :
470 4787 694 4842 Nescitis
718 4789 837 4858 quia
859 4788 1103 4857 templum
1139 4787 1234 4843 Dei
1258 4792 1392 4853 estis,
1436 4802 1483 4844 et
1510 4792 1745 4869 Spiritus
1775 4794 1871 4848 Dei

270 4881 478 4935 habitat
504 4881 557 4934 in
586 4881 720 4935 vobis
751 4879 805 4951 (Ι
823 4881 939 4936 Cor.
968 4897 1049 4945 Ill,
1078 4881 1167 4950 16)
1186 4883 1207 4935 ?
1227 4884 1294 4937 Et
1322 4884 1447 4939 alibi
1472 4901 1487 4939 :
1522 4885 1582 4940 Si
1609 4887 1721 4955 quis
1744 4886 1868 4955 Spi-

266 4977 435 5029 ritum
468 4974 561 5028 Dei
587 4991 689 5028 non
712 4974 882 5041 habet,
924 4975 1007 5028 hic
1036 4992 1137 5029 non
1167 4987 1239 5030 est
1268 4978 1379 5044 eius
1412 4976 1589 5047 (Rom.
1643 4995 1754 5043 vm,
1782 4977 1861 5049 9).

1980 3780 2220 3835 cedentis
2248 3782 2449 3849 docuit,
2479 3786 2573 3841 sed
2620 3788 2890 3856 praeterito
2943 3788 3228 3861 luturoque
3271 3794 3521 3852 submoto
3546 3839 3563 3868 ,
3660 3844 3665 3849 .

1978 3873 2077 3928 sub
2105 3874 2511 3932 interminabilis
2534 3880 2831 3935 aeternitate
2854 3884 3155 3951 praesentia:
3176 3885 3426 3943 virtutem
3448 3904 3566 3957 pros

1978 3966 2241 4021 cessionis
2292 3971 2565 4035 ostendit;
2620 3980 2680 4026 ut
2723 3972 2862 4028 sicut
2905 3984 2988 4029 est
3020 3978 3292 4046 proprium
3346 3980 3567 4051 Spiritui

1980 4070 2168 4113 sancto
2193 4075 2219 4113 a
2253 4061 2413 4117 Patre
2451 4064 2694 4134 Filioque
2745 4069 3039 4137 procedere
3062 4112 3076 4136 ,
3116 4072 3253 4126 iStud
3306 4076 3567 4131 catholica

1980 4148 2135 4216 fides,
2166 4150 2375 4205 etiamsi
2407 4154 2754 4210 renuentibus
2795 4174 2900 4211 non
2932 4159 3313 4229 fpersuaserit,
3359 4164 3411 4217 in
3454 4180 3566 4219 suae

1978 4250 2155 4297 tamen
2188 4244 2484 4314 disciplinae
2520 4247 2699 4315 regula
2731 4264 2840 4304 non
2867 4250 3100 4309 excedit.

2582 4395 2711 4434 I'I'El
2753 4396 2960 4437 AVITUS.

2046 4512 2298 4582 Spiritum
2328 4523 2575 4571 sanctum
2606 4530 2759 4587 aeque
2797 4518 2968 4573 Patris
2996 4527 3050 4574 et
3096 4519 3216 4574 Filii
3246 4533 3367 4576 esse
3392 4523 3561 4576 confi-

1975 4612 2116 4669 teor,
2148 4620 2379 4675 eumque
2407 4620 2437 4659 a
2468 4606 2624 4661 Patre
2653 4608 2741 4663 vel
2772 4608 2907 4664 Filio
2931 4610 3178 4665 similiter
3206 4612 3341 4666 mitti
3377 4630 3387 4664 :
3418 4614 3560 4683 quod

1974 4712 2183 4752 mecum
2238 4699 2439 4767 prolata
2480 4714 2692 4770 quoque
2746 4701 2989 4770 Apostoli
3040 4705 3305 4758 sententia
3353 4705 3563 4760 videtur

1973 4791 2316 4859 approbasse.
2368 4792 2499 4847 Nam
2544 4794 2808 4863 legimus:
2846 4796 3171 4863 Paraclitus,
3210 4815 3360 4865 quem
3401 4800 3562 4855 mittet

1977 4881 2138 4935 Pater
2164 4885 2217 4936 in
2248 4885 2451 4939 nomine
2496 4902 2607 4939 meo
2633 4886 2826 4957 (Joan.
2876 4903 2984 4954 xw,
3016 4888 3133 4959 26).
3166 4889 3231 4943 Et
3256 4890 3362 4947 alio
3395 4892 3512 4946 loco
3544 4908 3559 4948 :
3620 4916 3634 4969 ς

1976 4974 2137 5039 Quem
2166 4992 2258 5044 ego
2287 4978 2485 5031 mittam
2526 4980 2665 5033 vobis
2695 4995 2727 5031 a
2768 4978 2925 5033 Patre
2949 4979 3130 5051 (Joan.
3160 4998 3248 5048 xv,
3296 4984 3410 5051 26).
3454 4983 3561 5040 Nec
3609 4976 3623 5084 δ’

264 5068 390 5124 Nos
415 5082 549 5123 vero
574 5067 832 5139 Spiritum
855 5077 1096 5123 sanctum
1133 5069 1362 5124 dicimus
1386 5084 1414 5123 a
1448 5070 1584 5126 Filio
1614 5079 1669 5126 et
1708 5072 1867 5127 Patre
1892 5068 1948 5129 D
1974 5076 2148 5124 tamen
2174 5080 2230 5124 ut
2274 5086 2442 5139 nuper
2496 5071 2672 5127 habita
2713 5072 3074 5129 collocutione
3109 5085 3130 5113 ε
3174 5075 3519 5130 tractavimus
3540 5116 3559 5143 ,

265 5160 596 5233 procedere.

642 5249 763 5287 IDEM
803 5247 993 5288 AVITUS
1031 5249 1080 5287 IN
1113 5248 1283 5288 EODEM
1326 5250 1501 5289 ωηο.

343 5345 468 5414 Ipse
487 5353 634 5401 certe
662 5359 755 5415 per
775 5360 833 5399 se
868 5346 1141 5413 Dominus,
1178 5344 1453 5414 Spiritum,
1486 5346 1675 5417 inquit,
1728 5349 1860 5401 veri-

258 5439 397 5492 tatis
418 5438 505 5509 qui
533 5454 567 5490 α
601 5436 758 5491 Patre
806 5439 1031 5507 procedit
1072 5436 1247 5506 (Joan.
1294 5454 1380 5503 xv,
1414 5436 1527 5507 26).
1570 5440 1853 5495 Enimvero

339 5732 369 5759 ει
398 5722 487 5778 Vir
507 5721 715 5778 clariss.
738 5721 1041 5791 Stephanus
1057 5721 1300 5778 Baluzius
1324 5722 1374 5776 in
1402 5723 1692 5778 Miscellan.
1715 5724 1802 5779 lib.
1840 5741 1851 5778 l

243 5796 287 5853 ιι
313 5810 385 5848 uc
420 5794 714 5863 fragmenta
742 5794 905 5847 edidit
935 5809 1001 5847 ex
1036 5795 1202 5848 veteri
1233 5794 1416 5850 codice
1448 5809 1551 5850 ms.
1586 5806 1853 5857 monaste-

241 5868 319 5930 rii
359 5867 544 5927 Sancti
579 5866 714 5922 Galli
753 5867 804 5921 in
836 5864 1097 5923 Helvetia.

1972 5166 2235 5220 scinditur
2261 5182 2365 5221 nna
2398 5181 2745 5235 personarum
2775 5168 3098 5224 discretione
3121 5169 3401 5223 Divinitas.
3424 5167 3556 5233 Quia
3601 5161 3613 5195 ⁸

1969 5257 2014 5311 si
2044 5257 2295 5327 Spiritus,
2326 5268 2384 5311 ut
2413 5259 2783 5329 acquiescitis,
2816 5276 2846 5313 a
2873 5260 3031 5315 Patre
3058 5260 3300 5330 Filioque
3330 5258 3412 5311 vel
3438 5257 3556 5311 mit-
3600 5258 3619 5299 '-

1972 5351 2099 5406 titur
2152 5355 2234 5407 vel
2284 5353 2542 5422 procedit,
2598 5370 2703 5409 non
2759 5365 2935 5425 potest
2988 5356 3185 5409 missus
3232 5354 3555 5421 mittensqne

1970 5444 2202 5508 misceri,
2234 5452 2288 5499 et
2317 5460 2380 5501 ex
2411 5461 2518 5515 quo
2560 5448 2802 5519 procedit
2829 5446 3231 5517 procedensque
3271 5441 3550 5499 confundi.

2036 5728 2061 5767 ι)
2099 5730 2226 5811 Χίιιθ
2254 5747 2410 5811 supra
2446 5734 2637 5787 Alcnni
2660 5744 2879 5811 operum
2903 5731 3199 5800 fragmenta
3224 5746 3370 5797 num.
3400 5733 3487 5798 I5.

2038 5802 2169 5867 °_Ea
2195 5804 2406 5860 collatio
2428 5814 2510 5863 est
2541 5818 2657 5880 quis
2682 5802 2939 5877 sequitur.
