4124 6350
508 360 603 419 591

1206 348 1294 402 ΔΙ)
1330 339 1843 401 SIRMONDIANAM
1885 336 2066 395 AVITI
2109 335 2483 392 EDITIONEM
2524 331 2929 389 AUCTAIlIUM

3677 324 3785 381 392

512 474 613 541 Qui
658 484 778 528 cum
833 468 1038 524 videret
1086 476 1271 535 eorum
1322 459 1615 522 silentium,
1658 455 1937 525 subiunxit
1975 469 1991 507 :
2033 452 2088 507 Si
2118 457 2169 518 Α
2195 461 2432 523 pturam,
2464 466 2582 518 qua:
2616 451 2685 503 sit
2729 446 2915 501 fortior
2942 444 3196 499 omnibus
3234 441 3537 512 praestigiis,
3666 438 3787 493 btec

514 530 675 625 vestri
698 580 803 619 non
827 566 1048 632 possunt
1072 530 1401 625 respondere
1422 548 1953 611 rationibusuostris,
1970 544 2097 615 quid
2201 560 2415 629 semper
2444 551 2768 611 repetentes,
2792 548 2846 593 et
2862 539 3085 592 boantes
3109 536 3281 632 potius
3303 548 3459 632 quam
3483 530 3787 585 vociferan-

432 684 450 743 ι
517 660 692 714 obstat
721 669 817 709 cur
847 666 952 706 nou
989 662 1177 703 omnes
1218 645 1375 701 simul
1401 642 1788 698 conveniamus
1818 640 1869 693 in
1914 637 2100 692 eadem

518 748 655 804 fide?
684 745 831 798 Tunc
851 737 1306 795 murmurantibus
1338 735 1466 800 illis,
1492 734 1560 787 de
1606 747 1699 786 sua
1740 730 1844 784 ﬁde
1875 742 2097 783 securus

519 839 574 892 in
606 833 829 890 Domino
848 829 1091 885 addidit:
1131 827 1188 884 Si
1225 827 1463 881 rationes
1498 833 1695 879 nostra:
1744 836 1850 875 non
1884 827 2108 889 possunt

521 927 639 983 illos
663 912 998 985 convincere,
1034 937 1139 973 nou
1164 918 1353 974 dubito
1370 918 1497 984 quin
1524 916 1667 970 Deus
1684 913 1841 968 ﬁdem
1868 920 2112 967 nostram

522 1015 779 1073 miraculo
808 1013 1091 1067 conﬁrmet
1115 1026 1129 1063 :
1161 1010 1351 1079 jubeat
1388 1007 1689 1061 sublimitas
1708 1016 1882 1059 veSIra
1911 1012 1969 1059 ut
1998 1012 2104 1057 tam

525 1108 603 1164 illi
630 1121 790 1178 quam
815 1120 913 1160 nos
933 1117 1117 1159 eamus
1145 1102 1211 1156 ad
1235 1100 1538 1170 sepulcrum
1572 1098 1801 1152 hominis
1824 1096 1915 1151 Dei
1945 1095 2104 1160 Justi,

529 1210 582 1257 et
604 1202 996 1266 interrogemus
1026 1195 1172 1249 illum
1204 1193 1271 1248 de
1294 1200 1473 1247 nostra
1498 1189 1636 1253 ﬁde;
1660 1189 1902 1244 similiter
1924 1197 1979 1242 et
2006 1187 2110 1241 Bo-

529 1289 752 1345 nifacius
774 1286 841 1341 de
869 1300 997 1340 sua:
1019 1293 1072 1341 et
1097 1284 1355 1339 Dominus
1386 1280 1749 1352 pronuntiabit
1771 1295 1864 1349 per
1885 1293 1946 1332 os
1967 1276 2108 1333 servi

530 1377 612 1435 sui
642 1379 697 1433 in
716 1378 905 1447 quibus
934 1376 1287 1444 complaceat.
1338 1373 1451 1427 liex
1475 1372 1736 1427 attonitus
1777 1384 2014 1425 annuere
2038 1369 2119 1423 vi-

533 1472 789 1535 debatur;
830 1469 925 1524 sed
965 1468 1254 1523 inclamare
1284 1475 1563 1535 eruperunt
1605 1464 1811 1529 Ariani,
1842 1471 1897 1519 et
1942 1462 2121 1518 dicere

534 1579 596 1620 se
633 1578 728 1634 pro
753 1560 858 1616 ﬁde
888 1575 982 1615 sua
1015 1559 1402 1616 manifestanda
1432 1559 1607 1614 facere
1650 1557 1795 1613 nolle
1828 1566 1885 1611 ut
1923 1556 2124 1611 fecerat

539 1653 689 1719 Saul,
720 1662 776 1707 et
804 1652 925 1706 ideo
950 1650 1263 1705 maledictus
1292 1652 1495 1713 fuerat;
1520 1658 1612 1703 aut
1636 1661 1915 1703 recurrere
1942 1645 2008 1699 ad
2036 1643 2121 1699 iu-

537 1745 865 1801 cautatioues
894 1751 949 1798 et
972 1742 1187 1807 illicita;
1216 1742 1463 1797 sufﬁcere
1502 1742 1603 1796 sibi
1632 1755 1692 1796 se
1731 1739 1929 1794 habere
1967 1736 2117 1793 Scri-

2202 643 2319 700 tes,
2354 622 2590 702 rex,qui
2630 632 2739 700 jam
2791 636 3118 693 surrexerat,
3156 622 3428 694 accipiens
3463 636 3559 691 per
3596 634 3790 676 manus

2202 726 2460 780 domuum
2492 723 2819 791 Stephanum
2851 728 2905 773 et
2934 719 3188 773 domuum
3229 717 3467 779 Avitum,
3508 713 3659 766 duxit
3693 724 3793 766 eos

2209 830 2377 887 usque
2404 813 2471 868 ad
2495 812 2793 868 cubiculum
2824 799 3013 873 suum;
3035 816 3233 862 etcum
3258 806 3482 860 intraret
3507 802 3793 872 amplexus

2214 918 2297 963 est
2322 921 2441 972 eos,
2473 905 2658 959 dicens
2689 912 2746 957 ut
2772 907 2993 955 orarent
3034 912 3131 968 pro
3153 912 3241 953 eo.
3272 896 3648 964 Cognoveruut
3674 892 3796 962 qui-

2212 1000 2337 1054 dem
2368 997 2443 1052 illi
2475 995 2877 1065 perplexitatem
2907 1000 2963 1047 et
2996 989 3270 1060 angustias
3307 986 3483 1042 cordis
3511 986 3652 1054 ejus,
3695 984 3795 1037 sed

2214 1091 2337 1161 quia
2397 1087 2555 1143 Pater
2592 1099 2715 1140 eum
2761 1098 2869 1137 non
2916 1088 3152 1136 traxerat
3182 1077 3373 1149 (Joan.
3417 1091 3485 1141 vr,
3516 1073 3642 1142 μ),
3690 1088 3795 1128 non

2216 1180 2388 1251 potuit
2414 1177 2597 1233 venire
2625 1175 2691 1229 ad
2723 1174 2936 1239 Filium,
2968 1180 3027 1226 ut
3050 1170 3249 1225 veritas
3284 1167 3632 1236 impleretur:
3674 1165 3800 1217 Non

2214 1284 2291 1329 est
2310 1272 2542 1339 volentis,
2570 1285 2728 1336 neque
2749 1267 3055 1337 festinantis,
3079 1263 3168 1317 sed
3191 1252 3467 1315 miserentur
3492 1258 3588 1311 Dei
3615 1258 3800 1328 (flant.

2218 1380 2297 1430 tx,
2331 1363 2439 1432 l6).
2472 1362 2538 1417 Et
2563 1375 2631 1416 ex
2656 1373 2719 1414 ea
2740 1358 2829 1413 die
2874 1355 3085 1425 plurimi
3117 1353 3298 1408 Ariani
3336 1350 3401 1403 ad
3430 1350 3803 1419 paenitentiam

2222 1462 2505 1519 venerunt,
2534 1462 2587 1507 et
2620 1459 2739 1520 post
2778 1449 2981 1518 aliquot
3020 1447 3136 1502 dies
3181 1443 3432 1511 baptizati
3484 1442 3719 1503 fuerunt,
3750 1447 3809 1493 et

2224 1544 2580 1616 magniﬁcavit
2605 1541 2860 1597 Dominus
2886 1538 3046 1593 ﬁdem
3076 1544 3314 1591 nostram
3343 1548 3439 1602 per
3466 1531 3809 1587 intercessio-

2226 1652 2349 1694 nem
2372 1635 2555 1693 domui
2581 1634 2715 1688 Justi
2748 1634 2800 1686 itt
2826 1638 3117 1699 conspectu
3142 1627 3401 1682 omnium.

540 1838 3750 1877 ____________________________________________._____

718 1966 1233 2073 SYMMACHI
1308 1967 1579 2045 PAPJE
1654 1967 1785 2042 AD
1867 1958 2263 2039 AVITUM
2342 1950 2989 2034 VIENNENSEM
3050 1943 3613 2025 EPISCOPUM

1890 2101 2475 2188 EPISTOLA.

1355 2246 1531 2318 (Hanc
1556 2246 1819 2315 epistolam
1842 2243 2047 2298 edemus
2065 2254 2178 2293 cum
2207 2246 2253 2292 et
2281 2231 2577 2308 Symmachi
2603 2245 2753 2301 papa:
2778 2230 2977 2299 apem.)

541 2379 1637 2406 Μ

2418 2347 3793 2382 M

2246 2373 2395 2385 δ’..

1443 2509 1899 2625 SERMO
1988 2502 2399 2617 BEATl
2492 2495 2940 2634 AVlTl,

1581 2704 1786 2759 FEBIA
1828 2698 2082 2755 TERTIA
2120 2697 2188 2752 IN
2227 2690 2751 2751 ROGATIONIBUS.

1745 2838 1846 2905 (Ex
1875 2852 2003 2893 mss.
2036 2834 2256 2904 majoris
2276 2831 2622 2901 Carthttsitc.)

630 3074 878 3144 Legimus
915 3072 969 3125 iu
1020 3071 1238 3127 historia
1281 3073 1482 3142 Regum
1532 3073 1815 3144 quemdam
1868 3076 2133 3133 celebrem
2164 3080 2211 3140 Β
2240 3084 2481 3144 tempore
2531 3070 2905 3141 ptenitentiam
2957 3071 3135 3136 debet,
3184 3087 3288 3127 non
3341 3078 3531 3133 renuat
3573 3070 3812 3127 triduum

557 3166 957 3241 prophetarum,
983 3148 1186 3234 exiguo.
1197 3166 1412 3234 superni
1446 3175 1630 3236 pastus
1652 3167 1925 3234 alimento,
1955 3168 2135 3222 multis

556 3259 746 3316 diebus
789 3259 890 3313 iter
940 3257 1311 3327 longissimum
1353 3257 1469 3311 sine
1516 3258 1621 3311 ullo
1660 3259 1984 3315 adminiculo
2035 3260 2138 3315 cibi

562 3353 838 3410 terrestris
857 3352 1059 3421 egisse;
1094 3350 1228 3406 adeo
1262 3349 1425 3405 divini
1459 3350 1704 3406 beneﬁcii
1732 3354 1900 3406 virtus
1938 3353 1988 3406 in
2020 3368 2140 3407 cor-

561 3459 694 3516 pore
719 3443 951 3498 humano
973 3450 1304 3512 sequestrata
1327 3441 1634 3496 infirmitate
1664 3444 1959 3512 praevaluit.
1983 3442 2141 3498 Com-

559 3536 765 3607 paratio
794 3544 969 3589 autem
998 3532 1158 3587 modo
1190 3534 1303 3587 haec
1345 3533 1399 3586 in
1425 3548 1676 3588 sermone
1714 3549 1817 3589 nou
1849 3549 2007 3589 causa
2038 3545 2139 3589 est.

560 3629 651 3686 Sic
667 3642 795 3699 ergo
813 3628 973 3683 etiam
1007 3627 1160 3681 nobis
1184 3642 1419 3680 annuum
1443 3626 1709 3694 quoddam
1730 3629 1832 3682 iter
1850 3630 2139 3694 actionum,

563 3708 807 3785 casuum,
827 3719 1079 3774 timorum
1102 3716 1420 3773 diversitate
1438 3718 1794 3781 currentibus,
1812 3717 2026 3789 quidam
2053 3719 2142 3789 qui

564 3812 822 3868 nosinter
845 3810 944 3864 ista
973 3809 1238 3862 confortet
1275 3809 1630 3878 Rogatiouum
1657 3810 1818 3863 veluti
1848 3796 1987 3865 cosio
2017 3825 2143 3880 por-

568 3911 746 3957 rectus
767 3899 997 3953 sumitur
1020 3898 1171 3966 panis
1197 3914 1210 3951 :
1235 3898 1386 3965 cujus
1409 3898 1662 3951 fortitudo
1684 3908 1840 3968 atque
1860 3899 2145 3955 salubritas

568 4006 675 4047 nou
724 3990 895 4044 solum
935 3988 1171 4057 inopiam
1214 3988 1497 4058 praeterita:
1540 3990 1834 4044 sterilitatis
1879 3991 2143 4060 suppleat,

568 4095 751 4139 verum
790 4080 954 4135 etiam
990 4080 1287 4149 periculum
1320 4081 1473 4134 famis
1501 4080 1569 4135 ab
1598 4082 1785 4150 Spiritu
1817 4090 2001 4136 nostro
2040 4098 2147 4137 non

572 4176 627 4230 in
655 4187 792 4244 pane
819 4172 957 4240 solo,
977 4170 1069 4225 sed
1103 4171 1155 4225 in
1182 4170 1347 4225 verbo
1366 4171 1462 4247 Dei
1486 4172 1696 4226 vivente
1724 4172 2147 4240 secludat.Quod

570 4268 617 4323 si
642 4266 923 4337 quisquam
955 4264 1279 4333 Rogationes
1309 4274 1495 4317 nostro
1524 4267 1721 4318 saeculo
1750 4265 2022 4321 institutas
2044 4266 2145 4321 mi-

573 4368 741 4424 retur,
768 4373 901 4428 quas
932 4357 1093 4410 tantis
1120 4365 1244 4409 ante
1276 4357 1604 4425 temporibus
1626 4357 1986 4412 Ecclesiarum
2016 4359 2151 4413 mul-

2242 3165 2395 3233 Quod
2424 3164 2587 3219 etiam
2615 3164 2774 3230 pleno
2800 3162 2990 3219 ordine
3015 3171 3176 3233 atque
3196 3162 3403 3234 digesto
3419 3163 3695 3232 prophetia
3712 3178 3836 3233 qua

2241 3258 2378 3313 lecta
2411 3266 2516 3321 est,
2546 3256 2592 3310 si
2624 3253 2879 3325 gradibus
2915 3256 3025 3310 suis
3054 3256 3363 3325 replicetur,
3399 3255 3656 3323 insinuat,
3687 3256 3768 3311 sic
3806 3272 3838 3310 a

2243 3346 2510 3417 principio
2540 3346 2807 3401 sermonis
2834 3360 3074 3401 exorsa:
3114 3345 3250 3412 Vos,
3291 3346 3482 3416 inquit,
3524 3348 3730 3416 cognovi
3770 3360 3843 3401 ea

2244 3440 2473 3494 omnibus
2505 3438 2891 3509 cognationibus
2923 3449 3071 3494 terra:
3090 3439 3267 3511 (Amos
3295 3455 3374 3504 ttt,
3404 3439 3485 3508 2).
3530 3438 3628 3495 Hic
3656 3440 3841 3494 statim

2245 3548 2305 3588 se
2352 3532 2665 3587 Judmorum
2714 3532 2963 3601 p0pulus,
3013 3532 3063 3586 in
3111 3531 3394 3601 quamdam
3444 3531 3684 3601 rapinam
3728 3546 3841 3585 nou

2246 3641 2451 3690 amore,
2480 3625 2572 3680 sed
2610 3625 2901 3680 ambitione
2928 3624 3246 3695 praecipitat,
3278 3635 3335 3678 ut
3356 3624 3422 3678 ad
3452 3623 3649 3680 divina:
3679 3624 3844 3679 fami-

2252 3717 2498 3775 liaritatis
2553 3716 2797 3773 notitiam
2846 3732 2957 3789 pra;
3013 3718 3261 3773 omnibus
3315 3716 3559 3773 videatur
3614 3718 3845 3772 ascitus.

2250 3811 2355 3867 Sed
2387 3810 2611 3865 desistat
2636 3810 2758 3864 hinc
2779 3810 3153 3881 opportunitas
3180 3808 3551 3879 obstrependi,
3582 3808 3704 3879 quia
3737 3823 3845 3879 po.

2249 3902 2354 3955 tius
2385 3901 2482 3955 sub
2510 3900 2709 3970 judicio
2738 3900 2965 3954 rationis
2991 3898 3018 3937 δ
3050 3899 3118 3954 de
3170 3900 3493 3969 proprietate
3529 3914 3846 3955 sermonum

2251 4007 2530 4048 causarum
2555 4001 2701 4047 certa
2726 3991 2994 4047 metienda
3021 3998 3167 4046 sunt.
3193 3990 3298 4044 Vos
3322 3991 3556 4062 cognovi,
3577 4004 3682 4045 nou
3703 3991 3852 4045 dixit

2250 4085 2391 4138 Inter
2412 4097 2619 4147 omnes,
2649 4082 2743 4137 sed
2768 4082 2852 4135 Ex
2873 4082 3105 4137 omnibus
3130 4082 3514 4152 cognationibus
3543 4091 3711 4136 terra.
3736 4081 3849 4149 Qui

2253 4186 2376 4229 sunt
2398 4184 2572 4229 autem
2596 4176 2684 4243 qui
2710 4173 3056 4242 acquiruutur
3068 4188 3140 4227 ex
3162 4172 3411 4227 omnibus
3429 4172 3852 4243 cognationibus

2255 4277 2410 4323 terra:
2426 4308 2440 4328 .
2461 4268 2559 4321 nisi
2577 4266 2665 4335 qui
2685 4265 2751 4319 ab
2772 4266 3118 4321 universitate
3132 4265 3369 4335 gentium
3389 4266 3441 4320 in
3461 4280 3624 4321 unum
3641 4264 3856 4322 redacti

2256 4361 2390 4415 ﬁunt
2418 4375 2487 4414 ex
2515 4358 2739 4414 diversis
2765 4358 2946 4412 mundi
2975 4358 3219 4429 partibus
3248 4372 3387 4413 unus
3415 4357 3664 4427 populus,
3696 4366 3749 4412 et
3780 4358 3859 4412 de

575 4450 747 4504 titudo
796 4449 1041 4525 nescivit,
1092 4455 1302 4501 constat
1352 4447 1491 4501 hunc
1543 4462 1701 4516 posse
1745 4458 1799 4503 et
1845 4451 2157 4506 muneribus
2184 4456 2229 4519 C
2264 4454 2445 4508 multis
2475 4451 2729 4506 membris
2748 4452 2847 4504 sub
2867 4450 3081 4505 Christo
3100 4450 3276 4518 capite
3298 4464 3459 4503 unum
3482 4463 3678 4517 corpus
3697 4449 3720 4501 ?
3739 4447 3855 4505 Cui

576 4540 985 4609 redemptionis,
1018 4554 1137 4607 qua:
1177 4537 1359 4592 mundi
1396 4552 1510 4591 tero
1532 4538 1641 4606 jam
1674 4553 1807 4607 pene
1834 4550 2149 4611 consumpto

576 4632 629 4685 iu
676 4630 995 4684 saeculorum
1040 4628 1146 4682 line
1189 4626 1377 4692 adfuit,
1413 4628 1688 4696 derogare.
1741 4628 1942 4683 Viderit
1971 4639 1994 4667 ⁸
2033 4633 2152 4701 quis

574 4731 721 4777 certe
766 4720 891 4791 quid
943 4720 1160 4786 sentiat,
1211 4720 1517 4788 qualitatem
1566 4719 1935 4775 medicaminis
1983 4722 2153 4775 rideat

576 4814 915 4878 furibundus,
950 4813 1154 4867 nesciat
1182 4811 1519 4880 desperatus,
1560 4823 1812 4867 caeterum
1850 4813 2155 4881 frequenter

575 4916 848 4977 expertus.
879 4906 984 4962 Sed
1011 4906 1131 4975 quis
1158 4914 1243 4960 est
1273 4905 1374 4959 iste
1403 4905 1479 4959 sic
1505 4905 1571 4959 ad
1600 4906 1862 4975 integrum
1891 4919 2070 4971 sanus,
2098 4916 2154 4961 ut

576 4998 859 5055 medicinae
880 5012 986 5052 non
1007 5006 1180 5065 egeat,
1198 5006 1255 5050 ut
1277 4996 1403 5050 nulli
1430 4997 1737 5067 aegrotantis
1761 4997 1950 5050 animae
1970 4997 2155 5051 morbo

578 5088 911 5156 succumbat,
944 5096 1003 5141 ut
1025 5101 1129 5141 non
1159 5095 1251 5141 aut
1272 5087 1557 5155 cupiditate
1582 5087 1789 5150 ardeat,
1815 5098 1906 5141 aut
1932 5088 2156 5141 avaritia

581 5183 800 5253 palleat,
838 5190 929 5235 aut
960 5180 1157 5235 invidia
1199 5179 1373 5244 liveat,
1405 5188 1495 5232 aut
1521 5179 1769 5247 superbia
1807 5189 2026 5243 tumeat,
2066 5188 2157 5234 aut

578 5272 852 5330 iracundia
879 5272 1073 5339 caleat,
1116 5281 1208 5326 aut
1247 5271 1498 5341 obloquio
1525 5271 1765 5338 pruriat?
1802 5271 1854 5325 Si
1882 5272 1999 5339 quis
2028 5286 2156 5340 ergo

578 5382 642 5421 ex
674 5364 758 5420 his
784 5364 1011 5433 alicujus
1056 5361 1197 5416 taedii
1239 5360 1339 5415 sibi
1386 5361 1635 5416 conscius
1686 5369 1768 5415 est
1836 5361 1922 5415 oui
1966 5371 2159 5417 cuncto

652 5554 676 5580 ,
744 5545 757 5561 .

653 5611 680 5649 δ
720 5545 1002 5666 ἱῗέιῗοέϊε
1037 5609 1318 5665 manifeste
1346 5608 1685 5675 depravatus,
1724 5610 1933 5661 tametsi
1953 5623 2155 5667 sensus

584 5682 653 5735 sit
678 5681 884 5736 obvius.
907 5682 1043 5735 Dicit
1068 5678 1257 5733 Avitus
1286 5678 1394 5731 l’alli
1425 5677 1661 5739 Judzcos,
1686 5678 1774 5745 qui
1806 5678 1963 5732 verba
1988 5685 2152 5733 Amos

586 5751 652 5815 de
678 5766 734 5805 se
758 5753 1384 5829 intgrprctoreutugcum
1404 5762 1470 5805 ex
1495 5746 1698 5825 judicio
1728 5748 1948 5807 rationis
1979 5751 2151 5815 ponus

1754 5936 1792 5973 ο

2262 4544 2595 4615 postmodum
2622 4544 2883 4599 vocationi
2912 4544 3267 4616 agnoscenda:
3294 4553 3457 4614 atque
3485 4543 3859 4613 praedicanda:

2263 4636 2608 4690 beatissimus
2634 4637 2823 4689 Petrus
2846 4650 2942 4705 per
2964 4635 3157 4691 mentis
3181 4645 3456 4706 stuporem
3478 4634 3695 4690 deﬁxus
3716 4636 3863 4691 vidit

2263 4729 2483 4784 linteum
2516 4728 2780 4797 quoddam
2810 4729 2948 4784 caelo
2969 4729 3319 4797 descendere,
3347 4728 3489 4798 quod
3509 4737 3740 4797 quatuor
3762 4745 3866 4787 an-

2263 4817 2403 4888 gulis
2434 4819 2551 4872 sinu
2586 4829 2830 4888 turgeule
2854 4820 3201 4889 submissum,
3229 4834 3387 4875 omne
3406 4834 3575 4890 genus
3604 4819 3865 4876 animan-

2267 4914 2397 4965 tium
2442 4926 2563 4965 cum
2613 4911 2923 4968 volatilibus
2970 4921 3129 4982 atque
3177 4911 3457 4981 reptilibus
3504 4912 3863 4979 continebat,

2263 5003 2727 5071 commonitusque
2756 5013 2812 5056 ut
2842 5002 3162 5060 necessariae
3200 5003 3475 5059 refeCtioni
3519 5001 3663 5073 quod
3691 5004 3870 5060 vellet

2264 5095 2377 5164 ipse
2424 5103 2716 5158 mactaret;
2761 5096 3053 5165 appetitum
3096 5094 3309 5165 quidem
3348 5095 3528 5162 talem,
3567 5111 3689 5151 cum
3729 5098 3871 5153 talis

2264 5186 2505 5240 ciborum
2540 5185 2727 5239 modus
2759 5186 3186 5255 praecipiebatur,
3227 5200 3324 5256 per
3354 5185 3749 5241 observantiam
3778 5186 3869 5242 le-

2264 5279 2436 5348 galem
2480 5275 2791 5342 exhorruit;
2841 5281 2935 5333 sed
2976 5292 3099 5332 mox
3132 5277 3197 5331 ad
3243 5292 3365 5332 eum
3408 5291 3588 5333 sermo
3616 5276 3869 5344 divinus,

2270 5368 2397 5432 Qum
2438 5367 2600 5431 Deus,
2644 5367 2835 5437 inquit,
2878 5368 3159 5433 mandavit,
3192 5377 3245 5421 tu
3272 5368 3538 5421 immunda
3565 5384 3625 5422 ne
3662 5368 3875 5421 dixeris

2274 5553 2430 5609 quam
2462 5555 2525 5593 ex
2565 5554 2752 5594 vocum
2788 5541 3113 5609 proprietate
3151 5555 3211 5595 ea
3252 5540 3523 5595 metienda
3562 5542 3689 5596 sint.
3720 5541 3873 5597 Nam

2271 5613 2313 5690 s_i
2363 5609 2590 5691 litteram
2629 5625 2935 5691 sequamur,
2962 5614 3091 5691 Ἰιαξε
3127 5611 3343 5691 quidem
3392 5611 3459 5666 de
3497 5612 3621 5668 filiis
3650 5613 3873 5691 lsrael_;

2265 5681 2313 5801 ἓξ
2355 5678 2613 5803 judicium
2662 5678 2901 5745 rationis,
2941 5681 3010 5736 de
3035 5678 3353 5736 Christianis
3378 5697 3504 5737 vere
3542 5694 3599 5737 et
3637 5678 3880 5756 proprie

2285 5764 2420 5811 ,tcun
2454 5765 2537 5811 ur.
