4124 6350
341 451 445 511 393

1071 453 1301 511 εειιιιο
1341 455 1398 508 Β.
1441 453 1620 510 Αιίτι
1661 453 1726 509 ΙΝ
1769 453 1976 510 FERIA
2013 453 2261 512 TERTIA
2302 455 2366 513 IN
2405 456 2926 518 ROGATIONIBUS.

3489 459 3595 522 ὅθι

343 570 477 636 (Act.
506 585 565 633 ι.
602 568 710 638 15).
742 570 910 637 Atque
942 569 1049 634 ille,
1101 568 1165 623 In
1192 571 1418 633 veritate,
1451 569 1640 638 inquit,
1671 569 1912 636 comperi,
1945 572 1994 632 Α
2020 581 2297 640 vagantem
2350 588 2455 628 nou
2515 575 2759 644 deSpesit
2799 577 3085 648 inquirere.
3131 578 3319 649 Operae
3367 583 3593 650 pretium

341 663 462 730 quia
495 677 596 713 non
622 671 694 714 est
724 677 1050 729 personarum
1090 667 1310 730 acceptio
1335 661 1474 729 apud
1515 660 1716 725 Deum;
1746 662 1832 713 sed
1862 661 1914 714 ist

339 753 477 804 omni
519 753 705 822 papula
749 762 796 805 et
833 761 980 821 gente
1013 753 1100 822 qui
1145 755 1282 806 timet
1328 752 1488 804 Deum
1529 763 1575 805 et
1608 751 1916 805 voluntatem

341 845 448 913 ejus-
477 845 618 910 facit,
651 853 883 911 acceptus
917 854 986 896 est
1014 844 1092 896 illi
1122 843 1307 910 (lbid.,
1338 843 1452 912 54).
1491 844 1640 898 Tunc
1669 860 1795 912 ergo
1825 844 1913 912 qui

337 933 533 1002 cogniti
559 945 678 986 sunt
708 949 771 988 ex
801 933 1050 988 omnibus
1089 936 1496 1005 cognationibus
1544 945 1701 990 terra:
1737 936 1912 1001 vides,

338 1034 531 1093 nempe
556 1024 830 1094 prophetis
860 1033 1019 1091 atque
1048 1027 1328 1094 apostolis,
1357 1041 1459 1096 qua
1489 1027 1692 1080 unitate
1718 1041 1914 1082 conve-

339 1113 468 1168 niat.
508 1115 617 1169 Hoc
645 1125 728 1170 est
770 1113 1028 1184 profecto,
1069 1117 1208 1186 quod
1243 1118 1403 1172 etiam
1444 1133 1584 1172 nunc
1617 1117 1774 1172 lectio
1801 1122 1910 1173 ait:

279 1189 592 1275 "Nunquid
632 1207 959 1262 ambulabunt
999 1207 1100 1260 duo
1141 1209 1352 1277 pariter,
1397 1209 1491 1262 nisi
1533 1211 1816 1262 convenerit
1843 1209 1914 1262 eis

338 1296 514 1368 (Amos
554 1314 630 1364 nt,
675 1298 765 1368 5)?
812 1299 1075 1356 Convenit
1115 1311 1293 1355 autem
1334 1301 1562 1367 duobus,
1613 1299 1826 1354 Christo
1860 1309 1914 1354 et

339 1388 528 1460 Moysi,
561 1391 680 1460 quia
707 1389 772 1445 de
797 1391 898 1446 isto
923 1391 1012 1445 ille
1036 1390 1268 1460 scripsit.
1295 1389 1555 1445 Convenit
1587 1391 1690 1460 legi
1720 1403 1771 1444 et
1791 1405 1912 1459 gra-

338 1483 444 1549 tim,
479 1486 761 1547 quia.......
792 1485 882 1539 illa
910 1485 1201 1539 districtius
1242 1487 1511 1556 imposuit,
1541 1496 1599 1540 ut
1629 1486 1912 1555 pretiosius

336 1575 436 1630 Ista
465 1574 687 1630 laxaret.
717 1577 982 1630 Convenit
1010 1578 1217 1631 veritati
1243 1585 1297 1631 et
1322 1577 1635 1646 prophetiae,
1665 1579 1788 1646 quia
1813 1577 1912 1632 ista

335 1673 543 1742 peperit
563 1673 703 1742 quod
737 1673 821 1726 illa
848 1673 1111 1741 concepit.
1131 1672 1283 1741 Apud
1312 1671 1525 1726 Judiros
1549 1673 1646 1726 ista
1677 1673 1784 1726 duo
1806 1688 1911 1726 non

336 1766 536 1834 pariter
582 1765 878 1831 ambulant,
912 1765 1029 1818 ideo
1072 1780 1178 1818 non
1221 1764 1569 1818 concordant.
1620 1764 1764 1818 Inter
1801 1765 1913 1832 ipsa

337 1857 479 1912 enim
515 1857 622 1910 duo
646 1856 990 1911 Testamenta
1021 1855 1274 1924 quasdam
1305 1856 1555 1908 minutias
1580 1865 1801 1923 ponunt.
1834 1855 1914 1908 Ad

2017 673 2195 716 autem
2245 675 2326 719 est
2373 666 2680 736 diligentius
2709 669 2924 735 intueri,
2975 670 3115 740 quod
3158 671 3274 727 illas
3308 677 3593 745 nonaginta

2017 771 2208 810 novem
2241 773 2373 827 quas
2401 760 2499 815 iste
2532 770 2710 830 pastor
2734 763 2783 816 in
2815 765 3084 820 montibus
3111 766 3345 835 reliquit,
3375 769 3596 824 manife-

2015 857 2186 903 status
2233 850 2284 903 in
2329 865 2512 919 carne,
2560 868 2663 907 non
2709 853 2944 910 deseruit
2975 871 3294 924 permanens
3321 859 3373 913 in
3405 860 3596 915 nativi-

2017 947 2144 993 tate.
2195 941 2516 1009 Angelorum
2545 943 2690 997 enim
2723 942 2774 998 in
2807 944 3012 1000 ctelesti
3052 947 3332 1005 altitudine
3357 949 3592 1018 glorian-

2017 1031 2146 1084 tium
2171 1071 2187 1096 ,
2221 1033 2310 1101 qui
2343 1038 2522 1103 utique
2549 1036 2656 1103 jam
2687 1050 2870 1091 errare
2897 1052 3003 1092 non
3043 1049 3285 1108 possunt,
3317 1041 3594 1097 evidenter

2014 1131 2207 1191 gerunt
2231 1124 2474 1192 tiguram.
2499 1125 2606 1180 Leo
2629 1127 2773 1181 enim
2798 1126 2865 1182 de
2886 1143 2990 1197 quo
3014 1143 3172 1198 supra
3199 1129 3455 1197 diximus,
3475 1143 3594 1201 post

2016 1213 2159 1267 illam
2182 1217 2379 1284 proprii
2400 1233 2556 1272 casus
2579 1220 2785 1273 ruinam
2809 1235 2910 1289 qua
2935 1222 3592 1294 consortiumﬁivinitatis

2016 1305 2289 1371 aliectans,
2341 1310 2499 1363 etiam
2553 1311 2768 1366 homine
2817 1313 3062 1367 miserior
3107 1314 3275 1370 lactus
3316 1324 3419 1380 est,
3465 1315 3591 1370 dum

2015 1398 2330 1468 dedignatur
2347 1416 2467 1456 esse
2491 1401 2709 1457 inferior
2729 1403 3000 1464 Creatore.
3016 1405 3189 1460 omnis
3208 1407 3594 1476 archangelics

2015 1492 2296 1556 potestatis
2315 1491 2570 1560 dignitate
2593 1494 2822 1549 nudatus
2842 1504 2941 1550 est.
2959 1496 3062 1551 Sed
3083 1496 3204 1552 huic
3229 1506 3405 1552 tamen
3427 1514 3593 1568 qnan-

2018 1581 2391 1653 tulamcunque
2420 1595 2734 1653 potestatem
2771 1587 3068 1643 caelestium
3111 1590 3498 1655 ministrorum,
3528 1605 3595 1644 ne

2017 1673 2162 1726 solus
2185 1675 2404 1746 perirel,
2435 1678 2583 1731 casui
2623 1694 2733 1732 suae
2767 1679 3081 1747 dejectionis
3110 1681 3369 1737 innexuit.
3418 1683 3483 1736 Et
3513 1682 3594 1736 his

2019 1763 2121 1815 hoc
2157 1773 2333 1818 tamen
2376 1765 2442 1820 de
2485 1767 2576 1820 illo
2617 1769 2899 1824 eminentis
2933 1781 3191 1826 creatura:
3233 1774 3412 1841 vigore
3455 1787 3595 1827 nunc

2018 1865 2284 1921 superest,
2305 1855 2769 1911 utdamnationeni
2803 1859 3156 1928 futuramjam
3187 1866 3448 1930 patientes
3471 1864 3594 1916 dum

340 1962 503 2001 unum
535 1963 718 2002 verum
757 1949 921 2002 Deum
955 1947 1057 2001 nisi
1082 1962 1187 2000 uno
1221 1947 1415 2016 itinere
1455 1962 1558 2000 non
1591 1947 1714 2001 itur.
1763 1947 1918 2000 Certe
1949 1935 1997 1996 Β
2023 1957 2453 2013 praesciunt,cum
2470 1949 2680 2004 vivendi
2702 1951 2948 2006 meritum
2971 1952 3406 2020 perdiderunt,et
3427 1956 3596 2024 ipsum

338 2041 383 2094 si
419 2049 638 2107 propter
679 2053 1022 2109 quascunque
1064 2039 1194 2092 alias
1237 2053 1425 2092 causas
1464 2047 1639 2106 potest
1681 2037 1912 2102 diverso,

337 2134 563 2185 adverso
595 2145 698 2185 non
734 2141 924 2198 petest.
975 2131 1126 2200 Apud
1159 2146 1252 2184 nos
1281 2146 1408 2184 vero
1452 2131 1555 2184 ista
1583 2130 1687 2184 duo
1716 2131 1915 2196 pariter

336 2221 629 2294 junguntur
657 2235 816 2293 atque
841 2223 1182 2279 conveniunt.
1237 2224 1331 2277 Est
1363 2231 1535 2276 tamen
1579 2224 1629 2276 in
1663 2223 1760 2276 hoc
1793 2239 1914 2290 pru-

336 2314 512 2384 phetac
543 2314 705 2368 verbo
731 2315 888 2368 etiam
912 2314 1050 2384 quod
1085 2314 1430 2383 personaliter
1461 2313 1628 2381 accipi
1658 2322 1836 2381 queat,
1868 2313 1912 2367 si

338 2406 567 2460 dualitas
588 2406 700 2475 ipsa
728 2421 884 2476 quam
911 2405 1197 2460 convenire
1218 2420 1436 2460 necesse
1458 2417 1561 2473 est,
1589 2405 1660 2459 sit
1688 2407 1913 2473 primum

337 2497 388 2556 in
421 2499 634 2554 homine
663 2515 788 2566 uno,
815 2500 882 2555 sit
904 2499 1098 2555 deinde
1125 2500 1176 2553 in
1199 2514 1393 2568 genere
1417 2497 1914 2568 liumano.Spiritus

338 2595 479 2647 enim
510 2603 690 2646 noster
719 2603 772 2648 et
817 2607 1010 2661 corpus
1039 2601 1278 2646 nustrum
1311 2609 1377 2645 ex
1412 2593 1638 2661 disparis
1669 2592 1915 2645 substan-

340 2687 428 2740 tia:
475 2685 729 2754 qualitate
769 2695 1039 2754 compacta
1091 2695 1232 2739 sunt.
1273 2685 1400 2751 Qua:
1449 2685 1555 2737 duo
1589 2684 1727 2738 viam
1759 2683 1914 2751 hujus

339 2779 520 2833 steculi
551 2792 764 2832 currere
795 2778 1096 2832 nullatenus
1124 2787 1344 2846 queunt,
1369 2777 1468 2830 nisi
1496 2777 1631 2831 inter
1657 2791 1714 2830 se
1735 2784 1914 2830 custo-

339 2869 447 2926 dita
478 2871 668 2924 divina:
696 2870 1047 2926 ordinationis
1087 2871 1202 2940 lege
1230 2872 1626 2926 consenserint.
1670 2870 1728 2925 Si
1771 2871 1912 2925 enim

342 2978 450 3018 non
479 2963 751 3033 subjaceat
795 2962 1014 3032 Spiritus
1049 2963 1250 3029 carnis,
1294 2963 1387 3017 sed
1430 2962 1497 3016 ad
1540 2962 1910 3017 refrenandum

341 3057 826 3125 concupiscentiam
849 3056 1005 3110 cedat
1035 3057 1209 3126 potius
1241 3056 1401 3111 menti
1430 3071 1575 3120 caro,
1608 3055 1750 3109 ducit
1781 3057 1914 3111 duos

341 3151 542 3220 pariter
571 3149 855 3205 concerdia
891 3150 1112 3204 rationis
1145 3167 1240 3219 per
1271 3151 1410 3205 viain
1439 3151 1571 3221 legis
1593 3151 1657 3204 ad
1689 3152 1912 3218 patriam

340 3241 680 3299 aeternitatis.
711 3243 766 3298 Si
795 3254 972 3298 autem
1001 3243 1125 3297 dum
1157 3258 1251 3310 per
1280 3243 1435 3312 hujus
1465 3243 1644 3298 smculi
1674 3244 1773 3298 iter
1793 3259 1910 3298 eur-

2021 2038 2210 2089 saltem
2259 2038 2516 2092 moriendi
2563 2041 2856 2094 remedium
2891 2041 3088 2098 habere
3129 2057 3238 2098 non
3265 2046 3486 2112 possint.
3521 2049 3597 2100 Ab

2021 2125 2114 2180 illo
2138 2128 2338 2197 itaque,
2373 2140 2428 2182 ut
2458 2131 2587 2196 dixi,
2615 2147 2741 2185 casu
2768 2133 2992 2202 quisque
3017 2134 3072 2188 in
3103 2149 3287 2191 amore
3306 2137 3597 2191 conditoris

2021 2218 2102 2271 sui
2134 2227 2188 2272 et
2217 2221 2468 2288 angelicae
2499 2221 2844 2278 beatitudinis
2873 2224 3075 2282 honore
3112 2230 3431 2296 permansit,
3464 2230 3598 2283 ulte—

2020 2311 2133 2365 rius
2157 2313 2338 2367 seduci
2368 2330 2472 2368 non
2500 2317 2670 2383 potuit
2693 2358 2705 2382 ,
2733 2331 2792 2370 ac
2822 2321 3045 2388 proinde
3073 2335 3171 2376 nec
3199 2323 3514 2391 periclitari;
3548 2334 3600 2378 et

2021 2402 2216 2458 factum
2242 2414 2325 2459 est
2354 2405 2404 2458 in
2435 2407 2694 2477 principio
2719 2407 2786 2462 de
2807 2410 3010 2478 angelis
3035 2412 3176 2480 quod
3205 2413 3272 2466 de
3296 2413 3601 2471 hominibus

2021 2493 2077 2547 in
2106 2496 2210 2549 line
2241 2497 2538 2552 faciendum
2575 2510 2676 2562 est,
2719 2511 2775 2554 ut
2815 2501 3058 2556 evolutus
3093 2504 3297 2560 Scilicet
3335 2509 3520 2562 salutis
3549 2523 3601 2565 et

2023 2589 2337 2656 perditionis
2358 2605 2548 2644 cursus
2576 2601 2768 2645 exacto
2800 2592 3122 2664 impletoque
3167 2612 3391 2652 numero
3422 2603 3601 2655 termi-

2023 2695 2199 2740 netur.
2251 2687 2380 2741 Istas
2417 2702 2544 2757 ergo
2577 2703 2824 2756 superna:
2853 2690 3186 2744 celsitudinis
3221 2708 3350 2747 oves
3391 2695 3600 2763 reliquit

2024 2792 2208 2848 pastor
2236 2781 2425 2844 bonus,
2453 2791 2506 2834 et
2535 2782 2677 2836 venit
2699 2781 2763 2835 ad
2788 2781 2927 2836 illam
2957 2798 3114 2836 unam
3137 2799 3288 2838 ovetn
3321 2787 3598 2854 perditam,

2023 2874 2074 2926 in
2101 2876 2252 2942 cnjns
2280 2873 2577 2943 signatione
2602 2875 2817 2944 jacebat
2842 2891 3009 2946 genus
3038 2877 3348 2938 humanum,
3373 2889 3426 2932 et
3456 2881 3600 2934 illam

2023 2982 2141 3035 qua:
2163 2967 2228 3020 ab
2257 2968 2359 3022 isto
2392 2969 2546 3024 leone
2587 2983 2805 3024 corrosa
2837 2984 2945 3039 per
2971 2985 3031 3024 se
3074 2972 3363 3026 ascendere
3393 2975 3456 3026 ad
3487 2973 3600 3028 illas

2023 3061 2307 3128 nonaginta
2350 3077 2541 3115 novem
2585 3078 2690 3116 non
2740 3071 2972 3131 poterat,
3013 3063 3124 3117 suis
3164 3063 3403 3119 humeris
3435 3074 3600 3130 vexit,

2021 3149 2142 3218 quia
2174 3151 2224 3203 in
2257 3165 2356 3204 suo
2377 3165 2602 3227 corpore
2644 3152 2981 3207 sublevavit:
3033 3163 3086 3208 et
3117 3155 3330 3223 quando
3359 3169 3478 3209 cum
3513 3155 3602 3208 ho~

2025 3242 2169 3295 mine
2213 3244 2391 3297 carnis
2425 3253 2715 3312 assumpta:
2762 3243 2827 3296 ad
2859 3259 3086 3312 superna
3118 3247 3376 3300 caalorum
3423 3247 3601 3311 τιιιιίἱι,

340 3337 498 3400 ritur,
522 3335 712 3404 Spiritu
741 3334 1062 3401 retardante,
1089 3335 1319 3388 animam
1351 3350 1475 3388 caro
1501 3336 1838 3404 przevenerit,
1861 3346 1913 3390 et
1939 3315 1984 3379 ο
2022 3334 2264 3388 eamdem
2294 3335 2476 3404 utique
2510 3350 2628 3403 quis
2665 3335 2731 3389 de
2771 3335 3017 3402 paradiso
3058 3347 3352 3401 erraverat,
3399 3339 3602 3406 angelis

340 3428 648 3484 facultatem
679 3431 800 3496 vite,
832 3429 1089 3499 permissa
1119 3429 1218 3483 sibi
1249 3429 1452 3498 peccati
1488 3429 1750 3492 libertate,
1785 3445 1921 3498 prae-

340 3522 590 3587 cluserit,
618 3523 815 3578 deserit
845 3524 959 3592 ipsa
982 3521 1231 3576 currendi
1257 3522 1552 3591 aequalitas,
1577 3537 1694 3591 qum
1720 3521 1921 3576 homini

341 3630 370 3669 a
402 3614 657 3671 Creatore
686 3615 1010 3685 prmcipitur,
1035 3625 1089 3670 et
1111 3614 1292 3685 incipit
1319 3611 1570 3682 impedita
1593 3612 1706 3682 lege
1727 3611 1921 3668 mentis

341 3707 545 3778 perire,
575 3716 628 3762 et
657 3707 1054 3777 supeiexaltare
1101 3708 1216 3776 lege
1255 3706 1514 3776 corporis,
1563 3720 1659 3760 nec
1681 3706 1788 3773 jam
1815 3705 1922 3760 duo

344 3801 550 3872 pariter
584 3810 831 3871 pergunt,
876 3800 947 3855 ibi
979 3815 1138 3854 unum
1175 3800 1310 3869 jacet
1341 3807 1395 3853 et
1426 3797 1569 3853 aliud
1605 3799 1815 3867 premit.
1857 3798 1923 3852 Et

344 3891 482 3956 ba-c,
511 3892 651 3963 quod
682 3891 849 3962 magis
871 3891 1154 3947 dolendum
1187 3902 1288 3956 est,
1309 3905 1414 3945 non
1441 3899 1544 3944 tam
1577 3889 1774 3960 ignaris
1797 3887 1923 3942 sub-

344 3997 562 4055 repunt,
605 4002 762 4054 quam
801 3985 1142 4040 dominantur
1175 3985 1360 4039 allisis.
1414 3986 1578 4039 Docet
1605 3984 1705 4038 hoc
1744 3998 1923 4039 sermo

343 4079 434 4148 qui
467 4077 707 4148 sequitur
735 4095 748 4133 :
775 4075 900 4144 Leu,
926 4077 1115 4145 inquit,
1148 4077 1370 4146 irrugiit,
1414 4077 1524 4143 quis
1553 4092 1654 4128 non
1688 4075 1926 4128 timebit?

344 4167 599 4222 Dominus
621 4173 811 4222 locutus
841 4177 936 4233 est,
962 4168 1074 4238 quis
1096 4183 1194 4220 non
1218 4166 1530 4234 prophetabit
1551 4165 1772 4235 (lbid.)?
1796 4165 1926 4220 Pec-

343 4271 523 4314 catum
559 4260 713 4330 longe
739 4269 978 4329 apparet,
1013 4272 1176 4327 quare
1204 4271 1308 4311 non
1350 4254 1616 4324 fugimus?
1650 4255 1922 4324 Scriptura

343 4366 515 4421 prope
542 4352 756 4412 clamat,
791 4365 953 4420 quare
985 4365 1088 4404 non
1119 4347 1421 4403 credimus?
1459 4347 1588 4412 Quis
1617 4357 1698 4402 est
1723 4347 1809 4401 leo
1838 4362 1928 4400 ru-

343 4447 532 4513 giens,
577 4445 674 4499 nisi
723 4444 788 4498 de
827 4460 932 4513 quo
971 4444 1246 4513 apostolus
1275 4443 1422 4505 dicit,
1457 4444 1576 4511 quia
1607 4441 1927 4496 adrersarins

342 4547 506 4589 uester
536 4537 766 4589 diabolus
788 4546 1028 4604 tanquam
1059 4537 1134 4589 leo
1164 4537 1366 4606 rugiens
1391 4537 1568 4588 circuit
1590 4551 1815 4600 quaerens
1839 4536 1927 4588 dc-

346 4645 528 4682 rorae
555 4645 640 4681 ros
671 4626 722 4695 (Ι
751 4627 890 4681 Petr.
926 4644 962 4694 ι,
992 4628 1081 4698 8)?
1114 4627 1262 4684 Facit
1293 4631 1487 4684 luroris
1517 4629 1922 4694 incontinentia,

2024 3425 2228 3480 retulit.
2257 3426 2517 3490 Quocirca
2547 3425 2657 3494 jam
2688 3434 2832 3496 patet
2861 3425 2954 3494 qui
2984 3427 3052 3480 sit
3083 3437 3262 3494 pastor
3295 3430 3383 3498 qui
3415 3428 3603 3482 liberat

2025 3515 2134 3570 duo
2164 3530 2318 3570 crura
2344 3526 2399 3570 et
2427 3527 2628 3586 partetn
2654 3517 2928 3583 auricula},
2960 3527 3014 3571 et
3042 3517 3130 3587 qui
3162 3519 3228 3572 sit
3252 3519 3336 3572 leo
3357 3521 3446 3590 qui
3475 3523 3618 3576 reli-'

2024 3625 2186 3680 quum
2219 3608 2445 3665 devorat
2475 3625 2487 3661 :
2514 3608 2614 3663 hoc
2655 3617 2757 3674 est,
2796 3609 2895 3664 iste
2921 3608 3187 3676 Christus,
3220 3609 3311 3665 ille
3337 3610 3600 3666 diabolus.

2025 3703 2234 3757 Omissa
2263 3717 2390 3756 vero
2417 3709 2691 3770 utcunque
2713 3699 3145 3756 consideratione
3174 3703 3397 3769 carnali,
3423 3703 3604 3759 videa-

2027 3812 2144 3850 mus
2168 3811 2285 3865 quie
2317 3796 2385 3850 sit
2413 3795 2631 3850 minima
2666 3808 2788 3865 pars
2817 3795 3059 3866 corporis
3079 3809 3198 3866 qttte
3225 3794 3503 3853 devoranti
3536 3798 3606 3852 le-

2026 3890 2167 3951 gitur
2197 3889 2536 3942 remansissm
2569 3887 2750 3957 Neque
2790 3889 2932 3942 enim
2964 3897 3092 3959 puto
3131 3890 3271 3960 quod
3313 3892 3401 3945 ille
3428 3901 3606 3959 pastor

2028 3982 2200 4034 bonus
2223 3995 2334 4034 rem
2359 3991 2463 4034 tam
2487 3980 2826 4034 dilaceratam
2843 3990 2897 4035 et
2916 3995 3049 4049 pene
3071 3991 3438 4051 consumptam
3460 3991 3604 4035 tanta

2029 4073 2208 4129 studio
2228 4073 2386 4127 vellet
2411 4087 2621 4136 eruere,
2651 4072 2751 4126 nisi
2781 4074 3054 4142 particula:
3086 4072 3185 4141 ipsi
3212 4073 3385 4127 adhuc
3408 4074 3605 4139 alipiid

2031 4165 2336 4234 palpitantis
2367 4165 2489 4218 vita:
2521 4163 2700 4218 inesse
2743 4173 3107 4232 cognosceret.
3141 4163 3265 4216 Ovis
3309 4165 3431 4225 ista,
3473 4167 3606 4217 siem

2026 4257 2136 4324 jam
2167 4256 2432 4324 prolocuti
2457 4269 2662 4320 sumus,
2693 4254 2994 4322 quicunque
3019 4261 3264 4320 peccator
3294 4263 3376 4308 est
3407 4255 3604 4322 utique,

2030 4347 2076 4400 si
2120 4347 2186 4400 de
2227 4347 2394 4400 caulis
2434 4360 2490 4398 se
2531 4344 2928 4414 protegentibus
2959 4353 3209 4413 evagatus
3253 4353 3442 4414 suopte
3481 4347 3607 4400 vatio

2032 4437 2343 4492 incursuros
2380 4435 2640 4502 bestiam,
2679 4452 2797 4488 cum
2830 4452 2859 4488 a
2891 4445 3105 4503 pastore
3135 4434 3441 4489 declinavit.
3478 4435 3608 4489 Dum

2032 4534 2175 4584 enim
2205 4529 2443 4584 ambulat
2475 4544 2569 4597 per
2603 4528 2837 4595 deserta,
2869 4525 2967 4580 hoc
2989 4535 3090 4591 est,
3123 4527 3246 4581 dum
3276 4526 3468 4596 cogitat
3500 4528 3609 4580 ina~

2033 4623 2119 4677 nia
2141 4625 2504 4693 perituraque,
2526 4621 2760 4675 occurrit
2782 4619 2856 4672 illi
2879 4618 3143 4681 diabolus,
3159 4630 3211 4672 et
3233 4616 3610 4688 cogitationem

343 4735 418 4774 ηε
468 4730 645 4775 “can,-
687 4720 973 4774 ἀίδρυωιει
1009 4720 1099 4788 qui
1144 4721 1371 4790 νυείιυηι
1419 4722 1574 4789 longe
1614 4723 1888 4792 prmmiun
1915 4741 1924 4775 ε
1955 4700 2011 4763 D
2035 4714 2152 4785 ejus
2184 4730 2364 4768 morsu
2410 4713 2676 4781 pestifera:
2708 4709 3069 4779 persuasionis
3101 4708 3319 4763 invadit.
3361 4709 3460 4776 Qui
3491 4724 3612 4764 enin

344 4814 443 4867 sed
486 4813 632 4867 audit
678 4815 930 4882 rugitum,
978 4822 1032 4868 et
1076 4828 1181 4867 non
1219 4823 1372 4868 cavet
1402 4830 1486 4881 qui
1519 4826 1767 4884 praecepti
1799 4830 1927 4869 con-

344 4908 631 4960 secutiam
662 4921 843 4960 secum
879 4906 979 4958 lert
1008 4905 1072 4958 ad
1107 4906 1320 4959 exordia
1352 4906 1576 4975 peccati,
1619 4907 1930 4962 confestim-

343 5016 456 5067 que
489 4998 672 5052 rabido
714 4998 979 5052 invaditur
1009 5013 1212 5061 morsu,
1259 4998 1359 5052 nisi
1392 5001 1667 5068 prmniisso
1698 5009 1929 5056 terretur

344 5090 570 5155 auditu;
614 5089 754 5159 quod
795 5103 979 5143 revera
1027 5104 1126 5142 nec
1167 5087 1398 5142 absurde
1435 5091 1770 5158 conjicimus,
1806 5106 1926 5144 nam

344 5183 531 5234 statim
597 5180 649 5233 in
707 5180 1158 5250 consequentibus
1215 5179 1441 5248 qualitas
1496 5181 1660 5249 ipsius
1719 5196 1930 5236 morsus

345 5269 696 5325 ostenditur:
726 5270 1015 5337 Quomodo,
1061 5269 1246 5338 inquit,
1276 5269 1318 5320 si
1347 5280 1488 5321 eruat
1528 5279 1701 5340 pastor
1743 5272 1806 5324 de
1845 5287 1932 5324 ore

343 5361 513 5415 leonis
543 5364 644 5414 duo
681 5377 831 5414 crura
859 5363 982 5426 ovis,
1029 5369 1114 5413 aut
1155 5369 1430 5413 extremam
1456 5369 1650 5430 partem
1689 5362 1934 5414 auricqu

343 5453 531 5520 (Amos
577 5470 654 5521 ιιι,
704 5455 820 5521 12).
872 5454 1060 5508 Pastor
1098 5453 1253 5508 nobis
1295 5453 1481 5522 procul
1525 5453 1686 5508 dubio
1731 5453 1823 5510 ille
1854 5465 1937 5510 est

347 5545 528 5601 bonus
567 5545 680 5616 qui,
729 5546 929 5602 relictis
974 5546 1259 5616 nonaginta
1298 5558 1487 5599 novem
1533 5545 1740 5612 ovibus,
1777 5562 1934 5605 unam

430 5704 457 5734 ι
498 5697 593 5751 llic
622 5698 919 5767 respexisse
948 5697 1157 5752 videtur
1188 5697 1374 5753 Avitus
1400 5697 1464 5752 ad
1489 5697 1636 5754 illum
1661 5715 1925 5759 canonem

344 5769 568 5824 Concilii
612 5769 1054 5822 Neucmsariensis
1086 5785 1100 5821 :
1128 5768 1205 5840 Si
1243 5773 1350 5836 quis
1391 5772 1656 5839 concupita
1702 5775 1932 5840 muliere,

344 5840 507 5894 etiam
553 5840 843 5893 canenbitus
885 5842 996 5908 ejus
1030 5839 1338 5892 desiderium
1377 5843 1578 5908 habent,
1622 5859 1720 5896 non
1763 5839 1936 5900 autem

340 5911 935 5984 ικοσειιιιαιιιτθῃέειιιε,
978 5912 1189 5978 inaniﬁ-s
1215 5927 1296 5964 unt
1339 5924 1411 5967 est
1438 5928 1553 5969 cum
1592 5918 1683 5987 per
1708 5916 1936 5970 divinam

635 6000 910 6067 Ριτιοι..
955 5997 1131 6074 LIX.

2035 4809 2146 4876 jam
2174 4806 2655 4874 enneapiwentiam
2683 4803 2876 4872 captivi
2907 4799 3134 4854 hominis
3156 4801 3208 4855 in
3242 4809 3500 4867 potestate
3523 4803 3613 4854 ha-

2040 4904 2168 4956 bere
2197 4901 2380 4968 cmpit.
2418 4901 2647 4967 priorem
2672 4895 3063 4965 quodammodo
3086 4895 3200 4963 ejus
3220 4904 3426 4964 partem
3456 4911 3613 4950 \orax

2042 4995 2271 5048 laniatur
2299 4990 2594 5044 absorbuit.
2651 4989 2716 5041 Et
2745 4996 2922 5042 tamen
2954 4987 2999 5040 si
3044 4987 3534 5057 concupiscentiam
3565 4995 3615 5045 et

2041 5087 2410 5142 deﬁnitionem
2445 5082 2646 5153 peccati
2678 5098 2780 5135 non
2822 5091 3075 5150 sequatur
3104 5079 3346 5145 ell'eetus,
3383 5080 3615 5133 liberan-

2044 5192 2130 5235 tur
2175 5177 2323 5248 quasi
2361 5177 2464 5230 duo
2507 5190 2685 5240 Crura,
2735 5173 2836 5228 hoc
2875 5183 2988 5238 est,
3031 5189 3153 5242 pars
3197 5172 3460 5241 posterior
3501 5186 3617 5237 qua:

2042 5269 2219 5330 adhuc
2249 5281 2461 5323 comesa
2491 5281 2596 5319 non
2630 5266 2820 5319 luerat.
2852 5263 2983 5318 Nam
3006 5264 3105 5317 etsi
3130 5261 3386 5330 quosdam
3417 5274 3617 5327 priores

2045 5378 2156 5419 suae
2177 5359 2512 5431 cogitationis
2537 5358 2698 5429 pedes
2730 5371 2825 5428 per
2853 5351 3340 5423 concupiscentiam
3369 5350 3421 5402 in
3468 5351 3618 5404 faue

2047 5456 2219 5512 leonis
2257 5452 2455 5518 amisit,
2494 5462 2546 5507 et
2585 5449 2825 5505 residuos
2852 5463 2986 5517 quos
3013 5445 3078 5500 ad
3116 5443 3362 5498 ell‘ectum
3391 5454 3492 5494 non
3521 5441 3619 5496 de-

2049 5549 2200 5606 duxit
2229 5548 2406 5617 operis
2436 5561 2652 5618 gressus
2687 5554 2711 5582 ει
2741 5539 3109 5599 misericordia
3146 5534 3374 5606 pastoris
3402 5535 3619 5606 eripuit.

2043 5703 2258 5776 gratiam
2283 5704 2439 5774 fuisse
2467 5704 2757 5777 liberatum.
2797 5699 2870 5777 ita
2914 5697 2966 5750 in
2993 5703 3200 5777 vetusta
3223 5708 3485 5777 canonum
3509 5709 3621 5746 ver-

2043 5767 2194 5902 ?ione
2225 5767 2340 5846 qua:
2372 5777 2509 5829 Aviti
2549 5789 2664 5828 aevo
2700 5772 3007 5825 Latinarum
3046 5767 3404 5824 Ecclesiarutn
3442 5767 3497 5820 in
3529 5779 3625 5826 ttsu

2071 5857 2164 5901 un.

2105 5863 2164 5901 ιι.

3154 6008 3231 6072 13
