4124 6350
596 367 704 428 395

914 362 1006 419 AD
1031 357 1348 417 SIRMOND.
1380 349 1562 411 AVlTl
1606 348 1713 407 El).
1759 347 2060 407 AUCTAB.
2092 375 2160 387 —-
2180 343 2385 403 SERM.
2418 343 2479 399 Β.
2514 341 2697 400 AVlTl
2726 339 2790 396 IN
2818 337 2976 394 FER.
3006 338 3208 395 TERT.
3241 336 3303 393 IN
3334 335 3586 393 ROGAT.

3752 332 3860 390 396

598 494 625 523 ι
654 474 1190 538 Animadvertendum
1218 478 1300 526 est
1321 478 1497 523 tamen
1523 462 1665 535 quod
1694 462 1836 517 illius
1860 477 1919 517 se
1947 458 2171 515 miscuit
2198 460 2251 522 Α
2276 474 2496 516 cursum
2519 456 2681 514 istum
2706 457 2774 513 ad
2795 457 2957 511 alium
2976 450 3407 525 pertinere.Nam
3429 460 3482 506 et
3512 450 3597 505 hic
3615 444 3859 506 vivenies

596 572 840 641 corporis
864 570 1162 640 portionem
1200 562 1228 602 δ
1258 559 1483 618 extremi
1526 557 1780 614 auricula:
1817 572 1935 626 quae
1962 553 2209 633 videtur‘

597 679 878 739 superesse
915 658 1237 716 liberaverit.
1270 655 1557 724 Postquam
1595 649 1738 706 enim
1768 647 1997 712 dixerat,
2038 660 2171 713 quo-

597 762 745 813 modo
777 759 819 812 si
856 763 998 809 auat
1036 760 1211 823 pastor
1235 749 1337 803 duo
1361 760 1534 812 crura;
1570 743 1772 799 addidit
1807 752 1856 797 et
1890 750 2176 795 extremam

596 830 1097 921 partcm‘attrt'atlc.
1143 840 1305 898 Auris
1344 855 1472 907 ergo
1508 845 1691 892 nostra
1738 844 1823 889 est
1867 829 2174 888 obedientia

595 950 817 996 nostra:
850 952 974 992 nam
1000 950 1120 990 cum
1150 946 1430 1003 precamur
1455 940 1509 985 et
1541 924 2173 998 resipiscimus,primam

595 1044 751 1100 istius
778 1040 923 1094 auris
966 1045 1172 1108 partem
1213 1034 1299 1088 leo
1334 1033 1577 1094 devorat,
1621 1028 1964 1083 novissimam
1998 1031 2180 1094 pastor

597 1153 623 1185 ε
650 1145 843 1199 solvat.
887 1130 1066 1193 Prima
1107 1148 1233 1207 pars
1260 1134 1510 1189 auriculae
1544 1140 1628 1185 est
1670 1129 1789 1184 Non
1828 1128 2176 1195 concupiscas.

597 1249 699 1304 Ista
749 1246 859 1316 jam
913 1240 1168 1312 deglutita
1221 1246 1330 1300 est,
1381 1236 1503 1305 quia
1551 1236 1803 1303 cogitatio
1852 1230 2178 1299 CtlllCtlinil.

597 1340 838 1409 Sequens
887 1348 1011 1405 pars
1060 1342 1179 1398 est,
1235 1328 1359 1383 Post
1420 1326 1852 1395 concupiscentius
1909 1331 2023 1375 tuas
2077 1334 2180 1373 non

599 1456 705 1495 eas.
735 1437 917 1505 itaque
958 1432 1002 1486 si
1034 1431 1231 1485 malum
1262 1428 1402 1499 quod
1449 1426 1795 1496 concepimus
1833 1422 2177 1493 cogitatione,

600 1543 761 1601 Opere
782 1541 885 1582 non
908 1522 1244 1592 impleamus,
1269 1522 1447 1590 priore
1472 1529 1622 1589 parte
1645 1516 1799 1571 ohedi
1824 1517 1965 1570 -nti;e
1992 1514 2183 1567 vulne-

597 1646 733 1701 rata,
780 1640 835 1688 et
863 1628 951 1684 illa
981 1642 1101 1701 qua:
1138 1636 1378 1681 extrema
1419 1632 1504 1678 est
1545 1622 1611 1675 ab
1639 1635 1732 1675 ore
1761 1619 1930 1675 leonis
1954 1616 2177 1673 eruitur.

598 1729 909 1797 Quomodo?
942 1727 1133 1794 Utique
1156 1736 1249 1791 per
1278 1716 1644 1791 pmnitentiam
1679 1723 1731 1767 et
1761 1711 2180 1782 correctionem.

601 1833 625 1869 ¹¹
657 1834 785 1900 Qua:
818 1829 1187 1897 multipliciter
1214 1822 1372 1877 lectio
1404 1820 1515 1887 ipsa
1562 1833 1657 1887 per
1686 1824 1851 1870 totum
1885 1832 1911 1865 a
1954 1812 2182 1867 Domino

602 1925 931 1988 revolvente,
953 1934 1070 1990 qua:
1092 1924 1146 1971 et
1168 1914 1341 1984 qualia
1366 1912 1505 1981 passi
1528 1909 1753 1964 necdum
1774 1905 2181 1975 resipiscamus:

600 2028 724 2084 Misi
769 2028 824 2081 in
866 2040 953 2079 vos
990 2018 1319 2089 indigentiam
1365 2004 1576 2085 panum,
1624 2024 1883 2076 stuporem
1914 2010 2184 2073 dentium;

600 2129 824 2203 percussi
855 2134 1002 2181 vento
1032 2133 1203 2178 urente
1241 2120 1448 2189 (Amos
1472 2132 1542 2178 tv.
1573 2113 1661 2184 6).
1715 2111 2010 2181 Indigentia
2034 2109 2185 2179 panis

603 2233 708 2289 εει,
752 2230 809 2274 ut
844 2217 1076 2273 sciamus
1099 2211 1242 2281 quod
1268 2224 1390 2264 cum
1420 2222 1451 2262 a
1491 2206 1719 2261 Domino
1748 2203 2038 2265 receditur,
2079 2215 2185 2255 non

566 2377 579 2388 ⁸
602 2322 684 2369 est
712 2307 1108 2383 unde_vivatur.
1151 2309 1347 2370 Stupor
1381 2310 1559 2354 autem
1600 2295 1838 2349 dentium
1878 2293 2021 2348 unde
2057 2308 2183 2345 con-

605 2400 874 2462 trahitur?
918 2409 1045 2470 puto
1080 2393 1374 2455 convenire
1411 2390 1541 2445 illud
1575 2388 1716 2459 quod
1766 2388 2021 2442 Salomon
2050 2401 2182 2455 quo-

603 2500 727 2556 dam
757 2498 877 2551 loco
917 2495 1009 2557 ait,
1042 2490 1167 2545 dum
1201 2483 1655 2554 comparationem
1693 2488 1916 2549 poneret
1955 2477 2182 2535 dicens:

606 2594 753 2649 Sicut
774 2607 871 2644 uva
890 2586 1071 2641 acerba
1092 2581 1327 2637 dentiéus
1355 2580 1510 2632 noxia
1539 2586 1628 2631 est.
1657 2574 1766 2631 Uva
1790 2582 1967 2628 autem
1989 2569 2185 2626 acerba

603 2693 686 2742 est
718 2689 1038 2753 pramature
1077 2683 1333 2743 occupata
1378 2667 1661 2740 promissio
1690 2677 1747 2722 et
1784 2675 2034 2720 contenta
2062 2678 2185 2719 cum

602 2775 845 2833 diliertur
875 2768 1130 2839 temporis
1162 2763 1457 2834 plenitudo.
1500 2760 1631 2814 Nam
1670 2766 1729 2811 ut
1753 2755 2095 2812 dulcedinem
2133 2763 2190 2810 et

604 2869 926 2924 suavitatem
961 2874 1080 2930 quae
1120 2858 1273 2911 nobis
1311 2854 1368 2909 in
1405 2851 1703 2908 aeternitate
1738 2849 2088 2918 promittitur,
2134 2848 2188 2901 in

606 2960 709 3015 hoc
746 2954 945 3011 mundo
975 2951 1175 3006 habere
1206 2948 1454 3011 velimus,
1493 2943 1839 2999 immaturum
1867 2941 1999 2995 satis
2026 2946 2191 3015 atque

606 3048 861 3104 acerbum
903 3053 1006 3100 est.
1056 3026 1224 3110 Hujus
1279 3052 1396 3105 uvae
1436 3035 1612 3090 adhuc
1650 3048 1856 3103 asperas
1900 3030 2191 3101 viridisque

606 3154 716 3197 non
740 3137 946 3201 vinum,
987 3130 1099 3189 sed
1121 3130 1263 3185 virus
1309 3129 1447 3183 intra
1479 3125 1784 3195 paradisum
1816 3121 1985 3178 Adam
2022 3120 2076 3175 in
2105 3120 2189 3176 sui

2280 553 2433 625 quasi
2459 552 2792 608 occurrimus
2821 550 2953 615 Dee,
2979 548 3023 603 si
3056 556 3378 617 praeceptum
3400 543 3541 614 quod
3569 542 3858 613 porrigitur

2280 650 2694 716 amplectamur;
2732 653 2789 701 et
2821 644 2943 715 quia
2979 652 3195 713 paratus
3224 649 3307 696 est
3343 639 3435 694 ille
3470 638 3535 693 ad
3575 636 3859 707 ignoscen-

2279 742 2428 807 dum,
2459 748 2706 795 occurrat
2746 738 2796 794 ei
2840 735 3104 792 correctio
3144 733 3210 788 ad
3243 731 3629 802 paenitendum.
3671 727 3777 786 Sed
3803 736 3861 784 et

2282 839 2585 909 quicunque
2624 844 2842 904 propter
2882 844 3121 885 amorem
3150 836 3367 883 eterna
3392 825 3518 878 vitm
3546 836 3653 876 non
3683 822 3857 875 solum

2281 932 2348 983 ah
2379 928 2576 983 illicitis
2605 927 2854 987 abstinet,
2877 937 3064 978 verum
3091 922 3251 976 etiam
3280 934 3310 973 a
3343 917 3503 973 licitis
3534 929 3596 971 se
3620 925 3857 979 coercet,

2280 1028 2475 1089 sponte
2495 1018 2792 1073 occurrisse
2810 1006 3126 1084 judieandus
3146 1019 3247 1067 est.
3264 1009 3393 1064 Nam
3412 1017 3469 1061 ut
3487 1005 3716 1075 exempli
3740 1018 3833 1073 μη
3847 1035 3860 1041 -

2282 1111 2352 1165 tia
2383 1108 2904 1178 unumquodcunque
2927 1103 3200 1168 dicamus,
3228 1100 3496 1155 adulterio
3532 1095 3863 1167 generaliter

2284 1204 2585 1267 interdicto,
2627 1202 2851 1271 simplex
2894 1197 3198 1267 conjugium
3240 1196 3356 1262 lege
3385 1191 3743 1262 permittitur;
3774 1185 3862 1243 cui

2284 1309 2459 1353 tamen
2482 1295 2807 1363 virginitatis
2828 1293 2968 1347 nitor
2989 1291 3105 1344 sine
3123 1284 3523 1356 comparatione
3541 1279 3857 1352 praefertur:

2283 1388 2423 1443 unde
2438 1387 2525 1457 qui
2541 1386 2626 1439 dat
2647 1394 2858 1455 nuptum
2875 1381 3115 1449 virginem
3130 1392 3276 1431 suam
3296 1376 3418 1430 bene
3434 1375 3578 1443 facit,
3592 1380 3637 1425 et
3652 1372 3739 1441 qui
3758 1385 3864 1424 non

2283 1482 2371 1535 dat
2393 1479 2572 1533 melius
2596 1476 2712 1547 facit
2737 1474 2786 1543 (l
2808 1474 3035 1534 Cor.vtt,
3062 1471 3175 1541 58).
3205 1470 3316 1523 lloc
3342 1482 3470 1535 ergo
3497 1466 3567 1520 de
3597 1462 3742 1518 omni
3773 1462 3866 1517 de-

2284 1572 2471 1626 bemus
2486 1566 2862 1623 observatione
2879 1564 3109 1619 sentire:
3134 1561 3223 1631 qui
3250 1560 3389 1614 male
3411 1557 3552 1621 facit,
3583 1556 3748 1626 fugit;
3772 1555 3865 1624 qui

2284 1666 2441 1730 bene,
2466 1669 2732 1730 exspectat
2753 1675 2767 1725 ;
2786 1658 2874 1727 qui
2895 1656 3113 1717 melius,
3139 1652 3416 1717 occurrit).
3448 1650 3714 1715 iamvero
3745 1656 3869 1717 post

2285 1758 2481 1813 multas
2495 1765 2546 1809 et
2564 1753 2833 1823 piissimas
2847 1747 3241 1803 admonitiones
3261 1754 3377 1812 qua:
3394 1740 3651 1811 prolectui
3676 1745 3867 1795 nostro

2216 1856 2262 1917 Β
2286 1850 2447 1904 etiam
2470 1845 2762 1902 secundum
2793 1843 3022 1896 litteram
3049 1847 3316 1897 constant,
3356 1836 3736 1889 convenienter
3759 1829 3870 1884 lio-

2287 1940 2528 2010 gationes
2571 1947 2781 1992 nostras
2832 1934 2885 1987 in
2907 1931 3097 2002 ,ipsius
3146 1927 3389 1983 lectionis
3436 1925 3543 1980 line
3587 1921 3868 1984 describit,

2288 2035 2512 2087 dicens:
2541 2028 2603 2083 In
2626 2027 2860 2081 omnibus
2888 2012 3071 2095 piateia
3098 2030 3147 2076 et
3186 2020 3279 2074 viis
3311 2019 3375 2074 sit
3416 2016 3651 2086 planctus
3689 2015 3871 2085 (Amos

2290 2142 2349 2195 v,
2382 2124 2491 2195 lli).
2541 2123 2647 2176 Via:
2678 2122 2794 2175 ista:
2819 2128 2872 2174 et
2902 2119 3089 2187 plateae
3118 2126 3270 2169 actus
3300 2119 3511 2167 nostros
3544 2107 3868 2178 signiﬁcant,

2288 2232 2383 2288 per
2409 2230 2546 2284 quos
2580 2214 2866 2267 humanam
2915 2206 3379 2263 conversationem
3428 2200 3749 2256 mortalitate
3775 2197 3874 2253 de-

2287 2309 2575 2366 currimus.
2612 2304 2723 2360 Via:
2775 2306 2980 2356 minora
3022 2300 3237 2368 delicta,
3290 2298 3483 2367 plateae
3526 2309 3650 2348 vero
3682 2291 3875 2347 latiora

2290 2409 2504 2471 peccata
2551 2408 2695 2463 sunt,
2745 2410 2865 2465 quae
2909 2393 2975 2448 ad
3018 2392 3163 2447 illam
3210 2388 3439 2458 amplam
3480 2394 3536 2443 et
3577 2384 3874 2454 spatiosum

2290 2494 2508 2549 mittunt
2531 2505 2648 2560 qua:
2680 2488 2825 2543 ducit
2853 2487 2919 2541 ad
2960 2482 3346 2554 perditionem;
3370 2488 3425 2535 et
3454 2474 3608 2533 multi
3637 2473 3876 2543 suntqui

2290 2589 2569 2646 inieniunt
2596 2600 2736 2640 eam.
2791 2583 2891 2637 l’er
2915 2589 3192 2649 angustam
3232 2589 3361 2629 vero
3389 2571 3635 2627 semitam
3667 2568 3777 2623 itur
3804 2567 3877 2624 ad

2292 2681 2440 2737 illum
2473 2678 2541 2733 de
2568 2692 2676 2747 quo
2706 2672 2950 2745 praedixit
2978 2670 3258 2740 propheta,
3290 2664 3430 2734 quod
3461 2678 3647 2719 vocem
3669 2662 3787 2727 ejus
3820 2659 3877 2714 in

2293 2776 2468 2846 platea
2502 2788 2657 2827 nemo
2682 2767 2904 2834 audivit,
2938 2765 3091 2835 cujus
3115 2763 3296 2832 utique
3321 2760 3543 2815 verbum
3580 2757 3634 2810 in
3669 2752 3877 2825 peccati

2292 2867 2540 2923 libertate
2572 2880 2640 2917 uo
2665 2884 2675 2913 l
2709 2862 2903 2917 sonuit.
2949 2860 3088 2927 Ergo
3116 2856 3168 2911 in
3198 2858 3296 2910 ista
3327 2853 3499 2923 platea
3527 2848 3651 2918 quia
3677 2856 3759 2902 cst
3780 2862 3878 2903 uo-

2290 2969 2404 3016 ster
2429 2971 2602 3023 actus,
2631 2956 2699 3010 sit
2724 2965 2904 3008 noster
2930 2958 2987 3006 et
3017 2948 3301 3017 planctus:
3332 2958 3490 3017 quem
3520 2950 3698 2999 tamen
3728 2938 3879 3007 plan-

2293 3059 2437 3109 etum
2476 3067 2583 3106 non
2626 3048 2904 3104 confusum
2949 3053 3007 3099 et
3051 3037 3451 3096 tumultuarium
3500 3047 3624 3090 esse
3678 3032 3879 3088 debere

2294 3154 2523 3201 testatur
2551 3156 2730 3197 sermo
2761 3137 3033 3206 subjectus
3058 3173 3076 3199 ,
3112 3129 3348 3194 Vocubit,
3380 3126 3649 3196 inquiens,
3679 3123 3880 3193 agrico-

608 3232 885 3300 mstrique
904 3225 1194 3298 perniciem
1227 3219 1559 3291 degustarit;
1590 3225 1647 3273 et
1669 3215 1789 3287 quia
1822 3221 2076 3285 parentes
2097 3226 2184 3267 co-

2294 3237 2398 3292 lam
2425 3237 2494 3291 ad
2516 3236 2727 3297 luctum,
2758 3243 2804 3287 st
2831 3230 2900 3284 ad
2930 3229 3189 3299 planctum
3217 3240 3302 3279 eos
3327 3222 3416 3294 qui
3444 3223 3611 3274 sciant
3629 3217 3881 3289 plangere

606 3323 885 3382 mederant
914 3334 1068 3375 uvam
1110 3314 1382 3378 acerbam,
1422 3310 1612 3365 dentes
1639 3308 1872 3362 ﬁliorum
1898 3306 2189 3375 obstupue-

606 3427 750 3475 runt.
780 3414 886 3471 Sed
911 3409 1209 3482 pmvideus
1228 3403 1470 3461 Ezechiel
1500 3400 1761 3475 originale
1780 3400 2017 3456 debitum
2033 3398 2190 3458 Chri-

605 3519 690 3567 sto
715 3506 959 3563 solvente
983 3498 1305 3563 vacandum,
1341 3496 1421 3551 sic
1457 3495 1533 3549 ait
1565 3510 1579 3545 :
1628 3490 1755 3546 Viso
1783 3506 1897 3562 ego,
1926 3490 2055 3549 dicit
2080 3486 2190 3545 Do-

558 3656 559 3659 η
603 3603 796 3666 asinus,
837 3599 883 3654 si
915 3598 1009 3655 erit
1044 3592 1182 3655 ultra
1220 3586 1542 3662 prouerbium
1582 3581 1713 3641 illud
1758 3585 1813 3637 in
1853 3580 2144 3636 Jerusalem
2169 3596 2189 3634 :

606 3695 789 3751 Patres
819 3687 1141 3747 comederunt
1172 3698 1323 3739 uvam
1346 3686 1613 3744 acerbam;
1640 3678 1988 3746 obstupescent
2015 3676 2189 3727 dentes

607 3786 836 3858 ﬁliorum
863 3780 1077 3857 (Emit.
1102 3790 1278 3840 rxvm,
1308 3772 1387 3841 5).
1420 3770 1539 3826 lam
1575 3769 1669 3825 tibi
1703 3783 1809 3823 non
1840 3774 1999 3823 uocet
2034 3764 2189 3836 quid-

606 3857 732 3950 quid
760 3883 902 3933 esset
934 3871 1111 3948 Adam;
1128 3865 1268 3949 quttd
1289 3862 1595 3929 concupivit
1621 3857 2029 3929 superbe,un
2055 3871 2186 3927 pra:-

607 3949 838 4038 sumpsit
869 3964 1053 4020 illicite
1073 4000 1087 4026 ,
1118 3958 1259 4035 quod
1288 3957 1610 4015 desideravit
1637 3954 1879 4017 incaute;
1913 3960 1966 4006 tu
1999 3951 2091 4005 tibi
2119 3949 2190 4006 de

610 4071 703 4119 tuo
723 4075 816 4115 esu
838 4068 1112 4126 stuporem
1140 4050 1380 4117 dentium
1404 4056 1600 4116 metue,
1619 4056 1673 4102 tu
1694 4054 1891 4101 tactum
1919 4044 2190 4113 appetitus

604 4154 674 4213 ab
702 4150 876 4208 inutili
906 4147 1161 4210 aviditate
1190 4143 1471 4217 restringe.
1525 4139 1807 4195 Desideras
1848 4152 2005 4193 uvam
2035 4130 2189 4191 acer-

605 4250 749 4316 bam,
778 4244 874 4303 sed
905 4238 1504 4317 sustinetnatutritatem
1529 4232 1919 4304 promissionis.
1950 4231 2063 4286 N0u
2098 4238 2189 4285 tuo

606 4340 802 4398 saeculo
848 4336 1134 4393 delectatio
1183 4334 1284 4388 ista
1328 4332 1573 4389 debetur.
1620 4329 1679 4384 Si
1712 4330 1924 4383 dulcem
1966 4326 2185 4395 quaeris,

605 4441 855 4501 exspecta
900 4429 1207 4488 cmlestem;
1258 4425 1321 4495 si
1354 4424 1637 4478 humanam
1687 4422 1915 4489 appetis,
1969 4418 2188 4486 patieris

606 4525 886 4582 immitem.
932 4522 1059 4588 Quzc
1094 4528 1187 4573 est
1226 4527 1411 4571 autem
1457 4515 1638 4570 mundi
1691 4510 1893 4585 gloria,
1931 4514 2035 4569 nisi
2075 4512 2189 4582 ipse

2292 3328 2507 3403 (Ibid).
2534 3326 2725 3383 Cernis
2748 3336 2943 3392 nempe
2955 3318 3098 3391 quod
3124 3317 3265 3374 istud
3286 3313 3545 3385 plangere
3558 3325 3665 3366 non
3687 3320 3881 3363 omnes

2288 3425 2483 3490 sciant,
2531 3420 2626 3477 sed
2668 3419 2743 3474 illi
2775 3426 2982 3472 tantum
3014 3411 3236 3468 vocandi
3269 3418 3395 3465 sunt
3440 3406 3536 3477 qui
3586 3414 3877 3461 noverunt.

2292 3517 2541 3588 Agricola
2584 3524 2689 3583 est,
2737 3512 2829 3583 qui
2858 3511 2960 3567 isto
2990 3504 3321 3579 pmoitentiae
3364 3501 3510 3558 luctu
3537 3511 3592 3556 et
3618 3511 3881 3566 conmun-

2293 3609 2487 3663 ctionis
2510 3606 2703 3661 allecto
2732 3615 2950 3668 terram,
2974 3599 3029 3655 id
3055 3608 3141 3655 est
3160 3594 3508 3652 substantiam
3533 3605 3685 3649 suam
3706 3589 3881 3658 spinis

2292 3710 2503 3774 purgat,
2533 3700 2812 3769 praeceptis
2839 3695 3077 3761 edomat,
3105 3687 3355 3757 lacrymis
3381 3688 3534 3757 rigat,
3580 3682 3883 3738 humilitate

2292 3792 2563 3858 fecundat,
2596 3794 2801 3847 semine
2841 3788 2998 3852 ditat,
3042 3784 3193 3854 fruge
3218 3778 3554 3851 multiplicat.
3589 3776 3880 3831 Enimvero

2290 3886 2587 3944 secundum
2635 3894 2829 3940 statum
2876 3878 3194 3937 calamitatis
3244 3875 3515 3939 humanae,
3561 3869 3739 3925 nullus
3788 3877 3883 3924 est

2291 3980 2380 4049 qui
2432 3978 2682 4047 plangere
2727 3972 2949 4038 nesciat,
2998 3970 3196 4040 quippe
3225 3977 3306 4023 est
3356 3967 3431 4019 ita
3474 3962 3773 4033 generatio,
3818 3968 3882 4015 ut

2288 4070 2450 4125 etiam
2484 4070 2570 4123 ille
2595 4067 2685 4137 qui
2715 4082 2818 4120 non
2843 4063 3050 4118 noverit
3077 4061 3244 4125 aliud,
3273 4055 3412 4113 istud
3443 4063 3647 4114 noscat.
3681 4062 3738 4105 ut
3760 4052 3879 4119 ipsa

2291 4178 2505 4235 quoque
2537 4162 2741 4216 intrans
2773 4158 2914 4212 hunc
2960 4154 3218 4210 mundum
3264 4165 3400 4205 nnva
3429 4157 3561 4203 atas
3590 4144 3882 4235 infantium

2267 4256 2519 4328 tprimam
2544 4268 2729 4308 vocem
2755 4252 2881 4306 fletu
2926 4261 3238 4315 erumpens,
3288 4243 3438 4317 quasi
3481 4238 3713 4311 quodam
3739 4217 3886 4292 vatil

2292 4349 2435 4404 cinio
2459 4349 2822 4403 calamitatum
2843 4353 3025 4399 careat
3049 4340 3193 4395 omni
3219 4352 3402 4401 sensu,
3422 4335 3694 4403 planctum
3711 4345 3885 4399 quem

2294 4442 2467 4498 adhuc
2504 4458 2609 4495 non
2660 4438 2820 4493 habet
2860 4438 2914 4491 in
2943 4435 3187 4497 scientia,
3227 4430 3337 4500 jam
3384 4438 3560 4481 tamen
3603 4425 3794 4480 all‘erat
3824 4424 3887 4478 in

2293 4545 2505 4597 natura,
2538 4544 2589 4589 et
2612 4533 2729 4586 sine
2758 4531 2868 4584 ullo
2890 4526 3148 4584 doctrina:
3169 4522 3495 4578 adminiculo
3520 4520 3632 4589 ipsa
3656 4518 3891 4572 inchoa-

604 4632 765 4690 quem
797 4614 931 4668 intra
962 4612 1110 4675 dicit,
1140 4615 1328 4664 ventus
1356 4606 1560 4661 urens?
1587 4606 1740 4676 cujus
1782 4608 1944 4660 etiam
1979 4605 2024 4658 si
2056 4604 2188 4659 leni-
2214 4614 2267 4674 ι)
2295 4628 2368 4682 ιίο
2397 4628 2761 4683 discriminum
2795 4626 2965 4695 parm
3010 4621 3311 4692 magisteria
3339 4619 3718 4687 “crymmm.
3744 4614 3887 4680 Qua

606 4720 689 4766 tas
705 4709 934 4765 delectat
950 4703 1216 4769 homines,
1233 4710 1404 4755 terror
1430 4709 1605 4753 tamen
1629 4700 1855 4769 percutit
1881 4705 2150 4753 amatores
2171 4718 2185 4750 :

605 4810 674 4866 Et
703 4810 824 4880 quia
859 4823 948 4861 nec
984 4809 1056 4859 sic
1092 4804 1296 4859 rcdistis
1340 4804 1405 4856 ad
1450 4818 1549 4871 me,
1582 4802 1705 4855 dicit
1730 4800 2002 4869 Dominus,
2051 4816 2184 4854 nunc

603 4910 630 4945 ο
651 4903 969 4975 (praeparare
993 4900 1043 4953 in
1065 4912 1329 4953 occursum
1352 4895 1443 4949 Dei
1469 4897 1545 4948 tui
1567 4892 1737 4948 Israel
1762 4895 1938 4967 (Amos
1970 4909 2043 4961 Iv,
2068 4893 2181 4963 ill).

603 4997 744 5051 Dicit
776 4993 990 5063 quidem
1038 4990 1235 5045 Paulus
1276 4989 1546 5057 apostolus
1571 4985 1623 5059 (l
1666 4986 1845 5042 Thess.
1872 5003 1944 5055 tv,
1975 4987 2065 5058 l8)
2090 4987 2183 5042 ubi

603 5087 984 5157 Redemptoris
1019 5083 1270 5138 describit
1310 5082 1617 5147 adventum,
1648 5082 1875 5151 qualiter
1914 5086 2186 5153 rapientur

598 5180 665 5236 ad
695 5180 861 5234 nubes
890 5176 1099 5231 obviam
1131 5174 1343 5230 Christo
1372 5174 1425 5228 iu
1444 5188 1605 5240 aera;
1631 5174 1717 5228 hic
1736 5183 1916 5230 tamen
1938 5186 2069 5244 puto
2087 5191 2180 5233 oc.

670 5300 700 5331 ι
739 5291 915 5346 Locus
942 5299 1240 5359 corruptus.

669 5361 699 5405 δ
736 5362 898 5418 Forte
917 5371 1175 5417 extrema.

674 5445 699 5475 α
740 5433 901 5489 Forte
928 5442 1113 5488 seruat.

671 5503 700 5577 ιι
737 5504 910 5627 tecm
945 5515 1247 5575 corruptus.

674 5584 700 5613 ο
787 5579 832 5627 ic
861 5575 1059 5627 ansulis
1095 5577 1247 5627 iuclu:

674 5574 700 5613 δ
737 5571 832 5628 llic
861 5575 1059 5627 ansulis
1095 5571 1295 5629 inclusa
1326 5573 1504 5629 retulit
1541 5571 1734 5627 Florus
1776 5577 2028 5645 magister
2071 5578 2179 5635 Ec-

598 5645 779 5721 clesia:
814 5645 1182 5767 Lugdunensis
1222 5645 1476 5699 diaconus
1504 5644 1560 5698 in
1588 5644 1935 5714 Expositione
1961 5650 2013 5703 in
2048 5650 2171 5716 Epi-

598 5710 765 5767 stolas
801 5713 858 5767 S.
940 5724 1066 5767 ann.
1098 5731 1255 5767 uuam
1293 5730 1356 5767 es
1390 5716 1601 5767 scripts
1641 5712 1824 5767 decem
1866 5719 2168 5767 sanctarum

598 5710 765 5777 stolas
801 5713 858 5767 S.
896 5710 1066 5780 Pauli,
1098 5731 1255 5786 quam
1293 5730 1356 5770 ex
1390 5716 1601 5783 scripts
1641 5710 1824 5769 decem
1866 5710 2169 5775 sanetortim

2296 4738 2413 4778 cum
2443 4723 2514 4779 ita
2541 4724 2668 4789 sint,
2696 4732 2999 4791 quammus
3028 4715 3323 4773 secundum
3354 4712 3600 4783 spiritum
3646 4723 3765 4777 qua:
3791 4707 3891 4762 di-

2296 4814 2489 4869 stantia
2528 4814 2766 4867 sitinter
2800 4826 2894 4866 eos
2919 4810 3008 4879 qui
3052 4809 3229 4863 sciunt
3260 4816 3312 4860 et
3361 4804 3479 4858 illos
3508 4802 3597 4872 qui
3630 4798 3895 4855 neat-inut

2298 4908 2443 4962 ﬂere.
2493 4906 2624 4960 Nam
2671 4915 2825 4974 prout
2856 4913 2984 4959 sunt
3011 4916 3209 4973 genera
3247 4909 3302 4955 et
3330 4898 3547 4952 ordines
3574 4894 3892 4959 hominum,

2295 5003 2449 5057 istam
2501 5000 2778 5055 scientiam
2819 4999 2980 5054 ﬂendi
3027 4996 3225 5051 habere
3256 4990 3450 5061 singuli
3488 4990 3707 5046 debent.
3756 4986 3896 5042 Alia

2294 5095 2428 5164 regi,
2477 5094 2576 5148 alia
2613 5092 2879 5162 subjecto,
2926 5093 3030 5146 alia
3062 5087 3351 5159 peccaturi,
3400 5085 3501 5140 alia
3541 5084 3689 5154 justo
3713 5095 3897 5137 causa

2289 5188 2667 5261 lacrymarum.
2696 5186 2989 5256 Quemdam
3015 5183 3321 5239 Parthicum
3343 5194 3525 5251 regem
3550 5175 3569 5216 ί
3597 5174 3899 5233 saeuiat-is

2292 5316 2476 5360 nostro
2504 5306 2753 5376 praeferat
2782 5303 2967 5359 feriam
2991 5304 3026 5357 3
3049 5301 3429 5373 Rogatiouum.

2365 5372 2387 5415 ί
2424 5377 2476 5415 Μ
2509 5376 2575 5415 do
2604 5375 2781 5415 ἵρντμ
2805 5374 3087 5415 parcarum
3118 5386 3241 5415 nam
3271 5373 3434 5415 mlhrt
3456 5367 3756 5415 Herodotus
3784 5366 3823 5415 Ιῖ

2365 5372 2387 5415 ί
2424 5377 2477 5431 Id
2507 5367 2575 5431 de
2604 5375 2781 5433 Xerxe
2805 5374 3087 5429 Persarum
3118 5367 3241 5443 rege
3271 5373 3434 5425 refert
3456 5367 3756 5423 Herodotus
3784 5367 3901 5424 lib.

2293 5462 2387 5512 vn,
2417 5449 2512 5502 sed
2543 5450 2699 5516 paulo
2729 5447 2883 5500 aliter
2918 5444 3021 5498 εει
3057 5460 3174 5497 cum
3210 5443 3494 5516 intueretur
3528 5436 3746 5501 Im,
3804 5439 3904 5516 in-

2220 5526 2223 5531 '
2291 5517 2427 5598 quit,
2457 5512 2656 5573 omnem
2680 5513 3316 5598 Hellespontum-navibus
3363 5512 3658 5598 obductum:
3705 5512 3904 5598 omnia

2293 5581 2467 5639 littora
2491 5598 2639 5656 atque
2658 5581 3017 5657 Abydenorum
3042 5588 3197 5657 plana
3242 5582 3528 5657 hominibus
3563 5581 3776 5657 referta.
3808 5581 3906 5657 ibi

2291 5675 2343 5730 se
2368 5652 2565 5712 beatum
2604 5675 2711 5713 esse
2736 5652 2977 5730 'jactauit,
3030 5652 3078 5730 et
3132 5663 3245 5727 post
3276 5655 3399 5730 iure
3428 5654 3683 5719 lacrymas
3715 5652 3902 5730 fudit.

2282 5726 2428 5795 Quod
2458 5720 2863 5783 animadveFtens
2902 5720 3191 5782 Artabanus
3238 5726 3349 5796 ejus
3394 5732 3753 5796 patruum"...
3793 5720 3896 5775 his

598 5790 815 5868 Patrum
844 5788 1198 5868 concinnam,
1229 5787 1322 5839 sed
1346 5800 1409 5842 ea
1433 5788 1563 5840 citat
1590 5797 1838 5855 tanquam
1864 5803 1926 5840 ea:
1945 5806 2172 5843 sermons

2285 5796 2436 5852 [verbis
2476 5800 2849 5868 interrogavit:
2875 5797 3044 5867 Quam
3074 5787 3297 5868 diversi,
3338 5787 3455 5868 rex,
3490 5793 3625 5845 inter
3667 5808 3720 5843 sc
3746 5809 3910 5845 nunc

599 5863 682 5915 die
716 5860 877 5918 primo
913 5855 1272 5915 (legationum.
1326 5872 1446 5910 cum
1494 5862 1676 5911 titulus
1720 5863 1770 5909 in
1805 5864 2170 5927 manuarian

2278 5871 2406 5927 facis
2429 5882 2473 5924 et
2506 5862 2925 5929 dudum’dixisti',
2968 5869 3058 5930 qui
3084 5874 3133 5919 te
3167 5864 3371 5921 beatum
3400 5862 3609 5915 dixeras
3636 5878 3772 5919 nunc
3815 5866 3903 5914 ln-
