4124 6350
364 301 466 363 597

359 426 581 489 historia
608 436 792 506 relert,
822 438 1055 512 inspecta
1089 454 1114 485 ι
1140 457 1261 519 post
1288 453 1569 513 victoriam
1590 459 1658 517 de
1686 464 1934 523 emineno

359 522 493 581 tiore
518 524 635 583 loco
684 536 1118 596 numerosissima
1148 544 1229 598 sui
1274 551 1538 609 exercitus
1568 556 1927 623 multitudine.

355 613 711 689 lacrymasse;
742 626 829 694 qui
857 643 980 684 nios
1008 646 1037 686 a
1063 638 1313 706 satrapis,
1346 657 1461 710 qum
1493 644 1546 700 in
1588 648 1679 704 tali
1706 649 1932 708 beatitu-

356 708 480 762 dine
520 724 678 766 causa
716 715 874 772 ﬂendi
906 734 1049 777 esset
1076 708 1465 802 interrogatus;
1509 736 1689 803 istam.
1737 744 1930 814 inquit,

354 802 745 862 multitudinem
797 810 982 884 lugeo,
1028 834 1144 888 qua:
1187 827 1479 893 quamlibet
1530 834 1743 903 victrix,
1794 838 1931 896 intra

355 908 462 950 non
487 899 682 955 multos
706 919 876 960 annos
895 913 1302 972 omnisomnino
1335 930 1536 978 tzaturic
1560 926 1675 997 lege
1700 930 1927 988 finienda

356 998 460 1044 est.
511 992 566 1047 Si
612 996 676 1050 ad
716 1001 1024 1061 saecularem
1074 1013 1389 1079 sapientiam
1423 1016 1449 1055 δ
1674 1038 1799 1079 ecce
1848 1026 1925 1080 la-

353 1092 567 1174 crymas
596 1087 782 1157 dignas
808 1107 931 1162 rege
961 1099 1247 1169 mundano,
1274 1120 1431 1174 quam
1456 1108 1582 1165 libet
1602 1112 1761 1170 etiam
1783 1116 1927 1171 Chri-

352 1170 528 1228 Stiano
558 1177 785 1249 principi
832 1189 1140 1245 conveniret
1183 1170 1304 1263 post
1334 1199 1632 1269 triumphos
1657 1205 1724 1260 de
1752 1220 1925 1265 morte

350 1265 521 1333 magis
542 1283 699 1337 quam
724 1272 792 1328 de
819 1276 1053 1335 culmine
1082 1284 1405 1352 cogitantem
1435 1265 1540 1346 non
1573 1302 1796 1361 tumere,
1828 1300 1922 1354 sed

348 1354 603 1427 plangere
636 1378 647 1412 :
675 1364 800 1431 quid
847 1368 892 1422 si
935 1382 1091 1425 causa
1136 1389 1402 1443 praesente
1446 1380 1606 1438 istum
1636 1396 1658 1423 ο
1690 1354 1921 1459 religiosi

348 1449 600 1521 principis
627 1452 805 1512 ﬂetum
838 1466 1026 1515 testem
1057 1464 1309 1533 sciamus,
1338 1485 1456 1525 cum
1507 1474 1670 1531 David
1700 1479 1789 1535 ille
1816 1482 1922 1535 vir-

347 1546 457 1595 tute
484 1558 724 1614 magnus,
774 1558 1033 1618 potestate
1066 1559 1336 1626 pra-ditw,
1380 1564 1574 1631 pietate
1603 1572 1912 1639 praecelsus,

343 1630 481 1686 inter
503 1650 669 1690 aurea
712 1651 853 1694 serta
898 1654 1273 1717 gemmataque
1318 1630 1641 1724 diademata,
1685 1662 1921 1719 ctelestis

343 1724 513 1793 magis
562 1729 713 1796 regni
756 1746 1008 1790 coronam
1054 1740 1437 1801 instantissimo
1489 1758 1623 1804 testu
1673 1755 1922 1810 ferventis

344 1813 595 1872 desiderii
620 1822 935 1889 suspiraret,
971 1828 1190 1894 Quando
1217 1836 1431 1903 uernant,
1456 1878 1457 1881 η
1484 1838 1668 1895 dicens
1694 1882 1709 1906 ,
1757 1853 1805 1897 et
1832 1864 1924 1917 ap-
1953 1845 2002 1907 Β

1320 329 1624 396 ιοΑΝΝεε
1680 339 2041 406 DIACONUS.
2092 350 2672 419 PROLEGOMENON.

3507 379 3613 442 398

1957 467 2009 528 Δ
2036 471 2220 530 nandi.
2256 474 2334 532 De
2356 490 2547 549 quarto
2574 498 2763 541 omnes
2790 500 2891 545 nos
2916 502 3012 559 per
3038 486 3299 552 Lazarum
3328 504 3611 559 recurren-

2040 571 2142 627 tes,
2174 575 2231 618 ut
2254 572 2661 643 resuscitemnr,
2710 592 2817 634 non
2846 581 3017 638 solum
3044 588 3328 644 miserendi
3359 591 3607 662 dulcedo,

2037 653 2131 708 sed
2158 655 2319 711 etiam
2352 660 2523 719 ﬂendi
2541 681 2676 736 opus
2702 680 2785 725 est
2814 673 3131 730 amaritudo.
3184 679 3309 735 Post
3335 681 3450 740 hac
3488 653 3607 755 quia

2038 745 2128 799 tali
2162 749 2468 817 magiSIerio
2492 760 2652 813 etiam
2682 775 2779 816 nos
2807 763 2987 820 docuit
3032 768 3311 839 plangere,
3342 745 3611 832 discerna-

2035 851 2156 892 mus
2201 842 2476 899 scientiam
2535 849 2964 924 imperitiamqne
3020 858 3393 929 lacrymarum.
3469 868 3608 926 Ecce

2035 925 2194 984 hodie
2225 932 2290 987 ad
2314 936 2598 992 ecclesiam
2648 946 2971 1001 conveniunt
3011 951 3185 1020 multi,
3234 956 3278 1007 si
3308 960 3608 1031 quicunque

2032 1023 2375 1093 semetipsum
2414 1028 2466 1082 in
2509 1035 2749 1090 oratione
2792 1047 3134 1105 prosternens
3175 1023 3339 1116 coepit
3385 1061 3608 1119 quanto-

2030 1112 2163 1169 libet
2190 1115 2313 1171 ﬂetu
2339 1118 2541 1190 aliquid
2568 1126 2710 1194 quod
2740 1128 2804 1182 ad
2835 1132 3086 1187 saeculum
3137 1112 3601 1213 pertineat'orare,

2030 1215 2125 1260 aut
2152 1214 2576 1269 conversationis
2620 1218 2901 1275 mundana:
2928 1222 3257 1293 felicitatem,
3298 1238 3390 1286 aut
3432 1234 3606 1291 inimi-

2028 1309 2215 1351 corum
2247 1310 2500 1369 mortem,
2542 1314 2633 1360 aut
2660 1308 2964 1366 divitiarum
2995 1316 3481 1390 ampliﬂcationem,
3513 1336 3604 1379 ant

2031 1386 2153 1443 vita
2185 1389 2340 1459 hujus
2379 1392 2785 1465 longitudinem,
2829 1411 2917 1457 aut
2970 1404 3225 1463 honorem
3269 1414 3600 1470 saecularium

2028 1481 2342 1553 dignitatum
2368 1504 2384 1547 :
2416 1493 2651 1561 nunquid
2680 1510 2785 1548 non
2815 1498 3179 1566 hujuscemodi
3231 1505 3477 1576 lacrynne
3506 1509 3602 1565 do-

2027 1584 2154 1629 cent
2184 1576 2453 1635 hominem
2505 1585 2712 1639 nescire
2753 1588 2877 1655 quid
2926 1590 3160 1661 plangat,
3211 1611 3343 1664 quas
3382 1599 3598 1657 inutiles

2028 1667 2159 1723 satis
2207 1671 2586 1745 imperitasque
2638 1681 2822 1745 procul
2878 1682 3041 1737 dubio
3091 1686 3349 1756 perdidit,
3394 1695 3601 1761 quoties

2030 1759 2109 1813 sic
2136 1762 2406 1829 profudit?
2452 1768 2603 1834 Quod
2652 1785 2759 1826 non
2791 1782 2895 1827 tam
2944 1781 3220 1847 miserum,
3267 1759 3425 1853 quam
3464 1787 3509 1842 si
3538 1804 3601 1846 ea

2030 1848 2208 1906 ﬂendo
2240 1855 2326 1911 ille
2370 1858 2471 1913 sibi
2517 1871 2663 1931 petat
2710 1865 2895 1930 tribui,
2945 1885 3064 1938 qua:
3109 1874 3261 1930 multi
3286 1848 3456 1934 beam
3509 1898 3601 1938 ne-

2314 1910 2317 1911 ,
2379 1910 2470 1913 μή-
2517 1910 2663 1931 r-...-
2712 1910 2895 1930 --......,
2986 1910 3064 1924 ..ι-υ
3109 1910 3261 1930 suum
3295 1910 3456 1934 ucusu
3509 1910 3600 1938 uc.

345 1910 531 1975 parebo
572 1920 690 1964 ante
722 1913 907 1982 faciem
941 1916 1036 1971 Dei
1076 1924 1175 1976 mei
1200 1922 1378 1994 (Psal.
1408 1944 1515 1993 xu,
1551 1933 1643 2000 ‘5)?
1681 1910 1925 2006 Nunquid
2029 1947 2261 2003 scientes
2287 1952 2403 2006 sine
2443 1955 2565 2030 ullis
2613 1958 2859 2025 precibus
2908 1910 3177 2029 peccando
3220 1968 3464 2028 videntur
3490 1974 3600 2030 adi-

353 2010 457 2030 nnn
492 1998 747 2030 Iun-an..-“
780 2020 900 2030 ιη.--
945 2006 1124 2030 ι--ι--ε.
1164 2028 1216 2030 _-
1376 2016 1408 2030 ιι
1818 2027 1827 2030 -

350 2010 459 2052 non
489 1998 748 2071 lacrymas
780 2020 902 2060 suas
944 2006 1131 2064 habuit
1162 2028 1326 2080 panes
1356 2016 1443 2073 die
1489 2035 1550 2075 ac
1579 1998 1753 2089 nocte,
1797 2027 1922 2083 dum

323 2086 592 2144 dicebant
616 2092 688 2146 illi
712 2109 804 2161 per
824 2097 1060 2168 singulos
1082 2102 1197 2157 dies
1216 2123 1227 2157 :
1250 2105 1346 2159 Ubi
1360 2121 1431 2161 est
1455 2109 1592 2165 Deus
1613 2086 1919 2187 tunsiquod

342 2182 391 2235 ei
422 2190 567 2237 certe
590 2183 822 2252 dicebat,
853 2204 958 2244 non
990 2207 1188 2263 negare
1227 2202 1556 2269 compellens
1608 2222 1919 2275 persecutor

338 2283 614 2343 externus,
639 2280 735 2335 sed
771 2281 952 2340 videre
981 2292 1367 2359 concupiscens
1396 2299 1606 2357 animus
1634 2318 1782 2359 suus.
1812 2306 1917 2363 Lo-

336 2368 597 2439 quebatur
625 2375 767 2430 enim
798 2376 900 2433 sibi
931 2380 1150 2449 spiritus
1176 2387 1484 2449 caelestibus
1514 2394 1774 2465 intentus,
1815 2400 1914 2458 Ubi

333 2469 418 2521 est
446 2462 588 2521 Deus
619 2470 779 2524 tuus?
806 2471 1031 2536 Quando
1060 2479 1271 2534 veniam
1302 2492 1357 2537 et
1381 2472 1650 2554 apparebo
1674 2462 1798 2547 ante
1836 2494 1912 2549 ia-

332 2552 472 2611 ciem
498 2554 649 2626 ejus?
676 2560 733 2623 Si
762 2562 1058 2622 decoeruut
1083 2569 1242 2640 igitur
1264 2552 1713 2644 regemvsanctnm
1742 2585 1914 2659 lacry-

333 2661 435 2711 tua;
464 2649 617 2716 tales,
647 2651 771 2720 quid
815 2671 955 2713 nunc
974 2659 1042 2714 de
1069 2661 1184 2731 ipso
1213 2676 1520 2726 sanctorum
1548 2671 1747 2730 Sancto
1766 2649 1912 2734 dica-

330 2755 472 2806 mus,
503 2744 591 2812 qui
620 2747 974 2814 quatridnano
1022 2752 1193 2811 luneri
1238 2766 1526 2832 antequam
1558 2770 1909 2828 resuscitandi

331 2833 577 2891 virtutem
606 2838 948 2910 ostenderet,
999 2836 1159 2905 ﬂendi
1206 2850 1465 2922 impendit
1507 2858 1911 2921 inﬁrmitatem?

328 2924 387 2982 ιιι
418 2940 628 2984 summo
675 2930 854 3002 itaque
895 2937 1063 3006 gradu
1103 2945 1429 3004 conveniunt
1477 2951 1610 3009 tales
1658 2955 1909 3028 lacryma

326 3010 693 3087 Redemptori.
742 3022 961 3081 Multum
1003 3045 1231 3102 namque
1261 3034 1373 3092 illic
1407 3038 1522 3103 ipse
1545 3010 1792 3101 deﬂevit:

327 3109 461 3167 Adae
490 3127 797 3182 peccatum;
831 3118 900 3174 ibi
933 3125 1133 3191 peccati
1161 3126 1508 3198 stipendium,
1541 3146 1800 3205 mortem;
1828 3140 1902 3196 ibi

326 3200 611 3272 Lazarum,
653 3207 755 3263 hoc
784 3220 866 3268 est
898 3228 1065 3283 genus
1116 3215 1438 3290 humanum;
1479 3224 1551 3281 ibi
1592 3200 1901 3289 deluiictum
1930 3218 1978 3282 ο

325 3292 502 3363 lapide
529 3296 819 3366 obtectum,
864 3303 917 3359 id
963 3316 1047 3362 est
1097 3305 1347 3369 duritiam
1376 3315 1675 3384 qualitatis;
1722 3320 1903 3378 ibila-

322 3399 601 3457 crymosos
628 3393 1013 3465 consolatores,
1060 3396 1117 3454 id
1142 3410 1225 3463 est
1262 3402 1689 3465 incredulitatem
1719 3426 1902 3471 resur-

322 3478 607 3548 rectionis;
657 3482 729 3540 ibi
757 3499 1001 3557 quartam
1046 3490 1189 3549 diem
1224 3495 1439 3553 venisse
1464 3497 1754 3559 defuncto:
1780 3519 1899 3575 quae

320 3569 554 3642 quatuor
581 3578 827 3635 accidunt
874 3584 1237 3650 peccatoribus
1274 3587 1330 3643 in
1368 3604 1667 3651 animarum
1712 3569 1899 3656 iuuere

319 3666 668 3726 conclamatis
695 3689 707 3723 :
748 3673 915 3741 prima
942 3676 1209 3746 cogitandi
1239 3682 1458 3748 malum,
1480 3686 1773 3746 deﬁniendi
1805 3706 1895 3750 se-

320 3760 519 3832 cunda,
551 3767 888 3834 perpetrandi
923 3772 1096 3838 tertia,
1128 3784 1314 3844 quarta
1345 3777 1396 3833 iu
1433 3780 1658 3838 crimina
1687 3800 1895 3854 perma-

317 3910 755 4001 ﬁryntasfundis!
786 3910 861 4001 βε
886 3914 994 3978 ille,
1044 3926 1360 4001 reputantem
1390 3941 1486 4001 me,
1529 3926 1715 3996 inquit,
1744 3949 1897 4001 quant

318 3980 481 4034 brevis
500 3984 564 4035 sit
589 3984 752 4036 omnis
781 3984 1000 4066 Itu_manu
1028 3980 1152 4054 vita,
1195 3991 1347 4071 subiit
1384 3980 1565 4049 horum
1595 3980 1895 4071 'misér‘aiié'}

313 4066 536 4116 quorum
566 4070 680 4106 cum
710 4062 781 4108 tot
815 4056 934 4123 sint,
970 4074 1113 4112 nemo
1141 4061 1208 4113 ad
1228 4071 1554 4122 centesimum
1583 4086 1772 4127 antistat
1802 4056 1893 4128 su:

488 4133 527 4175 ι.

410 4138 527 4175 εηι.

314 4138 548 4317 pecFlmo
586 4196 818 4250 nondum
862 4211 1182 4268 pugnaverat
1210 4202 1432 4271 Xerxes,
1480 4224 1578 4263 nec
1609 4213 1892 4281 trajecerat

315 4277 370 4316 in
430 4278 692 4317 .nrooam.
1427 4310 1432 4315 -

315 4277 370 4316 in
407 4277 692 4331 nitropam.

385 4310 709 4391 b'iiééif
736 4340 948 4411 aliquod
979 4343 1217 4409 verbum,
1259 4343 1393 4402 forte
1427 4310 1761 4421 respiciamus
1796 4366 1885 4408 aut

2028 2037 2180 2104 pisci.
2214 2019 2624 2100 Econtra'vides
2650 2048 2809 2103 alium
2834 2019 3269 2120 ingemiscentem
3293 2070 3347 2115 et
3366 2064 3599 2120 claman-

2023 2138 2169 2184 tem:
2207 2132 2448 2201 Domine,
2478 2136 2739 2207 propitius
2776 2152 2892 2197 esto
2932 2147 3060 2200 mihi
3114 2155 3397 2223 peccaturi,
3453 2158 3597 2225 plan-

2018 2234 2145 2287 gere
2172 2224 2331 2279 vitam
2363 2228 2578 2293 malam,
2613 2246 2854 2299 quaerere
2884 2234 3100 2305 bonam,
3136 2239 3323 2297 iisdem
3347 2224 3595 2317 lacrimis

2016 2314 2211 2381 quibus
2257 2318 2439 2388 irrigat
2482 2331 2728 2391 stratum,
2778 2326 2955 2383 lavare
2993 2327 3268 2399 delictum,
3309 2314 3595 2398 ostendere

2019 2402 2128 2458 Deo
2147 2406 2197 2459 in
2220 2412 2503 2475 gemitibus
2521 2413 2935 2472 imbecillitatem
2953 2421 3150 2487 carnis,
3170 2422 3415 2481 ardorem
3440 2442 3592 2485 men-

2018 2493 2101 2558 tis,
2148 2497 2419 2553 herrorem
2469 2504 2678 2568 mortis,
2729 2521 2965 2562 amorem
3016 2514 3445 2573 resurrectionis.
3494 2519 3593 2577 Hic

2017 2586 2296 2656 pl-ngendi
2339 2592 2564 2661 peritus,
2618 2598 2701 2650 hic
2729 2597 3071 2655 doctissimus
3124 2603 3284 2660 ﬂendi
3328 2619 3429 2663 est.
3475 2609 3591 2668 Non

2012 2680 2151 2734 cadit
2186 2682 2236 2736 in
2268 2692 2464 2740 terram
2496 2687 2729 2760 lacryma
2759 2693 2901 2760 talis,
2958 2695 3079 2762 quia
3110 2701 3481 2758 commendata
3507 2717 3590 2761 est

2013 2771 2140 2836 Deo,
2170 2777 2253 2829 cui
2274 2776 2470 2833 dicitur
2496 2796 2506 2830 :
2542 2778 2770 2836 Posuisti
2807 2784 3059 2856 lacrgmas
3090 2802 3227 2843 meas
3246 2790 3298 2843 in
3325 2806 3589 2864 conspectu

2008 2872 2094 2919 tuo
2125 2865 2296 2939 (Paul.
2328 2885 2415 2935 LV,
2445 2870 2521 2939 7).
2568 2870 2851 2931 Postremo
2892 2879 3139 2947 quoniam
3186 2882 3231 2935 si
3264 2879 3588 2953 Regatlones

2009 2971 2207 3017 nostra:
2248 2964 2348 3017 rite
2385 2964 2683 3033 solvuntur,
2730 2971 2847 3025 sine
2877 2971 3090 3041 planctu
3124 2988 3391 3045 nequeunt
3422 2993 3587 3050 expe-

2007 3052 2133 3120 diri,
2178 3057 2459 3112 scientiam
2505 3061 2787 3130 plangendi
2837 3078 2996 3133 quam
3045 3073 3231 3135 potero
3275 3067 3587 3129 brevissime

2008 3148 2331 3205 discernam.
2382 3150 2607 3207 Maxima
2659 3154 2849 3223 peritia
2885 3166 2970 3212 est
3000 3157 3085 3212 hic
3114 3160 3349 3229 impendi
3378 3162 3584 3231 ﬂetum,

2008 3246 2068 3295 ut
2094 3242 2274 3296 sanari
2303 3242 2470 3310 possit
2488 3256 2647 3312 quem
2670 3259 2829 3315 supra
2852 3246 3086 3302 diximus
3107 3249 3345 3306 dentium
3373 3263 3582 3321 stupor,

2007 3346 2168 3404 quam
2196 3334 2303 3389 illic
2331 3334 2534 3391 servari
2558 3336 2649 3392 ubi
2669 3350 2940 3408 nunquam
2958 3341 3220 3398 ﬁniendus
3235 3354 3317 3399 est
3342 3345 3582 3403 dentium

2006 3426 2225 3481 stridor.
2257 3426 2389 3483 Nam
2421 3427 2526 3483 illis
2546 3427 2778 3485 dicitur:
2806 3428 2897 3485 Vae
2925 3434 3013 3501 qui
3046 3446 3187 3489 nunc
3223 3435 3421 3501 rident,
3460 3438 3581 3508 quia

2008 3516 2262 3587 lugebant
2305 3518 2645 3590 ﬂebuntque;
2696 3519 2815 3576 istis
2842 3529 3056 3577 autem:
3093 3523 3258 3591 Beati,
3309 3526 3402 3596 qui
3439 3540 3579 3584 nunc

2005 3610 2168 3678 ﬂetis,
2216 3610 2339 3682 quis
2383 3610 2627 3668 ridebitis
2664 3620 2719 3669 et
2744 3613 3064 3684 gaudebitis,
3109 3626 3166 3673 et
3210 3614 3459 3688 gaudium
3489 3634 3579 3677 νο-

2003 3714 2172 3758 atrum
2201 3716 2360 3760 nemo
2387 3704 2540 3760 tollet
2563 3719 2595 3762 tt
2623 3704 2797 3762 vobis.

2045 3936 2131 3993 uid
2155 3938 2348 3993 simile.

2004 3954 2131 4045 quia
2152 3954 2475 4069 mixtis"...
2504 4011 2816 4096 _principem
2861 4011 2943 4096 hic
2991 4024 3165 4096 vocat,
3217 4029 3373 4096 quem
3419 4015 3575 4096 paulo

2001 4088 2126 4132 ante
2149 4092 2328 4146 regem
2358 4080 2684 4165 mundanum
2728 4084 3106 4165 appellaverat,
3151 4080 3293 4165 quod
3319 4080 3447 4136 sane
3472 4085 3571 4165 mi-

2002 4163 2118 4205 rum
2179 4148 2339 4202 videri
2394 4165 2513 4234 non‘
2549 4148 2914 4234 debet,’cum
2957 4148 3227 4234 Gallienus
3282 4154 3571 4234 imperator

1998 4216 2271 4286 ὁσιώτεροι·
2318 4223 2397 4273 καὶ
2444 4220 2856 4302 adcessit-rspon-
2898 4222 3569 4302 relig‘ositsimns.Deique

2004 4289 2403 4341 amantissimus
2431 4289 2620 4356 iiiaguu
2650 4289 2895 4360 Di'wnysio
2919 4292 3277 4347 Alexandrino
3301 4292 3371 4345 sit
3397 4289 3569 4346 dictus

2005 4360 2142 4428 apud
2175 4358 2455 4413 Eusebium
2490 4359 2578 4414 lib.
2612 4375 2677 4413 vn
2709 4358 2839 4415 Hist
2872 4362 3091 4429 eccles.,
3121 4376 3239 4431 cap.
3261 4360 3351 4415 25.

312 4462 3569 4537 Ἥξὲξῇ

1538 4609 1708 4655 ANNO
1747 4608 1976 4659 DOHINI
2019 4612 2341 4663 CCCCXCVI.
2422 4638 2431 4645 κ

651 4566 1914 5049 ᾸΟΑΝΝξΞξ

2014 4612 3173 5049 ᾗΧΕΟΝΠδ

1648 4993 1750 5074 (Ex
1777 4994 1917 5061 Bibl.
1940 4999 2214 5072 Galland.)

1473 5207 2380 5323 DROLEGOMENON.

371 5384 421 5440 Ι.
458 5385 677 5442 Joannis
704 5388 762 5445 S.
793 5390 857 5445 Β.
886 5389 953 5446 Ε.
985 5392 1185 5447 diaconi
1211 5394 1480 5465 epistolam
1508 5398 1575 5451 ad
1605 5400 1879 5455 Sertorium
1905 5422 1957 5484 ι)
1982 5406 2297 5489 ignoramus.
2332 5405 2485 5462 Hanc
2516 5410 2777 5480 epistolam
2814 5413 3040 5467 eruimus
3070 5429 3132 5468 ea:
3170 5420 3360 5467 vetusto
3388 5415 3558 5469 codice

294 5477 468 5531 cirum
503 5478 751 5535 illustrem
787 5480 1040 5559 evolgavit
1080 5483 1413 5549 Mabillouius
1454 5489 1553 5561 (a).
1596 5510 1614 5545 ι
1646 5490 1877 5550 Illustris

291 5576 408 5632 est,
452 5569 614 5638 inquit
659 5573 727 5625 cl.
764 5574 923 5626 editor
963 5575 1066 5645 (ὁ),
1114 5577 1341 5645 epistolis
1380 5583 1601 5669 scriptor
1642 5584 1873 5649 Joannes

289 5661 581 5716 diaconus'
619 5666 708 5717 sed
748 5666 861 5729 quis
887 5669 951 5721 sit
979 5669 1065 5724 ille
1095 5670 1340 5727 Senarius
1377 5662 1446 5729 ad
1478 5694 1626 5746 quem
1660 5680 1866 5747 scribit,

362 5800 449 5881 1a)
480 5801 678 5862 ιωιιι.
702 5806 835 5864 Mus.
862 5808 976 5865 Ital.
1001 5822 1128 5868 tom.
1154 5812 1200 5875 l.
1232 5828 1367 5877 part.
1400 5818 1464 5880 2,
1498 5832 1647 5887 pagg.
1677 5818 1865 5899 69-76.

1982 5495 2255 5553 Christinw
2282 5502 2491 5571 regite,
2515 5502 2603 5571 qui
2627 5503 2752 5561 olim
2779 5503 2876 5572 [ait
2898 5502 3193 5565 "uenerii
3229 5505 3388 5556 nostri
3427 5503 3557 5559 Fer-

1979 5591 2238 5650 rariensis.
2269 5591 2335 5645 In
2361 5610 2419 5647 ea
2453 5596 2686 5662 quedam
2723 5606 2994 5649 occurrunt
3033 5594 3372 5650 obseruatione
3400 5597 3556 5667 digna

1976 5683 2041 5736 de
2066 5684 2296 5737 ministro
2336 5687 2769 5754 conﬁrmationis;
2810 5685 2874 5737 de
2907 5693 3096 5753 septem
3140 5685 3411 5759 altaribus,
3440 5690 3557 5743 sab-

2047 5821 2124 5889 (b)
2157 5822 2228 5875 ld.
2260 5822 2389 5877 ibid.
2416 5836 2569 5891 pagg.
2597 5822 2664 5876 76
2690 5835 2805 5889 seq.
