4124 6350
571 354 677 412 399

1902 346 2186 404 JOANNIS
2225 344 2494 405 DIACONI

3723 332 3828 395 ‘00

570 468 687 523 bato
728 472 905 520 sancto
952 463 1006 517 in
1048 460 1278 516 Ecclesia
1317 457 1549 515 Romana
1590 458 1717 530 erigi
1760 475 1820 512 ac
1859 458 2144 513 consecrari
2168 464 2222 523 Α
2246 457 2542 514 Hunericus
2582 455 2798 510 Arianus
2825 453 3010 523 Africae
3045 467 3153 507 rex.
3186 448 3311 504 Haec
3338 458 3498 521 coepta
3521 463 3659 503 anno
3683 446 3833 503 Chri-

571 558 768 625 solitis;
813 557 970 627 deque
1008 553 1312 608 immistione
1349 551 1496 606 lactis
1538 560 1584 605 et
1630 551 1798 606 mellis
1842 551 1897 605 in
1936 550 2144 606 calicem

572 648 744 702 eodem
770 648 890 701 die:
916 648 1063 717 cujus
1102 645 1362 715 utriusque
1396 642 1636 715 postremi
1674 642 1803 695 ritus
1840 641 2038 696 nullam
2066 643 2147 695 in-

571 740 798 794 uenimus
840 737 1138 790 mentionem
1162 736 1318 788 etiam
1350 734 1406 789 in
1437 733 1630 788 Ordine
1668 733 1929 788 Romano.
1961 731 2081 786 Nisi
2108 733 2153 786 si

572 830 846 885 benedictio
871 830 1013 885 lactis
1036 838 1081 882 et
1105 826 1291 897 mellis,
1320 844 1431 899 qua:
1464 840 1573 898 post
1603 827 2004 883 benedictionem
2033 825 2153 897 agni

570 920 625 974 in
660 920 744 975 die
786 927 958 973 sancto
986 917 1204 973 Pascha:
1228 918 1592 987 praescribitur,
1624 918 1723 971 huc
1760 918 2028 988 referenda
2058 925 2151 969 est.

575 1010 723 1076 Quod
755 1013 929 1064 attinet
968 1010 1036 1063 ad
1063 1008 1352 1077 Joannem,
1379 1009 1453 1061 vir
1482 1009 1580 1079 fuit
1612 1024 1704 1077 pro
1740 1024 1832 1061 sua
1875 1015 2023 1061 (etate
2064 1006 2156 1059 do-

573 1105 827 1158 ctissimus
872 1114 1021 1170 atque
1055 1112 1295 1158 accurato
1320 1102 1520 1174 judicio
1556 1102 1820 1173 praeditus,
1849 1110 1905 1154 ut
1941 1101 2155 1171 probant

576 1198 694 1251 libri
721 1208 937 1268 quatuor
951 1200 1011 1250 ab
1033 1211 1093 1250 eo
1121 1197 1313 1250 conditi
1333 1197 1395 1250 de
1427 1195 1538 1249 Vita
1558 1195 1720 1249 sancti
1749 1193 1985 1265 Gregorii
2012 1208 2158 1262 papa:

577 1290 641 1360 I,
682 1291 769 1361 qui
816 1288 1174 1343 recentioribus
1216 1288 1551 1358 scriptoribus
1598 1288 1725 1340 ritas
1769 1297 2057 1340 sanctorum
2099 1298 2160 1337 ea:

578 1383 801 1455 propriis
837 1398 1009 1436 eorum
1046 1382 1249 1451 scriptis
1288 1380 1586 1434 contexendi
1616 1380 1903 1449 exemplum
1929 1377 2155 1447 praebue-

580 1469 768 1529 νωιιὴ
805 1473 1066 1528 Hactenus
1101 1475 1179 1528 vir
1215 1474 1541 1528 doctissimus
1569 1483 1673 1525 tum
1703 1473 1765 1526 de
1792 1472 2015 1541 epistolae
2048 1487 2162 1542 pre-

583 1567 676 1631 tio,
706 1576 809 1619 tum
833 1565 895 1618 de
922 1565 1032 1632 ejus
1058 1573 1280 1618 auctore.
1319 1562 1383 1617 In
1413 1563 1701 1617 Mabillonii
1732 1562 2062 1628 sententiam,
2096 1560 2163 1613 ad

584 1658 735 1729 hujus
767 1656 990 1726 epistola:
1036 1657 1329 1726 scriptorem
1369 1656 1503 1725 quod
1546 1657 1754 1720 attinet,
1798 1654 2041 1707 concessit
2089 1652 2165 1705 vir

583 1747 951 1801 eruditissimus
991 1745 1297 1800 Edntundus
1340 1744 1618 1799 Martenius
1652 1746 1755 1815 (a).
1796 1743 1974 1813 Neque
2012 1742 2161 1796 aliter

584 1838 858 1893 Fabricius
883 1836 954 1908 (b)
980 1838 1191 1908 aliique.

655 1930 739 1983 II.
783 1931 846 1983 At
884 1945 1000 1983 vero
1042 1930 1202 1983 multo
1243 1930 1574 1999 antiquiorem
1619 1928 1868 1984 exstitisse
1910 1935 2165 1981 auctorem

585 2039 681 2093 quo
713 2022 774 2076 de
815 2023 1034 2092 agimus,
1067 2021 1280 2091 pervidit
1312 2029 1485 2075 nostra
1520 2004 1721 2087 quidizm
1748 2022 1950 2091 judicio
1978 2021 2169 2074 doctis—

587 2115 746 2167 simus
783 2112 1098 2166 Muratorius
1124 2128 1141 2165 :
1168 2112 1316 2183 cujus
1346 2113 1556 2181 proinde
1592 2112 1739 2165 verba
1768 2112 1851 2166 hic
1892 2111 2168 2164 describere

589 2202 729 2257 haud
756 2204 975 2256 otiosum
1004 2202 1369 2255 existimamus.
1404 2201 1494 2257 Sic
1526 2203 1682 2272 igitur
1711 2202 1799 2255 ille
1829 2203 1881 2256 in
1918 2201 2169 2273 prteclara

592 2295 654 2345 de
690 2295 836 2347 rebus
882 2292 1132 2363 liturgicis
1178 2291 1561 2358 dissertatione,
1590 2309 1744 2361 quant
1777 2294 1845 2346 ad
1886 2292 2168 2363 Liturgiam

592 2385 881 2439 Romanam
918 2393 1127 2438 veterem
1156 2384 1471 2455 prtcmissam
1501 2382 1699 2437 exhibet
1731 2382 1803 2454 (c)
1829 2400 1842 2437 :
1883 2402 1900 2435 ε
1929 2383 2172 2437 Asse/uiri

592 2492 693 2530 non
742 2490 981 2546 possum,
1029 2476 1219 2547 inquit,
1260 2475 1566 2529 doctissimis
1611 2476 1729 2528 viris
1775 2474 2085 2529 Mabillonio
2123 2485 2171 2529 et

593 2570 847 2638 Martene,
878 2569 1002 2623 dum
1031 2569 1296 2640 epistolam
1325 2569 1392 2622 ad
1420 2568 1697 2625 Senarium
1725 2568 1954 2622 tribuunt
1980 2569 2171 2622 Joanni

592 2665 674 2719 illi
715 2666 953 2730 diacono,
991 2665 1077 2733 qui
1119 2664 1306 2719 uacula
1352 2661 1638 2731 Christin
1677 2681 1739 2718 ea:
1790 2663 1899 2717 Vita
1943 2663 2173 2735 Gregorii

595 2758 776 2829 Magni
818 2758 1030 2827 aliisque
1058 2756 1203 2810 libris
1235 2773 1336 2809 non
1379 2757 1681 2811 mediocrem
1716 2757 1939 2819 nominis
1967 2754 2173 2809 cilebri-

595 2859 749 2905 tatem
780 2850 873 2903 sibi
901 2849 1218 2919 conquisivit.
1245 2847 1387 2901 Num
1426 2850 1477 2901 in
1511 2848 1743 2902 Romana
1779 2846 2009 2900 Ecclesia
2045 2863 2174 2900 unus

595 2943 693 3012 fuit
732 2939 954 2994 Joannes
997 2941 1277 2994 diaconus?
1320 2938 1699 2993 Intellexissent
1739 2939 1803 3004 ii,
1837 2937 1984 3011 longe
2024 2939 2175 2993 nimis

595 3035 921 3090 vetustiorum
943 3033 1099 3104 fuisse
1130 3034 1290 3087 altera
1324 3034 1413 3086 illo
1443 3042 1701 3086 auctorem
1746 3034 1970 3103 epistola:
1998 3033 2173 3104 hujus,

597 3129 638 3180 si
662 3141 775 3197 qua:
813 3126 946 3178 idem
993 3126 1164 3179 scribit
1202 3126 1264 3178 de
1300 3126 1685 3193 conﬁrmatione
1728 3141 1817 3195 per
1858 3126 2175 3196 presbyteros

2251 551 2317 605 sti
2344 550 2472 615 485,
2500 549 2669 602 acrius
2690 546 2875 600 deinde
2898 544 3147 612 e/ferbuit.
3180 541 3324 596 Tunc
3352 541 3407 594 in
3436 539 3672 595 exsilium
3699 540 3833 591 actis

2252 640 2499 711 episcOpis
2537 637 2819 702 catholicis,
2845 652 2908 690 ex
2939 634 3231 690 necessitate
3274 630 3580 704 presbyteris
3606 629 3835 684 chrisma

2253 735 2482 805 conferre
2510 732 2807 805 permissum
2838 731 2954 801 fuit.

2331 845 2349 878 ι
2390 825 2509 879 Ill.
2542 822 2683 879 Fieri
2727 824 2881 877 etiam
2918 828 3079 890 potest
3124 828 3179 872 ut
3217 827 3334 872 ante
3384 816 3561 870 eadem
3606 822 3840 881 tempora

2254 919 2486 990 ﬂoruerit
2515 916 2742 971 Joannes
2769 916 2856 969 ille
2886 913 3148 967 diaconus.
3182 911 3423 982 Repetere
3449 909 3531 961 hic
3556 907 3701 961 liceat
3722 919 3842 976 qua

2257 1011 2504 1064 habentur
2526 1009 2578 1062 in
2607 1006 3015 1078 Carthaginiensi
3039 1002 3204 1057 concil
3227 1018 3256 1055 ο
3277 1001 3400 1055 anni
3427 999 3531 1055 597
3563 998 3634 1069 (ε)
3663 1013 3675 1050 :
3712 1016 3730 1048 ι
3765 996 3838 1050 Ut

2262 1123 2283 1158 ι
2322 1107 2372 1159 in
2412 1102 2737 1158 sacramentis
2768 1099 3006 1170 corporis
3049 1107 3096 1151 et
3133 1094 3399 1165 sanguinis
3454 1090 3660 1145 Domini
3708 1087 3842 1142 nihil

2264 1215 2285 1249 s
2322 1195 2546 1263 amplius
2570 1193 2818 1261 oﬁeratur
2841 1206 2989 1257 quam
3019 1188 3155 1260 quod
3181 1190 3289 1255 ipse
3324 1184 3575 1237 Dominus
3603 1182 3841 1244 tradidit,

2269 1306 2287 1340 ι
2323 1289 2418 1341 hoc
2440 1295 2510 1340 est
2539 1285 2686 1357 panis
2711 1292 2757 1337 et
2781 1284 2954 1337 vinum
2978 1297 3110 1349 aqua
3142 1280 3373 1333 mixtum.
3407 1275 3660 1329 Primitiae
3698 1289 3841 1341 vero,

2271 1399 2288 1431 ι
2325 1395 2415 1433 seu
2466 1379 2562 1431 mel
2599 1386 2645 1430 et
2683 1375 2784 1439 lac,
2814 1372 2948 1444 quod
2978 1373 3061 1426 die
3098 1369 3464 1426 solemnissimo
3493 1370 3544 1422 in
3586 1364 3846 1435 infantum

2273 1488 2291 1522 ‹
2328 1469 2565 1539 mysterio
2595 1468 2796 1537 (nempe
2827 1462 3101 1534 baptismo)
3134 1460 3262 1515 solet
3295 1459 3470 1528 offerri
3487 1500 3501 1527 ,
3532 1457 3760 1529 quamvis
3788 1456 3847 1508 in

2273 1580 2292 1614 ι
2329 1561 2482 1614 altari
2519 1558 2788 1623 o/feratur,
2813 1572 2954 1611 suam
2990 1540 3162 1607 tamen.
3187 1552 3365 1605 habent
3396 1551 3651 1621 propriam
3691 1547 3848 1600 bene-

2274 1671 2292 1704 i
2332 1654 2641 1719 dictionem,
2689 1660 2744 1702 ut
2790 1667 2819 1701 a
2860 1654 3174 1702 sacramento
3219 1644 3444 1715 corporis
3493 1650 3538 1694 et
3583 1638 3854 1710 sanguinis

2274 1767 2295 1801 ε
2335 1728 2735 1817 distinguantur.
2770 1763 2788 1795 s
2822 1741 2948 1797 Cum
2974 1739 3195 1795 Joannes
3228 1739 3473 1792 diaconus
3513 1751 3614 1788 non
3657 1733 3855 1802 impra-

2200 1832 2249 1893 Β
2273 1844 2404 1897 barit
2435 1840 2843 1895 commixtionem
2872 1837 3013 1890 lactis
3040 1845 3084 1888 et
3111 1833 3274 1886 mellis
3303 1846 3417 1911 cum
3460 1828 3705 1898 sanguine
3734 1824 3852 1877 Do-

2270 1938 2425 2001 mini,
2452 1952 2484 1988 a
2514 1931 2753 1987 Patribus
2769 1926 3269 1999 Carthaginiensibus
3298 1921 3653 1991 improbatam,
3681 1917 3859 1986 suspi-

2271 2033 2349 2085 cio
2369 2027 2625 2083 suboritur
2653 2025 2799 2080 illum
2828 2022 3002 2077 eodem
3028 2019 3213 2075 strculo
3237 2014 3426 2071 Christi
3453 2028 3504 2068 Iv
3538 2009 3793 2083 ﬂoruisse.
3830 2027 3851 2060 s

2272 2121 2538 2176 Hactenus
2574 2116 2636 2171 V.
2660 2114 2719 2171 C.

2345 2212 2448 2266 ιγ.
2485 2208 2650 2264 Porro
2694 2223 2755 2261 ea:
2795 2204 2993 2258 duabus
3025 2202 3195 2257 allatis
3230 2201 3325 2255 viri
3370 2198 3503 2253 docti
3549 2194 3863 2264 conjecturis

2273 2305 2335 2361 de
2371 2315 2592 2374 tempore
2620 2316 2718 2371 quo
2744 2299 2865 2353 vixit
2902 2297 3129 2367 epistola:
3158 2304 3352 2354 auctor.
3395 2294 3613 2361 priorem
3648 2288 3861 2358 quidem

2276 2391 2607 2460 admittimus,
2639 2392 2889 2465 posterior
2919 2406 3033 2445 vero
3062 2388 3205 2443 nobis
3246 2388 3413 2441 minus
3455 2384 3715 2455 probatur.
3746 2378 3863 2433 Illa

2274 2490 2408 2543 enim
2435 2487 2680 2540 sententia
2712 2499 2810 2551 qua
2839 2490 3008 2535 noster
3043 2478 3269 2533 Joannes
3309 2477 3399 2531 sub
3432 2476 3580 2545 ﬁnem
3616 2470 3790 2527 sitculi
3824 2486 3861 2524 ν

2277 2582 2524 2632 exstitisse
2565 2576 2871 2647 perhibetur,
2900 2589 2962 2627 ea:
2984 2588 3042 2626 eo
3073 2569 3389 2639 potissimum
3415 2565 3681 2627 astruitur,
3717 2563 3864 2628 quod

2277 2670 2487 2741 epistola
2513 2668 2730 2721 Senario
2761 2667 2869 2720 viro
2895 2663 3084 2727 illustri
3111 2660 3413 2729 comperitur
3438 2657 3700 2727 inscripta.
3731 2651 3831 2708 Sci
3846 2682 3863 2693 -

2279 2762 2394 2814 licet
2434 2759 2708 2814 Senaiium
2739 2759 2883 2811 illuni
2918 2772 3067 2826 quem
3096 2769 3309 2826 prorsus
3336 2750 3584 2822 ignoravit
3618 2745 3866 2800 Mabillo-

2282 2856 2418 2918 nius,
2457 2863 2511 2906 ut
2550 2853 2758 2924 ipsemet
2806 2825 3106 2920 proﬁtetur,‘
3125 2845 3463 2916 praeteriitque
3510 2838 3862 2903 Muratorius,

2282 2950 2538 3003 desinente
2579 2946 2783 3000 demum
2808 2945 3006 3015 \sazculo
3046 2959 3077 2996 ν
3115 2940 3391 2995 admodum
3436 2936 3678 2990 claruisse
3716 2948 3867 2985 com-

2280 3053 2478 3113 pertum
2524 3041 2778 3094 habemus.
2823 3037 3001 3105 Neque
3048 3036 3179 3088 enim
3225 3031 3360 3085 ullus
3404 3027 3671 3083 dubitandi
3716 3026 3869 3079 locus

2273 3137 2396 3205 jure
2424 3134 2643 3204 suppetit
2683 3132 2802 3201 quin
2846 3130 3092 3186 Senarius
3128 3128 3214 3181 ille
3254 3128 3329 3179 vir
3352 3124 3563 3179 illustris
3604 3120 3671 3173 ad
3710 3134 3871 3188 quem

597 3218 805 3283 collata,
833 3217 1074 3272 attentius
1106 3218 1594 3273 animadvertissent.
1625 3218 1705 3273 En
1732 3221 1845 3291 ejus
1870 3219 2019 3272 verba
2053 3219 2131 3290 (tl)
2159 3235 2175 3273 :
2203 3214 2252 3280 C
2283 3225 2551 3295 epistolam
2590 3239 2735 3279 suam
2776 3223 2977 3294 scripsit
3017 3219 3242 3274 Joannes
3284 3218 3347 3273 S.
3388 3217 3454 3271 Β.
3492 3214 3557 3269 Ε.
3589 3213 3869 3279 diaconm,

601 3327 621 3360 ι
653 3309 757 3363 Sed
797 3325 886 3362 nec
915 3308 1043 3363 illud
1080 3318 1253 3380 tangat
1294 3310 1519 3363 animunz
1540 3351 1555 3377 ,
1585 3310 1719 3379 quod
1751 3310 1846 3363 sibi
1888 3310 2169 3379 aliquando

601 3420 620 3453 ι
659 3402 895 3469 qutcdam
933 3402 1005 3455 vis
1052 3402 1364 3465 necessitatis
1417 3403 1632 3456 assumit
1677 3404 1846 3473 (quod
1900 3419 2033 3458 nunc
2084 3419 2172 3473 per

603 3512 623 3547 ι
659 3494 885 3563 Africam
912 3494 1022 3564 ﬁeri
1048 3492 1343 3564 dicitur).ut
1379 3494 1657 3565 presbyteri
1685 3504 1914 3549 sanctum
1953 3495 2175 3550 chrisma

602 3602 622 3637 ‹
660 3585 928 3652 conﬁciant
953 3600 971 3639 :
992 3584 1127 3655 quod
1158 3586 1332 3639 merito
1372 3595 1617 3653 moveret,
1642 3587 1687 3640 si
1721 3588 1868 3640 istam
1905 3589 2176 3655 pontiﬁca-

603 3695 623 3730 ι
661 3677 724 3730 lis
763 3677 1038 3730 auctoritas
1065 3677 1319 3730 licentiam
1350 3694 1453 3730 non
1480 3677 1724 3743 dedisset.
1752 3696 1770 3728 ι
1804 3677 2007 3733 Saecqu
2030 3677 2179 3733 Citri-

601 3770 667 3822 sti
701 3784 752 3821 Ix
779 3769 948 3821 excisa
977 3768 1180 3819 omnino
1212 3769 1407 3819 eratin
1445 3769 1624 3838 Africa
1649 3769 1941 3824 Christiana
1973 3772 2174 3842 relig‘o,

601 3858 987 3926 circumquaque
1012 3857 1081 3908 ibi
1121 3855 1308 3921 di/I'uso
1344 3858 1552 3926 imperio
1576 3870 1621 3912 et
1659 3862 2012 3929 superstitione
2046 3865 2178 3917 Ara-

602 3947 725 4001 bica:
760 3947 939 4017 gentis.
976 3948 1099 4013 Qua:
1127 3948 1285 4019 igitur
1325 3948 1408 4003 hic
1437 3952 1581 4021 legis,
1609 3951 1858 4009 Joannem
1896 3956 2032 4011 hunc
2066 3959 2176 4011 dia-

603 4054 785 4092 conum
810 4039 1141 4111 referendum;
1161 4051 1362 4095 monent
1385 4042 1453 4095 ad
1475 4042 1626 4111 linem
1648 4047 1819 4100 steculi
1846 4063 1896 4115 v,
1921 4065 2021 4118 quo
2049 4058 2176 4105 tem-

602 4148 727 4201 pore
753 4133 808 4187 in
842 4131 1117 4188 catholicos
1155 4134 1467 4191 barbaricam
1502 4142 1899 4207 persecutionem
1937 4147 2173 4201 excitavit

674 4267 761 4347 (a)_
780 4267 1003 4347 Manen.
1026 4266 1095 4347 de
1114 4266 1296 4339 Antiq.
1482 4271 1627 4347 ritib.
1651 4272 1743 4329 lib.
1776 4290 1823 4340 ι,
1850 4291 1967 4346 cap.
1997 4282 2047 4347 Ι,
2071 4292 2176 4339 art.

604 4336 767 4421 15ςῶ
784 4339 888 4421 ἐρ,
922 4336 1129 4421 εοιιιᾴξἶ
1158 4336 1280 4421 pag}
1307 4341 1405 4396 156
1432 4342 1560 4421 edit.
1588 4336 1849 4421 Antuerp.
1876 4336 2040 4407 1⁵156.

606 4408 992 4532 na(‘l‘i])b.i‘abric.
1019 4408 1296 4463 BibliLat.
1325 4414 1465 4466 med.
1497 4423 1624 4468 tom.
1655 4414 1744 4484 IV,
1774 4408 1894 4488 pag.
1918 4421 2017 4476 197
2042 4423 2174 4480 edit.

679 4550 758 4634 (lc)
784 4547 1067 4634 δμωαί.ρε
1092 4548 1230 4634 Bch,
1254 4549 1429 4634 iilprg.
1452 4552 1832 4634 _dinssert._cap.‘
1853 4561 1905 4626 '5,
1937 4576 2058 4634 pag.
2086 4564 2177 4621 δί.

680 4618 762 4758 ἑά)
792 4618 946 4673 Joan.
968 4620 1103 4674 diac.’
1132 4623 1287 4689 epist.
1314 4622 1339 4692 §
1367 4618 1421 4689 ἰ,
1451 4624 1584 4679 inira
1612 4628 1716 4682 col.
1738 4618 1863 4684 ibi.

706 4690 754 4758 e)
785 4691 946 4746 Coac.
971 4689 1217 4758 Carthag.
1246 4707 1330 4758 Ill,
1362 4708 1481 4748 can.
1510 4694 1600 4753 24.

706 4690 754 4759 e)
785 4691 946 4746 Coac.
971 4689 1217 4761 Carthag.
1246 4689 1335 4759 ut,
1362 4708 1481 4748 can.
1510 4694 1600 4753 24.

2278 3320 2410 3373 idem
2441 3319 2507 3371 sit
2546 3333 2656 3370 cum
2684 3315 2920 3380 Senario,
2951 3323 2998 3367 et
3021 3314 3127 3365 viro
3153 3310 3358 3383 quidem
3386 3306 3607 3371 illustri,
3633 3305 3715 3359 cui
3747 3313 3871 3357 tum

2278 3411 2411 3465 Aviti
2442 3409 2738 3464 Viennensis
2760 3408 2851 3478 (f),
2877 3417 2985 3461 tum
3027 3404 3249 3459 Ennodii
3282 3400 3560 3456 Ticinensis
3588 3399 3661 3468 (g)
3707 3397 3875 3450 varia:

2280 3511 2560 3556 noscuntur
2607 3498 2837 3569 epistola:
2883 3499 3162 3567 inscriptas.
3210 3492 3469 3547 Patricius
3514 3503 3729 3559 namque
3775 3488 3874 3540 hic

2285 3574 2488 3666 fuit,'ct
2514 3595 2750 3647 comitiva
2785 3590 3079 3662 patrimonii
3118 3605 3149 3641 a
3190 3585 3499 3641 Theoderico
3535 3598 3649 3654 rege
3680 3589 3875 3636 auctus

2285 3703 2419 3740 anno
2460 3687 2589 3749 5H,
2622 3695 2676 3739 ut
2721 3684 2863 3739 docet
2905 3680 3256 3737 Cassiodorius
3303 3680 3413 3750 (lt),
3458 3678 3521 3731 de
3565 3691 3664 3747 quo
3705 3673 3875 3727 etiam

2285 3782 2422 3834 idem
2449 3788 2651 3833 senator
2680 3780 2803 3833 alibi
2833 3777 2982 3847 plura
3019 3773 3105 3845 (ἱ).
3147 3772 3433 3828 Prwclaras
3459 3768 3673 3824 illustris
3705 3767 3876 3837 hujus

2289 3875 2385 3928 viri
2416 3874 2591 3929 laudes
2618 3873 2815 3927 exhibet
2842 3869 3155 3941 epitaphium
3186 3883 3218 3919 a
3256 3862 3633 3931 PetrolPithtzo
3652 3861 3705 3913 in
3732 3859 3879 3913 libro

2286 3981 2339 4020 IV
2384 3964 2768 4021 Poematiorum
2820 3963 3076 4028 relatum,
3118 3959 3255 4030 quod
3302 3958 3477 4012 recitat
3525 3963 3571 4010 et
3616 3951 3874 4010 Sirmon-

2286 4060 2382 4115 άυε
2411 4058 2517 4131 (1)-
2642 4102 2647 4107 ε
3346 4067 3351 4071 ’

2360 4282 2435 4363 (fi
2468 4284 2612 4363 Ανίι·
2643 4281 2804 4363 φρῖξεο
2830 4278 2918 4344 ⁵6,
2950 4275 3425 4363 ειξρνδάοιὲδὲτ,

2284 4340 2438 4437 ζηζξή
2472 4340 2817 4437 Ennod.'_ljb.
2847 4340 3085 4421 ι,ἐρῑέι.
3112 4345 3208 4413 25;
3249 4347 3341 4403 lib.
3368 4359 3455 4413 ιιι,
3486 4342 3641 4415 epist.
3675 4340 3773 4409 tt;
3823 4353 3886 4400 ει

2288 4422 2467 4489 ιίδῖν,
2499 4426 2659 4496 epist.
2695 4422 2785 4478 15.

2359 4496 2441 4578 (ξι)
2470 4494 2710 4577 Cassiod.
2737 4493 2827 4575 lii).
2855 4507 2905 4546 tv
2930 4489 3164 4558 Variam,
3191 4488 3347 4567 epist.
3373 4489 3428 4544 5.

2284 4622 2294 4636 “
2355 4567 2430 4678 ῳὶ
2452 4565 3012 4678 ἓίὶξιξλῗιήέρλιῗιλῖδῗ
3037 4564 3203 4678 Enim-
3254 4632 3343 4678 56-
3386 4643 3428 4678 su

2362 4625 2830 4761 le')dSirn10tid.fad
2867 4634 3012 4689 Avit.
3044 4633 3203 4704 epist.
3254 4632 3344 4700 56,
3386 4643 3544 4700 supra
3590 4627 3696 4683 col.
3737 4625 3884 4698 252,

2290 4722 2405 4763 n01.
2428 4722 2484 4760 α.

625 4846 3831 4886 W

1429 4898 2244 5141 Joannis,
2295 4906 3089 5087 nmcomf
3286 5000 3491 5117 γ
3522 5110 3551 5113 μ
3734 5022 3735 5025 τ

1936 5164 2559 5270 EPISTOLA
3338 5218 3339 5221 γ

1555 5352 1662 5411 AD
1704 5305 2107 5414 εΕΝᾸιιιυΜ
2150 5354 2408 5417 VIRUM
2456 5354 2931 5418 lLLUS'l‘REM.

938 5502 1048 5607 ‘De
1073 5500 1269 5564 variis
1301 5498 1529 5562 ritibus
1549 5476 2034 5581 ad‘baptismum
2064 5501 2552 5583 pertinentibus,
2577 5512 2641 5583 et
2660 5503 2807 5568 aliis
2838 5500 3266 5565 observatione
3292 5496 3523 5579 dignis.

695 5740 733 5791 I.
776 5739 997 5795 Domino
1024 5739 1215 5796 merito
1272 5736 1499 5803 illustri,
1547 5750 1865 5812 semperque
1908 5744 2191 5814 magniﬁco
2217 5745 2271 5806 ῐ)
2377 5742 2735 5801 Sulilimitatis
2766 5750 2956 5795 vestra:
2980 5739 3224 5809 paginam
3254 5736 3362 5792 ﬁlio
3384 5743 3571 5791 nostra
3610 5734 3902 5801 spectabili

619 5830 734 5887 tilio
759 5831 1007 5901 Senam,
1033 5831 1265 5891 Joannes
1290 5831 1573 5891 diaconus.

2308 5837 2426 5894 viro
2458 5836 2661 5892 chalo
2681 5834 2957 5891 deferente
2979 5830 3335 5907 suscepimus,
3359 5829 3413 5889 in
3456 5840 3565 5906 qua
3584 5838 3637 5886 ct
3659 5831 3911 5904 διιιιιιιιςε
