4124 6350
278 330 378 408 tor

1516 348 1851 409 EPISTOLA
1887 349 1978 405 AD
2016 351 2384 415 SENARIUM.

3424 371 3525 430 4οΞ

276 468 460 540 gratia‘.
473 467 630 525 nobis
645 468 932 540 jucundam
957 468 1163 526 fecistis
1188 468 1525 537 memoriam,
1548 478 1604 525 et
1619 479 1848 539 quantus
1876 478 1927 533 Α
1953 471 2125 541 justus
2153 486 2430 546 appareat,
2461 479 2527 535 ad
2559 489 2886 552 postremum
2927 485 3069 543 illius
3108 487 3196 544 fiat
3224 501 3291 544 ex
3324 501 3485 545 servo
3504 454 3525 544 ἐ

275 561 476 632 pectori
496 573 682 618 vestro
710 562 871 617 divini
893 562 1065 617 cultus
1110 563 1270 619 ardor
1312 560 1559 627 insideat,
1592 561 1851 617 catholica

276 653 635 709 sollicitudine
656 668 759 707 non
789 654 1020 709 cetastis.
1054 652 1206 722 Nam,
1258 663 1316 709 ut
1341 662 1533 709 vestrae
1564 654 1851 725 loquuntur

276 744 486 809 litterze,
517 743 757 813 qumdam
789 743 938 799 vobis
968 742 1159 813 scribi,
1192 743 1435 814 quaedam
1463 744 1619 815 dirigi
1672 754 1846 800 trans-

275 835 441 905 cripta
472 834 729 891 voluistis.
755 834 863 891 Sed
885 834 938 889 in
965 835 1370 891 transcribendo
1400 850 1582 891 curam
1612 846 1848 891 nostram

276 935 543 997 utcunque
572 925 898 982 notariorum
929 927 1080 983 labor
1098 926 1300 997 adjuvit
1329 944 1343 993 ;
1376 928 1427 982 in
1469 927 1553 983 his
1582 943 1710 984 vero
1730 944 1850 999 qum

273 1018 553 1074 scribenda
574 1026 718 1084 sunt,
747 1018 970 1073 multum
1000 1017 1172 1073 fateor
1189 1018 1387 1073 laboris
1407 1018 1664 1085 indicitis,
1687 1028 1742 1075 et
1760 1035 1851 1075 su-

273 1112 567 1182 peraddere
598 1111 699 1167 hoc
726 1126 1032 1168 mensuram
1067 1125 1240 1166 meam
1271 1111 1499 1167 adducta
1548 1111 1721 1167 fronte
1760 1128 1849 1168 re-

254 1204 526 1275 .Spondeo.
556 1203 970 1274 Primum,quod
992 1218 1075 1271 ea,
1107 1204 1245 1259 sicut
1268 1218 1402 1275 opus
1432 1213 1531 1271 est,
1560 1204 1846 1273 disserere,

272 1312 378 1353 non
417 1298 512 1361 ita,
535 1306 589 1352 ut
609 1296 780 1353 credit
814 1297 970 1352 amici
998 1296 1302 1367 aestimatio,
1331 1312 1509 1352 meum
1542 1298 1682 1352 valet
1702 1297 1852 1368 inge—

272 1392 439 1448 nium.
473 1391 692 1448 Fallitur
716 1393 858 1448 enim
910 1394 1206 1448 amantium
1244 1408 1388 1463 saepe
1421 1394 1703 1465 judicium,
1726 1408 1847 1451 cum

270 1485 389 1555 plus
410 1485 681 1541 dilectioni
715 1486 1071 1557 tribuitquam
1095 1486 1303 1543 meritis
1332 1489 1558 1545 dilectus
1586 1491 1845 1546 ostendit.

270 1579 490 1636 Accedit
531 1579 723 1635 deinde
763 1580 904 1650 quod
928 1580 1168 1636 inﬁrmus
1217 1597 1479 1653 corpore,
1530 1592 1587 1637 ut
1620 1583 1722 1637 alia
1773 1593 1851 1638 ta-

270 1684 442 1737 ceam,
465 1670 834 1726 ecclesiastico
859 1671 1057 1741 jugiter
1093 1674 1363 1743 astringor
1404 1673 1601 1729 ofﬁcio.
1636 1674 1850 1731 Postre-

269 1776 359 1816 mo
388 1761 617 1817 otiosum
659 1771 868 1831 tempus
891 1778 977 1817 res
1019 1764 1271 1832 postulat,
1317 1772 1377 1819 ut
1414 1766 1676 1835 majorum
1707 1767 1854 1822 volu-

1954 572 2009 618 ut
2038 565 2128 634 qui
2161 567 2214 620 in
2242 569 2413 636 primo
2442 582 2661 641 parente
2691 577 2929 645 perditus
2972 580 3165 649 fuerat,
3196 581 3413 637 secundi
3445 598 3525 637 rec

1959 665 2176 726 paratus
2197 658 2479 728 beneﬁcio,
2505 662 2830 724 hcereditatis
2854 678 3086 739 paternae
3116 686 3393 743 possessor
3418 673 3525 728 exi-

1955 760 2077 809 stat.
2106 752 2433 810 Exsutﬁatus
2465 758 2623 829 igitur
2652 764 3005 832 exorcizatur,
3063 780 3141 836 ut,
3192 769 3367 841 fugato
3416 772 3525 825 dia-

1951 845 2099 912 bolo,
2122 844 2336 904 Christo
2369 850 2477 907 Deo
2508 863 2692 908 nostro
2713 860 2929 924 paretur
2958 860 3205 918 introitus
3234 879 3248 928 ;
3273 873 3327 919 et
3371 880 3401 919 a
3432 879 3527 934 po-

1955 944 2146 1027 testate
2195 949 2378 996 erutus
2422 944 2784 1015 tenebrarum,
2817 952 3169 1007 transferatur
3210 954 3265 1008 in
3310 971 3527 1025 regnum

1952 1027 2138 1096 gloriae
2168 1032 2405 1088 caritatis
2436 1033 2525 1089 Dei
2552 1051 2566 1090 :
2598 1044 2655 1090 ut
2679 1038 2767 1107 qui
2798 1038 3001 1095 dudum
3044 1058 3137 1097 vas
3178 1044 3353 1101 fuerat
3378 1046 3527 1103 Sata-

1953 1134 2057 1186 nm,
2101 1121 2193 1175 ﬁat
2215 1138 2354 1178 nunc
2376 1123 2703 1181 domicilium
2737 1128 3049 1187 Salvatoris.
3079 1132 3407 1191 Exsufliutur
3433 1138 3529 1191 ila-

1952 1227 2075 1281 que,
2105 1213 2227 1280 quia
2252 1215 2343 1269 tali
2373 1215 2561 1287 dignus
2583 1228 2664 1273 est
2687 1220 2973 1289 ignominia
2997 1223 3241 1280 desertor
3261 1228 3528 1296 antiquus.

1953 1304 2307 1362 Esorcizatur
2335 1318 2531 1373 autem,
2564 1310 2614 1364 id
2644 1321 2722 1367 est
2745 1313 3075 1382 conjuratur,
3100 1311 3341 1373 ut'exeat
3369 1330 3421 1374 et
3451 1336 3529 1374 re-

1952 1399 2127 1468 cedat,
2158 1402 2300 1456 illius
2320 1417 2615 1471 agnoscens
2658 1406 2969 1472 adventum,
3017 1424 3171 1465 cu;us
3212 1421 3445 1468 erectam
3478 1418 3529 1467 in

1954 1491 2184 1560 paradisi
2213 1493 2763 1566 felicitateimaginetn
2796 1514 2957 1568 prava
3008 1503 3256 1558 suasione
3311 1503 3524 1572 dejecc-

1953 1593 2053 1637 rat.
2086 1583 2323 1655 Accipiet
2354 1587 2461 1655 jam
2493 1590 2904 1647 catechumenus
2955 1593 3292 1650 benedictum
3322 1597 3424 1663 sai,
3477 1598 3529 1654 in

1956 1690 2061 1741 quo
2084 1674 2344 1744 signatur,
2371 1678 2492 1745 quia
2527 1680 2665 1732 sicut
2684 1682 2857 1735 omnis
2886 1696 3012 1737 caro
3034 1685 3145 1738 sale
3170 1686 3394 1739 condita.
3413 1701 3531 1740 ser-

1959 1772 2131 1829 vatur,
2180 1766 2251 1817 ita
2283 1765 2396 1820 sale
2426 1768 2699 1835 sapientiae
2730 1779 2784 1825 et
2828 1772 3223 1839 prmdicationis
3252 1776 3396 1829 verbi
3438 1776 3531 1830 Dei

271 1853 417 1909 mina
456 1853 858 1908 recensentibus
882 1852 1007 1922 quid
1043 1854 1111 1909 de
1140 1870 1455 1926 unaquaque
1506 1872 1565 1912 re
1612 1858 1714 1913 dici
1757 1860 1849 1914 de-
1879 1852 1929 1914 Β
1954 1870 2105 1912 mens
2136 1856 2383 1912 fluctibus
2405 1860 2588 1914 saeculi
2612 1860 2820 1916 madida
2851 1873 2901 1918 et
2925 1863 3064 1919 ﬂuxa
3095 1866 3366 1933 conditur,
3391 1877 3446 1921 ut
3466 1867 3534 1921 ad

271 1943 414 2009 beat,
448 1942 657 1998 illorum
701 1952 811 1998 tuta
850 1943 1120 2012 juvamine
1164 1948 1417 2015 procedat
1462 1950 1653 2004 oratio.
1710 1950 1845 2017 Quid

269 2036 432 2105 igitur
458 2036 511 2090 in
544 2036 659 2092 haec
698 2051 1013 2106 possumus,
1047 2040 1148 2095 nisi
1198 2043 1333 2097 forte
1358 2044 1498 2112 quod
1553 2061 1636 2099 me
1690 2061 1846 2115 posse

265 2136 388 2184 vota
420 2128 794 2200 desideriaque
821 2140 992 2187 vestra
1034 2136 1420 2201 prmstiterint?
1468 2136 1667 2193 idcirco
1696 2156 1844 2207 qua:-

263 2226 370 2281 sita
402 2224 637 2280 breviter
664 2224 900 2282 conabor
928 2228 1221 2297 attingere,
1269 2244 1335 2283 ne
1390 2230 1433 2284 si
1498 2233 1714 2286 omnino
1762 2242 1843 2287 ta-

264 2330 438 2383 ceam,
485 2315 798 2372 infructuosi
848 2316 1042 2374 silentii
1080 2333 1264 2387 poenas
1304 2320 1585 2390 excipiam.
1617 2320 1843 2378 Conﬁdo

263 2408 410 2465 enim
435 2408 765 2465 orationibus
791 2411 893 2467 tuis
920 2426 1006 2467 me
1060 2426 1217 2481 posse
1246 2413 1440 2481 juvari,
1491 2416 1579 2484 qui
1629 2424 1685 2470 ut
1732 2416 1846 2471 hac

264 2502 519 2559 auderem
554 2513 659 2559 tam
691 2504 853 2559 ardua
906 2507 1228 2576 compulisti.
1264 2506 1415 2564 Unde
1465 2525 1649 2579 quaeso
1679 2520 1737 2565 ut
1767 2512 1849 2566 ni-

264 2595 344 2652 hil
375 2596 425 2651 in
458 2611 542 2652 me
569 2596 906 2667 eloquentiae,
936 2598 1069 2654 nihil
1092 2614 1314 2655 summa:
1352 2600 1608 2656 doctrina:
1637 2604 1848 2660 deside-

264 2700 384 2754 res;
414 2685 535 2756 quia
564 2703 660 2743 nec
690 2688 764 2743 illi
797 2689 951 2759 plene
971 2689 1165 2757 studui,
1194 2698 1247 2746 et
1274 2690 1456 2747 doceri
1479 2693 1653 2748 adhuc
1681 2695 1842 2763 malo,

263 2796 427 2852 quam
455 2781 688 2838 doctoris
727 2798 919 2839 nomen
941 2783 1146 2839 audire.
1182 2784 1344 2856 igitur
1379 2785 1425 2841 si
1462 2786 1512 2840 in
1538 2786 1637 2842 hac
1666 2788 1845 2857 inqui-

264 2875 490 2943 sitione,
537 2889 674 2941 mea,
707 2876 1090 2947 qualiscunque
1112 2886 1212 2945 est,
1243 2878 1419 2948 placet
1448 2890 1537 2935 aut
1566 2891 1847 2949 exslieeta-

266 2975 359 3022 tur
378 2968 570 3035 oratio,
593 2966 701 3037 jam
733 2983 875 3023 nunc
895 2967 963 3024 de
999 2968 1222 3039 singulis
1248 2986 1365 3039 qua:
1414 2981 1537 3025 sunt
1579 2973 1846 3042 proposita

265 3060 571 3116 videamus.
605 3059 739 3115 illud
779 3061 979 3116 interea
1031 3060 1324 3131 prudentia:
1368 3074 1563 3119 vestrm
1595 3065 1846 3134 prccdico,

266 3155 393 3226 quia
418 3153 818 3224 inquisitionum
866 3154 1020 3223 ordo,
1065 3170 1170 3209 non
1202 3155 1291 3219 ita,
1346 3164 1402 3209 ut
1442 3144 1616 3210 vistra
1659 3158 1849 3227 legitur

1954 1946 2278 2001 soliditatem
2311 1949 2618 2005 stabilitatis
2634 1958 2791 2020 atque
2805 1957 3195 2023 permansionis
3215 1956 3420 2027 digesto
3444 1973 3531 2027 pe-

1954 2041 2101 2093 nitus
2127 2043 2486 2109 corruptionis
2513 2044 2737 2101 humore
2767 2046 2930 2101 divini
2973 2049 3098 2104 salis
3120 2053 3380 2107 suavitate
3408 2067 3531 2122 per-

1952 2128 2146 2183 veniat.
2201 2130 2310 2184 Hoc
2336 2147 2463 2201 ergo
2486 2134 2591 2202 agit
2624 2135 2870 2205 frequens
2927 2137 3196 2207 impositio
3243 2156 3451 2206 manus,
3481 2153 3535 2198 et

1952 2219 2251 2274 reverentia
2305 2220 2603 2289 Trinitatis,
2632 2234 2685 2279 et
2736 2226 2982 2283 invocata
3028 2243 3189 2300 super
3231 2234 3534 2305 caputejus

1950 2311 2109 2365 tertio
2137 2311 2439 2369 benedictio
2478 2315 2802 2372 Conditoris.

2022 2402 2110 2457 iV.
2162 2404 2368 2461 Dehine
2408 2406 2638 2476 quodam
2672 2409 2911 2477 profectu
2939 2420 3100 2481 atque
3135 2424 3407 2483 provectu,
3439 2415 3535 2472 ille
3582 2402 3589 2408 ’

1950 2496 2037 2565 qui
2064 2497 2262 2551 dudum
2287 2499 2597 2555 exsufﬂatus
2642 2501 2921 2559 diabolicis
2975 2505 3179 2576 laqueis
3221 2508 3535 2579 pompisque

1953 2587 2377 2655 renuntiaverat,
2402 2590 2631 2661 symboli
2662 2592 2728 2647 ab
2753 2595 3009 2663 apostolis
3048 2597 3225 2652 traditi
3263 2598 3371 2668 jam
3422 2616 3534 2656 me-

1952 2688 2098 2734 retur
2130 2680 2289 2735 verba
2321 2682 2593 2752 suscipere
2624 2703 2637 2737 :
2680 2693 2736 2739 ut
2763 2688 2852 2755 qui
2894 2689 3056 2758 paulo
3092 2700 3216 2746 ante
3244 2696 3416 2747 solum
3445 2709 3535 2749 ca-

1952 2773 2306 2828 techumenus
2330 2773 2630 2842 dicebatur,
2653 2793 2794 2835 nunc
2823 2788 2986 2835 etiam
3043 2793 3265 2838 vocetur
3313 2800 3534 2855 compe-

1952 2876 2071 2921 tens
2103 2867 2187 2922 vel
2218 2868 2440 2923 electus.
2470 2869 2776 2943 Conceptus
2805 2873 2948 2927 enim
2976 2882 3057 2930 est
3078 2876 3130 2930 in
3170 2886 3322 2932 utero
3350 2880 3535 2933 matris

1954 2960 2229 3024 Ecclesiae,
2260 2970 2314 3016 et
2342 2963 2649 3034 viverejam
2684 2965 2890 3035 incipit,
2924 2968 3082 3023 etiam
3106 2970 3149 3023 si
3180 2972 3415 3026 nondum
3444 2987 3535 3025 sa-

1953 3054 2030 3108 cri
2073 3064 2254 3123 partus
2284 3064 2494 3124 tempus
2518 3058 2771 3125 explevit.
2816 3058 2966 3114 Tunc
2986 3062 3117 3116 ﬁunt
3165 3062 3275 3129 illa,
3330 3080 3448 3135 qua:
3469 3065 3537 3119 ab

1954 3148 2313 3205 ecclesiastica
2343 3150 2733 3206 consuetudine
2757 3153 3009 3207 scrutinia
3048 3154 3379 3212 dictitantur.
3410 3157 3537 3211 Per-

266 3246 463 3317 pagina
486 3254 843 3316 consequetur
875 3261 889 3311 ;
921 3245 1014 3301 sed
1048 3255 1103 3300 ut
1131 3260 1189 3301 se
1213 3261 1540 3317 unaquaeque
1566 3262 1843 3318 suggesse-
1870 3239 1916 3304 C
1946 3247 2245 3293 scrutamur
2269 3240 2408 3292 enim
2426 3254 2609 3294 eorum
2640 3240 2799 3296 corda
2841 3257 2935 3311 per
2959 3243 3137 3311 ﬁdem,
3155 3256 3327 3301 utrum
3372 3250 3537 3303 menti

268 3338 362 3405 rit,
396 3336 732 3392 absolutione
761 3351 993 3408 congrua
1025 3338 1411 3393 terminabitur.
1445 3338 1625 3409 itaque
1675 3341 1850 3411 inqui-

268 3428 485 3484 sitionis
512 3436 615 3483 tua:
635 3428 796 3484 verba
834 3429 905 3484 ita
940 3444 999 3485 se
1022 3428 1235 3484 habent.

345 3522 411 3579 il.
454 3522 693 3593 llequiro,
723 3523 918 3594 inquis,
957 3539 988 3577 a
1013 3524 1172 3589 vobis,
1231 3541 1385 3591 quare
1427 3533 1697 3596 antequam
1727 3527 1849 3597 bap-

270 3615 426 3669 tisma
454 3615 568 3685 quis
620 3625 977 3685 consequatur,
1033 3615 1411 3671 catechuminus
1440 3618 1580 3687 fuit;
1612 3619 1688 3672 vel
1732 3619 1853 3685 quid

270 3707 374 3761 sibi
408 3706 588 3761 habeat
632 3708 725 3762 hoc
764 3708 1059 3761 vocabulum
1098 3717 1187 3761 aut
1217 3707 1323 3762 hac
1361 3708 1712 3775 catechizatio,
1764 3718 1851 3764 aut

270 3816 380 3868 qua
400 3796 579 3870 regula
616 3799 671 3853 in
724 3798 893 3852 Veteri
940 3797 1257 3853 Testamento
1303 3800 1566 3870 prwmissa
1613 3802 1719 3865 sit;
1764 3811 1853 3855 aut

272 3901 427 3958 certe,
445 3892 488 3947 si
513 3892 710 3947 novella
729 3892 901 3964 regula
930 3901 1020 3957 est,
1042 3902 1087 3947 et
1109 3894 1267 3961 magis
1295 3910 1327 3946 a
1344 3893 1497 3953 Novo
1533 3894 1853 3949 Testamento

270 3984 493 4057 sumpsit
530 3984 812 4038 exordium.
870 3982 1040 4039 Simul
1081 3984 1234 4038 etiam
1266 3986 1565 4038 scrutinium
1608 3987 1731 4051 quid
1767 3986 1852 4050 sit,

270 4085 370 4129 aut
394 4091 554 4147 quare
578 4077 723 4130 tertio
743 4083 860 4129 ante
878 4073 1077 4129 Pascha
1101 4077 1445 4130 scrutinentur
1465 4077 1695 4144 infantes
1723 4093 1743 4142 ;
1768 4086 1854 4129 aut

271 4167 403 4234 quid
453 4166 545 4219 sibi
603 4167 707 4220 luet:
758 4165 1009 4219 districtio
1060 4166 1138 4219 rel
1193 4166 1480 4219 sollicitudo
1536 4167 1857 4219 scrutaminis

270 4259 499 4311 vindicet
517 4300 530 4322 ε
562 4266 660 4313 etc.

352 4349 439 4405 ill.
480 4348 561 4404 Ad
593 4347 705 4402 haec
727 4350 793 4403 ita
819 4347 1135 4418 respondeo.
1163 4347 1407 4403 Studium
1431 4360 1666 4404 vestrum
1704 4365 1857 4402 nosse

268 4442 603 4499 conﬁdimus
629 4461 643 4498 :
673 4443 793 4513 quia
813 4457 970 4498 omne
1011 4456 1178 4513 genus
1207 4441 1495 4496 humanum
1526 4443 1579 4496 in
1621 4441 1770 4512 ipsis,
1803 4450 1859 4495 ut

268 4538 352 4592 ita
396 4537 592 4604 dicam,
620 4534 799 4591 mundi
823 4534 1100 4591 cunabulis
1120 4533 1557 4604 praevaricatione
1590 4534 1744 4603 primi
1767 4532 1861 4587 ho-

1951 3345 2061 3385 suto
2090 3342 2209 3399 pOSt
2241 3331 2688 3387 renuntiationem
2722 3332 2921 3387 diaboli
2964 3349 3113 3389 sacra
3139 3338 3297 3391 verba
3340 3338 3538 3393 deﬁxe-

1954 3425 2097 3489 rint;
2124 3432 2301 3478 utrum
2346 3426 2659 3494 agnoverint
2709 3426 2938 3482 futuram
2966 3429 3188 3498 gratiam
3218 3429 3539 3502 Redempto-

1955 3522 2062 3587 ris;
2116 3531 2291 3576 utrum
2322 3536 2382 3576 se
2426 3521 2649 3579 credere
2694 3522 2963 3579 fateantur
3016 3525 3066 3578 in
3127 3526 3293 3581 Deum
3322 3525 3541 3581 Patrem

1954 3615 2398 3684 omnipotentem.
2438 3613 2505 3667 Et
2534 3629 2654 3669 cum
2685 3614 2799 3670 haec
2823 3615 2892 3669 ita
2922 3631 3043 3672 esse
3069 3616 3281 3672 illorum
3313 3632 3535 3687 respon-

1955 3707 2107 3763 sione
2156 3707 2426 3772 claruerit,
2474 3707 2600 3777 quia
2646 3709 2901 3777 scriptum
2952 3719 3035 3765 est
3071 3726 3086 3767 :
3129 3710 3291 3765 Corde
3319 3711 3541 3766 creditur

1962 3802 2030 3854 ad
2044 3803 2319 3874 justitiam,
2354 3817 2440 3856 ore
2467 3811 2637 3856 autem
2666 3803 2916 3874 confessio
2939 3805 2997 3873 ﬁt
3026 3806 3075 3858 in
3104 3805 3315 3859 salutem
3365 3805 3538 3877 (Rom.

1958 3907 2012 3958 ι,
2040 3893 2130 3963 10)
2157 3911 2171 3957 ;
2202 3902 2490 3963 tanguntur
2521 3895 2958 3950 sanctiﬁcationis
2985 3896 3103 3951 oleo
3138 3912 3295 3952 aures
3333 3913 3540 3962 eorum,

1961 3992 2256 4052 tanguntur
2286 3992 2340 4039 et
2371 3999 2528 4040 nares
2556 4002 2569 4049 ;
2600 3986 2694 4040 sed
2717 4001 2879 4042 aures
2904 3986 3045 4053 ideo,
3093 3988 3211 4055 quia
3243 4004 3336 4056 per
3362 3997 3451 4043 eas
3474 3990 3542 4044 ad

1960 4074 2285 4128 intellectum
2331 4074 2459 4129 ﬁdes
2481 4075 2798 4144 ingreditur,
2831 4076 3088 4145 Apostolo
3116 4076 3323 4131 dicente
3352 4076 3542 4131 :Fides

1962 4174 2125 4218 autem
2153 4182 2239 4233 per
2263 4166 2514 4229 auditum,
2546 4168 2753 4220 auditus
2784 4183 2899 4220 vero
2925 4184 3011 4235 per
3027 4170 3227 4220 verbum
3249 4168 3337 4221 Dei
3354 4167 3543 4235 (Ibid,

1973 4257 2051 4325 Π)
2088 4269 2179 4319 ',ttl
2230 4257 2377 4327 quasi
2427 4257 2656 4326 quodam
2704 4257 3135 4312 satictiﬁcatimiis
3191 4274 3341 4313 muro
3389 4275 3544 4315 aures

1964 4350 2255 4415 instructus,
2296 4348 2425 4403 nihil
2476 4350 2719 4417 noxium,
2778 4349 2907 4404 nihil
2938 4350 3080 4421 quod
3111 4358 3254 4406 retro
3296 4365 3546 4408 revocare

1964 4442 2133 4511 possit
2153 4441 2456 4495 admittant.

2036 4532 2098 4587 ν.
2139 4531 2271 4587 Cum
2301 4548 2430 4588 vero
2460 4537 2745 4601 tanguntur
2791 4547 2947 4587 nares
2982 4547 3199 4599 eorum,
3250 4534 3548 4590 admonen-

268 4629 448 4686 niinis
474 4630 525 4684 in
580 4637 750 4684 morte
794 4627 952 4682 fuerit
992 4627 1114 4695 jure
1159 4625 1485 4695 collapsum;
1543 4640 1645 4681 nec
1694 4625 1762 4679 ab
1799 4639 1861 4680 ea
1888 4621 1939 4682 Ι)
1967 4633 2051 4681 tur
2079 4627 2195 4681 sine
2216 4625 2396 4691 dubio,
2430 4634 2489 4679 ut
2518 4623 2751 4694 quandiu
2779 4624 3024 4694 spiritum
3051 4626 3177 4680 vita:
3205 4625 3363 4695 hujus
3406 4629 3549 4682 nari-

267 4735 447 4793 pnsse
475 4719 683 4787 redimi,
716 4718 816 4773 nisi
835 4717 1043 4772 all‘uerit
1062 4718 1228 4788 gratia
1251 4716 1543 4772 Salvatoris
1573 4734 1586 4770 :
1616 4717 1703 4787 qui
1730 4715 1855 4771 dum

264 4824 412 4870 ante
437 4812 631 4868 smcula
661 4810 874 4882 genitus
902 4818 1051 4869 esset
1099 4824 1163 4863 ex
1193 4806 1372 4879 Patre,
1404 4818 1620 4878 propter
1655 4822 1751 4861 nos
1793 4822 1857 4862 es

262 4907 402 4964 sola
426 4915 593 4960 matre
620 4902 735 4958 ﬁeri
760 4918 863 4958 non
883 4910 966 4958 est
1012 4900 1329 4972 dedignatus
1364 4901 1416 4956 in
1461 4911 1716 4971 tempore.
1745 4898 1862 4954 Non

262 5007 366 5055 est
400 5012 528 5068 ergo
553 4995 772 5052 dubium
802 4994 945 5066 quod
989 4995 1291 5065 priusquam
1331 4993 1523 5065 aliquis
1553 5001 1866 5049 renascatur

261 5089 334 5145 in
364 5085 605 5151 Christo,
644 5085 921 5141 diabolicae
968 5085 1215 5154 potestati
1273 5092 1516 5139 teneatur
1566 5084 1862 5139 astrictus:

260 5182 441 5253 cujus
471 5180 675 5252 laqueis
697 5179 796 5234 nisi
823 5178 963 5235 inter
1004 5179 1115 5246 ipsa
1134 5177 1382 5247 primitus
1407 5176 1529 5231 ﬁdei
1566 5177 1868 5231 rudimenta

262 5274 472 5333 veraci
505 5274 835 5346 professione
863 5271 1177 5327 renuntians
1227 5278 1470 5336 exuatur,
1516 5268 1583 5324 ad
1622 5268 1870 5324 salutaris

258 5366 486 5423 lavacri
540 5364 764 5436 gratiam
809 5378 916 5419 non
955 5360 1181 5417 accedit.
1223 5360 1291 5416 Et
1333 5360 1453 5416 ideo
1492 5360 1631 5416 hunc
1663 5367 1874 5429 oportet

260 5462 441 5534 prius
457 5459 963 5514 catechumenorum
997 5455 1320 5510 auditorium
1347 5452 1587 5509 introire.
1614 5453 1873 5509 Cateche-

256 5556 359 5611 sis
397 5553 540 5607 enim
572 5550 759 5607 Graece
781 5548 1063 5605 instructio
1084 5546 1297 5603 dicitur.
1330 5543 1616 5601 instruitur
1647 5560 1873 5615 namque

257 5644 658 5705 ecclesiastico
686 5642 986 5698 ministerio
1017 5654 1111 5711 per
1140 5639 1568 5695 benedictionem
1596 5638 1874 5709 imponen-

260 5741 353 5795 tis
396 5750 631 5802 tuanum,
660 5733 997 5803 utintclligat
1024 5731 1141 5801 quis
1175 5731 1262 5796 sit,
1301 5730 1489 5800 quisve
1514 5729 1721 5787 futurus
1770 5731 1874 5797 sit;

256 5830 403 5891 hoc
422 5836 526 5894 est,
555 5826 679 5899 quia
718 5840 782 5881 es
831 5821 1118 5881 damnabili
1156 5829 1371 5880 sanctus
1416 5821 1529 5891 ﬁat,
1560 5836 1626 5879 ex
1677 5822 1877 5892 iniusto

1950 4718 2062 4772 "bus
2096 4719 2334 4784 trahunt,
2366 4717 2417 4770 in
2446 4715 2542 4771 Dei
2582 4716 2803 4771 servitio
2835 4716 3206 4786 mandatisque
3238 4718 3547 4786 perdurent.

1963 4809 2115 4866 Unde
2139 4811 2230 4865 ille
2277 4810 2357 4863 vir
2402 4818 2618 4863 sanctus
2648 4807 2907 4863 dicebat:
2961 4806 3096 4860 Vivit
3149 4806 3417 4875 Dominus,
3462 4810 3552 4878 qui

1966 4902 2180 4968 abstulit
2191 4903 2451 4972 judicium
2473 4917 2659 4965 meum,
2687 4909 2735 4954 et
2768 4901 3090 4970 omnipotens
3132 4902 3219 4971 qui
3246 4902 3314 4955 ad
3361 4904 3551 4956 amari-

1972 4995 2196 5049 tudinem
2226 4992 2441 5047 adduxit
2470 4992 2698 5046 animam
2727 5008 2887 5045 meam
2916 5008 2936 5047 :
2962 4993 3081 5061 quia
3124 4993 3286 5046 donec
3327 4984 3552 5061 superest

1974 5086 2168 5140 halitus
2190 5086 2244 5139 in
2272 5100 2350 5139 me
2378 5094 2425 5138 et
2444 5085 2653 5155 spiritus
2684 5083 2781 5138 Dei
2824 5085 2875 5138 in
2906 5086 3113 5139 nuribus
3142 5087 3287 5151 meis,
3329 5103 3428 5139 non
3475 5085 3553 5138 lo-

1973 5185 2192 5248 quentur
2220 5175 2357 5229 labia
2378 5191 2490 5228 mea
2515 5174 2848 5243 iniquitatem,
2894 5192 2985 5229 nec
3025 5177 3203 5247 lingua
3247 5192 3358 5229 mea
3398 5175 3553 5228 medi~

1978 5267 2172 5321 tabitur
2193 5264 2515 5319 mendacium
2550 5265 2691 5336 (Job.
2716 5281 2881 5332 xxvn,
2915 5266 3055 5337 2-4).
3084 5266 3245 5321 Aliud
3272 5281 3479 5335 quoque
3500 5265 3553 5319 in

1982 5360 2191 5415 narium
2231 5358 2481 5415 unctione
2532 5358 2771 5429 signatur
2803 5376 2817 5413 :
2844 5367 2906 5413 ut
2952 5358 3075 5429 quia
3122 5357 3249 5412 illud
3297 5358 3470 5410 oleum
3502 5358 3556 5414 in

1982 5451 2198 5507 nomine
2227 5449 2569 5506 benedictum
2587 5460 2669 5505 est
2694 5449 3007 5515 Salvatoris,
3036 5448 3101 5503 ad
3129 5445 3556 5516 spiritalemejus

1978 5545 2200 5601 odorem
2229 5544 2460 5615 quadam
2494 5543 2754 5600 ineﬁ'abili
2777 5543 3061 5598 interiores
3085 5554 3275 5595 sensus
3294 5542 3557 5596 suavitate

1980 5638 2266 5705 ducantur,
2297 5646 2357 5692 ut
2386 5636 2631 5693 delectati
2661 5641 2879 5690 cantent
2907 5649 2922 5687 :
2968 5629 3295 5699 Unguentum
3343 5630 3557 5698 e/fusum

1979 5741 2054 5786 est
2082 5747 2262 5786 nomen
2295 5738 2438 5783 tuum
2466 5746 2484 5794 ;
2542 5735 2654 5799 post
2710 5725 2917 5778 odorem
2955 5731 3328 5794 unguentorum
3356 5732 3558 5778 tuorum

1980 5839 2242 5880 eui-remus
2275 5821 2448 5893 (Cant.
2475 5835 2515 5890 ι,
2541 5820 2598 5887 2,
2617 5817 2672 5886 3)
2700 5833 2714 5882 ;
2740 5830 2846 5887 quo
2867 5816 3123 5889 mysterio
3138 5830 3329 5876 sensus
3347 5816 3563 5876 narium
