4124 6350
491 344 595 401 ιοδ

1833 331 2113 393 ,ιοΑΝΝιδ
2151 334 2422 397 DIACONI

3658 338 3763 397 Μ
3792 322 3798 329 .

492 457 859 529 praemunitus,
908 454 1034 511 nihil
1087 451 1460 522 voluptuosum
1514 412 1720 513 saeculi,
1755 447 1887 503 nihil
1935 448 2077 519 quod
2104 451 2156 513 Α
2184 465 2390 522 meum,
2413 465 2471 513 υι
2495 456 2601 513 alia
2629 464 2852 519 “eam,
2889 456 3049 519 etiam
3105 450 3533 515 ίηάυωέηιοωω
3581 458 3762 517 hum

493 561 726 608 mentem
756 547 1024 603 resolvere
1052 553 1232 615 queat,
1258 539 1431 611 possit
1468 539 1777 597 admittere.

497 678 507 693 .
568 643 652 699 Vl.
697 641 900 697 Dehinc
926 648 1109 709 pectus
1139 650 1324 690 eorum
1363 634 1486 689 oleo
1512 632 1934 689 consecrationis
1964 649 2086 705 per—

494 736 737 807 ungitur,
775 734 826 787 in
866 746 972 801 quo
1020 737 1103 784 est
1146 727 1302 782 sedes
1346 735 1401 781 et
1442 725 1804 781 habitaculum
1855 725 2034 781 cordis
2068 743 2079 780 :

494 842 549 887 ut
576 828 873 897 intelligant
905 824 1054 879 ﬁrma
1100 838 1159 878 se
1188 822 1517 877 conscientia
1554 829 1608 876 et
1634 835 1771 890 puro
1800 820 1965 875 corde
1992 819 2085 873 de-

491 921 619 976 bere
668 917 1013 989 promittere,
1054 912 1195 985 quod
1240 912 1346 983 jam
1392 912 1582 967 relicto
1619 910 1837 967 diabolo
1886 910 2084 966 Christi

494 1011 744 1067 mandata
771 1018 1062 1065 sectentur.
1106 1005 1171 1060 Hi
1200 1005 1362 1060 etiam
1414 1001 1574 1058 nudis
1619 1002 1846 1075 pedibus
1891 1002 2084 1073 juben-

492 1112 581 1159 tur
609 1101 884 1168 incedere,
940 1109 999 1154 ut
1040 1096 1299 1164 depositis
1345 1094 1651 1150 morticinis
1697 1104 1750 1149 et
1781 1093 2084 1151 carnalibus

493 1194 848 1264 indumentis,
892 1198 1184 1263 agnoscant
1221 1204 1281 1243 se
1326 1188 1468 1243 illius
1527 1186 1621 1241 vite
1667 1186 1768 1241 iter
1809 1186 2083 1264 arripere,

494 1288 550 1345 in
582 1303 685 1359 qua
715 1283 852 1341 nihil
879 1297 1153 1354 asperum,
1185 1278 1315 1334 nihil
1342 1286 1515 1348 potest
1543 1277 1770 1333 inveniri
1815 1278 2081 1333 nociVnm.

498 1380 625 1435 llam
650 1378 813 1450 igitur
837 1372 1198 1432 ecclesiastica
1259 1370 1565 1426 sollicitudo
1596 1386 1689 1441 per
1717 1371 2085 1427 successiones

497 1485 798 1547 temporum
825 1479 979 1527 cauta
995 1467 1347 1542 dispositione
1370 1466 1648 1522 constituit
1674 1482 1689 1523 :
1713 1467 1960 1539 quamvis
1988 1466 2084 1523 ho-

497 1587 617 1627 rum
648 1566 865 1638 vestigia
890 1573 1042 1620 vetus
1066 1563 1253 1635 pagina
1284 1576 1389 1616 non
1418 1560 1684 1615 05tendat.
1710 1559 1943 1616 Proinde
1962 1574 2082 1615 cum

499 1664 617 1719 istis
645 1660 797 1731 quasi
816 1657 1080 1714 vehiculis
1106 1652 1439 1726 spiritalibus
1470 1650 1674 1706 electus
1701 1650 1814 1707 sive
1835 1651 2083 1705 catechu-

501 1770 689 1810 menus
719 1752 773 1807 in
806 1751 909 1805 ﬁde
935 1748 1278 1821 processerit,
1328 1756 1451 1803 tunc
1481 1754 1534 1801 et
1560 1758 1782 1799 necesse
1811 1755 1893 1799 est
1938 1743 2079 1800 unici

2188 548 2553 606 differebant:
2592 550 2661 604 ita
2718 558 2777 604 ut
2818 548 3122 607 sacerdotes
3172 557 3399 620 quatuor
3447 549 3760 620 quibusdam

2188 642 2427 713 mystici!
2457 642 2694 703 vestibus
2737 650 3013 697 uterentur
3041 658 3157 711 qua:
3190 641 3294 698 illis
3336 656 3457 697 cum
3515 641 3764 712 pontiﬁce

2186 736 2503 792 videbantur
2555 750 2679 792 esse
2731 748 3091 800 communes;
3140 744 3196 790 at
3243 735 3485 803 pontifex
3537 746 3764 806 quatuor

2186 828 2309 884 aliis
2337 830 2602 891 utebatur,
2626 826 2820 897 quibus
2847 826 2994 882 indui
3028 826 3394 883 sacerdotibus
3426 827 3638 896 penitus
3657 843 3763 884 non

2187 921 2399 977 licebat.
2426 918 2685 989 Adjicitur
2702 917 2865 974 etiam
2896 918 3035 987 quod
3062 917 3115 974 in
3139 926 3323 974 sancta
3355 930 3658 974 sanctorum
3680 932 3765 974 se-

2187 1012 2290 1069 mel
2314 1013 2369 1069 in
2397 1027 2539 1069 anno
2560 1011 2708 1069 solus
2738 1008 2974 1081 pontifex
3021 1008 3252 1065 habebat
3285 1024 3580 1065 accessum.
3616 1010 3765 1065 Unde

2181 1103 2291 1174 jam
2319 1103 2371 1159 in
2400 1117 2539 1158 novo
2567 1101 2765 1171 populo
2792 1101 3073 1171 episcopus
3095 1100 3377 1157 ordinandi
3420 1100 3764 1172 presbyteros

2186 1194 2380 1255 meruit
2431 1202 2769 1265 potestatem.
2842 1192 3004 1251 Recte
3062 1193 3220 1262 igitur
3266 1191 3654 1250 benedictionis
3711 1202 3766 1250 et

2185 1288 2452 1345 unctionis
2512 1286 2910 1359 quodammodo
2984 1295 3218 1356 potestas
3292 1288 3585 1358 apostolica
3642 1286 3767 1343 huic

2186 1382 2458 1439 traditioni
2512 1390 2778 1450 servatur,
2832 1396 2989 1452 quam
3031 1389 3241 1441 constat
3267 1381 3762 1441 ecclesiasticarum

2183 1476 2432 1533 ordinum
2463 1484 2645 1532 tenere
2668 1475 3008 1545 principium.

2255 1570 2388 1626 Vlll.
2429 1567 2565 1629 Illud
2609 1582 2823 1640 quoque
2871 1581 2976 1622 non
3042 1566 3473 1637 pmtereundum
3519 1567 3758 1634 videtur,

2184 1670 2209 1700 ³
2235 1662 2321 1732 qui
2359 1675 2457 1717 nec
2480 1660 2670 1717 eadem
2698 1658 3088 1717 benedictionis
3106 1658 3268 1716 verba
3295 1658 3618 1731 presbyterii
3640 1673 3768 1715 con-

2180 1753 2411 1812 secratio
2441 1762 2793 1824 promeretur,
2836 1767 2958 1823 qua
2984 1750 3307 1822 pontiﬁcalis
3325 1766 3460 1822 apex
3481 1753 3764 1809 consuevit

499 1846 695 1901 lavacri
744 1843 1063 1914 baptismate
1103 1840 1430 1905 consecrari,
1481 1840 1532 1893 in
1586 1832 1695 1907 quo
1745 1845 2083 1893 sacramento

2188 1846 2396 1903 audire.
2427 1845 2558 1901 Nam
2589 1846 2634 1900 si
2667 1846 2798 1901 nihil
2835 1844 3069 1915 speciale
3103 1853 3431 1905 reservatum
3470 1853 3617 1901 esset
3651 1846 3767 1914 cpi.

498 1939 797 2011 baptizatus
819 1936 955 1992 trina
976 1933 1315 1990 demersione
1345 1920 1643 2003 perﬁcitur.
1668 1931 1732 1987 Et
1764 1941 1927 1987 recte.
1953 1931 2083 1988 Nam

498 2036 590 2107 qui
621 2034 673 2090 in
697 2033 912 2088 nomine
938 2028 1215 2086 Trinitatis
1264 2025 1617 2097 baptizandus
1642 2025 1870 2091 accedit,
1917 2027 2085 2096 ipsam

499 2131 684 2201 utique
711 2126 1026 2183 Trinitatem
1060 2122 1200 2180 trina
1245 2121 1406 2175 debet
1444 2120 1715 2174 mersione
1756 2120 1988 2189 signare,
2033 2125 2089 2173 et
2125 2112 2134 2121 ’

501 2224 645 2280 illius
664 2237 725 2281 se
753 2232 1047 2291 agnoscere
1068 2214 1343 2273 beneliciis
1364 2211 1662 2268 debitorem
1690 2212 1780 2281 qui
1805 2211 1959 2267 tertia
1991 2224 2088 2279 pro

500 2332 569 2373 eo
592 2316 679 2371 die
717 2311 1013 2369 resurrexit
1059 2325 1088 2363 a
1131 2308 1380 2363 mortuis.
1422 2305 1661 2375 Sumptis
1717 2303 1912 2360 dehinc
1950 2303 2086 2360 albis

501 2409 760 2473 vestibus,
790 2416 949 2474 caput
966 2404 1084 2473 ejus
1109 2402 1248 2457 sacri
1278 2399 1587 2455 chrismatis
1614 2400 1867 2454 unctione
1892 2413 2087 2468 perun-

500 2507 644 2575 gitur
677 2518 691 2568 ;
739 2511 794 2555 ut
842 2497 1101 2566 intelligat
1138 2496 1438 2564 baptizatus
1489 2509 1709 2565 regnum
1742 2493 1795 2548 in
1825 2508 1884 2549 se
1908 2508 1974 2549 ac
2000 2508 2088 2550 sa-

500 2593 771 2653 cerdotale
826 2591 1143 2645 convenisse
1185 2588 1516 2660 mysterium.
1570 2588 1889 2643 Chrismatis
1945 2588 2085 2643 enim

502 2688 624 2744 oleo
652 2684 959 2741 sacerdotes
981 2691 1037 2739 et
1075 2682 1342 2751 principes
1364 2682 1732 2750 ungebantur,
1764 2689 1822 2735 ut
1850 2681 1923 2735 illi
1952 2678 2091 2735 oﬁ‘e-’

502 2780 670 2838 rendo
697 2776 982 2840 sacriﬁcia,
1012 2775 1083 2830 illi
1148 2773 1355 2844 populis
1398 2774 1746 2843 imperarent.
1792 2772 1872 2827 Ad
1902 2770 2087 2842 imagi-

502 2889 625 2930 nem
664 2874 858 2942 quippe
887 2866 1174 2923 sacerdotii
1199 2866 1407 2936 plenius
1444 2863 1871 2933 exprimendam,
1901 2870 2093 2920 renas-'

500 2968 672 3023 centis
699 2972 859 3029 caput
884 2960 1034 3017 lintei
1055 2959 1250 3017 decore
1269 2956 1628 3028 componitur.
1676 2956 1807 3009 Nam
1836 2954 2085 3011 sacerdo-

502 3070 583 3116 tes
620 3058 762 3115 illius
788 3055 1044 3124 temporis
1070 3050 1303 3123 quodam
1351 3051 1579 3121 mystico
1623 3047 1888 3103 velamine
1927 3054 2086 3115 caput

501 3165 713 3221 semper
738 3148 1003 3204 ornabant
1033 3160 1049 3209 ;
1082 3142 1259 3199 cuncti
1288 3156 1416 3197 vero
1446 3140 1744 3212 regenerati
1765 3140 1904 3194 albis
1924 3138 2084 3193 vesti-

2187 1952 2373 2008 scopo,
2401 1936 2597 2008 gradus
2628 1936 2940 1995 indifferens
2990 1951 3110 1993 esse
3136 1936 3450 1993 videbatur:
3508 1953 3608 1992 nec
3634 1953 3768 2007 opus

2186 2039 2331 2086 esset
2359 2029 2571 2086 diverso
2599 2029 2880 2095 vocabulo,
2909 2028 3050 2097 quod
3081 2028 3265 2087 eadem
3311 2027 3613 2084 benedictio
3640 2044 3768 2084 con-

2186 2133 2441 2179 secraret.
2491 2123 2594 2179 Sed
2641 2138 2739 2178 nec
2769 2123 2893 2178 illud
2945 2131 3125 2193 tangat
3179 2122 3439 2189 animum,
3496 2122 3639 2193 quod
3667 2123 3768 2179 sibi

2188 2214 2473 2286 aliquando
2524 2215 2772 2286 quaedam
2825 2213 2904 2269 vis
2950 2214 3286 2270 necessitatis
3314 2213 3557 2279 assumit,
3607 2215 3767 2271 veluti

2186 2308 2355 2382 (quod
2403 2324 2547 2363 nunc
2596 2322 2690 2379 per
2741 2306 2976 2369 Africam
3027 2306 3139 2363 ﬁeri
3187 2304 3403 2376 dicitur)
3455 2314 3513 2361 ut
3549 2307 3769 2379 presby-

2187 2403 2284 2456 teri
2315 2410 2557 2457 sanctnm
2586 2400 2820 2457 chrisma
2863 2398 3365 2469 conﬁciantzquod
3406 2398 3601 2455 merito
3651 2415 3769 2454 mo-

2187 2503 2358 2561 veret,
2382 2493 2428 2549 si
2459 2494 2615 2549 istam
2663 2491 2983 2562 pontiﬁcalis
3028 2490 3319 2549 auctoritas
3363 2491 3634 2547 licentiam
3663 2509 3768 2549 non

2185 2587 2441 2644 dedisset.
2488 2586 2639 2643 Unde
2686 2595 2892 2643 constat
2939 2587 3098 2642 etiam
3170 2600 3311 2642 nunc
3356 2602 3387 2641 a
3433 2586 3769 2655 pontiﬁcibus

2186 2676 2587 2747 quodammodo
2617 2676 2731 2731 ﬁeri
2753 2721 2768 2745 ,
2794 2677 2934 2747 quod
2961 2677 3013 2732 in
3041 2684 3185 2732 tanta
3215 2692 3393 2733 rerum
3424 2679 3773 2747 necessitate,

2188 2776 2243 2821 ut
2274 2782 2303 2821 a
2335 2767 2663 2839 presbyteris
2688 2765 2831 2822 eilici
2871 2768 3061 2837 possit,
3111 2768 3357 2838 superior
3403 2768 3535 2823 ordo
3571 2770 3768 2824 consti-

2187 2862 2308 2917 tuit.

2258 2952 2347 3009 IX.
2384 2938 2523 3008 'lllud
2552 2952 2711 3008 etiam
2733 2951 2894 3009 vultis
2919 2954 3081 3021 scire,
3125 2968 3261 3021 quos
3293 2953 3530 3010 Ecclesia
3579 2955 3764 3012 catho-

2187 3048 2285 3103 lica
2315 3049 2602 3103 redeuntes
2644 3062 2750 3103 non
2808 3047 3037 3116 baptizet
3066 3046 3358 3119 haereticos
3399 3047 3423 3101 ἲ
3470 3045 3622 3113 Quod
3669 3063 3765 3117 ego

2187 3153 2283 3209 pro
2313 3155 2432 3193 meo
2462 3138 2679 3193 modulo
2710 3138 2856 3194 brevi
2884 3138 3235 3207 responsione
3252 3138 3567 3195 concludam
3594 3156 3607 3192 :
3640 3139 3761 3196 illos

504 3212 916 3298 bttsinduuntur
959 3236 1027 3291 ad
1055 3234 1407 3293 ministerium
1438 3230 1762 3305 resurgentis
1804 3228 2077 3300 Eccmsite,
2108 3212 2154 3277 Ο
2186 3233 2461 3297 venientes
2490 3233 2742 3306 bapt‘zari
2789 3247 2924 3306 quos
2974 3247 3077 3290 non
3120 3233 3423 3288 constiterit
3465 3234 3518 3287 in
3550 3236 3763 3290 nomine

502 3336 640 3393 sicut
678 3332 793 3403 ipse
842 3327 1097 3386 Dominus
1151 3335 1206 3383 et
1254 3327 1498 3385 Salvator
1540 3341 1720 3383 coram
1762 3326 2077 3396 quibusdam

502 3427 777 3499 discipulis
820 3440 882 3481 ac
923 3422 1202 3496 prophetis
1256 3422 1327 3477 ita
1371 3422 1425 3479 in
1464 3430 1647 3478 monte
1674 3420 2081 3489 transﬁguratus

503 3534 605 3591 est,
628 3532 685 3577 ut
704 3520 974 3576 diceretur
996 3535 1011 3571 :
1037 3515 1368 3583 Resplenduit
1389 3515 1542 3587 facies
1568 3516 1681 3587 ejus
1703 3513 1836 3568 velut
1854 3512 1932 3567 so!
1958 3529 2082 3579 ,°ve-

503 3622 736 3673 stimm'a
756 3629 872 3670 vero
898 3615 1013 3685 ejus
1040 3611 1179 3683 facta
1204 3620 1319 3665 sunt
1339 3608 1561 3665 candida
1581 3610 1712 3662 sicut
1755 3608 1846 3662 nia:
1866 3605 2081 3678 (Matth.

504 3726 611 3765 xvu
629 3749 646 3775 ,
673 3707 755 3773 2).
788 3706 905 3774 Quo
946 3703 1086 3758 iacto
1106 3700 1446 3772 splendorem
1476 3707 1533 3752 ut
1555 3697 1756 3757 dictum
1777 3703 1878 3763 est,
1904 3710 2085 3751 resur-

506 3798 682 3871 gentis
719 3799 772 3851 in
817 3797 1050 3849 futurum
1104 3790 1350 3862 ﬁguravit
1392 3789 1667 3852 Ecclesia,
1706 3788 1775 3843 de
1803 3802 1906 3856 qua
1957 3788 2083 3841 item

509 3894 767 3963 scriptum
818 3898 947 3944 est:
986 3887 1115 3953 Qua:
1162 3894 1234 3939 est
1285 3885 1381 3941 ista
1420 3898 1535 3954 quia
1579 3883 1806 3936 ascendit
1852 3880 2085 3935 dealbato

509 3988 687 4057 (Cant.
722 4000 813 4049 ιιι,
854 3984 919 4049 6;
964 3998 1083 4046 vnt,
1129 3979 1229 4052 5)?
1279 3979 1508 4035 Utuntur
1551 3979 1710 4047 igitur
1752 3976 1887 4032 albis
1928 3977 2087 4031 vesti-

510 4081 635 4148 bus,
663 4090 721 4134 ut
740 4090 967 4149 quorum
1001 4073 1183 4145 ptime:
1231 4071 1522 4128 nativitatis
1569 4068 1841 4125 infantiam
1896 4069 2087 4125 vetusti

511 4173 710 4230 erroris
739 4183 949 4242 pannus
976 4168 1294 4231 iuscaverat,
1328 4164 1542 4220 habitus
1570 4163 1821 4219 secundm
1867 4177 2089 4232 genera-

511 4269 671 4324 tionis
702 4266 889 4335 gloria:
912 4262 1149 4334 proferat
1194 4259 1563 4315 indumentum
1595 4297 1611 4324 ,
1644 4267 1701 4312 ut
1739 4255 1805 4311 ad
1847 4270 2087 4310 mensam

512 4362 694 4432 sponsi
720 4358 957 4416 ctelestis
986 4352 1210 4425 nuptiali
1235 4362 1381 4409 veste
1419 4348 1780 4406 circumdatus
1804 4347 1965 4427 homo
1988 4362 2088 4403 no-

511 4469 613 4509 vus
638 4459 907 4508 OCCIIrrai.

583 4541 697 4597 Vll.
738 4539 873 4595 Illud
898 4546 1073 4594 autem
1095 4550 1165 4591 ne
1190 4530 1606 4603 praetermissum
1654 4528 1915 4593 videatur,
1965 4538 2089 4584 ante

513 4589 873 4706 ρι’έᾶὀῶζεῖ
1228 4624 1404 4679 omnia
1450 4624 1610 4678 etiam
1660 4589 1910 4691 03"““5'
1940 4620 2085 4683 "an"
2115 4589 2167 4649 Β

513 4726 608 4797 qui
635 4724 808 4780 adhuc
833 4737 933 4792 pro
958 4721 1124 4791 ipsius
1150 4718 1323 4773 aetatis
1368 4713 1662 4784 primordio
1708 4709 1841 4765 nihil
1888 4710 2089 4765 intelli-

513 4828 666 4889 gunt.
695 4815 846 4873 Unde
871 4814 1013 4870 scire
1038 4810 1267 4876 debetis,
1297 4810 1419 4879 quia
1450 4805 1575 4861 dum
1606 4820 1637 4858 a
1660 4803 1971 4874 parentibus
2002 4812 2093 4857 aut

514 4924 547 4964 a
567 4906 893 4980 quibuslibet
910 4905 1029 4960 aliis
1052 4903 1368 4965 oderantur,
1420 4897 1594 4953 aliena
1634 4910 1728 4951 eos
1759 4894 2092 4964 professione

512 5000 711 5057 salvari
731 5010 952 5055 necesse
978 5006 1083 5059 est,
1131 4993 1219 5063 qui
1266 4990 1477 5047 fuerant
1516 4989 1692 5045 alieno
1728 5001 1914 5044 errore
1941 4986 2092 5042 dam-

514 5095 648 5152 nati.
680 5093 759 5148 Ac
808 5088 1031 5159 proinde
1070 5086 1313 5156 adjungis
1361 5095 1420 5140 ut
1464 5084 1659 5153 dicam,
1714 5097 1812 5137 cur
1849 5090 2090 5138 sanctum

513 5186 750 5243 chrisma
776 5181 879 5236 soli
911 5178 1143 5249 pontiﬁci
1195 5180 1352 5232 liceat
1377 5190 1716 5242 consecrare,
1768 5175 1907 5242 quod
1939 5188 2089 5243 pres-

511 5280 701 5351 bytero
724 5289 834 5332 non
855 5273 1061 5329 videtur
1090 5286 1212 5328 esse
1233 5285 1567 5329 concessam.
1597 5270 1663 5326 Et
1693 5269 1888 5325 merito
1913 5284 1927 5323 :
1968 5269 2093 5338 quia

513 5374 794 5442 episcopus
822 5367 1021 5424 summi
1048 5366 1317 5437 pontiﬁcis
1356 5365 1581 5435 gradum
1620 5365 1845 5432 obtinet,
1872 5361 2096 5433 presby-

515 5474 597 5521 ter
621 5480 749 5522 vero
776 5462 998 5522 secundi
1027 5460 1308 5518 sacerdotii
1340 5459 1518 5515 locum
1549 5459 1784 5514 retinere
1806 5456 2094 5527 cognosci-

515 5563 623 5612 tur.
651 5556 835 5611 Omnis
855 5557 999 5612 enim
1038 5552 1277 5624 pontifex
1303 5558 1390 5609 est
1426 5549 1707 5615 sacerdos,
1760 5564 1865 5605 non
1923 5549 2097 5604 omnis

516 5645 764 5703 sacerdos
782 5648 1018 5714 pontifex
1047 5647 1155 5702 dici
1184 5653 1375 5715 potest.
1406 5643 1540 5701 Nam
1591 5641 1648 5697 in
1670 5641 1861 5698 Veteri
1908 5640 2093 5696 Testa-

588 5840 618 5871 ⁸
653 5830 961 5901 Leucadem
993 5831 1199 5887 videtur
1247 5832 1385 5901 quia.

2183 3328 2463 3383 Trinitatis
2490 3343 2643 3399 aeque
2667 3330 2968 3398 suscepisse
2997 3324 3333 3399 mysterium.
3367 3324 3497 3384 Nam
3530 3329 3647 3385 sive
3677 3326 3763 3389 Pa,

2183 3428 2321 3475 trem
2346 3420 2521 3475 solum
2543 3422 2664 3491 quis
2713 3420 3049 3486 conﬁteatur,
3082 3435 3281 3491 negans
3308 3420 3498 3476 Filium
3550 3431 3605 3477 et
3647 3424 3762 3491 Spi-

2185 3515 2344 3571 ritum
2365 3525 2634 3583 sanctum,
2660 3514 3014 3585 baptizandus
3039 3515 3260 3570 omnino
3278 3522 3363 3570 est
3387 3531 3401 3580 ;
3433 3515 3547 3573 sive
3571 3514 3759 3571 Filium

2185 3609 2472 3675 conﬁtens,
2507 3620 2664 3676 neget
2696 3607 2905 3664 Patrem
2954 3608 3039 3663 vel
3070 3606 3329 3677 Spiritum
3356 3616 3622 3674 sanctum,
3646 3612 3762 3663 sine

2184 3700 2347 3756 dubio
2374 3702 2627 3770 consequi
2657 3700 2815 3755 debet
2836 3702 3170 3771 baptismatis
3218 3711 3608 3759 sacramentum
3633 3718 3649 3769 ;
3678 3703 3759 3756 vel

2187 3793 2232 3847 si
2277 3793 2531 3861 Spiritum
2560 3802 2803 3851 sanctum
2847 3794 3140 3865 denegans,
3183 3794 3393 3851 Patrem
3438 3794 3665 3851 fateatur
3702 3810 3762 3852 ae

2186 3886 2404 3953 Filium,
2438 3903 2610 3958 teque,
2640 3898 2698 3943 ut
2720 3891 3081 3957 meminimus,
3104 3892 3330 3963 mystico
3346 3890 3492 3947 fonte
3522 3892 3761 3961 purgabi-

2191 3987 2295 4043 tur,
2321 3978 2468 4047 juxta
2502 3977 2645 4035 illam
2680 3980 2885 4035 Domini
2935 3982 3169 4049 regulam
3199 3981 3464 4036 dicentis:
3500 3981 3599 4047 Ite,
3638 3983 3763 4052 bap-

2190 4073 2340 4125 tizats
2360 4087 2532 4126 omnes
2557 4080 2731 4143 gentes
2752 4072 2804 4126 in
2828 4073 3030 4126 nomine
3050 4071 3245 4138 Patris,
3268 4082 3317 4127 et
3354 4071 3505 4138 Filii,
3552 4085 3602 4128 rt
3642 4073 3762 4142 Spi-

2188 4164 2319 4218 ritus
2340 4163 2501 4216 sancti
2527 4161 2739 4235 (Matth.
2768 4178 2953 4231 xxvm,
2982 4163 3093 4233 i9).
3144 4164 3339 4219 Verum
3394 4165 3439 4218 si
3493 4164 3767 4218 Trinitatis

2191 4272 2382 4312 nomen
2404 4258 2629 4326 accepit,
2657 4255 3028 4326 intequalitatis
3086 4257 3325 4325 quolibet
3376 4256 3536 4311 modo
3567 4257 3767 4312 faciens

2190 4351 2566 4415 dill‘erentiam,
2596 4350 2755 4406 veluti
2772 4350 2862 4418 qui
2881 4350 2968 4403 illo
2995 4351 3046 4404 in
3071 4360 3307 4417 tempore
3337 4350 3521 4403 Arium
3546 4361 3665 4404 sunt
3688 4365 3769 4404 se-

2191 4444 2321 4506 cuti,
2341 4442 2594 4511 baptizari
2617 4442 2835 4497 omnino
2857 4456 2963 4495 non
2986 4451 3240 4508 possunt:
3271 4442 3392 4509 quia
3425 4440 3566 4495 illam
3597 4440 3769 4495 domi-

2194 4533 2364 4587 nicani
2380 4534 2650 4589 consecuti
2672 4542 2794 4586 sunt
2814 4533 3072 4602 regulam,
3103 4532 3229 4587 licet
3258 4532 3534 4587 vidcantur
3560 4548 3767 4587 errare.

2198 4622 3038 4689 Undeliuinsmodidocendisunt
3058 4625 3232 4693 potius
3255 4638 3413 4692 quam
3437 4623 3766 4691 baptizandi,

2166 4730 2171 4733 ·
2195 4725 2247 4769 et
2268 4714 2637 4782 incorporandi
2655 4713 2838 4767 matris
2852 4712 3107 4768 Ecclesiae
3126 4712 3419 4769 visceribus
3443 4712 3772 4769 benedictio-

2197 4806 2609 4878 nesuccedente
2647 4805 2907 4874 pontiﬁcis
2941 4816 3044 4861 ιλιι
3074 4820 3170 4876 per
3195 4804 3470 4861 caritatem
3496 4819 3597 4874 qua
3630 4803 3773 4860 Deus

2196 4901 2573 4969 proximusque
2609 4912 2734 4952 vere
2778 4897 3046 4966 diligitur,
3074 4896 3202 4966 quid
3234 4897 3407 4951 minus
3449 4895 3728 4951 habuerint
3750 4937 3771 4961 ,

2197 4991 2388 5062 quidve
2413 4992 2464 5046 in
2493 4992 2571 5045 eis
2593 4990 2911 5059 completum
2935 4989 3114 5054 fuerit,
3139 4998 3544 5060 recognoscant.
3577 4991 3646 5044 De
3673 4989 3776 5045 Pe-

2195 5083 2418 5153 lagianis
2441 5090 2617 5141 autem
2641 5122 2654 5146 ,
2686 5080 3030 5152 Eutychianis
3071 5081 3184 5136 sive
3214 5081 3542 5137 Nestorianis
3588 5091 3775 5148 aperta

2196 5184 2253 5231 et
2284 5174 2494 5244 vulgata
2539 5181 2661 5228 sunt
2706 5173 2905 5238 omnia,
2950 5189 3069 5243 qua;
3111 5173 3164 5227 in
3195 5173 3332 5228 libro
3376 5172 3443 5229 de
3471 5172 3775 5227 "mensibus

2168 5270 2318 5323 'cum
2355 5266 2612 5336 tegeritis,
2646 5265 2855 5337 plenius
2883 5266 3125 5335 poteritis
3150 5264 3451 5322 advertere.

2270 5359 2337 5415 Χ.
2371 5358 2619 5430 Acolythi
2643 5372 2817 5412 autem
2844 5346 3126 5415 exorcistis
3165 5356 3265 5413 hoc
3289 5356 3479 5412 ordine
3502 5353 3775 5421 diﬁ‘erunt,

2201 5450 2342 5520 quod
2364 5449 2651 5505 exorcistis
2682 5448 2923 5518 portandi
2950 5457 3306 5514 sacramenta,
3334 5461 3505 5515 eaque
3529 5444 3777 5507 sacerdo-

2204 5541 2342 5596 tibus
2389 5539 2726 5596 ministrandi
2780 5548 2968 5609 negata
3025 5548 3262 5609 potestas
3299 5547 3419 5603 est;
3465 5546 3779 5604 tantumque

2208 5649 2393 5693 manus
2423 5634 2751 5709 impositioni
2789 5643 3021 5700 vacent,
3054 5642 3272 5704 propter
3314 5631 3455 5702 quod
3496 5629 3780 5689 exorcista
