4124 6350
324 265 428 323 406

1478 256 1811 313 EPISTULA
1862 256 1955 310 AD
2003 256 2375 314 SENARIUM.

3489 259 3591 314 406

320 380 591 443 dicuntur;
620 376 704 433 vel
731 383 922 441 cetera
950 388 1069 446 qua:
1094 373 1231 428 intra
1254 371 1619 443 acolythorum
1651 370 1891 424 ordinem
1922 372 1975 430 Α
1998 368 2286 425 decantare
2318 390 2329 424 :
2376 371 2544 441 Quam
2590 371 2764 427 dulcia
2793 374 3026 444 faucibus
3067 375 3190 430 meis
3234 375 3437 437 eloquia
3482 384 3588 440 tua,

319 486 437 528 esse
467 471 782 539 probamur,
823 468 1040 539 esplere
1072 466 1344 533 festinent.
1379 463 1624 534 Acolytbi
1658 479 1787 517 vero
1817 478 1901 516 sa-

318 573 711 623 cramentorum
738 560 995 631 portanda
1024 574 1145 612 vasa
1177 557 1491 626 suscipiunt,
1518 566 1573 611 et
1592 555 1900 610 ministran-

318 657 372 713 di
400 654 770 713 sacerdotibus
806 652 1045 706 ordinem
1092 659 1307 721 gerunt.
1360 649 1588 718 Ideoque
1632 646 1896 701 exorcista

322 751 439 805 ﬁeri
470 757 645 820 potest
668 746 979 818 acolythus;
1024 746 1122 799 iste
1154 757 1280 797 vero
1309 741 1374 795 ad
1404 740 1795 795 esorcistarum
1822 739 1892 793 oi-

321 844 502 899 licium
548 842 689 896 nulla
740 840 947 908 penitus
995 836 1327 907 promotione
1364 832 1680 897 descendit;
1724 832 1814 902 qui
1853 831 1899 886 si

320 920 524 1006 optime
551 936 704 987 suum
736 926 968 986 Ofﬁcium
1013 925 1467 988 ministraverlnt,
1504 922 1574 979 ad
1612 922 1899 979 subdiaco-

320 1034 480 1084 natus
520 1026 739 1098 gradum
786 1018 1034 1094 poterunt
1083 1020 1395 1091 pervenire:
1428 1019 1584 1087 cujus
1629 1017 1715 1072 hic
1758 1015 1898 1087 apud

322 1134 420 1176 nos
447 1119 580 1174 ordo
618 1126 719 1182 est,
761 1126 818 1170 ut
856 1124 1077 1184 accepto
1105 1112 1470 1167 sacratissimo
1512 1108 1682 1165 calice
1706 1110 1764 1164 in
1794 1116 1901 1179 quo

319 1210 599 1267 consuevit
624 1207 860 1280 pontifex
892 1204 1146 1277 dominici
1177 1202 1458 1274 sanguinis
1481 1202 1757 1259 immolare
1785 1215 1901 1272 my-

316 1302 559 1369 sterium,
585 1300 941 1358 subdiaconus
956 1299 1065 1369 jam
1090 1294 1322 1355 dicatur.
1347 1296 1449 1363 Qui
1470 1294 1515 1351 si
1540 1306 1728 1353 rursus
1750 1295 1900 1353 nullo

320 1396 560 1452 fuscatus
598 1392 728 1449 vitio
769 1388 1108 1463 inculpabilis
1163 1400 1501 1463 perseverat,
1550 1388 1616 1445 ad
1668 1387 1899 1446 ὤθεοηῆ

2007 463 2253 531 Domine,
2282 481 2439 537 super
2474 468 2574 521 met
2602 478 2647 522 et
2670 470 2840 539 favum
2864 466 3038 538 (Psal.
3059 483 3218 524 exvttt
3239 509 3251 531 ,
3270 468 3406 533 l05;
3436 481 3585 533 xvm,

2010 557 2123 629 ll).
2152 557 2256 613 Lac
2278 573 2409 629 ergo
2439 568 2491 613 et
2532 560 2635 614 mel
2666 568 2692 597 ι
2728 571 3007 630 portantur
3033 560 3152 614 novi
3198 558 3442 613 homines
3473 566 3591 625 post

2005 666 2187 706 amara
2212 651 2438 707 delicta:
2470 662 2528 708 ut
2555 652 2643 722 qui
2692 654 2743 707 in
2788 653 2956 725 prima
2987 652 3264 708 nativitate
3291 650 3588 718 corruptio-

2004 743 2089 799 nis
2120 743 2257 799 lacte
2302 744 2487 798 nutriti
2515 753 2660 811 sunt,
2696 754 2747 800 et
2792 743 3161 800 amaritudinis
3212 744 3473 813 lacrymas
3508 742 3589 796 iu-

2003 835 2286 900 choarunt,
2318 834 2552 890 secunda
2582 836 2930 904 generatione
2958 835 3110 890 lactis
3138 849 3200 887 ac
3244 831 3415 889 mellis
3462 830 3585 886 dul-

2002 927 2245 984 cedinem
2294 927 2347 982 in
2394 924 2649 986 Ecclesia
2697 926 2996 983 visceribus
3036 933 3273 987 sumant,
3306 934 3365 979 ut
3400 922 3587 979 nutriti

2004 1020 2196 1077 talibus
2242 1020 2593 1076 sacramentis
2619 1018 3038 1091 incorruptionts
3080 1027 3351 1088 perpetuae
3378 1023 3582 1085 myste-

2002 1111 2097 1167 riis
2124 1096 2522 1167 consecrantur.

2072 1205 2213 1264 XIII.
2258 1204 2391 1261 illud
2435 1206 2595 1262 etiam
2624 1204 2766 1275 quod
2818 1203 3154 1275 interrogare
3188 1201 3438 1273 dignatus
3479 1215 3541 1256 es
3568 1240 3583 1266 ,

2000 1315 2096 1358 sur
2125 1299 2347 1359 Alleluia
2372 1313 2542 1372 usque
2564 1298 2631 1354 ad
2661 1299 3018 1357 Pentecosten
3047 1297 3101 1354 in
3127 1292 3363 1353 Ecclesia
3386 1294 3586 1350 decan-

2000 1402 2162 1461 tatur,
2196 1395 2335 1449 scire
2364 1407 2463 1449 vos
2489 1394 2741 1449 convenit
2768 1392 2871 1448 alia
2902 1405 3023 1447 esse
3051 1388 3105 1446 iit
3151 1390 3254 1445 nde
3282 1388 3541 1445 catholica
3562 1431 3576 1455 ,

320 1489 404 1545 vel
429 1488 744 1560 presbyterii
793 1485 1181 1543 sacratissimas
1220 1484 1507 1555 dignitates
1543 1484 1744 1554 poterit
1766 1498 1901 1553 per,

321 1597 524 1639 venzre.

1998 1485 2193 1557 quibus
2222 1500 2317 1555 per
2342 1493 2508 1540 totum
2538 1483 2793 1539 mundum
2820 1482 2993 1537 omnis
3019 1481 3355 1537 Christianus
3384 1481 3581 1534 astrin-

1999 1584 2161 1653 gitur,
2220 1582 2381 1637 veluti
2435 1590 2519 1635 est
2564 1580 2851 1635 auctoritas
2888 1578 3024 1633 Novi
3069 1591 3132 1632 ac
3157 1576 3365 1631 Veteris
3395 1575 3580 1630 Testa-

392 1674 484 1731 ΧΙ.
521 1672 674 1740 Quod
714 1672 783 1727 de
810 1680 1013 1740 septem
1058 1666 1316 1723 altaribus
1369 1666 1665 1737 inquisisti,
1695 1681 1815 1736 quae
1844 1665 1899 1720 in

2011 1676 2204 1740 menti;
2245 1676 2348 1729 alia
2374 1687 2560 1729 rursus
2588 1687 2709 1729 esse
2750 1672 2996 1727 instituta
3038 1671 3276 1733 Patrum,
3327 1684 3356 1722 a
3387 1668 3580 1737 quibus

325 1769 458 1823 urbe
482 1767 649 1820 Roma
673 1763 894 1819 sabbato
912 1761 1133 1816 P980113
1157 1760 1324 1814 ωοτίθ
1347 1767 1431 1813 εει
1449 1758 1771 1823 οοηεθθτθτῖν
1800 1756 1901 1813 hoc
1937 1743 1980 1801 Β
2008 1768 2133 1825 nulli
2157 1767 2281 1823 licet
2306 1766 2573 1821 catholico
2593 1763 2832 1826 deviare,
2862 1762 3026 1817 veluti
3074 1761 3273 1815 Nicaeni
3323 1775 3575 1820 canones.

323 1859 473 1928 dico,
507 1858 628 1927 quia
660 1855 897 1924 majores
928 1851 1119 1921 nostri,
1153 1851 1265 1905 sive
1291 1851 1345 1905 in
1371 1850 1696 1919 septiformis
1724 1850 1907 1918 gratia:

2011 1870 2062 1916 et
2110 1860 2151 1912 si
2198 1859 2321 1928 quid
2373 1856 2674 1925 hnjnsmodi
2714 1863 2829 1920 est;
2889 1856 3125 1924 itemque
3171 1854 3271 1907 alia
3318 1868 3437 1907 esse
3464 1868 3584 1921 qum

322 1948 522 2020 Spiritu
546 1946 881 2004 decreverint
900 1942 1215 2009 iaciendum,
1240 1942 1353 1997 sive
1373 1941 1493 2011 quia
1512 1949 1712 2008 septem
1733 1940 1907 2008 regio-

2011 1967 2341 2022 unaqurcque
2398 1949 2635 2005 Ecclesia
2686 1956 2935 2019 tanquam
2985 1948 3197 2016 propria
3228 1946 3443 2009 retinet,
3472 1954 3521 2000 et
3553 1959 3583 1998 a

321 2039 481 2096 nibus
508 2038 867 2094 ecclesiastica
906 2033 1044 2103 apud
1073 2048 1170 2088 nos
1205 2032 1389 2087 militia
1421 2032 1725 2086 continetur
1750 2046 1777 2083 a
1802 2045 1903 2101 qua
2004 2047 2119 2101 ,πίε
2150 2044 2439 2114 majoribus
2470 2041 2661 2096 mana
2709 2040 2808 2097 sibi
2841 2039 3093 2102 ςηδιοάίι,
3125 2053 3243 2107 ηυδε
3285 2037 3431 2091 salva
3483 2035 3587 2090 οδε

320 2130 440 2185 haec
468 2129 579 2198 ipsa
606 2138 861 2197 parantur
883 2125 1092 2189 altaria,
1119 2135 1174 2178 ut
1203 2123 1426 2193 singulis
1449 2122 1752 2177 benedictio
1776 2138 1905 2189 prac-

315 2224 594 2279 staretur:
626 2234 694 2273 an
720 2220 839 2288 quia
892 2216 1226 2286 septenarius
1275 2216 1394 2284 ipse
1425 2231 1679 2270 numerus
1720 2216 1901 2286 mysti-

314 2331 412 2372 cus
439 2326 491 2371 et
519 2322 757 2369 sacratus
782 2322 883 2371 est.
914 2312 1033 2383 quia
1066 2312 1117 2365 in
1164 2309 1445 2365 Trinitatis
1492 2312 1707 2365 nomine
1757 2312 1903 2367 orbis

313 2407 485 2465 credit
514 2406 814 2469 universus,
843 2404 931 2475 qui
975 2414 1202 2473 quatuor
1234 2402 1473 2469 partibus
1511 2403 1578 2455 ab
1624 2402 1900 2469 Scriptura

312 2514 462 2571 stepe
491 2497 845 2561 describitur;
888 2510 950 2551 ac
980 2504 1075 2565 per
1104 2494 1205 2550 hoc
1251 2493 1520 2549 ternarlus
1561 2494 1903 2565 quaternario

313 2593 531 2664 junctus
560 2589 920 2659 septenarium
952 2586 1167 2653 efﬁciat,
1199 2588 1289 2656 qui
1319 2589 1469 2658 quasi
1516 2588 1656 2643 inter
1685 2588 1770 2643 illa
1816 2602 1905 2644 8a-

315 2686 411 2740 cra
454 2680 712 2737 terribilia
761 2682 925 2736 totius
971 2680 1153 2735 mundi
1202 2688 1552 2751 repraesentat
1581 2682 1901 2751 imaginem;

316 2792 390 2830 an
415 2774 519 2829 alia
541 2773 765 2843 quadam
811 2772 1018 2828 ratione
1062 2773 1409 2827 constitutum
1452 2774 1541 2835 sit,
1591 2760 1739 2829 certe
1775 2774 1902 2829 mihi

318 2868 551 2924 habetur
579 2865 925 2936 incognitum.
964 2865 1093 2920 Illud
1120 2875 1298 2920 tamen
1328 2867 1479 2921 ﬁrma
1523 2878 1702 2922 mente
1725 2878 1907 2923 custo-

316 2960 434 3026 dio,
464 2960 604 3030 quod
645 2974 750 3014 non
779 2975 808 3013 a
855 2958 1146 3027 majoribus
1178 2959 1365 3013 tradita
1398 2960 1695 3016 custodiret
1726 2961 1905 3019 Eccle-

2004 2151 2059 2195 et
2091 2154 2219 2206 pace
2250 2137 2512 2192 catholica
2543 2151 2664 2189 cum
2695 2134 2916 2189 alterius
2943 2134 3175 2203 regionis
3204 2147 3309 2185 non
3334 2132 3587 2212 observat

2008 2231 2273 2294 Ecclesia,
2304 2236 2362 2284 ut
2388 2240 2465 2283 est
2499 2226 2763 2291 Romana,
2796 2242 2913 2292 quas
2944 2225 3179 2281 sabbatis
3216 2224 3464 2279 omnibus
3504 2224 3587 2293 je—

1999 2323 2174 2393 junat,
2208 2322 2348 2391 quod
2381 2321 2666 2378 Orientalis
2703 2318 2880 2375 facere
2917 2335 3024 2374 non
3048 2316 3296 2384 videtur;
3328 2318 3413 2373 vel
3443 2316 3582 2387 quod

2007 2417 2094 2472 hic
2131 2425 2334 2484 septem
2377 2416 2564 2469 altaria
2611 2423 3002 2484 componuntur
3028 2455 3042 2480 ,
3087 2414 3223 2482 quod
3256 2411 3377 2465 alibi
3409 2410 3584 2465 nullus

2006 2516 2264 2571 attentat;
2293 2516 2347 2561 et
2383 2520 2569 2559 rursus
2600 2505 2728 2558 ﬁant
2766 2504 2868 2558 alia
2896 2504 3045 2569 alibi,
3077 2518 3193 2572 qua:
3218 2503 3303 2557 hic
3332 2502 3446 2557 ﬁeri
3478 2517 3583 2555 non

2005 2599 2322 2670 probantur.
2354 2584 2478 2651 Htec
2506 2603 2681 2651 autem
2709 2595 2887 2649 omnia
2936 2595 3007 2649 ita
3051 2593 3279 2649 diversis
3332 2592 3584 2647 Ecclesiis

2004 2690 2221 2746 diverso
2247 2688 2405 2743 modo
2447 2687 2613 2749 ﬁunt;
2651 2694 2709 2741 ut
2756 2693 2934 2741 tamen
2976 2698 3164 2740 omnes
3210 2684 3355 2738 illius
3383 2684 3583 2753 regina:

2004 2790 2209 2837 vestem
2246 2780 2439 2833 faciant
2482 2779 2550 2834 de
2578 2791 2679 2847 qua
2726 2778 2925 2855 dictum
2969 2784 3053 2833 est
3084 2793 3097 2829 :
3131 2775 3307 2829 Astitit
3351 2774 3529 2846 regina
3554 2790 3587 2827 α

2006 2872 2200 2927 dextris
2228 2872 2331 2925 tuis
2376 2871 2432 2924 in
2457 2873 2635 2924 vestitu
2686 2870 2935 2925 deaurato
2967 2910 2981 2933 ,
3013 2868 3395 2921 circumamieta
3424 2867 3585 2919 uarie-

2006 2971 2108 3017 tate
2135 2961 2307 3030 (Psal.
2335 2974 2479 3026 xuv,
2511 2958 2623 3030 10).
2651 2958 2790 3015 Nihil
2831 2973 2960 3029 ergo
2988 2966 3221 3026 moveat,
3252 2972 3372 3012 cum
3399 2956 3584 3012 viden-

319 3054 427 3121 sia,
458 3053 558 3108 nisi
588 3060 732 3107 certa
759 3050 840 3105 sui
869 3051 1002 3105 ratio
1025 3052 1373 3121 poposcisset.
1401 3052 1507 3108 Nec
1536 3068 1596 3109 ea
1623 3066 1904 3124 possumus
1943 3119 1975 3124 _
2010 3064 2094 3109 tur
2128 3053 2215 3109 hic
2264 3053 2436 3122 aliqua
2462 3053 2516 3107 in
2549 3052 2641 3109 Dei
2668 3052 2912 3107 laudibus
2970 3050 3107 3117 ﬁeri,
3162 3065 3283 3122 qua:
3305 3051 3431 3105 alibi
3480 3050 3585 3106 alio

320 3146 505 3203 dicere
534 3146 708 3201 inania
739 3143 908 3199 videri
956 3159 1017 3200 ac
1044 3144 1254 3211 frivola,
1301 3146 1423 3216 quia
1453 3119 1636 3201 eorum
1684 3147 1904 3204 minime
1929 3119 1975 3184 Ο
2008 3146 2169 3202 modo
2204 3146 2318 3201 ﬁeri
2354 3119 2793 3214 comprobantur.
2833 3145 2958 3200 Sive
2981 3144 3127 3200 enim
3158 3119 3324 3215 usque
3349 3144 3413 3197 ad
3448 3144 3584 3199 Pen-

321 3240 591 3297 ratinnem
619 3238 945 3308 accepimus.
976 3235 1107 3292 Nam
1156 3238 1316 3291 multa
1360 3239 1449 3308 qui
1515 3240 1752 3307 proxime
1782 3251 1906 3295 ante

322 3346 426 3386 nos
452 3331 684 3393 fuerunt,
707 3337 761 3383 et
790 3342 909 3389 nos.
940 3336 995 3381 ut
1041 3327 1197 3381 nobis
1241 3327 1376 3381 ratio
1408 3328 1707 3396 persuadet,
1741 3330 1793 3383 in
1819 3344 1909 3384 ec.

323 3423 507 3479 clesiis
535 3420 776 3491 quaedam
822 3434 955 3473 nova
1005 3419 1304 3473 sancimus:
1336 3433 1452 3489 quae
1483 3419 1609 3475 dum
1638 3421 1703 3472 ad
1733 3427 1909 3491 postc-

331 3526 426 3570 ros
448 3510 855 3567 transmittimus
881 3509 1236 3571 observanda,
1265 3511 1471 3565 etiamsi
1506 3527 1603 3579 qua
1628 3511 1676 3567 id
1701 3512 1910 3568 ratione

326 3620 360 3660 a
392 3605 545 3660 nobis
573 3602 773 3658 factum
804 3602 890 3662 sit.
918 3602 1073 3670 longe
1102 3600 1368 3672 posterior
1387 3611 1516 3657 mtas
1540 3604 1768 3673 ignoret,
1803 3619 1908 3659 non

328 3697 540 3768 putabit
566 3704 742 3750 tamen
771 3692 965 3759 inania,
992 3694 1034 3747 si
1059 3694 1110 3747 in
1135 3693 1301 3747 Deum
1335 3693 1472 3761 piam
1497 3693 1907 3761 prmcedentium

327 3788 597 3858 intelligat
641 3786 988 3840 voluntatem.
1048 3784 1159 3839 Hoc
1228 3801 1355 3855 ergo
1400 3785 1558 3839 modo
1610 3787 1768 3839 etiam
1813 3800 1911 3840 nos

335 3880 574 3952 quot...
598 3879 864 3946 majorum
893 3877 1028 3931 ratio
1053 3877 1169 3946 ipsa
1198 3892 1304 3931 non
1328 3879 1473 3931 venit
1498 3896 1509 3931 :
1542 3893 1661 3931 nam
1684 3893 1909 3948 quorum

332 3974 600 4046 pervenit,
617 3982 672 4028 et
694 3974 805 4043 ipsa
822 3980 1068 4026 tenentur
1087 3980 1142 4025 et
1165 3986 1278 4034 res;
1297 3985 1522 4040 quorum
1544 3980 1723 4026 autem
1750 3985 1911 4027 causa

332 4068 485 4132 latet,
517 4074 573 4122 et
599 4079 688 4120 res
713 4064 832 4118 ﬁdei
883 4078 985 4117 non
1026 4062 1279 4126 resultat,
1308 4061 1585 4117 observari
1634 4078 1698 4117 ac
1740 4063 1913 4119 teneri

335 4174 564 4216 11868888
589 4166 690 4213 εει.

410 4252 525 4309 XII.
562 4250 715 4319 Quod
745 4257 921 4305 autem
963 4247 1250 4319 quaesistis,
1282 4263 1379 4302 cur
1402 4248 1455 4303 in
1481 4248 1906 4304 sacratissimum

334 4348 561 4404 calicem
589 4347 670 4400 lae
697 4346 939 4399 mittatur
960 4351 1012 4397 et
1039 4342 1164 4409 mel,
1200 4351 1253 4397 et
1282 4341 1498 4397 Pascha:
1538 4342 1764 4399 sabbato
1792 4358 1913 4398 cum

335 4439 617 4496 sacriﬁciis
640 4437 930 4493 oﬂeratur?
960 4435 1092 4489 Illud
1117 4436 1167 4490 in
1199 4450 1356 4490 causa
1380 4445 1483 4501 est,
1506 4437 1625 4504 quia
1656 4437 1912 4504 scriptum

2011 3244 2247 3293 tecosten
2280 3238 2505 3293 Alleluia
2528 3246 2794 3300 cantetur,
2826 3236 2967 3306 quod
2996 3236 3131 3304 apud
3164 3251 3261 3290 nos
3309 3236 3428 3291 ﬁeri
3475 3251 3587 3290 ma-

2012 3334 2263 3389 nifestum
2292 3343 2403 3395 est;
2454 3333 2566 3387 sive
2618 3333 2742 3387 alibi
2798 3340 2910 3385 toto
2948 3346 3089 3385 anno
3111 3331 3351 3396 dicatur;
3404 3330 3587 3385 laudes

2013 3424 2104 3481 Dei
2133 3432 2311 3478 cantat
2342 3423 2594 3478 Ecclesia.
2620 3421 2726 3479 Sed
2752 3432 3062 3478 reservatur
3083 3422 3281 3491 aliquid
3317 3422 3455 3492 apud
3487 3437 3585 3478 nos
3632 3488 3635 3495 η

2014 3517 2248 3588 paschali
2300 3517 2647 3594 reverentiae,
2668 3525 2725 3572 ut
2763 3516 3051 3586 majoribus
3098 3517 3324 3587 gaudiis,
3356 3528 3409 3572 et
3437 3520 3587 3589 quasi

2012 3611 2279 3668 mentibus
2305 3610 2576 3666 innovatis
2603 3610 2668 3665 ad
2692 3609 2900 3665 laudem
2931 3609 3023 3664 Dei
3050 3620 3291 3665 recurrat
3323 3610 3584 3678 allectus;

2014 3714 2229 3777 propter
2254 3703 2396 3774 quod
2428 3701 2682 3768 Alleluia,
2718 3702 2904 3757 Latino
2929 3716 3178 3757 sermone
3214 3701 3446 3757 Laudate
3473 3702 3586 3757 Do-

2014 3815 2208 3854 minum
2236 3798 2449 3853 dicitur.
2477 3794 2787 3865 Quanquam
2830 3805 2882 3847 et
2912 3795 3035 3849 aliis
3064 3795 3242 3849 verbis
3272 3794 3323 3849 id
3350 3794 3590 3865 quotidie

2015 3890 2332 3962 populorum
2360 3905 2462 3944 vox
2511 3889 2803 3943 dicentium
2849 3896 3067 3942 resonet
3099 3905 3111 3939 :
3146 3885 3382 3943 Laudato
3418 3887 3590 3943 Denti-

2016 3999 2137 4037 num
2166 3982 2229 4035 de
2255 3982 2391 4035 caelis
2410 4020 2424 4044 ,
2458 3979 2666 4033 laudate
2689 3995 2804 4033 eum
2829 3979 2883 4033 in
2909 3978 3120 4033 excelsis
3151 3976 3321 4048 (Psal.
3351 3992 3547 4033 cnvut
3571 4019 3587 4043 ,

2018 4074 2095 4143 i).
2121 4074 2356 4140 Itemque
2388 4090 2402 4126 :
2435 4071 2670 4127 Laudato
2702 4070 3012 4136 Dominum,
3058 4085 3231 4124 omnes
3279 4070 3449 4139 angeli
3483 4073 3591 4140 ejus

2018 4167 2180 4241 (Ibid.
2207 4207 2222 4233 ,
2250 4166 2328 4237 2).
2361 4167 2424 4222 Et
2443 4166 2638 4221 iterum
2665 4182 2681 4223 :
2711 4164 2942 4217 Laudate
2974 4160 3252 4215 Dominum
3277 4176 3448 4215 omnes
3468 4176 3590 4232 gen.

2017 4272 2090 4318 tes
2129 4259 2301 4334 (Psal.
2326 4275 2478 4323 cxvr,
2534 4258 2613 4327 l).
2643 4255 2867 4323 Semper
2890 4269 3020 4323 ergo
3045 4267 3167 4308 cum
3200 4253 3338 4306 Deus
3375 4266 3591 4322 quoquo

2020 4354 2179 4408 modo
2208 4347 2351 4407 ﬁdeli
2376 4350 2539 4407 corde
2568 4348 2832 4415 laudatur,
2868 4345 3088 4401 Alleluia
3116 4354 3377 4399 cantatur.
3464 4420 3467 4421 ν

2093 4444 2229 4499 XIV.
2274 4444 2459 4498 Restat
2489 4457 2630 4496 nunc
2656 4438 2782 4496 illud
2808 4439 2947 4517 quod
2974 4436 3406 4506 interrogandum
3436 4444 3592 4505 puta-

338 4542 425 4591 est
453 4533 508 4588 in
537 4531 715 4589 Veteri
758 4529 1099 4584 Testamento
1129 4537 1184 4583 et
1213 4544 1352 4582 novo
1388 4530 1584 4599 popqu
1631 4529 1908 4599 ﬁguraliter

2026 4539 2124 4594 stis
2157 4556 2169 4591 :
2199 4536 2255 4593 Si
2288 4537 2590 4605 baptizatus
2628 4534 2745 4588 sine
2783 4504 3093 4586 chrismatis
3118 4504 3373 4585 unctione
3402 4504 3467 4584 ac
3504 4528 3593 4584 be-

335 4626 723 4697 repromissurn
753 4641 765 4675 :
802 4621 1132 4676 Inst-educam
1160 4638 1246 4675 vos
1275 4622 1327 4674 in
1354 4631 1542 4675 terram
1562 4623 1920 4693 repromissio-

339 4724 460 4788 nis,
486 4726 670 4773 terram
697 4718 935 4786 ﬂuentem
966 4714 1044 4767 lac
1064 4722 1110 4767 et
1141 4714 1238 4767 mel
1264 4712 1450 4785 (Levii.
1482 4730 1581 4780 ss,
1614 4712 1727 4782 26).
1753 4712 1917 4768 Terra

340 4827 473 4883 ergo
502 4807 935 4881 repromissionis
985 4817 1123 4861 terra
1171 4814 1254 4861 est
1289 4806 1699 4861 resurrectionis
1724 4847 1739 4871 ,
1770 4814 1825 4862 et
1866 4806 1917 4860 in

341 4911 433 4967 illa
475 4907 726 4963 felicitate
770 4918 982 4973 semper
1030 4901 1432 4972 permanentia,
1482 4917 1601 4970 qua:
1654 4900 1783 4955 nihil
1838 4909 1922 4956 est

342 5000 488 5057 aliud
519 5013 677 5071 quam
723 5006 865 5052 terra
912 4994 1151 5063 corporis
1191 4993 1389 5059 nostri,
1435 5008 1554 5063 quae
1586 4991 1637 5045 in
1671 5008 1916 5047 resurre-

344 5096 524 5149 ctione
575 5097 902 5145 mortuorum
957 5084 1371 5153 incormptionis
1414 5084 1665 5155 pacisque
1698 5084 1921 5154 gloriam

348 5189 723 5251 consequetur.
756 5179 1044 5248 Baptizatis
1072 5190 1199 5245 ergo
1250 5175 1351 5229 hoc
1392 5178 1708 5230 sacramenti
1758 5190 1923 5244 genus

258 5274 273 5284 ⁸
345 5275 590 5341 oil‘ertur,
621 5280 677 5327 ut
700 5266 1136 5339 intelligantquia
1162 5282 1264 5321 non
1296 5266 1413 5332 alii,
1439 5267 1531 5322 sed
1562 5267 1661 5335 ipsi
1692 5267 1779 5337 qui
1806 5280 1927 5335 par-

350 5366 539 5437 tlcipes
569 5362 698 5417 ﬁttnt
747 5359 987 5431 corporis
1013 5369 1067 5416 et
1116 5359 1386 5429 sanguinis
1441 5358 1678 5422 Domini,
1727 5366 1924 5414 terram

348 5455 783 5528 repromissionis
819 5452 1097 5520 accipient,
1132 5450 1283 5521 cujus
1310 5451 1409 5506 iter
1432 5450 1774 5519 inchoantes,
1811 5457 1928 5505 tan-

351 5566 510 5621 quam
535 5546 738 5619 parvuli
768 5545 905 5600 lacte
946 5543 1253 5599 nutriuntur
1280 5551 1333 5599 et
1377 5542 1556 5611 melle,
1588 5550 1644 5597 ut
1666 5540 1925 5612 incipiant

430 5762 453 5790 ³
485 5752 563 5806 An
584 5748 868 5810 petantur?

2028 4628 2334 4685 nedictione
2360 4624 2625 4696 pontiﬁcis
2650 4638 2713 4677 ex
2757 4620 2859 4676 hac
2895 4620 2999 4676 vita
3048 4621 3387 4690 migraverit,
3418 4627 3595 4675 utrum

2027 4724 2075 4780 ei
2105 4721 2245 4776 obsit
2273 4718 2495 4787 aliquid,
2536 4730 2606 4772 an
2648 4714 2790 4770 non?
2838 4714 2912 4769 De
2939 4728 3041 4783 qua
3086 4727 3141 4767 re
3171 4712 3336 4782 magis
3366 4727 3395 4766 a
3425 4712 3599 4769 doctis

2026 4816 2236 4886 plenius
2287 4812 2476 4867 audire
2522 4809 2751 4876 vellem,
2799 4822 2958 4877 quam
2996 4806 3110 4873 ipse
3155 4804 3355 4876 aliquid
3396 4803 3597 4864 dicere.

2027 4907 2163 4976 Quid
2196 4915 2372 4961 tamen
2404 4903 2536 4960 mihi
2560 4902 2823 4965 videatur,
2872 4898 3016 4953 s'alva
3044 4898 3267 4955 meliore
3294 4898 3599 4966 intelligenq

2025 5002 2095 5054 tia
2127 5008 2182 5054 et
2218 4997 2493 5067 majorum
2543 4995 2699 5065 plena
2741 4991 3035 5057 sententia,
3079 4992 3217 5063 quod
3248 4991 3301 5046 in
3353 4989 3600 5045 omnibus

2025 5089 2347 5159 supradictis
2396 5088 2519 5141 volo
2563 5093 2782 5149 tenere;
2814 5086 2938 5156 quia
2991 5084 3064 5140 ita
3110 5092 3304 5139 vestra
3340 5081 3599 5139 voluntati

2025 5194 2213 5250 parere
2245 5177 2459 5241 studui,
2501 5186 2558 5230 ut
2608 5184 2788 5230 tamen
2818 5175 2885 5230 de
2936 5173 3180 5229 omnibus
3230 5172 3353 5241 quid
3409 5170 3600 5227 melius

2028 5268 2192 5340 (quod
2235 5282 2341 5323 non
2368 5266 2573 5338 dubito)
2599 5280 2629 5320 a
2658 5264 2949 5336 majoribus
2974 5264 3171 5318 dictum
3200 5269 3300 5325 est,
3324 5260 3426 5313 hoc
3457 5268 3599 5314 uter-

2028 5376 2132 5431 que
2174 5372 2469 5415 servemus.
2500 5356 2637 5426 Quid
2682 5371 2809 5427 ergo
2841 5356 3083 5411 videatur
3131 5352 3366 5408 breviter
3400 5349 3598 5407 dicam.

2031 5449 2267 5505 Ducatur
2290 5464 2421 5520 ergo
2448 5446 2743 5505 similitudo
2770 5445 2838 5501 ab
2879 5447 2979 5501 hac
3008 5444 3176 5523 prima
3225 5440 3501 5497 nativitate
3546 5443 3601 5501 in

1985 5612 2005 5627 κ
2028 5556 2131 5612 qua
2161 5540 2265 5598 orti
2292 5555 2497 5607 sumus,
2531 5549 2589 5597 ut
2617 5538 2975 5606 intelligamus
3015 5535 3163 5590 illam
3208 5533 3507 5603 secundum,
3530 5549 3599 5592 ex
