4124 6350
471 297 575 358 407

1757 281 1762 290 ’
1803 292 2043 349 SANCTI
2084 291 2401 351 FAUSTINI

473 437 577 493 qua
605 435 730 479 vere
761 434 988 478 Vivimus
1012 427 1066 477 et
1093 419 1145 475 in
1183 431 1282 488 qua
1328 414 1604 487 iustiﬁcati
1657 384 1864 471 sumus.
1917 415 2050 470 Cum
2076 427 2130 486 Α
2156 414 2394 486 grandis,
2426 415 2521 494 hic
2542 429 2756 486 parvus;
2788 430 2908 487 quae
2931 421 3056 471 sunt
3084 413 3438 473 accidentium
3456 414 3738 486 vocabula,

478 526 632 572 natus
673 515 830 571 fuerit
876 514 1069 579 infans,
1111 523 1164 567 et
1209 510 1343 566 lucis
1375 509 1535 578 hujus
1588 507 2049 578 participationem

474 606 782 676 contigerit,
817 605 1106 674 perlectum
1133 595 1400 656 hominem
1429 608 1612 655 natum
1644 613 1764 655 esse
1798 599 2046 665 dicimus,

472 706 527 751 ct
553 706 636 753 est
658 683 894 766 ejusdem
936 693 1253 749 substantiae
1277 691 1432 762 cujus
1460 700 1541 747 est
1574 690 1664 746 ille
1707 691 1794 761 qui
1823 692 2007 762 genuit
2029 732 2046 756 ,

472 787 576 844 huc
617 796 736 856 est,
767 783 964 854 animal
1011 785 1269 840 rationale
1314 783 1579 843 mortale:
1612 797 1917 854 quanquam
1962 783 2049 838 ille

2161 523 2265 563 non
2315 517 2540 563 naturae.
2590 509 2645 564 Si
2681 524 2809 580 ergo
2837 509 3082 564 accidant
3124 508 3429 579 adjumenta
3457 507 3524 562 ad
3566 509 3738 588 setatis

2159 612 2493 672 provectum,
2525 602 2763 673 nunquid
2804 601 3069 672 adjectum
3095 611 3180 657 est
3210 600 3412 670 aliquid
3441 599 3735 658 deliuitioni

2158 692 2508 748 substantiaa?
2534 693 2723 748 Absit:
2758 696 2880 763 quia
2908 707 3012 748 non
3041 691 3345 750 extenditur
3373 701 3466 748 aut
3485 693 3737 748 minuitur

2157 792 2360 840 natura:
2399 783 2835 855 proprietas......
2866 782 3061 840 Catera
3093 785 3295 840 desunt.

519 933 571 942 --'
615 936 624 942 -
666 940 708 945 γ..
820 936 1825 945 ρης-υ-μι---Μ
2522 936 3267 942 ῌ-ῌα--μ-νπμη-μ,
3292 938 3313 941 μ
3344 940 3349 941 ,
3414 940 3433 941 κ
3464 937 3510 941 __
3546 938 3549 941 .
3612 938 3617 939 γ
3674 939 3695 945 ,,

2241 1012 2280 1038 J.

748 1090 3504 1550 SANCTusiEXﬁsTINUS.

951 1720 954 1721 κ
1039 1623 1042 1628 ’
1105 1656 1655 1788 EDMONDI
1729 1652 2295 1737 MARTENE
2369 1646 3068 1735 ADMONITIO.

529 1947 654 2013 Quis
701 1945 854 2017 fuerit
901 1944 987 1999 ille
1035 1943 1097 1998 S.
1131 1939 1414 1997 Faustinus
1465 1941 1677 1995 necdum
1729 1949 1865 1994 certo
1917 1943 2045 1998 scire
2074 1945 2122 2007 Β
2148 1941 2440 2010 episcOpus,
2472 1943 2620 2012 cujus
2653 1939 2918 1995 homiliam
2945 1939 3204 1995 dominica
3242 1949 3362 1995 ante
3399 1940 3728 2013 quadragea'.

458 2040 583 2095 milti
606 2038 770 2094 licuit.
807 2036 1056 2106 Equidem
1081 2035 1278 2104 reperio
1307 2032 1446 2101 apud
1472 2031 1795 2087 Gennadium
1818 2032 1948 2086 libro
1977 2032 2039 2087 de

456 2131 756 2187 Illustribus
790 2128 1033 2183 Ecclesia:
1061 2125 1407 2197 Scriptoribus
1450 2124 1755 2179 Faustinum
1784 2127 2039 2197 presbyte-

456 2241 592 2289 rum,
633 2223 720 2294 qui
744 2215 970 2292 'scripsit
1016 2224 1084 2274 ad
1126 2235 1393 2290 personam
1425 2218 1687 2272 Flaccilla:
1717 2220 1902 2287 ret/inre
1945 2221 2040 2272 ad-

455 2332 658 2372 rersum
685 2318 744 2369 At
759 2315 904 2382 ianos
934 2323 983 2366 et
1017 2311 1413 2367 Macedonianos
1442 2310 1599 2364 libros
1625 2322 1849 2381 septem,
1875 2312 2037 2365 editos

456 2411 514 2464 in
543 2406 853 2463 Bibliotheca
883 2404 1137 2472 Patrum;
1187 2415 1232 2460 et
1259 2406 1474 2459 alterum
1523 2405 1709 2479 librum
1753 2421 1899 2474 quem
1934 2405 2040 2459 Va-

2147 2051 2282 2087 mam
2315 2034 2385 2087 ΑΕ
2392 2050 2508 2088 neas
2541 2032 2852 2088 Parisiensis
2872 2033 2924 2087 in
2955 2033 3083 2088 libro
3103 2033 3344 2088 adversus
3369 2031 3573 2090 Greecos
3600 2035 3729 2104 Spi-

2147 2127 2312 2194 cilrgii
2357 2137 2478 2179 tam.
2514 2124 2624 2190 VII,
2660 2141 2782 2196 pag.
2813 2126 2904 2192 86,
2935 2127 3058 2180 citat
3084 2141 3102 2178 :
3128 2141 3282 2186 quant
3309 2125 3571 2180 ltomiliam
3599 2126 3726 2181 inte-

2146 2233 2291 2285 gram
2341 2218 2526 2285 reperit
2586 2226 2758 2270 noster
2801 2216 3042 2270 Aclterius
3093 2218 3145 2270 in
3199 2218 3545 2288 manuscripto
3597 2214 3728 2272 Cor-

2146 2309 2354 2374 beiensi,
2404 2325 2621 2380 eumque
2671 2311 2906 2364 eumdem
2935 2327 3042 2365 esse
3083 2327 3197 2364 cum
3225 2309 3419 2366 Fausto
3451 2311 3726 2383 Rhegiettsi

2145 2403 2402 2474 episcopo,
2455 2403 2738 2456 arbitratur
2786 2420 2847 2458 ea:
2894 2405 3186 2475 conjectura
3239 2413 3456 2460 tantum.
3485 2404 3566 2460 An
3609 2420 3725 2460 vero

457 2498 738 2554 lentiniano
771 2509 816 2553 et
857 2497 1140 2552 Theodosio
1183 2507 1231 2552 et
1261 2497 1484 2552 Arcadio
1509 2496 1898 2566 imperatoribus
1931 2515 2037 2575 pro
2140 2495 2274 2548 idem
2313 2495 2467 2560 fuerit
2499 2511 2611 2548 cum
2645 2493 2896 2550 Faustino
2943 2497 3197 2568 sequentis
3237 2496 3460 2552 Itontilia:
3498 2506 3723 2565 auctore,

457 2589 751 2658 defensione
780 2604 990 2643 suorum
1023 2604 1139 2643 cum
1183 2586 1486 2643 Marcellino
1515 2588 1806 2659 presbytero
1836 2589 2033 2643 obtulit.

2140 2606 2232 2644 nec
2261 2590 2543 2659 afﬁrmare,
2600 2607 2688 2646 nec
2741 2609 2928 2661 negare
2973 2591 3160 2648 audeo.
3205 2592 3566 2666 Cujuscuttque
3609 2603 3721 2650 tan-

463 2677 650 2733 Verum
678 2679 761 2734 ltic
787 2677 1068 2734 Faustinus
1114 2695 1215 2734 non
1244 2680 1342 2751 fuit
1371 2690 1593 2746 sanctus,
1642 2681 1744 2733 imo
1774 2681 2034 2735 schismali
2139 2682 2255 2734 dem
2283 2679 2374 2734 illa
2397 2680 2484 2747 sit,
2508 2695 2629 2734 sane
2652 2681 2990 2746 antiquissimi
3009 2683 3234 2737 auctoris
3262 2699 3368 2740 esse
3400 2692 3543 2737 extra
3560 2682 3722 2753 aleam

457 2768 782 2842 Luciferiane
829 2781 999 2842 aperte
1028 2771 1301 2826 consensit.
1359 2771 1481 2826 Fuit
1518 2781 1562 2826 et
1592 2772 1724 2826 alter
1757 2771 2036 2828 Faustinus
2137 2783 2239 2830 est.

465 2913 3692 2954 mm

1383 3036 1946 3201 SANCTt
2033 3041 2798 3208 EAUSTINI

1849 3247 2353 3334 HOMILIA

1147 3430 1345 3542 DE
1431 3428 2260 3544 PASSIONE
2354 3429 3042 3588 DOMINI.

1336 3629 1535 3700 (Edidit
1556 3629 1798 3688 Martcne
1825 3630 1907 3685 Ex
1935 3646 2036 3686 ms.
2065 3629 2124 3684 S.
2155 3629 2309 3684 lllidii
2339 3628 2840 3703 Claromontensis.)

525 3902 791 3960 Beneﬁcia
822 3901 916 3958 Dei
955 3901 1123 3956 nostri
1152 3914 1272 3956 cum
1305 3914 1491 3972 magna
1529 3915 1591 3956 ac
1623 3901 1845 3956 miriﬁca
1889 3902 2028 3970 sint,
2061 3906 2108 3970 c
2141 3919 2270 3961 sona
2300 3905 2426 3959 dum
2457 3919 2521 3959 ex
2551 3903 2681 3959 Adae
2711 3904 2869 3974 primi
2920 3902 3151 3961 hominis
3179 3912 3327 3960 costa
3356 3899 3543 3960 'mater
3585 3919 3711 3962 cun~

453 4005 635 4052 tamen
666 4008 765 4050 nec
797 4006 934 4048 nova
974 3992 1270 4064 probantur
1298 4006 1420 4049 esse
1463 4006 1562 4047 ncc
1592 3993 1798 4059 subita;
1841 3995 1932 4050 sed
1963 3994 2032 4050 ab

451 4088 607 4145 initio
624 4089 827 4155 saeculi,
857 4095 912 4142 et
939 4086 1192 4156 prtedicta
1209 4086 1460 4154 oraculis,
1485 4095 1538 4142 et
1568 4090 1900 4158 praeﬁgurata
1918 4105 2032 4160 my-

450 4180 651 4236 steriis.
684 4179 900 4235 Sacram
941 4177 1152 4233 Domini
1195 4179 1494 4249 passionem
1534 4178 1601 4232 ab
1631 4179 1798 4248 ipsius
1847 4181 2029 4236 mundi

450 4271 802 4328 «calescentis
861 4270 1093 4324 exordiis
1141 4270 1343 4325 Veteris
1399 4270 1722 4327 'l‘estmrwnti
1778 4287 2030 4342 responsa

454 4363 779 4426 cecinerunt,
825 4372 876 4415 ct
908 4363 1025 4416 ideo
1051 4360 1319 4416 Christum
1368 4364 1650 4418 Dominum
1685 4365 2027 4431 pt'mdicutum

451 4465 612 4526 atque
649 4455 946 4510 nuntiatum
977 4455 1171 4508 Judaeis
1197 4463 1384 4524 aperte
1409 4471 1472 4510 ex
1504 4458 1738 4524 ipsorum
1785 4457 1936 4513 libris
1976 4468 2029 4514 et

450 4547 814 4604 voluminibus
851 4547 1165 4612 asseritnus,
1206 4545 1395 4600 validis
1420 4547 1621 4618 absque
1656 4547 1818 4603 dubio
1845 4549 2031 4606 nititur

454 4639 766 4712 privilegiis,
783 4637 874 4709 qui
890 4652 1104 4693 causam
1131 4639 1198 4694 dc
1229 4647 1256 4677 ι
1277 4639 1596 4696 adversariis
1621 4643 1809 4698 asserit
1833 4643 2030 4699 instru-

454 4727 673 4790 mentis.
696 4731 950 4801 Speciosa
976 4731 1194 4787 victoria
1219 4741 1301 4787 est
1315 4733 1636 4788 contrariam
1653 4743 1860 4803 partem
1875 4735 2031 4791 char-

455 4827 586 4884 tulis
609 4827 721 4883 suis
741 4827 888 4882 velut
913 4825 1142 4894 propriis
1167 4825 1368 4896 laqueis
1393 4825 1600 4882 irretire
1622 4835 1675 4881 et
1699 4827 2026 4885 testimonio-

456 4936 577 4977 rum
603 4935 822 4976 suorum
838 4919 1058 4974 vocibus
1083 4920 1357 4976 confutare
1376 4927 1430 4976 et
1451 4921 1700 4976 armulum
1723 4920 1750 4960 ιι
1774 4923 1892 4979 telis
1917 4928 2026 4981 suis

456 5013 736 5077 evincere,
755 5008 814 5065 ut
835 5011 1142 5080 pugnaturis
1171 5010 1244 5065 tui
1266 5022 1577 5081 argumenta
1610 5013 1714 5067 tuis
1738 5014 2028 5082 probentur

457 5113 481 5142 ⁸
517 5103 833 5160 utilitatibus
875 5101 1126 5158 militare.
1172 5101 1353 5173 Itaque
1382 5103 1436 5158 in
1469 5104 1678 5160 Domini
1711 5107 1879 5161 nostri
1912 5122 2032 5174 pcr-

2140 4011 2347 4055 ctorum
2394 3998 2684 4054 viventium
2721 3999 2828 4054 Eva
2878 3997 3208 4068 producitur,
3255 4013 3322 4053 ex
3373 3997 3531 4068 hujus
3559 4011 3712 4054 sacro

2139 4093 2306 4150 latere
2331 4107 2394 4148 ac
2429 4093 2646 4148 salutari
2679 4093 2902 4147 vulnere
2930 4090 3166 4146 Ecclesia
3207 4089 3446 4146 omnium
3474 4090 3710 4146 ﬁdelium

2143 4202 2336 4255 parens
2367 4183 2662 4256 reparanda
2690 4194 3037 4241 monstratur.
3070 4184 3126 4238 ltt
3165 4182 3280 4254 ejus
3311 4190 3437 4254 typo
3457 4182 3589 4237 Abel
3619 4181 3709 4251 ju-

2141 4291 2254 4333 stus
2287 4278 2564 4343 occiditur.
2591 4288 2642 4332 et
2668 4278 2924 4332 innocens
2952 4276 3186 4332 fraterna
3208 4283 3460 4346 tanquam
3487 4274 3701 4331 Judaica
3751 4264 3754 4266 ’

2145 4371 2414 4440 impietate
2438 4379 2713 4425 mactatur.
2747 4367 2841 4423 Hic
2882 4369 3017 4422 idem
3048 4367 3304 4421 Dominus
3329 4366 3381 4420 in
3423 4365 3706 4420 novissima

2099 4535 2104 4540 I
2139 4461 2318 4516 mundi
2361 4461 2690 4516 senescentis
2732 4468 2887 4514 aetate
2919 4474 3011 4528 per
3037 4457 3256 4524 ﬁguram
3305 4455 3444 4512 beati
3479 4454 3706 4511 Abrahae

2138 4553 2365 4624 longavi
2406 4552 2572 4622 patris
2600 4551 2841 4607 oﬁertur.
2870 4550 2987 4618 Quo
3019 4559 3258 4618 tempore
3293 4546 3418 4603 dum
3457 4561 3596 4603 novo
3623 4561 3706 4600 sa-
3734 4587 3738 4594 .

2117 4635 2342 4702 'crilicio
2367 4645 2421 4700 in
2448 4646 2587 4701 unici
2617 4647 2695 4700 sui
2717 4645 2956 4716 jugulum
2981 4645 3096 4714 pius
3124 4643 3385 4714 parricida
3412 4639 3703 4710 consurgit,

2135 4752 2199 4794 ex
2232 4738 2522 4810 improviso
2542 4738 2680 4793 aries
2699 4738 2868 4792 oculis
2890 4735 3006 4806 ejus
3027 4735 3291 4805 apparuit,
3317 4735 3450 4788 sicut
3474 4735 3703 4804 loquitur

2132 4846 2312 4888 sermo
2355 4830 2567 4886 divinus
2599 4848 2609 4882 :
2647 4829 2712 4883 Et
2757 4829 2881 4883 vidit
2912 4827 3170 4882 Abraham
3199 4827 3408 4881 arietem
3449 4826 3576 4880 inter
3623 4839 3704 4879 reo

2137 4940 2249 4996 pres
2279 4925 2553 4978 Merentem
2578 4922 2810 4976 cornibus
2833 4919 2983 4992 (Gen.
3009 4935 3135 4984 xxii.
3163 4919 3274 4988 i3).
3308 4917 3451 4973 Inter
3491 4931 3701 4987 vepres,

2138 5016 2349 5084 inquit;
2381 5015 2714 5085 requiratnus
2739 5031 2857 5085 qua:
2903 5015 2973 5070 sit
3021 5015 3120 5069 ista
3162 5015 3392 5077 novitas,
3448 5010 3501 5066 id
3528 5022 3608 5066 est
3651 5009 3730 5072 in,

2142 5107 2480 5163 multitudine
2523 5106 2979 5162 circumstantium
3033 5113 3388 5176 peccatorum,
3419 5101 3702 5158 haerentem

523 5295 552 5325 ι
575 5285 663 5342 Sic
694 5283 952 5354 prrcclare
973 5265 1300 5355 Augustinus
1323 5281 1382 5355 in
1399 5281 1535 5350 psal.
1565 5299 1628 5355 si.
1661 5301 1674 5337 :
1711 5283 2028 5355 Proferimus
2057 5289 2112 5349 1)
2209 5297 2230 5326 ο
2265 5286 2400 5341 llinc
2447 5295 2528 5341 est
2558 5286 2698 5354 quod
2759 5285 2898 5342 idem
2955 5283 3013 5339 S.
3040 5283 3226 5339 ductor
3253 5282 3304 5337 in
3357 5282 3551 5355 psalm.
3579 5269 3661 5343 in
3691 5305 3703 5338 :

451 5359 648 5413 codices
668 5351 988 5417 J'udazorum,
1021 5370 1197 5421 nempe
1215 5351 1385 5407 Judtei
1400 5353 1591 5407 inimici
1613 5355 1776 5409 nostri
1790 5351 1926 5410 sunt.
1956 5355 2030 5410 De

450 5427 638 5481 chartis
669 5425 855 5480 inimici
886 5424 1199 5479 convincitur
1227 5424 1564 5478 adversarius.

520 5495 549 5534 δ
569 5497 656 5550 Sec
683 5499 869 5551 iterum
891 5496 948 5549 S.
977 5496 1301 5564 Augustinus
1323 5504 1476 5548 tract.
1504 5495 1757 5549 adversus
1775 5495 2020 5551 Jutltcos:

452 5565 539 5638 _De_
570 5567 756 5618 sanctis
791 5566 1094 5638 Scripturis,
1147 5581 1367 5638 quorum
1396 5575 1443 5620 et
1484 5567 1623 5638 apud
1674 5567 1810 5635 ipsos
1841 5584 2031 5638 ntagna

452 5635 666 5690 habetur
711 5636 1002 5705 auctoritas.
1051 5636 1296 5689 sumenda
1323 5645 1438 5689 sunt
1467 5637 1778 5701 testimonia,
1809 5635 2026 5705 quorum

451 5707 543 5762 etsi
571 5705 735 5788 nolint
758 5704 924 5760 oblata
939 5707 1150 5762 utilitate
1175 5705 1366 5774 sanari,
1393 5715 1572 5777 aperta
1604 5707 1796 5777 possint
1817 5704 2026 5762 ueritate

449 5791 699 5838 convinci.

2132 5355 2325 5415 Juda'i.
2372 5359 2560 5428 inquit,
2611 5358 2804 5412 librarii
2851 5356 3009 5411 nostri
3037 5355 3158 5424 {acti
3203 5363 3342 5408 sunt.
3372 5354 3434 5408 Et
3480 5355 3543 5428 Ain
3572 5362 3703 5426 psal.

2135 5445 2236 5482 χιε
2273 5425 2703 5498 Nobis'scrvinnt
2745 5427 2940 5494 Judwi,
2996 5438 3235 5498 tanquam
3290 5425 3704 5498 capsariirnustri

2131 5500 2258 5567 facti
2287 5509 2420 5560 sunt,
2446 5495 2763 5554 studentibus
2792 5499 2932 5553 nobis
2954 5497 3149 5550 codices
3172 5505 3393 5567 portant.
3412 5495 3486 5567 iit
3515 5497 3608 5552 lib.
3634 5504 3722 5552 att

2133 5564 2321 5623 eontra
2365 5569 2569 5636 Fattst.,
2603 5585 2652 5626 c.
2691 5571 2806 5624 25:
2843 5568 2978 5635 Quid
3009 5577 3082 5621 est
3131 5565 3274 5618 aliud
3319 5564 3566 5634 hodieque
3591 5585 3706 5637 gens

2131 5640 2264 5709 ipsa,
2312 5640 2407 5692 nisi
2431 5641 2662 5710 (Iliadum
2692 5639 2963 5696 scriniaria
3009 5637 3444 5710 Christianorum,
3478 5637 3706 5710 baiulat“

2133 5707 2291 5833 ltl’gcttt
2341 5719 2389 5764 et
2430 5707 2703 5782 prop/tetas
2759 5711 2826 5766 ad
2871 5707 3213 5766 testimonium
3262 5707 3560 5765 assertionis
3607 5707 3705 5772 Ecc
3735 5751 3748 5762 ,

2133 5798 2154 5833 ε
2182 5797 2316 5833 εειιτ.

2129 5797 2316 5839 ςιεειιτ.
