4124 6350
303 351 406 413 ιοθ

1357 337 1628 397 IIOMILIA
1674 336 1758 390 DE
1803 335 2125 394 PASSIONE
2170 339 2417 395 DOMINI.

3447 334 3556 394 HO

304 461 573 528 cornibus,
605 461 657 517 id
708 468 790 517 est
832 460 899 516 ad
948 459 1122 515 crucis
1147 470 1344 513 cornua
1388 455 1660 511 clavorum
1706 454 1870 508 couli-
1902 457 1948 516 Α
1977 454 2030 509 ld
2059 464 2141 509 est
2189 456 2373 510 vivens
2404 469 2564 511 unam
2595 456 2903 513 Judazorum
2953 460 3166 525 gentem
3210 450 3417 508 salvere
3446 467 3553 507 non

303 556 457 609 xione
482 553 827 623 pendentem,
858 553 992 607 sicut
1013 552 1063 603 iu
1087 550 1195 604 alio
1224 550 1341 603 loco
1366 547 1589 616 legimus
1621 562 1633 598 :
1667 544 1870 599 Cornua

303 647 351 700 in
380 647 611 701 manibus
637 648 743 717 ejus
769 638 887 700 sunt
915 643 1141 715 (Habac.
1186 658 1274 707 ιιι,
1331 642 1409 706 4).
1442 640 1553 696 lloc
1588 639 1709 694 ideo
1747 639 1899 709 quia.

1978 549 2155 616 potui;
2189 547 2406 614 moriar,
2440 556 2494 603 et
2524 548 2804 605 universus
2833 548 3062 603 mundus
3097 561 3213 602 mea
3245 557 3416 601 morie
3445 543 3553 598 sal-

1974 646 2147 693 vetur.
2172 639 2363 693 Jonam
2384 648 2533 695 cetus
2550 641 2710 709 piscis
2732 642 2941 711 excepit
2964 641 3295 700 immersam.
3328 634 3421 692 sed
3446 650 3552 689 non

304 734 634 792 venerandas
656 748 843 790 manus
862 736 978 803 eius
1009 732 1227 803 patibuli
1253 730 1468 786 brachia
1493 738 1869 799 susceperunt.
1914 776 1928 791 .
1974 731 2197 803 contigit
2238 732 2583 796 devoratum;
2616 742 2669 788 et
2697 748 2853 803 quem
2898 733 3094 788 manu.
3128 732 3399 787 hominum
3433 744 3553 797 ρετ.

304 828 444 884 Inter
491 827 673 897 spinas
721 833 897 881 autem
936 826 1221 893 deputatus
1263 831 1377 889 est,
1419 820 1631 889 quando
1685 821 1874 890 spineo

303 928 448 976 serto
480 920 802 976 innocentia:
853 926 907 974 et
939 917 1160 989 iustitiae
1198 925 1349 971 actor
1397 913 1582 970 illusus
1622 920 1723 969 est.
1767 911 1874 969 Sed

304 1011 829 1080 altiusintrospicere
856 1008 1112 1065 debemus
1136 1006 1388 1077 quidnam
1415 1005 1485 1060 sit
1506 1004 1646 1075 quod
1679 1006 1825 1060 Isaae
1843 1016 1874 1057 a

304 1102 461 1159 Patre
503 1101 757 1157 altaribus
800 1100 1139 1164 admovetur,
1172 1112 1234 1152 ac
1261 1096 1441 1152 subito
1484 1094 1624 1161 aries
1672 1107 1769 1163 pro
1808 1106 1875 1148 eo

304 1209 410 1253 non
451 1202 652 1249 mutata
691 1191 786 1247 sed
808 1191 1071 1262 duplicata
1103 1188 1371 1244 oblatione
1398 1186 1735 1256 supponitur.
1767 1182 1875 1240 Ge-

304 1288 445 1343 mina
478 1286 563 1341 hic
586 1284 859 1340 adoranda
898 1281 1194 1339 substantia
1227 1278 1599 1349 Redemptoris
1629 1276 1871 1333 Ostendi-

304 1389 407 1447 tur,
442 1380 533 1435 Dei
562 1379 704 1433 enim
736 1377 1034 1448 unigenitus
1058 1374 1301 1440 olfertur,
1335 1381 1389 1427 et
1418 1370 1644 1442 Virginis
1678 1369 1877 1439 primo-

303 1472 513 1544 genitus
554 1471 878 1525 immolatur.
920 1467 1031 1523 Hoc
1078 1482 1289 1537 quoque
1339 1463 1620 1520 dominica:
1668 1464 1873 1532 passio-

303 1568 385 1621 nis
448 1562 817 1634 przefigurabat
868 1559 1127 1631 insignia,
1188 1558 1329 1629 quod
1385 1557 1608 1626 legimus
1658 1554 1876 1610 beatum

304 1658 557 1713 Elismum
610 1654 898 1726 sepulchro
953 1652 1223 1708 conditum
1263 1650 1470 1721 ingesto
1527 1663 1559 1701 a
1610 1648 1879 1703 latruncu-

304 1750 368 1805 lis
413 1750 675 1805 cadavere
724 1748 861 1802 intra
899 1745 1160 1800 tumulum
1210 1759 1363 1799 suum
1395 1758 1587 1813 corpus
1635 1739 1881 1797 exstincti

1976 825 2139 892 didit,
2176 826 2343 882 bestia
2393 827 2638 883 esuriens
2688 827 2992 883 custodivit.
3027 826 3205 883 Plenis
3262 823 3552 879 visceribus

1976 915 2171 972 famem
2202 917 2420 987 patitur,
2446 927 2500 973 et
2537 918 2591 972 in
2619 918 2852 987 pradam
2898 933 3056 989 quam
3100 917 3395 979 absorbuit,
3423 913 3553 970 nihil

1976 1008 2077 1091 sibi
2104 1009 2265 1065 licere
2292 1012 2536 1065 miratur.
2578 1009 2710 1076 Quis
2749 1018 2831 1065 est
2861 1010 2959 1066 iste
2984 1010 3075 1081 qui
3105 1010 3243 1065 intra
3269 1009 3455 1064 avidos
3483 1007 3553 1063 ri-

1977 1111 2094 1159 ctus
2124 1104 2322 1159 assumi
2353 1114 2549 1175 potest,
2576 1104 2825 1159 consumi
2870 1118 2975 1159 non
3021 1103 3231 1174 potest?
3256 1102 3416 1157 Cibus
3446 1110 3548 1170 est,

1977 1196 2251 1266 corruptio
2300 1211 2406 1251 non
2436 1205 2539 1261 est,
2570 1196 2797 1252 traditur
2826 1195 3139 1265 perditionis
3185 1192 3468 1263 profundo,
3500 1200 3554 1247 et

1978 1299 2225 1344 servatur
2257 1288 2425 1359 ipsius
2456 1289 2647 1344 mortis
2668 1288 2946 1359 obsequio.
2970 1287 3100 1355 Quis
3116 1294 3197 1341 est
3218 1284 3317 1340 iste
3345 1284 3432 1355 qui
3465 1300 3553 1337 va-

1978 1380 2242 1435 stissimas
2279 1381 2428 1436 sinus
2470 1381 2826 1451 periculorum
2858 1389 2998 1435 totus
3024 1377 3340 1450 ingreditur,
3373 1386 3427 1432 et
3453 1376 3553 1431 sub

1978 1473 2260 1531 altitudine
2288 1475 2572 1531 conclusus
2594 1475 2853 1529 immensa
2882 1483 3043 1543 atque
3071 1470 3366 1535 mortifera,
3405 1469 3554 1525 vitali

1979 1580 2103 1620 aere
2151 1566 2406 1635 pascitur,
2448 1575 2503 1623 et
2549 1566 2805 1622 dimissus
2833 1566 2886 1621 in
2916 1565 3145 1621 alienam
3185 1576 3366 1618 rerum
3403 1570 3554 1615 natu-

1981 1670 2128 1723 ram,
2177 1658 2231 1711 in
2274 1657 2395 1712 vita:
2436 1658 2708 1725 exsilium,
2754 1671 2873 1712 cum
2922 1655 3026 1710 vita
3066 1654 3453 1724 peregrinatur,
3499 1659 3555 1705 et

1984 1749 2173 1803 mortis
2193 1759 2464 1817 superstes
2485 1749 2764 1824 annuntiat
2780 1755 3057 1804 venturam
3089 1745 3269 1801 mundi
3298 1742 3553 1800 salutent?

305 1851 449 1897 1301“
480 1838 621 1896 Sacri
667 1838 904 1908 corporis
932 1836 1237 1891 δυεεῖιδεεεί
1272 1834 1401 1902 Ουίδ
1443 1833 1529 1888 hic
1556 1832 1694 1887 illius
1738 1845 1878 1899 Pm'
1910 1835 1955 1895 Β
1986 1841 2123 1897 Ριιιο
2151 1842 2291 1913 quod
2322 1843 2407 1897 hic
2455 1851 2538 1897 est
2565 1842 2821 1897 Dominus
2852 1849 3035 1896 noster
3076 1838 3233 1895 Jesus
3276 1836 3552 1903 Christus,

309 1936 655 2005 figurabatur,
712 1931 815 1987 nisi
870 1929 1124 1986 Dominus
1173 1935 1356 1983 noster
1410 1926 1564 1981 Jesus
1602 1922 1877 1987 Christus,

312 2026 403 2096 qui
435 2024 880 2081 resurrectionem
909 2021 977 2077 dc
1018 2028 1190 2075 morte
1230 2020 1470 2089 largitur,
1500 2026 1554 2073 et
1593 2016 1753 2071 vitam
1789 2029 1879 2069 se-

306 2116 485 2186 pultus
513 2115 800 2184 operatur?
831 2114 886 2168 lu
926 2114 1135 2167 latrone
1166 2126 1314 2166 reum
1357 2109 1635 2173 ntuudum,
1670 2108 1720 2161 in
1750 2121 1878 2176 pro-

305 2208 480 2276 pheta:
534 2206 814 2261 virtutibus
870 2202 1141 2258 Christum
1195 2202 1472 2256 Dominum
1533 2213 1875 2269 recognosce.

306 2297 494 2353 Adhuc
537 2296 885 2353 celeberrime
923 2310 1016 2366 per
1042 2294 1345 2365 Scripturas
1385 2302 1596 2348 sanctas
1640 2291 1877 2347 etiamin

304 2392 452 2448 Joute
483 2390 754 2463 praphctaa
793 2390 1062 2445 laboribus
1090 2399 1145 2445 et
1190 2388 1443 2443 aerumnis
1468 2386 1662 2442 Christi
1704 2380 1879 2457 passio

304 2500 361 2547 ct
393 2490 716 2546 resurrectio
747 2488 1154 2559 prmsignantur.
1189 2485 1285 2541 Hic
1334 2484 1515 2551 Jonas,
1570 2484 1710 2547 quod
1758 2484 1881 2540 tidei

304 2591 505 2637 nostra:
535 2595 640 2635 non
685 2580 1005 2635 arbitramur
1049 2576 1396 2646 incognitum,
1456 2584 1637 2646 typum
1670 2575 1880 2632 Domini

301 2673 534 2745 gessisse
559 2670 937 2743 praescribitur.
973 2670 1088 2740 ipse
1116 2669 1256 2724 enim
1307 2668 1563 2723 Dominus
1594 2667 1760 2722 dicit:
1793 2669 1883 2723 Si-

300 2776 392 2821 cut
418 2768 515 2836 fuit
544 2764 707 2820 Jonas
733 2766 784 2819 in
813 2773 982 2818 ventre
1011 2764 1107 2817 ceti
1134 2763 1290 2817 tribus
1318 2760 1493 2816 diebus
1521 2771 1567 2815 et
1597 2763 1755 2816 tribus
1790 2778 1881 2817 nae

296 2858 489 2923 ctibus,
519 2860 589 2911 ita
617 2858 710 2912 erit
739 2855 785 2909 F
788 2856 906 2911 ilius
952 2855 1168 2909 hominis
1198 2856 1249 2909 in
1297 2855 1449 2909 corde
1485 2864 1633 2909 terra!
1661 2853 1877 2925 (Matth.

296 2967 409 3016 ιιι,
448 2949 567 3021 40).
629 2949 756 3014 llic,
812 2948 1061 3017 inquam,
1128 2946 1290 3002 Jonas
1354 2946 1420 3000 ad
1486 2946 1880 3018 praedicandum

296 3042 556 3097 Ninivitis
582 3039 674 3094 ira:
702 3040 935 3094 celestis
964 3038 1243 3103 offensam,
1275 3038 1498 3093 Domino
1523 3038 1764 3108 jubente,
1795 3038 1879 3092 di-

297 3136 519 3207 rigitur;
553 3134 647 3189 sed.
677 3133 931 3204 prtescius
953 3133 1157 3188 tristem
1181 3133 1517 3203 prophetiam
1550 3132 1728 3202 populi
1754 3147 1881 3187 con-

1984 1950 2145 2004 quem
2176 1950 2314 1991 szeva
2341 1950 2505 2003 mors,
2537 1933 2872 2004 inexplebilis
2901 1933 3091 1999 bellua,
3126 1932 3179 1987 in
3206 1945 3383 1987 escam
3405 1944 3555 1985 suam

1986 2029 2271 2097 rapuitcet‘
2290 2026 2521 2099 prtedam
2547 2042 2697 2083 suam
2734 2025 2943 2096 captiva
2965 2024 3306 2081 contremuit.
3331 2021 3557 2077 Contre-

1984 2121 2138 2187 muit,
2191 2120 2425 2190 inquam,
2484 2135 2605 2175 nam
2652 2118 2696 2173 si
2738 2128 2953 2174 noverat
2989 2115 3323 2179 crucifixum,
3379 2124 3554 2169 tamen

1982 2225 2139 2280 quem
2165 2226 2270 2266 non
2302 2211 2617 2267 meminerat
2643 2224 2813 2275 reum,
2838 2224 2943 2264 non
2969 2216 3173 2279 poterat
3198 2217 3378 2262 tenere
3408 2204 3554 2260 dant-

1981 2313 2163 2359 natam
2209 2322 2222 2357 :
2266 2303 2387 2375 quia
2440 2304 2650 2371 culpam
2698 2318 2803 2359 non
2845 2303 2965 2358 facit
3013 2316 3189 2373 ptena,
3231 2300 3325 2356 sed
3371 2314 3551 2356 causa.

1982 2396 2145 2465 Quasi
2185 2396 2400 2453 solitum
2429 2397 2606 2451 cibum
2636 2397 2899 2466 perditum
2932 2397 2983 2450 in
3016 2393 3196 2450 mundi
3226 2392 3430 2463 origine
3460 2391 3555 2446 ho-

1982 2489 2181 2543 minem
2234 2488 2535 2552 devoravit;
2565 2487 2657 2543 sed
2696 2500 2939 2558 magnam
2980 2501 3099 2542 esse
3140 2486 3244 2541 cibi
3283 2484 3448 2554 ipsius
3475 2483 3555 2538 di-

1982 2582 2237 2653 gnitatem
2287 2582 2568 2652 praefocata
2626 2581 2907 2652 cognovit,
2964 2591 3125 2651 atque
3171 2578 3291 2634 ideo
3343 2577 3555 2633 divinus

1982 2689 2164 2731 sermo
2186 2682 2607 2729 commemorat:
2639 2673 2705 2728 Et
2743 2672 2978 2744 praecepit
3030 2671 3279 2725 Dominus
3327 2669 3474 2738 pisci,
3507 2680 3556 2723 et

1982 2768 2202 2822 evomuit
2228 2768 2420 2821 lanam
2448 2767 2502 2821 in
2534 2766 2736 2820 aridam
2762 2764 2907 2835 (Jan.
2932 2779 2992 2829 tt,
3024 2762 3136 2834 if).
3162 2762 3273 2817 Hoc
3299 2760 3557 2816 debemus

1982 2860 2225 2929 accipere
2252 2858 2391 2929 quod
2420 2874 2486 2915 ex
2532 2857 2654 2913 imis
2674 2856 2970 2913 visceribus
3008 2855 3197 2911 mortis
3225 2852 3417 2910 victrix
3448 2851 3554 2908 vita

1984 2951 2258 3017 remeavit,
2283 2960 2444 3021 atque
2473 2964 2590 3006 eam
2620 2964 2687 3006 ex
2719 2950 2839 3005 imis
2868 2947 3180 3019 prtecordiis
3204 2945 3398 3003 inferni
3430 2960 3553 3015 per-

1982 3043 2114 3098 ditio
2152 3042 2461 3099 exulcerata
2520 3040 2770 3097 reddidit.
2814 3040 3071 3096 Videmus
3114 3040 3289 3110 itaque
3334 3038 3387 3093 in
3434 3052 3557 3107 pro-

1984 3136 2157 3205 pheta:
2204 3134 2579 3190 afﬂictionibus
2632 3133 2966 3205 apertissime
2997 3132 3387 3204 prmﬁguratam
3415 3144 3556 3186 mor-

296 3228 556 3285 versione
577 3226 935 3289 vacuandam,
963 3222 1321 3294 profugusque
1348 3223 1610 3277 Tharsum
1645 3222 1880 3293 petebat,
1909 3220 1955 3282 C
1988 3235 2093 3282 tem
2144 3226 2344 3293 pariter
2402 3234 2457 3281 et
2514 3223 2985 3281 resurrectionem.
3028 3226 3363 3293 Quapropter
3415 3222 3557 3293 quod

295 3324 596 3396 ingreditur
619 3324 816 3389 navim,
860 3319 954 3376 sed
986 3320 1160 3373 nautis
1206 3327 1388 3375 exorta
1423 3326 1738 3385 tempestate
1770 3327 1881 3371 tur-

295 3416 459 3483 batis,
488 3425 634 3471 sorte
662 3413 909 3469 ﬂuctibus
933 3410 1107 3478 datur,
1141 3420 1194 3467 et
1220 3410 1462 3481 faucibus
1484 3410 1587 3465 ceti
1617 3410 1773 3478 piscis
1795 3408 1880 3463 di-

295 3523 514 3567 mersus
532 3507 831 3576 excipitur;
863 3504 955 3560 sed
986 3504 1130 3574 pisce
1160 3503 1385 3559 illaesum
1416 3511 1691 3559 eructante
1716 3501 1880 3573 depo-

295 3601 488 3666 situm,
524 3600 680 3655 tertia
709 3597 793 3653 dic
842 3600 999 3652 terris
1029 3596 1349 3651 refunditur.
1384 3596 1567 3651 Videte
1600 3596 1879 3652 Dominum

294 3693 464 3748 etiam
492 3691 545 3746 in
570 3690 749 3746 Veteri
778 3688 1120 3745 Testamento
1142 3689 1193 3744 in
1212 3688 1353 3745 servi
1378 3690 1543 3745 forma
1567 3688 1880 3745 mirabiliter

294 3798 585 3856 apparere.
620 3782 807 3838 Videte
848 3781 1115 3853 quomodo
1150 3796 1210 3838 se
1237 3789 1361 3837 ante
1397 3780 1531 3835 actis
1560 3778 1770 3835 sarculis
1794 3780 1882 3851 ju-

295 3876 498 3933 dicavit
525 3874 820 3930 secundum
849 3874 1059 3929 servilis
1086 3874 1269 3927 formae
1299 3873 1654 3928 humilitatem
1685 3884 1877 3929 ventu-

294 3984 442 4022 rum.
475 3966 642 4022 Jonas
680 3966 811 4020 iram
844 3964 1057 4019 Domini
1089 3965 1470 4035 prtedicaturus
1519 3964 1587 4019 ad
1633 3956 1879 4035 magnam

291 4060 654 4115 Ninivitarum
704 4059 911 4124 urbem,
972 4057 1210 4112 dicturus
1254 4074 1265 4109 :
1306 4058 1488 4110 Adhuc
1541 4059 1881 4130 quadraginta

291 4152 405 4207 dies
435 4162 482 4204 et
516 4149 703 4205 Nitriae
744 4149 1059 4203 subrertetur
1108 4146 1254 4219 (Jan.
1292 4163 1379 4214 ιιι,
1412 4146 1502 4215 4);
1538 4157 1591 4203 et
1640 4147 1882 4204 Christus

294 4245 362 4299 ad
394 4244 581 4298 mundi
615 4243 836 4297 mittitur
863 4244 1153 4305 civitatem,
1192 4252 1247 4293 ut
1290 4242 1429 4295 diem
1462 4242 1648 4295 salutis
1671 4250 1718 4295 cl
1748 4258 1881 4312 pra:-

296 4339 515 4392 linilutu
544 4336 723 4405 judicii
754 4346 961 4405 tempus
991 4335 1290 4389 annuntiat.
1318 4334 1480 4388 Jonas
1513 4336 1689 4387 navim
1720 4348 1881 4404 cxpe‘

292 4428 393 4491 tit,
452 4424 697 4479 Christus
751 4424 1065 4478 Ecclesium.
1125 4422 1284 4477 Jonas
1336 4422 1579 4477 ﬂuctibus
1630 4425 1874 4493 agitatur,

289 4519 551 4573 Christus
575 4516 754 4571 mundi
784 4515 1082 4570 turbinibus
1103 4524 1402 4571 exercetur.
1436 4514 1543 4569 [ςιεί
1566 4514 1730 4571 Jonas
1761 4532 1881 4587 pcr-

1989 3317 2262 3387 impletum
2292 3317 2471 3373 cernis
2500 3317 2553 3372 in
2582 3332 2757 3377 servo.
2799 3316 3020 3372 credere
3058 3330 3165 3371 non
3193 3314 3462 3370 cunctcris
3504 3316 3556 3369 in

1984 3408 2222 3465 domino.
2263 3409 2392 3478 Quae
2420 3424 2543 3465 cum
2567 3408 2640 3463 ita
2661 3410 2787 3474 sint,
2806 3407 3082 3479 iperspicc,
3123 3423 3155 3463 ο
3182 3407 3363 3474 homo,
3392 3421 3558 3476 quan-

1987 3510 2095 3555 tum
2128 3501 2304 3557 valeas
2328 3511 2382 3557 et
2404 3502 2673 3573 perpende
2694 3501 2821 3572 quid
2852 3501 3073 3557 debeas.
3103 3501 3352 3571 Perspice
3386 3514 3556 3570 quan-

1985 3602 2095 3651 tum
2120 3594 2332 3661 valeas,
2356 3604 2412 3649 ut
2443 3594 2656 3651 tandem
2687 3593 2803 3649 vilis
2842 3608 2961 3651 esse
2988 3594 3082 3649 tibi
3107 3592 3339 3662 desinas,
3388 3604 3445 3648 ut
3475 3594 3559 3652 vel

1987 3702 2080 3758 per
2140 3687 2240 3744 hoc
2290 3686 2671 3744 erubescendis
2715 3686 2994 3757 subjacere
3040 3686 3182 3745 vitiis
3228 3682 3557 3759 dedigneris,

1984 3777 2106 3833 dum
2131 3780 2541 3851 generositatem
2572 3787 2715 3834 tuam
2738 3778 2806 3834 de
2832 3777 3103 3835 Creatoris
3126 3788 3178 3835 et
3219 3778 3561 3851 Reparatoris

1985 3872 2153 3927 nostri
2204 3870 2461 3942 dignitate
2500 3871 2722 3927 metiris.
2769 3870 2940 3927 Habet
2980 3885 3169 3927 causas
3212 3871 3403 3942 quibus
3444 3871 3565 3942 ipso

1983 3962 2339 4018 confundatur
2387 3978 2483 4019 cur
2512 3963 2742 4033 indignis
2780 3962 3012 4017 dominis
3043 3962 3185 4017 victo
3230 3962 3393 4018 corde
3436 3962 3553 4018 sub-

1985 4053 2163 4121 datur,
2199 4054 2284 4110 cui
2315 4054 2485 4125 gloria
2516 4066 2721 4109 aeterna
2764 4053 3113 4123 promittitur,
3146 4068 3209 4107 ac
3244 4055 3320 4108 sic
3349 4053 3585 4124 gemino,

1986 4144 2282 4215 privilegio,
2310 4146 2400 4215 qui
2427 4145 2626 4200 dudum
2654 4145 2847 4201 divina:
2876 4146 3123 4213 imaginis
3152 4145 3560 4216 participatione

1987 4238 2213 4292 clliCCris
2244 4236 2401 4291 etiam
2454 4237 2756 4292 commercii
2801 4236 3075 4292 nobilitate
3114 4238 3395 4306 pretiosus.
3434 4234 3560 4289 Vide

1986 4343 2140 4398 quam
2186 4327 2337 4381 fortis
2368 4339 2486 4383 esse
2514 4326 2692 4396 possis
2720 4336 2905 4382 contra
2937 4327 3143 4383 hostem
3186 4338 3353 4393 tuum,
3399 4328 3561 4382 inter-

1989 4434 2115 4489 roga
2165 4430 2361 4474 statum
2394 4429 2561 4484 tuum,
2592 4417 2733 4489 quod
2766 4418 2861 4474 tibi
2909 4419 3164 4475 Dominus
3190 4420 3254 4475 ad
3290 4419 3561 4477 debellau-

1986 4513 2108 4568 dum
2151 4515 2202 4569 in
2226 4513 2477 4570 membris
2509 4514 2617 4569 tuis
2642 4511 2827 4568 mundi
2849 4512 3141 4583 principem
3172 4527 3235 4569 ac
3257 4512 3563 4584 spirituales

288 4610 471 4664 ditntn
501 4608 678 4676 detur,
709 4606 975 4677 naufragae
1001 4608 1151 4663 navis
1175 4608 1468 4678 periculum
1497 4622 1601 4663 non
1632 4610 1875 4677 sedatur;
1906 4600 1961 4663 D
1986 4608 2251 4679 nequitias
2280 4606 2610 4679 superandus
2640 4605 2862 4663 liberam
2892 4606 3117 4661 contulit
3145 4606 3477 4675 facultatem;
3500 4622 3565 4665 ac

288 4704 387 4760 Sic
410 4719 519 4757 non
537 4701 786 4755 liberatur
804 4699 1064 4767 Ecclesia,
1080 4701 1177 4755 nisi
1200 4699 1397 4755 Christi
1424 4710 1593 4755 morte
1615 4702 1873 4759 salvetur.

292 4795 496 4850 Nauta:
536 4794 807 4848 dunissuri
836 4792 1024 4848 Jonant
1062 4806 1238 4849 tamen
1272 4804 1521 4849 verentur
1563 4805 1617 4849 et
1657 4796 1876 4852 dicunt:

286 4884 547 4953 Domine,
572 4903 634 4940 ne
656 4886 745 4939 des
765 4902 922 4950 super
936 4902 1027 4939 nos
1046 4888 1339 4958 sanguinem
1354 4888 1663 4943 innocentem
1678 4887 1819 4958 (Jan.
1838 4904 1876 4958 ι,

284 4978 412 5050 Η).
450 4980 639 5033 iVonne
669 4977 819 5032 vobis
851 4976 1059 5033 videtur
1084 4990 1363 5033 nautarum
1394 4980 1704 5050 imprecatio
1724 4979 1878 5038 Pilati

280 5087 419 5129 esse
451 5070 740 5135 confessio,
772 5071 859 5141 qui
890 5070 1429 5140 tradiditChristum,
1457 5082 1511 5127 ct
1538 5082 1715 5129 tamen
1738 5074 1879 5130 lavat

287 5181 501 5222 manus
519 5179 663 5225 suas.
681 5176 733 5219 et
751 5164 905 5219 dicit:
933 5164 1159 5218 Mundus
1186 5182 1276 5235 ego
1298 5183 1411 5219 sunt
1439 5183 1469 5218 a
1490 5170 1739 5237 sanguine
1752 5168 1886 5237 justi

278 5260 456 5335 hujus
496 5258 709 5327 (Matth.
746 5275 911 5339 xxvn,
936 5259 1070 5331 2i)?
1100 5260 1269 5327 Quam
1310 5275 1545 5329 congrue
1577 5276 1669 5330 per
1702 5276 1885 5329 perso-

276 5374 421 5415 nam
450 5366 478 5394 ι
500 5357 748 5427 gentiletn
768 5354 898 5411 fides
916 5356 1155 5426 gentium
1173 5355 1524 5425 prmdicatur!
1549 5354 1685 5410 Dicit
1706 5356 1884 5425 itaque

275 5446 466 5506 Jonas
496 5447 547 5502 in
564 5446 804 5501 oratione
841 5461 936 5502 sua
964 5463 978 5500 :
1012 5446 1153 5501 Tolle
1176 5447 1349 5517 igitur,
1377 5444 1613 5513 Domine,
1645 5445 1869 5500 animam

274 5556 486 5608 meam,
507 5539 629 5613 quia
650 5540 824 5595 melior
841 5549 912 5596 est
937 5539 1061 5595 mihi
1079 5556 1215 5596 mars
1235 5557 1387 5612 quam
1409 5540 1508 5595 rita
1530 5537 1671 5612 (Jan.
1696 5555 1768 5611 tv,
1788 5541 1863 5611 5).

415 5836 535 5902 Per
555 5836 805 5912 gentilem
830 5850 1112 5911 personam
1142 5838 1391 5912 intelligit
1415 5836 1663 5897 Pilatum.

1988 4703 2065 4758 sic
2096 4702 2424 4773 impossibile
2456 4716 2561 4757 nou
2590 4708 2767 4774 putes,
2815 4708 2867 4757 ut
2919 4700 3193 4757 transferri
3222 4701 3466 4758 obtineas
3508 4702 3564 4760 in

1987 4796 2255 4867 angelicas
2282 4795 2661 4861 beatitudines,
2693 4810 2814 4852 cum
2837 4795 2935 4852 hoc
2957 4796 3155 4853 saeculo
3174 4797 3441 4867 angelicas
3470 4796 3566 4856 de-

1991 4892 2188 4949 viceris
2215 4900 2528 4964 potestates.
2554 4891 2666 4947 Non
2688 4906 2816 4961 ergo
2844 4899 2895 4946 te
2924 4890 3241 4962 degenerem
3280 4907 3344 4949 ac
3368 4892 3563 4962 despe-

1986 4996 2130 5043 ctum
2157 4988 2313 5041 laciat
2336 4984 2465 5049 vita,
2496 4998 2654 5054 quem
2679 4982 2762 5037 vel
2784 4982 2987 5040 factura
3015 4984 3272 5054 probatur
3300 4984 3563 5042 illustrem

1994 5077 2278 5149 protulisse
2317 5076 2401 5132 vel
2437 5076 2629 5148 gratia,
2680 5075 2773 5130 sed
2804 5089 3019 5132 cursum
3048 5077 3229 5135 ﬁdeles
3256 5074 3453 5134 Christi
3497 5076 3563 5132 ad

1992 5182 2223 5239 superna
2255 5166 2575 5223 liducialiter
2604 5166 2889 5223 extollant.
2932 5167 3063 5222 Nam
3112 5168 3201 5238 qui
3254 5182 3314 5224 se
3358 5166 3563 5224 cmlesti

1994 5262 2173 5333 pretio
2202 5260 2385 5318 vident
2436 5261 2743 5331 redemptos
2791 5259 2857 5315 ad
2885 5259 3124 5317 ctelestia
3177 5277 3285 5317 non
3322 5258 3566 5316 dubitant

1990 5364 2337 5426 prmparatos.

2316 5448 2544 5522 Explicit
2573 5449 2783 5507 hantilia
2800 5449 2958 5507 sancti
2981 5446 3241 5504 Faustini.
