4124 6350
538 287 633 341 HI

1785 272 2118 331 JULIANUS
2157 271 2526 327 POMEHIUS.

3701 267 3806 329 4ιή

1650 414 1681 417 _.
1688 410 2337 417 ______—__

537 394 1871 432 ρπβ-...τ

1929 410 2321 421 .—_—————

1732 502 2027 546 EXEUNTE
2071 501 2323 546 SBCULO
2366 500 2606 555 QUINTO

814 635 3509 951 mLIANUwMEBIUs.

1733 1014 2572 1136 pROLEGOM'ENA.

1788 1330 2117 1394 ΝΟΤῙΤΙΑ
2161 1328 2275 1389 EX
2319 1322 2557 1389 CAVE.

614 1451 853 1509 lulianus
884 1443 1168 1509 Pomerius,
1198 1449 1346 1514 gente
1387 1438 1624 1506 Maurus,
1654 1437 1707 1492 in
1728 1435 1955 1490 Galliam
1992 1450 2112 1505 pro-
2150 1437 2199 1496 Α
2228 1430 2372 1485 libris
2394 1430 2427 1484 8
2449 1429 2510 1481 de
2527 1426 2718 1481 Anima
2745 1427 2850 1494 fere
2873 1421 3100 1514 excerpti
3120 1428 3258 1475 sunt.
3283 1415 3503 1514 Scripsit
3532 1414 3682 1469 etiam
3708 1422 3810 1514 tta-

549 1546 705 1598 ’cctus
732 1541 788 1595 in
817 1538 1018 1593 civitate
1057 1532 1337 1589 Arelatensi
1381 1531 1609 1591 scholam
1652 1528 1957 1583 rhetoricam
1992 1542 2117 1596 ape-

544 1606 666 1696 ruit,
711 1647 770 1683 ac
800 1630 1004 1683 demunt
1045 1626 1300 1696 presbyter
1341 1624 1604 1677 ordinatus
1641 1630 1735 1677 est.
1763 1618 1960 1673 Claruit
1986 1620 2122 1672 circa

544 1741 633 1779 an.
658 1723 782 1779 498.
817 1720 954 1775 Eum
985 1719 1248 1773 sanctitate
1280 1717 1393 1770 vita:
1418 1724 1464 1769 et
1491 1715 1696 1785 scriptis
1721 1713 1947 1783 quotidie
1972 1713 2124 1766 editis

542 1813 812 1869 eminuisse
846 1812 1003 1880 ﬁdem
1044 1810 1167 1881 facit
1215 1807 1511 1862 Gennadius
1560 1805 1663 1876 (De
1701 1804 1895 1876 Script.
1934 1820 1980 1857 c.
2005 1804 2118 1871 98),

542 1925 643 1979 quo
680 1915 905 1977 tempore
953 1903 1256 1974 Catalogum
1306 1918 1451 1956 suum
1498 1901 1590 1954 iste
1632 1899 1835 1953 clausit.
1903 1897 2124 1967 Scripsit

546 1999 703 2057 libros
725 1998 758 2052 8
786 1997 848 2050 de
870 1996 1081 2061 Anima,
1123 2008 1341 2065 quorum
1368 2001 1668 2061 argumenta
1709 1989 1975 2059 sigillatim
2006 2005 2127 2042 enu-

547 2099 739 2147 merant
763 2088 1059 2143 Gennadius
1083 2096 1129 2141 et
1169 2084 1400 2140 Isidorus
1433 2082 1534 2154 (De
1557 2084 1749 2153 Script.
1775 2099 1823 2136 c.
1854 2082 1963 2153 η),
1992 2092 2040 2135 et
2070 2083 2122 2136 in

548 2184 677 2241 libro
717 2184 940 2239 secundo
978 2183 1040 2236 de
1079 2180 1423 2251 Corporeitate
1468 2180 1654 2232 animte
1703 2178 1989 2247 disputasse
2028 2192 2131 2243 no-_

548 2285 677 2349 tant.
708 2275 966 2341 Quantum
988 2288 1105 2327 vero
1124 2288 1188 2327 ea:
1213 2270 1522 2342 argumentis
1548 2269 1683 2323 hisce
1707 2269 1984 2341 conjectari
2014 2268 2129 2322 licet

549 2364 699 2441 (Opus
725 2367 859 2422 enim
899 2381 1031 2419 nunc
1072 2381 1173 2419 non
1202 2363 1455 2433 superest)
1486 2362 1570 2415 isti
1610 2362 1750 2428 libri,
1804 2378 1865 2415 ex
1897 2359 2126 2415 Nemesii

2229 1530 2422 1576 clatum
2447 1520 2509 1573 de
2531 1519 2831 1587 Contempla
2859 1513 3038 1569 mundi
3055 1530 3113 1568 ac
3132 1527 3303 1566 rerum
3328 1509 3725 1563 transiturarum
3746 1502 3811 1557 ad

2234 1618 2577 1689 Principium.
2598 1626 2641 1669 ct
2660 1615 2817 1668 alium
2838 1614 2899 1665 de
2922 1611 3070 1665 Vitiis
3083 1617 3127 1662 et
3150 1605 3456 1668 Virtutibus,
3475 1602 3701 1656 libellum
3723 1600 3815 1651 ad-

2233 1712 2329 1766 huc
2346 1712 2409 1765 de
2429 1710 2723 1780 Virginibus
2744 1706 3087 1770 instituendis,
3110 1718 3224 1773 qua:
3246 1700 3565 1754 interierunt.
3594 1694 3814 1750 Unicum

2233 1808 2345 1877 ejus
2359 1812 2588 1872 superest
2616 1818 2745 1872 opus
2761 1802 2822 1854 de
2848 1798 2963 1854 Vita
2980 1794 3390 1863 contemplativa,
3410 1793 3513 1846 sive
3540 1790 3605 1845 de
3629 1792 3814 1860 futurae

2240 1897 2372 1951 Vita:
2397 1896 2853 1966 contemplatione,
2899 1894 2974 1946 vel
3007 1892 3069 1944 de
3106 1889 3297 1943 actuali
3345 1886 3723 1942 conversatione
3762 1886 3816 1937 in

2231 2001 2330 2046 tres
2358 1990 2511 2045 libros
2534 1990 2786 2053 divisum;
2815 1986 2951 2057 quod
2986 1982 3241 2055 Prospero
3256 1980 3407 2049 vulgo
3437 1992 3703 2050 perperam
3740 1976 3814 2029 iu-

2230 2086 2500 2155 scriptum,
2537 2084 2669 2138 inter
2707 2098 2858 2149 opera
2889 2080 3036 2133 istius
3062 2076 3239 2130 haberi
3261 2076 3408 2138 solet,
3460 2089 3520 2135 ac
3551 2072 3646 2125 sub
3678 2070 3816 2124 illius

2234 2178 2436 2230 nomine
2455 2176 2667 2240 seorsim
2693 2173 2880 2241 prodiit
2902 2188 3037 2224 anno
3056 2169 3191 2226 1487
3210 2176 3257 2222 et
3280 2167 3459 2221 Colun.
3495 2163 3633 2219 {536
3655 2160 3811 2217 in-8°.

2241 2266 2525 2337 Prologum
2553 2267 2717 2339 operis
2747 2267 2895 2320 istius
2924 2264 3204 2319 secundum
3224 2262 3417 2330 primus
3440 2257 3597 2313 edidit
3620 2256 3812 2311 Dache-

2239 2362 2347 2414 rius‘
2370 2361 2617 2433 Spicileg.
2648 2371 2771 2416 tom.
2796 2360 2934 2415 XIII.

1864 2592 1928 2658 A
1946 2586 2487 2664 DMONITIO

1094 2763 1503 2866 LIBBIS
1568 2763 1726 2863 DE
1783 2758 2092 2867 VITA
2158 2754 3262 2867 CONTEMPLATIVA

1722 2956 1766 3008 Δ
1791 2954 2278 3005 MANGEANTIO
2313 2955 2653 3005 PlllEl'lXA

1253 3082 1322 3140 IN
1357 3082 1492 3143 SUA
1529 3084 1585 3142 S.
1628 3083 1963 3143 PROSPERI
2000 3086 2327 3155 AQUITANI
2365 3088 2739 3146 PARISIENSI
2778 3089 3112 3147 EDITIONE.

623 3342 688 3397 lu
719 3339 1053 3410 appendicem
1097 3337 1361 3410 rejicimus
1391 3335 1554 3403 primo
1585 3336 1693 3389 loco
1724 3333 1881 3388 libros
1908 3334 2037 3388 duos
2067 3335 2130 3389 de
2159 3341 2207 3400 B
2232 3337 2326 3390 azvi
2348 3335 2703 3404 scriptoribus.
2737 3333 3087 3388 Nihilominus
3115 3343 3283 3386 tamen
3302 3333 3453 3387 hodie
3478 3342 3676 3387 constat
3695 3335 3818 3386 inter

561 3434 678 3490 Vita
707 3431 1117 3502 contemplativa,
1155 3445 1283 3498 opus
1310 3428 1425 3483 licet
1446 3429 1649 3500 elegans
1677 3434 1724 3479 et
1756 3441 1881 3495 pene
1906 3427 2134 3480 omnium

551 3522 789 3581 laudibus
810 3522 1282 3589 celebratissimum,
1310 3528 1463 3592 atque
1491 3521 1554 3574 ab
1578 3520 1727 3574 annis
1748 3520 2047 3590 octingentis
2067 3521 2134 3573 ad

552 3626 779 3673 nostram
822 3631 980 3685 usque
1012 3620 1208 3669 aetatem
1237 3622 1415 3667 sancto
1460 3612 1721 3681 Prospero
1766 3621 2034 3666 assertum.
2061 3613 2134 3666 Ab

550 3721 726 3767 octavo
752 3723 971 3777 namque
999 3704 1187 3759 steculo
1208 3706 1373 3759 medio
1400 3704 1669 3775 scriptores
1691 3705 1881 3757 inventi
1908 3713 2026 3757 sunt
2049 3705 2136 3774 qui

551 3803 644 3858 sub
667 3800 888 3855 auctoris
918 3798 1079 3851 nostri
1108 3799 1311 3851 nomine
1341 3813 1470 3866 opus
1492 3797 1625 3851 istud
1654 3796 1947 3851 laudavere.
1969 3795 2133 3851 Chro—

554 3896 824 3963 doqangus
864 3892 998 3944 enim
1040 3887 1282 3944 Metensis
1329 3890 1627 3961 episcopus,
1684 3891 1773 3957 qui
1811 3888 1901 3943 illo
1948 3890 2136 3945 steculo

554 3989 790 4058 ﬂorebat,
820 3993 868 4040 et
898 3983 1068 4038 studio
1108 3982 1360 4051 regularis
1397 3982 1713 4048 disciplinae,
1744 3983 1827 4035 cui
1866 3983 2136 4037 canonicos

555 4078 799 4135 Ecclesiae
829 4093 935 4132 sua:
975 4076 1121 4130 subdi
1160 4075 1353 4140 voluit,
1403 4074 1681 4129 admodum
1724 4076 2138 4133 commendabilis

552 4174 763 4237 exstitit,
789 4172 840 4225 in
864 4172 1041 4242 regula
1065 4170 1447 4237 canonicorum,
1474 4168 1783 4240 Prosperum
1814 4172 2055 4225 librorum
2074 4171 2138 4227 de

565 4263 681 4319 Vita
726 4263 1117 4332 contemplativa
1160 4270 1416 4315 auctorem
1464 4263 1685 4331 agnovit.
1732 4260 1879 4315 Idem
1930 4272 2135 4330 praestat

553 4356 716 4411 lanas
755 4354 1135 4409 Aurelianensis
1161 4354 1449 4423 episcopus,
1484 4353 1570 4421 qui
1606 4352 1780 4421 ﬂoruit
1810 4353 1902 4406 sub
1928 4355 2137 4425 pontiﬁ-

556 4460 673 4504 catu
698 4448 914 4519 Eugenii
938 4444 999 4500 11
1021 4445 1313 4515 etGregorii
1344 4442 1365 4496 I
1377 4442 1462 4509 II,
1486 4445 1851 4515 imperantibus
1885 4444 2137 4500 Ludovico

558 4539 655 4594 Pio
675 4550 722 4595 et
744 4538 928 4593 Carolo
958 4536 1133 4602 Calvo,
1158 4536 1213 4590 id
1243 4548 1313 4589 est
1342 4535 1530 4589 swculo
1560 4538 1804 4604 sequenti,
1840 4537 1890 4589 in
1921 4538 2048 4591 libro
2074 4540 2136 4591 de

559 4630 734 4687 laicah'
771 4627 1123 4687 Institutione.
1155 4628 1239 4697 qui
1275 4628 1496 4695 primum
1531 4628 1694 4681 editus
1741 4639 1811 4682 est
1840 4629 1893 4682 in
1914 4630 2079 4683 lucem
2101 4646 2132 4684 a

2239 3428 2465 3480 eruditos
2495 3443 2597 3479 non
2620 3442 2725 3479 esse
2761 3424 3001 3496 Prosperi
3029 3424 3182 3478 hocce
3210 3440 3337 3493 opus
3360 3424 3421 3476 de
3455 3422 3576 3477 Vita
3603 3434 3821 3477 contem-

2238 3519 2448 3589 plativa,
2482 3532 2571 3571 nec
2597 3519 2660 3572 iis
2684 3518 2862 3589 religio
2894 3519 2987 3587 fuit
3010 3526 3111 3570 tam
3148 3517 3373 3587 antiquis
3404 3526 3606 3587 tamque
3632 3516 3821 3571 idoneis

2240 3612 2447 3665 testibus
2474 3612 2626 3679 ﬁdem
2657 3614 2920 3683 derogare,
2945 3621 2993 3666 et
3025 3613 3178 3667 libros
3218 3614 3448 3681 proxime
3481 3610 3822 3684 subjiciendus

2240 3704 2438 3773 parenti
2469 3704 2616 3757 alteri
2645 3706 2929 3769 ascribere;
2956 3702 3168 3759 Juliano
3199 3704 3386 3758 scilicet
3425 3705 3509 3757 cui
3543 3718 3823 3777 c0gnomen

2239 3806 2349 3849 erat
2380 3795 2551 3849 Ponte:
2565 3797 2636 3859 io,
2670 3798 2874 3850 natione
2913 3796 3129 3862 Mauro,
3163 3798 3252 3867 qui
3280 3797 3483 3849 Arelate
3518 3796 3823 3850 rhetoricam

2238 3904 2351 3940 cum
2386 3904 2566 3957 magna
2594 3888 2747 3953 famw
2790 3888 2943 3942 laude
2986 3889 3192 3955 docuit,
3229 3889 3611 3958 auditor-eatque
3652 3887 3824 3942 habuit

2239 3977 2519 4031 Ctesarium
2555 3977 2801 4048 Magnum
2832 3979 3057 4049 ejusdem
3093 3979 3231 4034 urbis
3272 3989 3446 4047 postea
3495 3980 3822 4051 episcopum,

2239 4077 2295 4120 ut
2314 4077 2526 4122 testatur
2554 4069 2777 4145 eiusdem
2804 4073 2964 4123 sancti
2995 4070 3249 4140 pontiﬁcis
3289 4070 3417 4125 Vita:
3445 4071 3591 4126 liber.

2313 4159 2489 4231 Hujus
2532 4177 2687 4229 porro
2732 4164 2999 4217 sententias
3044 4166 3364 4235 probationes
3404 4174 3684 4235 suppetunt
3721 4181 3822 4219 non

2241 4270 2437 4321 pauere.
2468 4252 2629 4317 Nam,
2661 4256 2783 4309 I°ut
2803 4270 2867 4309 ea:
2891 4254 3154 4323 ipsiusmet
3177 4257 3397 4311 auctoris
3425 4258 3712 4311 testimonio
3736 4274 3817 4312 ar—

2240 4356 2536 4418 gumentum
2561 4348 2784 4419 primum
2813 4348 3078 4413 ducamus,
3102 4358 3283 4402 auctor
3309 4352 3401 4405 iste
3424 4351 3583 4421 (quod
3616 4352 3826 4405 solerter

2228 4449 2360 4494 ante
2377 4455 2547 4494 omnes
2570 4440 2847 4495 observavit
2868 4440 2984 4495 Jac.
3012 4442 3317 4499 Sirmondus
3340 4444 3392 4499 in
3409 4447 3539 4501 notis
3560 4448 3629 4500 ad
3644 4445 3827 4518 Aquis-

2240 4547 2489 4601 grauense
2515 4532 2808 4602 concilium)
2845 4532 3041 4589 Hilarii
3068 4537 3397 4608 Arelatensis,
3428 4540 3515 4607 qui
3542 4540 3665 4594 obiit
3690 4556 3825 4594 anno

2240 4623 2368 4691 449,
2400 4627 2576 4680 laudes
2612 4630 2859 4696 contexit,
2902 4628 2991 4682 lib.
3023 4645 3079 4693 Il,
3112 4648 3231 4702 cap.
3271 4631 3337 4697 9,
3364 4632 3514 4702 quasi
3534 4630 3644 4699 eius
3678 4649 3828 4701 quem

560 4722 848 4777 άοοιὲεείοηο
884 4720 991 4774 vim
1024 4718 1087 4775 ο·
1136 4719 1276 4772 Luca
1299 4720 1513 4773 Αεῆενὶο
1542 4719 1791 4773 monacho
1823 4721 2135 4793 Sangerma.
2169 4728 2216 4791 (ζ
2245 4720 2393 4791 longe
2426 4728 2542 4774 ante
2590 4721 2722 4774 diem
2771 4739 3067 4791 supremum
3112 4724 3295 4779 obiisse
3338 4725 3583 4794 supponit
3631 4741 3652 4781 :
3690 4725 3829 4796 quod

558 4814 725 4880 neusi,
748 4810 942 4866 ordinis
973 4810 1033 4866 8.
1067 4809 1330 4864 Benedicti
1362 4812 1768 4883 congregationis
1792 4811 1853 4867 S.
1882 4811 2056 4867 Mauri
2083 4814 2137 4868 in

557 4918 695 4962 tanto
725 4903 750 4959 Ι
785 4905 864 4959 sui
893 4904 1196 4971 scriptorum
1228 4912 1449 4956 veterum
1482 4902 1765 4974 Spicilegii.
1809 4904 1937 4958 Tum
1971 4907 2141 4959 conci-

555 5000 684 5054 lium
713 4998 1119 5068 Aquisgranense
1149 4997 1242 5049 sub
1273 4995 1447 5049 eodem
1487 4994 1744 5050 Ludovico
1775 4995 1872 5051 Pio
1904 4999 1956 5051 in
1984 5015 2137 5052 causa

554 5092 783 5165 ejusdem
804 5090 1165 5143 canonicorum
1190 5089 1524 5144 institutionis
1544 5089 1846 5145 celebratum
1875 5108 2012 5145 anno
2034 5092 2137 5148 818

555 5183 674 5237 huic
712 5184 942 5255 opinioni
981 5183 1145 5253 favere
1172 5183 1401 5248 videtur,
1446 5199 1561 5236 eum
1610 5183 1759 5239 hosce
1789 5193 2037 5239 tractatus
2084 5196 2140 5240 ut

555 5275 930 5342 Prosperianos
973 5283 1208 5345 usurpat,
1238 5291 1340 5328 non
1376 5290 1517 5329 secus
1556 5292 1616 5330 ac
1658 5277 1933 5331 concilium
1969 5276 2133 5331 Pari-

556 5369 720 5424 siense
738 5378 935 5424 sextum
961 5366 1052 5420 sub
1080 5367 1256 5420 eodem
1283 5367 1588 5435 imperatore
1622 5377 1736 5438 post
1763 5386 1925 5423 annos
1972 5371 2139 5423 trede-

555 5460 653 5512 cim
673 5470 920 5514 coactum.
954 5458 1092 5526 Quin
1121 5457 1274 5511 etiam
1302 5456 1422 5510 huic
1449 5460 1589 5528 operi
1618 5459 1918 5530 inscriptum
1948 5464 2139 5534 legitur

563 5549 799 5631 Prosperi
820 5568 999 5606 nomen
1021 5552 1073 5604 in
1094 5550 1451 5619 manuscriptis
1472 5551 1727 5604 codicibus
1748 5556 1974 5622 ejusdem
2008 5566 2140 5611 teta-

558 5642 642 5705 tt's,
665 5650 710 5693 et
734 5642 787 5694 in
808 5643 955 5696 editis
992 5642 1360 5714 antiquioribus
1389 5640 1599 5696 habetur
1626 5643 1896 5698 insertum.
1925 5646 2016 5701 Ita
2045 5651 2133 5704 de»

557 5735 706 5805 nique
720 5734 987 5801 creditum,
1002 5736 1145 5791 nullo
1164 5739 1474 5807 refragante,
1493 5738 1554 5790 ob
1583 5736 1816 5792 omnibus
1838 5742 2149 5815 posterioris

2243 4822 2376 4868 certe
2389 4815 2601 4884 aequalis
2615 4813 2821 4869 Hilario
2842 4815 3063 4888 Prosper
3077 4834 3301 4873 querere
3321 4817 3639 4887 nequivisset.
3654 4819 3829 4875 Addes

2242 4908 2415 4974 etiam,
2439 4908 2479 4961 si
2498 4908 2721 4972 libuerit,
2740 4924 2850 4961 eam
2870 4909 3115 4963 rationem
3129 4927 3281 4981 quam
3294 4920 3433 4982 urget
3457 4909 3533 4966 Η.
3559 4908 3825 4979 Norisius,

2242 5001 2381 5070 quod
2410 5016 2586 5073 nempe
2618 5000 2841 5072 Prosper
2871 5020 2971 5057 non
2993 5004 3063 5057 ita
3084 5004 3356 5083 liberaliter
3386 5021 3500 5058 eunt
3545 5005 3826 5071 laudasset,

2243 5108 2387 5162 quem
2419 5094 2528 5163 ipse
2572 5095 2623 5147 in
2667 5095 2847 5150 litteris
2877 5096 2946 5149 ad
2985 5094 3323 5171 Augustinum
3348 5107 3559 5153 testatur
3582 5101 3634 5153 in
3663 5100 3831 5154 sancti

2248 5183 2480 5237 doctoris
2503 5185 2687 5256 gratia:
2712 5180 3181 5245 doctrinamminus
3206 5206 3514 5262 prapeusum
3532 5208 3551 5258 ,°
3572 5192 3679 5245 etsi
3696 5193 3831 5245 alias

2246 5278 2439 5333 meritis
2479 5282 2708 5347 clarum,
2746 5286 3018 5353 prwcipute
3044 5282 3383 5350 auctoritatis,
3414 5293 3459 5337 et
3483 5280 3832 5355 spiritualium

2244 5373 2531 5428 studiorunt
2563 5375 2727 5429 virum
2757 5376 2914 5446 fuisse
2941 5376 3266 5447 proﬁteatur.

2315 5466 2442 5521 Alite
2463 5468 2669 5540 insuper
2688 5478 2965 5541 suppetunt
2991 5470 3244 5537 rationes,
3269 5484 3386 5543 quae
3413 5468 3534 5524 dum
3561 5487 3688 5541 opus
3713 5487 3832 5535 vero

2242 5560 2437 5612 auctori
2459 5561 2749 5629 restituunt,
2784 5564 3065 5617 necessario
3087 5559 3227 5618 illud
3263 5564 3498 5632 deinceps
3525 5582 3558 5619 a
3584 5563 3833 5637 Prosperi

2244 5650 2479 5715 operibus
2519 5668 2721 5707 omnino
2767 5666 3051 5709 secernunt.
3097 5658 3168 5711 Ac
3205 5658 3425 5727 primum
3475 5658 3533 5715 S.
3588 5659 3832 5714 Isidorus

2244 5741 2371 5795 libro
2400 5744 2460 5797 de
2494 5744 2841 5815 scriptoribus
2885 5750 3255 5818 ecclesiasticis,
3297 5767 3415 5820 cap.
3449 5751 3538 5817 12,
3575 5754 3832 5822 erplicate
