4124 6350
360 329 473 389 M3.

1762 343 2295 402 PHULEGOMENA.

3502 356 3612 420 4M

356 442 503 496 libros
526 444 638 496 illus
667 444 878 538 uliano
904 445 1138 504 Pomerio
1167 454 1391 518 ascribit,
1415 455 1494 509 his
1520 456 1716 510 verbis:
1739 476 1755 508 s
1781 456 1922 510 Alios
1954 457 2003 516 Α
2030 458 2184 524 giosw
2223 460 2487 516 sodalitati
2531 464 2761 534 defuncti
2807 466 3001 520 abbatis
3039 468 3148 522 loco
3178 468 3474 538 suffectum,
3508 490 3609 529 non

354 549 544 604 quoque
561 544 654 589 tres
678 536 832 591 libras
853 539 1009 594 edidit
1030 543 1293 612 defuturae
1316 547 1429 599 vita:
1450 545 1920 616 Contemplatione,

352 627 426 684 vel
448 631 661 686 actualis
689 638 1089 703 conversatione,
1128 656 1217 692 nec
1258 657 1355 695 non
1396 642 1546 695 etiam
1588 644 1653 696 de
1695 640 1847 695 Vitiis
1878 650 1923 695 et

359 716 637 777 Virtutibus
660 740 678 777 :
711 744 730 777 s
754 742 853 795 qua
888 738 1018 781 certe
1046 732 1329 785 recensione
1358 734 1519 787 omnis
1558 750 1725 802 Opera:
1751 734 1923 788 distri-

351 817 485 871 butio
503 825 553 870 et
577 820 731 873 totius
760 832 1001 875 tractatus
1025 824 1166 878 istius
1210 838 1562 895 argumentum
1596 829 1920 893 describitur,

350 916 401 960 ut
422 922 483 961 ea:
504 907 620 962 libri
634 910 765 964 tertii
786 914 1084 981 prtefatiane
1108 915 1293 968 clarius
1314 918 1662 984 perspicietur.
1688 917 1748 970 2°
1774 915 1926 971 Lau-

349 1004 501 1055 datus
538 1002 647 1073 jam
687 1002 990 1059 Sirmondus
1017 1006 1237 1060 codicem
1280 1024 1373 1063 ms.
1409 1011 1592 1064 vidisse
1620 1026 1673 1064 se
1704 1020 1921 1065 testatur

348 1091 433 1161 qui
459 1094 625 1163 fuerat
652 1094 781 1148 alias
809 1095 871 1150 S.
912 1095 1192 1152 Saluatoris
1220 1100 1522 1155 vicecamitis
1542 1141 1558 1167 ,
1589 1112 1763 1169 postea
1804 1119 1918 1157 vero

348 1184 445 1252 fuit
484 1183 811 1240 illustrissimi
857 1188 1227 1257 doctissimique
1259 1191 1627 1264 archiepiscopi
1682 1192 1921 1248 Tolosani

348 1271 519 1328 Caroli
539 1275 601 1329 de
633 1274 913 1343 Montchal,
944 1281 996 1332 in
1019 1297 1117 1350 qua
1164 1280 1283 1335 libri
1313 1282 1413 1348 illi,
1444 1282 1649 1337 Iuliani
1688 1284 1921 1340 Pomerii

346 1368 551 1422 nomine
570 1370 968 1438 prwtitulantur.
994 1371 1057 1424 Et
1084 1375 1258 1427 eodem
1286 1375 1387 1441 ﬁde
1420 1375 1720 1444 dignissima
1752 1393 1923 1433 asser-

348 1474 486 1532 tore,
523 1466 573 1519 in
620 1463 924 1521 Collectione
976 1483 1229 1522 canonum
1277 1470 1463 1523 codicis
1509 1472 1914 1539 Andegavensis,

346 1565 522 1613 sancto
543 1557 803 1625 Pomeria,
828 1561 903 1614 sic
917 1559 1048 1613 enim
1072 1570 1233 1626 vocat,
1262 1577 1439 1616 rursus
1460 1564 1781 1617 ascribuntur
1810 1575 1888 1618 tra
1904 1595 1917 1605 -

252 1674 255 1675 ν
346 1660 510 1705 elatus
528 1650 795 1705 illinostri.
826 1654 1051 1705 Alterum
1075 1655 1287 1706 subinde
1308 1662 1512 1705 nactum
1538 1670 1589 1706 se
1613 1664 1825 1708 testatur
1855 1656 1916 1710 Ρ.

350 1740 651 1808 Quesnellus
696 1741 748 1795 in
796 1742 1096 1795 bibliotheca
1139 1743 1355 1796 abbatiw
1406 1743 1563 1797 beata:
1626 1744 1809 1799 Maria:
1861 1748 1923 1800 de

2030 551 2169 605 inani
2202 553 2333 621 forte
2384 558 2675 627 conjectura
2717 560 2991 629 inferemus
3032 562 3179 617 illum
3208 564 3422 619 Juliano
3448 570 3610 640 magi~

2027 651 2133 696 stro
2162 646 2420 712 quondam
2448 663 2543 701 suo
2562 648 2659 703 hoc
2680 651 2732 703 in
2756 667 2963 705 munere
2986 669 3320 710 successorem
3348 658 3560 711 electum
3589 675 3607 713 :

2026 749 2170 801 quem
2198 735 2400 802 quidem
2422 736 2517 790 hoc
2547 748 2772 808 tempore
2782 742 2899 811 jam
2926 744 3074 799 annis
3094 762 3295 814 gravem
3321 749 3607 804 existimari

2026 840 2330 894 consequens
2364 830 2480 883 erit.
2514 830 2665 894 Quod
2706 834 2858 886 etiam
2910 835 3018 901 ipse
3041 837 3207 890 innuit
3235 837 3527 894 Gennadius
3553 845 3607 895 in

2026 916 2269 985 Catalogo
2317 935 2434 984 cap.
2466 921 2556 986 98,
2607 938 2755 990 quem
2798 927 3105 981 concinnam
3150 940 3239 982 aut
3276 933 3601 1002 amplificans

2026 1013 2162 1066 circa
2182 1029 2371 1067 annum
2398 1015 2533 1079 494,
2563 1016 2634 1069 ait
2665 1031 2683 1069 :
2720 1022 2742 1067 ι’
2779 1016 3057 1086 Scripsisse
3101 1031 3151 1075 et
3193 1024 3296 1077 alia
3322 1026 3527 1089 dicitur,
3559 1034 3607 1080 et

2026 1102 2195 1156 adhuc
2221 1104 2552 1161 scribere.....
2580 1108 2698 1161 vivit
2720 1122 2877 1177 usque
2904 1108 3056 1163 hodie
3095 1116 3472 1169 conversatione
3498 1115 3606 1169 Deo

1974 1240 1993 1262 ,
2025 1194 2202 1266 digna,
2228 1205 2350 1267 apta
2385 1198 2691 1267 professioni
2727 1208 2774 1252 et
2803 1199 3010 1269 gradui.
3048 1219 3070 1254 ι
3108 1202 3300 1266 Quibus
3326 1205 3485 1257 verbis
3515 1220 3606 1274 po-

2023 1288 2240 1354 stremis,
2262 1297 2310 1341 et
2338 1288 2699 1345 monachatum
2720 1289 2861 1345 illius
2883 1299 2929 1345 et
2949 1292 3289 1347 sacerdotium
3314 1294 3606 1365 designasse
3630 1330 3643 1337 ε

2014 1378 2139 1449 jure
2170 1377 2421 1432 credetur.

2098 1468 2339 1540 Inscripti
2376 1478 2490 1525 sunt
2519 1480 2688 1525 autem
2727 1471 2843 1526 libri
2874 1472 2951 1526 illi
2988 1472 3201 1528 Iuliano
3227 1476 3485 1545 episcopo,
3516 1475 3605 1529 sed

2026 1560 2276 1612 incertam
2305 1563 2458 1632 cujus
2496 1560 2627 1615 sedis
2656 1562 2808 1628 fuerit
2840 1563 3123 1633 episcopus.
3157 1564 3462 1619 Observatur
3484 1582 3604 1620 sane

2029 1650 2181 1721 hujus
2213 1651 2431 1703 nominis
2453 1652 2683 1722 pontifex
2713 1652 3186 1721 Carpentoratensis
3217 1659 3267 1709 in
3295 1655 3603 1726 ‘Epaonensi

2030 1740 2243 1791 concilia
2272 1743 2393 1792 anni
2416 1743 2518 1794 517
2551 1742 2889 1809 subscriptus,
2918 1746 2999 1797 cui
3025 1755 3075 1797 ut
3109 1747 3202 1799 hoc
3229 1764 3355 1815 opus
3380 1749 3603 1801 dicatum

350 1830 558 1900 Trappa
576 1872 591 1895 ,
622 1847 735 1900 qua:
764 1847 826 1884 ex
861 1832 1071 1885 obscuro
1101 1833 1457 1885 monasteriales
1479 1834 1533 1887 in
1575 1836 1925 1889 numer-asini.
1956 1833 2005 1894 Β
2031 1829 2285 1897 iudicetur
2312 1845 2411 1883 non
2443 1829 2643 1884 videtur
2684 1834 2884 1886 obstare
2913 1845 3019 1888 tum
3046 1837 3176 1888 ratio
3206 1842 3440 1909 temporis
3458 1879 3473 1903 ,
3500 1850 3604 1892 tum

350 1937 487 1974 mum
530 1924 1002 1993 sanctissimumque
1047 1925 1343 1978 asceterium
1391 1925 1654 1995 derepente
1708 1928 1923 1981 evadens

350 2014 715 2085 religiosissimi
741 2017 934 2071 abbatis
967 2018 1138 2073 studio
1162 2034 1223 2071 ac
1264 2018 1465 2085 pietate,
1490 2035 1637 2074 suum
1664 2030 1925 2075 cetate'no-

345 2116 452 2161 stra
480 2106 766 2163 Gallicana
805 2106 1046 2163 Ecclesia!
1082 2108 1438 2174 Bernardum,
1483 2126 1626 2164 suam
1658 2110 1923 2166 Bernardo

342 2197 563 2251 reddidit
595 2198 800 2253 Clarum
834 2198 1050 2255 Vallem.
1080 2199 1290 2255 Duobus
1311 2201 1446 2255 hisce
1475 2202 1688 2256 aculatis
1717 2204 1921 2267 testibus

341 2291 529 2344 addere
560 2292 704 2345 liceat
740 2294 941 2346 tertium
972 2310 1071 2347 non
1110 2295 1322 2347 minoris
1365 2296 1680 2349 auctoritatis
1722 2307 1912 2364 testem,

340 2382 531 2436 scilicet
585 2385 929 2439 doctissimum
979 2395 1026 2439 et
1068 2387 1339 2439 clarissimi
1393 2388 1609 2440 nominis
1659 2398 1918 2443 auctorem

237 2516 244 2525 .
340 2474 667 2530 Bibliotheca?
701 2492 840 2529 nova:
876 2488 1139 2531 auctarum
1168 2479 1653 2545 ecclesiasticarum,
1684 2483 1768 2550 qui
1794 2483 1918 2535 tomi

336 2568 418 2623 sui
439 2570 573 2621 tertii
596 2577 740 2638 parte
759 2574 978 2622 secunda
1005 2578 1192 2631 monet,
1218 2572 1442 2624 audiisse
1470 2588 1522 2623 se
1549 2574 1603 2642 (a
1624 2573 1724 2640 ﬁde
1752 2575 1917 2644 dignis

337 2657 516 2724 procul
537 2658 709 2726 dubia)
731 2659 979 2711 asservari
1001 2660 1278 2712 etiamnum
1302 2662 1353 2713 in
1381 2661 1681 2715 bibliotheca
1704 2666 1917 2731 capituli

335 2748 550 2817 insignis
573 2746 815 2803 Ecclesia:
841 2747 1227 2817 Bellovacensis,
1249 2762 1585 2821 pervetustum
1616 2770 1710 2809 ms.
1743 2756 1793 2809 in
1816 2773 1916 2829 quo

333 2850 437 2895 tres
479 2841 592 2895 libri
638 2842 699 2894 de
754 2842 871 2896 Vita
912 2843 1297 2913 contemplativa
1334 2844 1535 2899 Jutiani
1586 2845 1809 2903 Pomerii
1860 2860 1913 2903 ut

330 2935 458 2988 certi
487 2934 711 2989 auctoris
732 2936 933 2988 nomine
960 2936 1321 3007 insigniuntur.

407 3025 520 3081 Nec
549 3029 678 3098 forte
705 3030 914 3081 alterius
942 3030 1110 3098 aperis
1144 3028 1365 3082 Pomerii
1394 3033 1681 3086 meminisse
1702 3050 1909 3089 censen-

330 3120 433 3173 dus
462 3134 531 3173 est
556 3117 855 3173 Gennadius
896 3122 947 3173 in
983 3120 1229 3192 Catalaga
1256 3121 1320 3174 de
1345 3123 1461 3175 viris
1486 3123 1791 3192 illustribus,
1822 3143 1909 3180 seu

2028 1922 2289 1992 regionum
2317 1922 2559 1974 distantia
2590 1939 2607 1975 :
2640 1924 2727 1976 sed
2750 1934 2800 1975 ut
2831 1936 2933 1977 erat
2963 1926 3057 1979 hac
3086 1944 3268 1981 nomen
3295 1930 3371 1982 his
3411 1932 3605 1986 sarculis

2027 2029 2311 2079 commune,
2336 2012 2427 2067 alii
2449 2016 2599 2067 etiam
2618 2031 2727 2069 esse
2746 2025 2953 2088 patuere
2968 2017 3188 2086 Iuliani,
3218 2037 3434 2090 quarunt
3458 2021 3605 2075 alteri

2025 2105 2404 2158 lucubrationes
2447 2121 2565 2159 suas
2618 2118 2959 2176 nuncupasset
3006 2108 3295 2166 Pomerius.
3351 2111 3520 2178 Nam,
3560 2113 3604 2167 si

1992 2190 2003 2198 ”
2023 2195 2149 2261 ﬁdes
2170 2197 2370 2248 auctori
2409 2194 2535 2248 Vita:
2558 2196 2618 2250 S.
2654 2196 2909 2250 Honorati
2930 2215 3044 2268 qua:
3075 2201 3452 2269 circumfertur,
3474 2205 3605 2257 sedit

2020 2287 2152 2341 inter
2208 2286 2593 2357 Forojuliinses
2643 2290 2797 2362 hujus
2851 2293 3069 2345 nominis
3120 2296 3349 2366 pontifex
3397 2313 3415 2351 :
3458 2314 3603 2358 auem

2023 2396 2135 2432 cum
2158 2380 2248 2433 iste
2273 2379 2500 2451 ejusdem
2536 2378 2794 2433 llonarati
2826 2392 2871 2435 et
2902 2383 3134 2454 Caprasii
3166 2402 3230 2439 ex
3270 2386 3427 2440 Italia
3451 2391 3604 2442 redu-

2020 2488 2136 2523 cum
2168 2471 2412 2540 hospitem
2452 2480 2659 2536 narret;
2696 2482 2876 2526 auctor
2897 2475 3101 2530 dissert.
3145 2479 3206 2529 de
3239 2476 3406 2531 lnitiis
3434 2476 3603 2531 Foro-

2020 2566 2226 2639 jyliens.
2257 2562 2515 2630 Ecclesiar,
2540 2565 2895 2617 eumdemcum
2924 2567 3195 2633 Quillinio,
3215 2570 3282 2621 ad
3302 2587 3446 2638 quem
3468 2572 3601 2624 data:

2020 2666 2216 2711 exstant
2244 2656 2445 2725 Leporii
2467 2659 2844 2722 retractationis
2873 2658 3073 2723 littera',
3099 2662 3255 2730 fuisse
3280 2666 3599 2733 conjecerat:

2018 2760 2073 2805 at
2096 2750 2212 2819 quia
2254 2749 2746 2804 consarcinatoribus
2781 2750 3000 2805 solemne
3042 2762 3113 2806 est
3151 2753 3443 2807 remotiores
3476 2766 3601 2807 tem-

2016 2859 2200 2914 porum
2234 2842 2451 2910 epochas
2479 2844 2813 2912 conjungere,
2849 2844 2923 2895 rel
2959 2844 3259 2912 coniunctas
3289 2845 3595 2911 distrahere,

2017 2938 2179 3005 potuit
2210 2936 2298 2989 ille
2327 2933 2593 2987 lulianum
2641 2935 2933 3006 episcOpum
2955 2938 3084 2989 inter
3122 2935 3231 2990 ha’c
3260 2947 3482 3007 tempora
3506 2938 3596 2990 de-

2016 3026 2383 3095 prehendisse;
2427 3034 2538 3095 past
2579 3024 2891 3079 Victorinum
2940 3028 3136 3096 utique,
3186 3028 3272 3097 qui
3316 3044 3450 3081 anno
3490 3028 3597 3085 506

2014 3124 2288 3194 Agatheusi
2315 3125 2525 3177 concilia
2554 3124 2785 3194 intenfuit
2815 3125 3099 3194 :cujusque
3113 3134 3275 3194 exstat
3292 3125 3507 3195 epistola
3528 3125 3595 3179 ad

328 3214 395 3268 de
415 3213 765 3266 ecclesiasticis
789 3214 1139 3281 scriptoribus,
1161 3231 1276 3266 cum
1298 3218 1540 3268 recensita
1561 3232 1710 3283 opere
1739 3220 1788 3271 in
1810 3236 1908 3288 quo

2019 3215 2284 3269 Ruricium
2315 3216 2735 3281 Lemovicenscm,
2760 3227 2805 3269 et
2836 3218 2982 3271 istius
3012 3218 3081 3271 ad
3121 3218 3450 3274 Victorinum.
3486 3219 3594 3274 ls'o

327 3314 516 3359 auctor
546 3305 631 3358 ille
668 3305 1096 3376 interrogantibus
1134 3316 1177 3358 et
1213 3307 1505 3375 rogantibus
1547 3305 1758 3363 Iuliano
1806 3310 1911 3380 epi-

326 3414 487 3466 scopo
515 3408 561 3451 et
592 3396 725 3451 Vera
741 3399 1050 3470 presbytero,
1072 3400 1388 3470 dialogorum
1405 3416 1541 3453 more
1563 3404 1873 3468 respondens
1892 3419 1913 3467 ,'

326 3499 444 3544 arte
489 3491 755 3543 dialectica
784 3499 841 3544 et‘
872 3506 1097 3544 sermone
1137 3492 1338 3558 ingenia
1375 3502 1491 3563 apto
1540 3496 1823 3561 composuit
1850 3495 1914 3548 de

327 3582 540 3637 Natura
559 3585 743 3637 anima
762 3595 809 3637 et
828 3584 1088 3649 Quatitate
1106 3585 1239 3654 ejus,
1259 3592 1379 3650 etc.,
1404 3584 1555 3638 libras
1578 3596 1719 3651 octo;
1742 3588 1911 3641 subdit

327 3675 627 3733 Gennadius
654 3693 672 3732 :
704 3697 721 3729 ι
762 3677 974 3730 Memini
995 3678 1171 3746 legisse
1192 3692 1269 3729 me
1296 3678 1415 3729 alim
1440 3679 1548 3748 ejus
1571 3680 1815 3732 dictatura
1842 3681 1909 3732 al

330 3769 605 3841 quemdam
633 3771 833 3824 nomine
870 3768 1214 3837 Principium,
1241 3779 1363 3838 etc.,
1387 3778 1433 3821 et
1460 3770 1639 3838 aliam,
1666 3776 1728 3826 de
1758 3771 1909 3825 Vitiis

323 3870 371 3914 et
398 3859 683 3914 Virtutibus
719 3861 1103 3929 pratitulatum.
1138 3879 1157 3911 ι

397 3949 515 4008 Nec
542 3954 721 4007 inutile
750 3954 841 4008 erit
872 3956 953 4006 hic
979 3952 1175 4024 aliquid
1199 3954 1351 4005 etiam
1377 3953 1437 4006 de
1457 3951 1659 4008 Iuliani
1686 3954 1908 4010 Pamerii

320 4044 470 4115 fama
490 4048 809 4117 fortunisque
849 4047 1059 4101 breviter
1099 4046 1327 4116 pra’fari.
1364 4043 1483 4098 Fuit
1514 4064 1664 4119 porro
1696 4049 1777 4102 hic
1812 4049 1907 4104 Ju-

320 4138 496 4192 lianus
531 4136 825 4203 Pamerius,
860 4141 982 4191 dum
1007 4140 1110 4191 hare
1134 4140 1357 4207 scripsit,
1381 4155 1443 4192 ex
1464 4138 1722 4194 rhetoricis
1753 4142 1905 4195 disci-

318 4232 480 4299 plinis
509 4232 577 4285 ad
614 4234 974 4287 ecclesiasticos
1000 4232 1191 4304 gradus
1232 4242 1502 4303 provectus
1533 4250 1550 4287 :
1578 4251 1733 4304 neque
1770 4235 1904 4289 enim

316 4321 529 4375 credere
549 4340 642 4394 par
663 4334 736 4376 est
758 4322 1023 4377 lulianum
1046 4325 1359 4392 episcopum,
1385 4327 1532 4396 cujus
1544 4328 1693 4394 jussu
1713 4327 1902 4394 stylum

314 4413 571 4481 arripuit,
600 4425 858 4467 auctorem
889 4413 968 4467 illi
1005 4413 1182 4484 fuisse,
1218 4425 1269 4467 ut
1303 4418 1364 4468 de
1399 4415 1695 4468 clericorum
1725 4418 1900 4486 ofﬁciis

314 4513 559 4558 tractaret
588 4515 853 4576 antequam
876 4522 933 4558 eo
961 4506 1125 4576 gradu
1156 4516 1333 4559 auctus
1364 4515 1510 4569 esset,
1546 4507 1625 4558 cui
1670 4504 1898 4561 Ecclesia

310 4596 689 4667 magisterium,
711 4606 756 4649 et
787 4597 1003 4650 aliarum
1035 4598 1396 4649 institutionem
1424 4598 1685 4667 permittit.
1723 4599 1827 4649 Sed
1850 4610 1895 4652 et

312 4686 615 4741 Gennadius
645 4686 780 4739 hunc
820 4688 1162 4756 presbyterum
1203 4689 1495 4739 ordinatum
1532 4688 1709 4744 tradit.
1742 4687 1895 4742 Hunc

309 4776 588 4833 Ennodius
610 4776 891 4832 Ticinensis
916 4780 1182 4848 episcopus
1222 4779 1472 4848 exquisite
1505 4780 1681 4831 laudat
1714 4779 1803 4833 lib.
1835 4798 1892 4845 ιι,

306 4870 702 4942 epist.6,quam
728 4871 825 4939 ipsi
854 4870 1099 4936 inscribit,
1122 4871 1209 4923 ubi
1228 4868 1335 4923 ha'c
1356 4872 1447 4924 sub
1470 4870 1619 4939 finem
1644 4887 1661 4924 :
1692 4890 1707 4922 s
1743 4871 1894 4925 Nunc

304 4964 446 5028 vale,
475 4962 547 5015 mi
583 4963 806 5029 domine,
853 4973 896 5015 et
929 4965 1062 5015 circa
1094 4978 1171 5015 me
1217 4961 1569 5016 ecclesiastica:
1606 4964 1895 5033 disciplina:

302 5056 481 5127 magis
511 5071 683 5111 exerce
721 5055 989 5125 fautorem,
1022 5073 1041 5106 ι
1072 5064 1166 5109 etc.
1199 5056 1277 5107 Ad
1308 5057 1541 5108 eumdem
1581 5056 1732 5109 etiam
1762 5056 1891 5108 duas

299 5150 556 5221 epistolas
593 5149 943 5216 transmisisse
988 5148 1171 5218 legitur
1214 5146 1449 5201 Ruricius
1500 5146 1887 5200 Lemoviccnsis.

300 5244 457 5299 Nam
479 5252 526 5298 et
555 5244 662 5311 ipse
696 5242 945 5297 Eonium
977 5243 1320 5296 Arelatensem
1349 5252 1515 5311 rogat,
1551 5242 1638 5295 lib.
1671 5257 1730 5309 ιι,
1772 5258 1887 5308 cup.

208 5402 213 5411 ι
296 5338 354 5403 8,
383 5347 441 5391 ut
466 5336 759 5390 Pomerium
874 5351 926 5389 se
954 5337 1119 5389 venire
1146 5334 1343 5403 jubeat.
1376 5332 1428 5389 Η
1436 5351 1533 5387 unc
1565 5342 1737 5388 autem
1771 5348 1887 5386 cum

295 5438 431 5483 tunc
457 5428 685 5483 abbatem
722 5428 974 5495 appellet,
1005 5436 1300 5496 argumenta
1342 5433 1414 5479 est
1445 5441 1563 5478 eum
1591 5426 1655 5477 ab
1690 5423 1884 5477 rEonia

295 5521 603 5574 monasterii
636 5521 889 5590 regimini,
932 5529 1041 5588 post
1073 5520 1312 5589 adeptum
1340 5517 1705 5572 sacerdotalem
1745 5519 1887 5570 ordi-

291 5632 419 5669 nens
443 5614 600 5683 fuisse
621 5600 967 5684 prtepositum,
988 5612 1411 5683 quemadmodum
1427 5611 1635 5681 ipsemet
1659 5610 1889 5677 pontifex

288 5712 587 5766 Caesarium
614 5713 721 5779 iam
741 5711 931 5781 factum
958 5710 1300 5779 presbyterum
1330 5706 1625 5759 monasterii
1652 5706 1884 5758 abbatem

286 5806 498 5877 pariter
530 5805 876 5861 constituerat.
914 5803 1053 5859 Dum
1085 5819 1197 5859 vero
1228 5802 1411 5859 dicitur
1451 5802 1730 5859 Cwsarium
1757 5801 1881 5855 reli-

2013 3317 2182 3360 autem
2228 3305 2485 3378 Forojulii
2530 3307 2751 3373 sedente,
2776 3305 3043 3360 lulianum
3072 3311 3343 3379 provincia:
3363 3312 3593 3380 regiones

2014 3399 2363 3463 callustrasse,
2393 3407 2438 3450 et
2461 3415 2576 3450 cum
2609 3399 2999 3460 provincialibus
3046 3402 3433 3454 necessitudines
3462 3418 3590 3456 catt-

2015 3479 2227 3542 traxisse
2264 3487 2546 3558 singulares
2590 3488 2832 3553 probatur
2872 3490 2923 3541 in
2964 3489 3181 3544 Secretis
3219 3491 3585 3546 Lirinensibus.

2014 3577 2097 3633 Ex
2126 3580 2221 3631 hac
2240 3588 2407 3631 autem
2432 3582 2539 3649 ejus
2568 3579 2621 3631 in
2656 3578 2734 3631 his
2764 3579 2991 3647 partibus
3035 3584 3415 3649 consuetudine,
3447 3582 3588 3636 haud

2012 3674 2163 3726 dubie
2210 3673 2429 3743 afflatum
2485 3673 2563 3726 illi
2621 3673 2962 3745 apinatiancm
3000 3675 3249 3741 suspicari
3297 3687 3589 3746 pramptrm

2012 3775 2107 3831 est,
2151 3783 2251 3837 qua
2276 3784 2337 3820 ea:
2380 3766 2519 3819 citati
2548 3763 2741 3818 lsidori
2781 3765 3063 3819 testimonio
3091 3766 3358 3832 discimus,
3398 3784 3510 3821 eum
3536 3769 3589 3822 iu

2010 3867 2123 3911 octo
2146 3858 2289 3911 libris
2310 3858 2371 3911 de
2394 3856 2596 3911 Natura
2617 3858 2801 3909 animm
2821 3874 2947 3927 quos
2970 3859 3288 3925 conscripsit,
3314 3860 3588 3913 secundum

2011 3949 2315 4002 Tertulliani
2340 3950 2592 4003 erroribus
2620 3948 2981 4019 labefactasse,
3013 3950 3135 4001 dum
3164 3966 3274 4003 eam
3295 3966 3589 4016 corpoream

2008 4040 2279 4114 fallacibus
2319 4042 2473 4093 etiam
2517 4040 2828 4111 argumentis
2871 4048 3097 4091 astruere
3140 4040 3414 4094 contendit.
3449 4038 3587 4092 Nam

2009 4145 2113 4188 tum
2148 4152 2330 4203 magna
2367 4136 2517 4204 famae
2558 4132 2712 4185 laude
2750 4129 3093 4185 celebrabatur
3138 4129 3361 4209 Faustus
3407 4148 3584 4183 mona-

2006 4229 2143 4282 sterii
2162 4224 2461 4288 Lirinensis,
2477 4225 2527 4276 in
2546 4222 2891 4292 Forojuliensi
2905 4221 3157 4272 territorio
3172 4231 3281 4288 post
3300 4219 3586 4272 Maximum

2012 4321 2270 4373 Iieiensem
2291 4328 2398 4371 tum
2429 4316 2741 4387 episcopum,
2774 4311 3061 4379 abbas;qui
3082 4310 3281 4380 quidem
3326 4312 3586 4363 sententia

2007 4428 2131 4478 pene
2159 4408 2469 4477 cansepultcv
2500 4408 2689 4460 cineres
2730 4404 2976 4459 suscitare
3006 4418 3105 4454 non
3136 4401 3439 4467 detrectans,
3474 4410 3584 4455 eam

2006 4506 2157 4558 etiam
2183 4503 2381 4571 scriptis
2407 4500 2548 4555 libris
2587 4498 2773 4551 acriter
2795 4497 3078 4566 defendisse
3097 4495 3219 4566 perh
3245 4495 3385 4548 betur
3416 4512 3434 4549 :
3464 4513 3584 4549 con-

1923 4565 1979 4625 D
2006 4608 2081 4651 tra
2114 4613 2259 4665 quem
2284 4611 2345 4647 ex
2372 4596 2579 4646 adverso
2608 4592 2741 4645 stetit
2786 4588 3097 4644 Claudianus
3149 4586 3445 4641 Viennensis
3486 4586 3585 4641 lic-

2004 4692 2169 4746 clesiw
2186 4678 2465 4759 presbyter,
2491 4686 2686 4754 litisque
2703 4684 2969 4737 arbitrium
2990 4699 3042 4736 se
3065 4682 3179 4753 legit
3201 4680 3583 4751 Pra’fecloriurr.

2010 4784 2324 4843 Patricium.
2374 4779 2724 4834 doctissimum
2767 4777 2965 4838 virum,
3009 4783 3053 4825 et
3104 4783 3207 4839 opt.
3250 4770 3307 4825 C.
3359 4772 3580 4828 Sollium

2007 4876 2277 4930 Sidonium
2308 4874 2423 4927 :his
2465 4872 2598 4924 enim
2628 4869 2931 4931 nominibus,
2971 4867 3023 4919 in
3054 4864 3269 4932 epistola
3312 4865 3449 4917 libris
3476 4869 3579 4919 suis

2007 4969 2219 5037 pra'ﬁxa
2251 4966 2397 5018 illum
2437 4961 2684 5016 convenit.
2732 4957 2989 5011 Arbitrum
3034 4957 3177 5008 illum
3207 4964 3373 5010 autem
3406 4958 3580 5009 statuit

2003 5060 2198 5114 Fausto
2224 5060 2339 5113 licet
2366 5055 2745 5115 amicissimum,
2775 5052 2861 5105 sed
2889 5050 2973 5119 qui
3000 5050 3290 5102 amiciorem
3332 5048 3426 5101 sibi
3454 5049 3580 5099 veri-

2001 5165 2152 5209 tatem
2182 5150 2305 5206 satis
2351 5146 2605 5200 cumulate
2651 5153 2859 5197 tcstatus
2887 5158 2990 5196 esse
3028 5142 3247 5203 videtur,
3278 5140 3397 5191 dum
3426 5139 3578 5189 libras

2000 5249 2138 5314 illas,
2172 5256 2244 5298 tot
2280 5240 2540 5313 exquisitis
2568 5237 2833 5311 praeconiis
2862 5234 3125 5289 celebravit
3151 5233 3205 5285 in
3224 5248 3316 5284 sua
3346 5229 3489 5281 tertia
3510 5228 3579 5280 ad

1999 5339 2343 5397 Ctaudianum
2366 5334 2513 5404 epist.
2549 5331 2635 5385 lib.
2661 5343 2738 5383 ιν.
2808 5398 2817 5405 ι

2072 5431 2472 5495 therumsuos
2503 5428 2564 5479 de
2593 5425 2774 5477 Anima
2832 5421 2985 5475 libras
3034 5414 3322 5475 Pomerius,
3355 5413 3423 5465 ad
3443 5414 3579 5485 ejus-

1998 5520 2114 5580 dem
2133 5522 2336 5578 Juliani
2360 5520 2603 5591 episcopi,
2634 5517 2718 5571 cui
2748 5514 2903 5569 libros
2946 5512 3008 5566 de
3038 5509 3155 5562 Vita
3186 5505 3578 5576 contemplativa

1997 5616 2271 5684 inscripsit,
2307 5614 2597 5682 petitionem
2629 5608 2865 5676 digessit,
2888 5604 3063 5655 eodem
3091 5607 3343 5651 assertare
3373 5596 3578 5652 Genna-

1996 5710 2101 5775 dio,
2131 5708 2214 5777 qui
2237 5706 2398 5759 alium
2425 5704 2772 5771 presbyterum
2794 5695 2992 5749 nomine
3014 5691 3198 5745 Verum
3212 5702 3458 5745 memorat
3482 5692 3576 5746 ltu-

1992 5809 2075 5866 ius
2098 5803 2261 5867 operis
2282 5798 2461 5857 edendi
2487 5810 2600 5849 cum
2614 5791 2826 5845 Iuliano
2849 5796 3214 5856 promotorsns.
3236 5786 3397 5853 Atque
3410 5785 3470 5840 de
3482 5784 3577 5840 hoc
