  <div class='ocr_page' id='page_1' title='image "/cluster/home/n/w/nwhite01/storage/ocr_20150623/59/hvd.32044015471626/213.png"; bbox 0 0 4124 6350; ppageno 0'>
   <div class='ocr_carea' id='block_1_1' title="bbox 485 330 594 390">
    <p class='ocr_par' dir='ltr' id='par_1_1' title="bbox 485 330 594 390">
     <span class='ocr_line' id='line_1_1' title="bbox 485 330 594 390; baseline 0 -1"><span class='ocrx_word' id='word_1_1' title='bbox 485 330 594 390; x_wconf 65' lang='grc' dir='ltr'><strong><em>διε</em></strong></span> 
     </span>
    </p>
   </div>
   <div class='ocr_carea' id='block_1_2' title="bbox 1889 323 2468 383">
    <p class='ocr_par' dir='ltr' id='par_1_2' title="bbox 1889 323 2468 383">
     <span class='ocr_line' id='line_1_2' title="bbox 1889 323 2468 383; baseline 0.007 -4"><span class='ocrx_word' id='word_1_2' title='bbox 1889 323 2148 380; x_wconf 81' lang='lat' dir='ltr'><strong><em>JULIANI</em></strong></span> <span class='ocrx_word' id='word_1_3' title='bbox 2190 325 2468 383; x_wconf 76' lang='lat' dir='ltr'><strong><em>POMERII</em></strong></span> 
     </span>
    </p>
   </div>
   <div class='ocr_carea' id='block_1_3' title="bbox 3639 336 3744 394">
    <p class='ocr_par' dir='ltr' id='par_1_3' title="bbox 3639 336 3744 394">
     <span class='ocr_line' id='line_1_3' title="bbox 3639 336 3744 394; baseline 0.038 -4"><span class='ocrx_word' id='word_1_4' title='bbox 3639 336 3744 394; x_wconf 67' lang='grc'><strong><em>413</em></strong></span> 
     </span>
    </p>
   </div>
   <div class='ocr_carea' id='block_1_4' title="bbox 496 435 3745 518">
    <p class='ocr_par' dir='ltr' id='par_1_4' title="bbox 496 435 3745 518">
     <span class='ocr_line' id='line_1_4' title="bbox 496 435 3745 518; baseline 0.002 -17"><span class='ocrx_word' id='word_1_5' title='bbox 496 446 628 503; x_wconf 78' lang='lat' dir='ltr'><strong><em>Vero</em></strong></span> <span class='ocrx_word' id='word_1_6' title='bbox 655 460 771 502; x_wconf 86' lang='lat' dir='ltr'><strong><em>cum</em></strong></span> <span class='ocrx_word' id='word_1_7' title='bbox 788 445 887 501; x_wconf 87' lang='lat' dir='ltr'><strong><em>huc</em></strong></span> <span class='ocrx_word' id='word_1_8' title='bbox 908 461 1068 518; x_wconf 81' lang='lat' dir='ltr'><strong><em>usque</em></strong></span> <span class='ocrx_word' id='word_1_9' title='bbox 1093 444 1178 500; x_wconf 71' lang='lat' dir='ltr'><strong><em>vix</em></strong></span> <span class='ocrx_word' id='word_1_10' title='bbox 1203 443 1475 516; x_wconf 80' lang='lat' dir='ltr'><strong><em>quidquam</em></strong></span> <span class='ocrx_word' id='word_1_11' title='bbox 1500 442 1908 514; x_wconf 73' lang='lat' dir='ltr'><strong><em>deprehendatur</em></strong></span> <span class='ocrx_word' id='word_1_12' title='bbox 1955 443 2066 496; x_wconf 81' lang='lat' dir='ltr'><strong><em>ani-</em></strong></span> <span class='ocrx_word' id='word_1_13' title='bbox 2094 444 2145 506; x_wconf 74' lang='grc' dir='ltr'>Α</span> <span class='ocrx_word' id='word_1_14' title='bbox 2175 453 2256 499; x_wconf 90' lang='lat' dir='ltr'><strong><em>tur</em></strong></span> <span class='ocrx_word' id='word_1_15' title='bbox 2283 444 2496 516; x_wconf 79' lang='lat' dir='ltr'><strong><em>prtesul,</em></strong></span> <span class='ocrx_word' id='word_1_16' title='bbox 2530 435 2679 517; x_wconf 87' lang='lat' dir='ltr'><strong><em>quem</em></strong></span> <span class='ocrx_word' id='word_1_17' title='bbox 2707 447 2768 500; x_wconf 88' lang='lat' dir='ltr'><strong><em>ab</em></strong></span> <span class='ocrx_word' id='word_1_18' title='bbox 2794 447 2890 503; x_wconf 88' lang='lat' dir='ltr'><strong><em>isto</em></strong></span> <span class='ocrx_word' id='word_1_19' title='bbox 2916 455 3090 503; x_wconf 86' lang='lat' dir='ltr'><strong><em>nostro</em></strong></span> <span class='ocrx_word' id='word_1_20' title='bbox 3118 447 3370 504; x_wconf 85' lang='lat' dir='ltr'><strong><em>diversum</em></strong></span> <span class='ocrx_word' id='word_1_21' title='bbox 3391 465 3499 506; x_wconf 90' lang='lat' dir='ltr'><strong><em>esse</em></strong></span> <span class='ocrx_word' id='word_1_22' title='bbox 3524 449 3609 506; x_wconf 74' lang='lat' dir='ltr'><strong><em>vix</em></strong></span> <span class='ocrx_word' id='word_1_23' title='bbox 3635 466 3745 507; x_wconf 79' lang='lat' dir='ltr'><strong><em>crc-</em></strong></span> 
     </span>
    </p>
   </div>
   <div class='ocr_carea' id='block_1_5' title="bbox 491 533 2069 608">
    <p class='ocr_par' dir='ltr' id='par_1_5' title="bbox 491 533 2069 608">
     <span class='ocr_line' id='line_1_5' title="bbox 491 533 2069 608; baseline -0.002 -15"><span class='ocrx_word' id='word_1_24' title='bbox 491 540 807 595; x_wconf 83' lang='lat' dir='ltr'><strong><em>madversum</em></strong></span> <span class='ocrx_word' id='word_1_25' title='bbox 827 580 842 606; x_wconf 92' lang='lat'><strong><em>,</em></strong></span> <span class='ocrx_word' id='word_1_26' title='bbox 868 555 966 592; x_wconf 87' lang='lat' dir='ltr'><strong><em>non</em></strong></span> <span class='ocrx_word' id='word_1_27' title='bbox 993 538 1122 608; x_wconf 90' lang='lat' dir='ltr'><strong><em>forte</em></strong></span> <span class='ocrx_word' id='word_1_28' title='bbox 1149 535 1419 606; x_wconf 72' lang='lat' dir='ltr'><strong><em>infeliciter</em></strong></span> <span class='ocrx_word' id='word_1_29' title='bbox 1445 536 1728 605; x_wconf 73' lang='lat' dir='ltr'><strong><em>conjectum</em></strong></span> <span class='ocrx_word' id='word_1_30' title='bbox 1763 533 1826 587; x_wconf 91' lang='lat' dir='ltr'><strong><em>ab</em></strong></span> <span class='ocrx_word' id='word_1_31' title='bbox 1865 542 2069 590; x_wconf 91' lang='lat' dir='ltr'><strong><em>auctore</em></strong></span> 
     </span>
    </p>
   </div>
   <div class='ocr_carea' id='block_1_6' title="bbox 493 625 2070 700">
    <p class='ocr_par' dir='ltr' id='par_1_6' title="bbox 493 625 2070 700">
     <span class='ocr_line' id='line_1_6' title="bbox 493 625 2070 700; baseline -0.004 -14"><span class='ocrx_word' id='word_1_32' title='bbox 493 631 860 687; x_wconf 69' lang='lat' dir='ltr'><strong><em>dissertationis</em></strong></span> <span class='ocrx_word' id='word_1_33' title='bbox 887 630 1113 700; x_wconf 75' lang='lat' dir='ltr'><strong><em>septima:</em></strong></span> <span class='ocrx_word' id='word_1_34' title='bbox 1143 627 1207 683; x_wconf 91' lang='lat' dir='ltr'><strong><em>de</em></strong></span> <span class='ocrx_word' id='word_1_35' title='bbox 1249 628 1526 696; x_wconf 71' lang='lat' dir='ltr'><strong><em>suppositis</em></strong></span> <span class='ocrx_word' id='word_1_36' title='bbox 1558 626 1620 682; x_wconf 90' lang='lat' dir='ltr'><strong><em>S.</em></strong></span> <span class='ocrx_word' id='word_1_37' title='bbox 1658 625 1914 696; x_wconf 86' lang='lat' dir='ltr'><strong><em>Prospero</em></strong></span> <span class='ocrx_word' id='word_1_38' title='bbox 1941 626 2070 680; x_wconf 79' lang='lat' dir='ltr'><strong><em>scri-</em></strong></span> 
     </span>
    </p>
   </div>
   <div class='ocr_carea' id='block_1_7' title="bbox 403 720 2071 795">
    <p class='ocr_par' dir='ltr' id='par_1_7' title="bbox 403 720 2071 795">
     <span class='ocr_line' id='line_1_7' title="bbox 403 720 2071 795; baseline -0.002 -19"><span class='ocrx_word' id='word_1_39' title='bbox 403 761 407 765; x_wconf 67' lang='grc'>.</span> <span class='ocrx_word' id='word_1_40' title='bbox 494 725 594 795; x_wconf 85' lang='lat' dir='ltr'><strong><em>ptis</em></strong></span> <span class='ocrx_word' id='word_1_41' title='bbox 621 733 669 778; x_wconf 88' lang='lat' dir='ltr'><strong><em>et</em></strong></span> <span class='ocrx_word' id='word_1_42' title='bbox 714 722 1007 777; x_wconf 71' lang='lat' dir='ltr'><strong><em>tractatibus</em></strong></span> <span class='ocrx_word' id='word_1_43' title='bbox 1029 763 1045 788; x_wconf 92' lang='lat'><strong><em>,</em></strong></span> <span class='ocrx_word' id='word_1_44' title='bbox 1084 720 1272 776; x_wconf 88' lang='lat' dir='ltr'><strong><em>Verum</em></strong></span> <span class='ocrx_word' id='word_1_45' title='bbox 1300 721 1450 775; x_wconf 89' lang='lat' dir='ltr'><strong><em>istum</em></strong></span> <span class='ocrx_word' id='word_1_46' title='bbox 1482 721 1546 776; x_wconf 88' lang='lat' dir='ltr'><strong><em>ab</em></strong></span> <span class='ocrx_word' id='word_1_47' title='bbox 1573 735 1632 775; x_wconf 89' lang='lat' dir='ltr'><strong><em>eo</em></strong></span> <span class='ocrx_word' id='word_1_48' title='bbox 1669 735 1770 774; x_wconf 90' lang='lat' dir='ltr'><strong><em>non</em></strong></span> <span class='ocrx_word' id='word_1_49' title='bbox 1815 720 2071 774; x_wconf 80' lang='lat' dir='ltr'><strong><em>diversum</em></strong></span> 
     </span>
    </p>
   </div>
   <div class='ocr_carea' id='block_1_8' title="bbox 493 810 2074 885">
    <p class='ocr_par' dir='ltr' id='par_1_8' title="bbox 493 810 2074 885">
     <span class='ocr_line' id='line_1_8' title="bbox 493 810 2074 885; baseline -0.003 -15"><span class='ocrx_word' id='word_1_50' title='bbox 493 831 632 882; x_wconf 88' lang='lat' dir='ltr'><strong><em>esse,</em></strong></span> <span class='ocrx_word' id='word_1_51' title='bbox 662 829 808 885; x_wconf 96' lang='lat' dir='ltr'><strong><em>quem</em></strong></span> <span class='ocrx_word' id='word_1_52' title='bbox 836 823 941 868; x_wconf 91' lang='lat' dir='ltr'><strong><em>tam</em></strong></span> <span class='ocrx_word' id='word_1_53' title='bbox 970 813 1235 884; x_wconf 69' lang='lat' dir='ltr'><strong><em>exquisitis</em></strong></span> <span class='ocrx_word' id='word_1_54' title='bbox 1277 813 1543 882; x_wconf 63' lang='lat' dir='ltr'><strong><em>praeconiis</em></strong></span> <span class='ocrx_word' id='word_1_55' title='bbox 1585 814 1912 866; x_wconf 85' lang='lat' dir='ltr'><strong><em>commendat</em></strong></span> <span class='ocrx_word' id='word_1_56' title='bbox 1950 810 2074 867; x_wconf 84' lang='lat' dir='ltr'><strong><em>Sal-</em></strong></span> 
     </span>
    </p>
   </div>
   <div class='ocr_carea' id='block_1_9' title="bbox 495 903 2068 977">
    <p class='ocr_par' dir='ltr' id='par_1_9' title="bbox 495 903 2068 977">
     <span class='ocr_line' id='line_1_9' title="bbox 495 903 2068 977; baseline -0.002 -17"><span class='ocrx_word' id='word_1_57' title='bbox 495 905 675 960; x_wconf 81' lang='lat' dir='ltr'><strong><em>vianus</em></strong></span> <span class='ocrx_word' id='word_1_58' title='bbox 703 904 756 959; x_wconf 89' lang='lat' dir='ltr'><strong><em>in</em></strong></span> <span class='ocrx_word' id='word_1_59' title='bbox 781 903 993 977; x_wconf 88' lang='lat' dir='ltr'><strong><em>epistola</em></strong></span> <span class='ocrx_word' id='word_1_60' title='bbox 1020 921 1114 959; x_wconf 89' lang='lat' dir='ltr'><strong><em>sua</em></strong></span> <span class='ocrx_word' id='word_1_61' title='bbox 1160 905 1394 975; x_wconf 89' lang='lat' dir='ltr'><strong><em>septima,</em></strong></span> <span class='ocrx_word' id='word_1_62' title='bbox 1435 904 1598 959; x_wconf 77' lang='lat' dir='ltr'><strong><em>eidem</em></strong></span> <span class='ocrx_word' id='word_1_63' title='bbox 1640 913 1684 958; x_wconf 89' lang='lat' dir='ltr'><strong><em>et</em></strong></span> <span class='ocrx_word' id='word_1_64' title='bbox 1715 904 1853 974; x_wconf 81' lang='lat' dir='ltr'><strong><em>Apro</em></strong></span> <span class='ocrx_word' id='word_1_65' title='bbox 1881 903 2068 957; x_wconf 87' lang='lat' dir='ltr'><strong><em>inscri-</em></strong></span> 
     </span>
    </p>
   </div>
   <div class='ocr_carea' id='block_1_10' title="bbox 497 995 2072 1069">
    <p class='ocr_par' dir='ltr' id='par_1_10' title="bbox 497 995 2072 1069">
     <span class='ocr_line' id='line_1_10' title="bbox 497 995 2072 1069; baseline -0.003 -16"><span class='ocrx_word' id='word_1_66' title='bbox 497 1006 584 1069; x_wconf 89' lang='lat' dir='ltr'><strong><em>pta</em></strong></span> <span class='ocrx_word' id='word_1_67' title='bbox 611 1013 630 1053; x_wconf 92' lang='lat'><em>:</em></span> <span class='ocrx_word' id='word_1_68' title='bbox 653 1013 766 1069; x_wconf 73' lang='lat' dir='ltr'><strong><em>quae</em></strong></span> <span class='ocrx_word' id='word_1_69' title='bbox 790 998 996 1068; x_wconf 84' lang='lat' dir='ltr'><strong><em>quidem</em></strong></span> <span class='ocrx_word' id='word_1_70' title='bbox 1025 1005 1165 1052; x_wconf 90' lang='lat' dir='ltr'><strong><em>tanta</em></strong></span> <span class='ocrx_word' id='word_1_71' title='bbox 1192 999 1438 1069; x_wconf 87' lang='lat' dir='ltr'><strong><em>majorem</em></strong></span> <span class='ocrx_word' id='word_1_72' title='bbox 1481 997 1576 1050; x_wconf 88' lang='lat' dir='ltr'><strong><em>viri</em></strong></span> <span class='ocrx_word' id='word_1_73' title='bbox 1616 995 1955 1051; x_wconf 86' lang='lat' dir='ltr'><strong><em>celebritatem</em></strong></span> <span class='ocrx_word' id='word_1_74' title='bbox 1983 1011 2072 1050; x_wconf 89' lang='lat' dir='ltr'><strong><em>ar-</em></strong></span> 
     </span>
    </p>
   </div>
   <div class='ocr_carea' id='block_1_11' title="bbox 496 1087 2073 1161">
    <p class='ocr_par' dir='ltr' id='par_1_11' title="bbox 496 1087 2073 1161">
     <span class='ocr_line' id='line_1_11' title="bbox 496 1087 2073 1161; baseline -0.003 -17"><span class='ocrx_word' id='word_1_75' title='bbox 496 1099 676 1161; x_wconf 88' lang='lat' dir='ltr'><strong><em>guunt,</em></strong></span> <span class='ocrx_word' id='word_1_76' title='bbox 717 1099 908 1160; x_wconf 90' lang='lat' dir='ltr'><strong><em>quanto</em></strong></span> <span class='ocrx_word' id='word_1_77' title='bbox 937 1090 1106 1160; x_wconf 86' lang='lat' dir='ltr'><strong><em>major</em></strong></span> <span class='ocrx_word' id='word_1_78' title='bbox 1141 1091 1251 1161; x_wconf 89' lang='lat' dir='ltr'><strong><em>ipse</em></strong></span> <span class='ocrx_word' id='word_1_79' title='bbox 1289 1088 1584 1155; x_wconf 72' lang='lat' dir='ltr'><strong><em>Salvianus,</em></strong></span> <span class='ocrx_word' id='word_1_80' title='bbox 1618 1097 1664 1141; x_wconf 89' lang='lat' dir='ltr'><strong><em>et</em></strong></span> <span class='ocrx_word' id='word_1_81' title='bbox 1695 1089 1748 1142; x_wconf 89' lang='lat' dir='ltr'><strong><em>in</em></strong></span> <span class='ocrx_word' id='word_1_82' title='bbox 1793 1087 1873 1141; x_wconf 88' lang='lat' dir='ltr'><strong><em>his</em></strong></span> <span class='ocrx_word' id='word_1_83' title='bbox 1922 1088 2073 1141; x_wconf 89' lang='lat' dir='ltr'><strong><em>etiam</em></strong></span> 
     </span>
    </p>
   </div>
   <div class='ocr_carea' id='block_1_12' title="bbox 498 1179 2128 1252">
    <p class='ocr_par' dir='ltr' id='par_1_12' title="bbox 498 1179 2128 1252">
     <span class='ocr_line' id='line_1_12' title="bbox 498 1179 2128 1252; baseline 0.001 -19"><span class='ocrx_word' id='word_1_84' title='bbox 498 1179 734 1235; x_wconf 86' lang='lat' dir='ltr'><strong><em>laudibus</em></strong></span> <span class='ocrx_word' id='word_1_85' title='bbox 781 1185 984 1251; x_wconf 85' lang='lat' dir='ltr'><strong><em>parcior</em></strong></span> <span class='ocrx_word' id='word_1_86' title='bbox 1009 1181 1169 1252; x_wconf 80' lang='lat' dir='ltr'><strong><em>fuisse</em></strong></span> <span class='ocrx_word' id='word_1_87' title='bbox 1197 1180 1412 1235; x_wconf 84' lang='lat' dir='ltr'><strong><em>videtur.</em></strong></span> <span class='ocrx_word' id='word_1_88' title='bbox 1461 1179 1566 1236; x_wconf 88' lang='lat' dir='ltr'><strong><em>Sed</em></strong></span> <span class='ocrx_word' id='word_1_89' title='bbox 1595 1180 1703 1234; x_wconf 63' lang='lat' dir='ltr'><strong><em>hate</em></strong></span> <span class='ocrx_word' id='word_1_90' title='bbox 1744 1197 1943 1248; x_wconf 87' lang='lat' dir='ltr'><strong><em>rursus,</em></strong></span> <span class='ocrx_word' id='word_1_91' title='bbox 1985 1195 2074 1234; x_wconf 90' lang='lat' dir='ltr'><strong><em>seu</em></strong></span> <span class='ocrx_word' id='word_1_92' title='bbox 2116 1212 2128 1222; x_wconf 76' lang='lat'><strong><em>~</em></strong></span> 
     </span>
    </p>
   </div>
   <div class='ocr_carea' id='block_1_13' title="bbox 463 1271 2078 1344">
    <p class='ocr_par' dir='ltr' id='par_1_13' title="bbox 463 1271 2078 1344">
     <span class='ocr_line' id='line_1_13' title="bbox 463 1271 2078 1344; baseline -0.001 -16"><span class='ocrx_word' id='word_1_93' title='bbox 463 1313 476 1322; x_wconf 67' lang='grc' dir='ltr'><em>ρ</em></span> <span class='ocrx_word' id='word_1_94' title='bbox 499 1271 788 1342; x_wconf 76' lang='lat' dir='ltr'><strong><em>Iulianum,</em></strong></span> <span class='ocrx_word' id='word_1_95' title='bbox 817 1290 907 1328; x_wconf 87' lang='lat' dir='ltr'><strong><em>seu</em></strong></span> <span class='ocrx_word' id='word_1_96' title='bbox 947 1271 1129 1328; x_wconf 83' lang='lat' dir='ltr'><strong><em>Verum</em></strong></span> <span class='ocrx_word' id='word_1_97' title='bbox 1155 1282 1299 1328; x_wconf 74' lang='lat' dir='ltr'><strong><em>extra</em></strong></span> <span class='ocrx_word' id='word_1_98' title='bbox 1320 1273 1670 1344; x_wconf 88' lang='lat' dir='ltr'><strong><em>provinciam,</em></strong></span> <span class='ocrx_word' id='word_1_99' title='bbox 1699 1273 1775 1327; x_wconf 89' lang='lat' dir='ltr'><strong><em>vel</em></strong></span> <span class='ocrx_word' id='word_1_100' title='bbox 1803 1278 1916 1344; x_wconf 85' lang='lat' dir='ltr'><strong><em>ejus</em></strong></span> <span class='ocrx_word' id='word_1_101' title='bbox 1949 1273 2078 1327; x_wconf 83' lang='lat' dir='ltr'><strong><em>vici-</em></strong></span> 
     </span>
    </p>
   </div>
   <div class='ocr_carea' id='block_1_14' title="bbox 503 1363 2074 1437">
    <p class='ocr_par' dir='ltr' id='par_1_14' title="bbox 503 1363 2074 1437">
     <span class='ocr_line' id='line_1_14' title="bbox 503 1363 2074 1437; baseline 0 -18"><span class='ocrx_word' id='word_1_102' title='bbox 503 1366 638 1420; x_wconf 85' lang='lat' dir='ltr'><strong><em>niam</em></strong></span> <span class='ocrx_word' id='word_1_103' title='bbox 667 1365 967 1437; x_wconf 76' lang='lat' dir='ltr'><strong><em>quazrendos</em></strong></span> <span class='ocrx_word' id='word_1_104' title='bbox 996 1382 1093 1420; x_wconf 90' lang='lat' dir='ltr'><strong><em>non</em></strong></span> <span class='ocrx_word' id='word_1_105' title='bbox 1125 1381 1232 1420; x_wconf 89' lang='lat' dir='ltr'><strong><em>esse</em></strong></span> <span class='ocrx_word' id='word_1_106' title='bbox 1246 1366 1369 1420; x_wconf 84' lang='lat' dir='ltr'><strong><em>satis</em></strong></span> <span class='ocrx_word' id='word_1_107' title='bbox 1397 1374 1688 1436; x_wconf 86' lang='lat' dir='ltr'><strong><em>arguerent.</em></strong></span> <span class='ocrx_word' id='word_1_108' title='bbox 1721 1366 1783 1418; x_wconf 77' lang='lat' dir='ltr'><strong><em>At</em></strong></span> <span class='ocrx_word' id='word_1_109' title='bbox 1820 1380 1912 1435; x_wconf 89' lang='lat' dir='ltr'><strong><em>pro</em></strong></span> <span class='ocrx_word' id='word_1_110' title='bbox 1941 1363 2074 1420; x_wconf 86' lang='lat' dir='ltr'><strong><em>Vero</em></strong></span> 
     </span>
    </p>
   </div>
   <div class='ocr_carea' id='block_1_15' title="bbox 503 1457 2075 1532">
    <p class='ocr_par' dir='ltr' id='par_1_15' title="bbox 503 1457 2075 1532">
     <span class='ocr_line' id='line_1_15' title="bbox 503 1457 2075 1532; baseline 0.001 -21"><span class='ocrx_word' id='word_1_111' title='bbox 503 1458 636 1514; x_wconf 88' lang='lat' dir='ltr'><strong><em>illud</em></strong></span> <span class='ocrx_word' id='word_1_112' title='bbox 658 1459 814 1514; x_wconf 89' lang='lat' dir='ltr'><strong><em>etiam</em></strong></span> <span class='ocrx_word' id='word_1_113' title='bbox 839 1462 1007 1532; x_wconf 86' lang='lat' dir='ltr'><strong><em>majus</em></strong></span> <span class='ocrx_word' id='word_1_114' title='bbox 1034 1458 1272 1526; x_wconf 89' lang='lat' dir='ltr'><strong><em>occurrit,</em></strong></span> <span class='ocrx_word' id='word_1_115' title='bbox 1296 1457 1433 1529; x_wconf 89' lang='lat' dir='ltr'><strong><em>quod</em></strong></span> <span class='ocrx_word' id='word_1_116' title='bbox 1479 1459 1608 1513; x_wconf 87' lang='lat' dir='ltr'><strong><em>inter</em></strong></span> <span class='ocrx_word' id='word_1_117' title='bbox 1638 1459 1745 1513; x_wconf 64' lang='lat' dir='ltr'><strong><em>haec</em></strong></span> <span class='ocrx_word' id='word_1_118' title='bbox 1775 1467 1999 1526; x_wconf 90' lang='lat' dir='ltr'><strong><em>tempora</em></strong></span> <span class='ocrx_word' id='word_1_119' title='bbox 2022 1459 2075 1512; x_wconf 90' lang='lat' dir='ltr'><strong><em>in</em></strong></span> 
     </span>
    </p>
   </div>
   <div class='ocr_carea' id='block_1_16' title="bbox 515 1551 2075 1622">
    <p class='ocr_par' dir='ltr' id='par_1_16' title="bbox 515 1551 2075 1622">
     <span class='ocr_line' id='line_1_16' title="bbox 515 1551 2075 1622; baseline 0.001 -16"><span class='ocrx_word' id='word_1_120' title='bbox 515 1551 933 1606; x_wconf 60' lang='lat' dir='ltr'><strong><em>Arausicanorum</em></strong></span> <span class='ocrx_word' id='word_1_121' title='bbox 955 1553 1228 1622; x_wconf 77' lang='lat' dir='ltr'><strong><em>prwsulum</em></strong></span> <span class='ocrx_word' id='word_1_122' title='bbox 1249 1554 1395 1620; x_wconf 87' lang='lat' dir='ltr'><strong><em>serie,</em></strong></span> <span class='ocrx_word' id='word_1_123' title='bbox 1424 1553 1642 1606; x_wconf 91' lang='lat' dir='ltr'><strong><em>nominis</em></strong></span> <span class='ocrx_word' id='word_1_124' title='bbox 1663 1553 1814 1618; x_wconf 81' lang='lat' dir='ltr'><strong><em>huius</em></strong></span> <span class='ocrx_word' id='word_1_125' title='bbox 1844 1552 2075 1608; x_wconf 83' lang='lat' dir='ltr'><strong><em>observe-</em></strong></span> 
     </span>
    </p>
   </div>
   <div class='ocr_carea' id='block_1_17' title="bbox 1239 1741 2051 1972">
    <p class='ocr_par' dir='ltr' id='par_1_17' title="bbox 1239 1741 2051 1972">
     <span class='ocr_line' id='line_1_17' title="bbox 1239 1741 2051 1972; baseline -0.004 -51"><span class='ocrx_word' id='word_1_126' title='bbox 1239 1741 1258 1750; x_wconf 61' lang='grc'><em>’</em></span> <span class='ocrx_word' id='word_1_127' title='bbox 1346 1815 2051 1972; x_wconf 17' lang='lat' dir='ltr'><strong><em>“suum!</em></strong></span> 
     </span>
    </p>
   </div>
   <div class='ocr_carea' id='block_1_18' title="bbox 2175 537 3744 622">
    <p class='ocr_par' dir='ltr' id='par_1_18' title="bbox 2175 537 3744 622">
     <span class='ocr_line' id='line_1_18' title="bbox 2175 537 3744 622; baseline 0.009 -30"><span class='ocrx_word' id='word_1_128' title='bbox 2175 539 2373 608; x_wconf 84' lang='lat' dir='ltr'><strong><em>dibile;</em></strong></span> <span class='ocrx_word' id='word_1_129' title='bbox 2403 537 2503 622; x_wconf 79' lang='lat' dir='ltr'><strong><em>non</em></strong></span> <span class='ocrx_word' id='word_1_130' title='bbox 2544 542 2636 596; x_wconf 92' lang='lat' dir='ltr'><strong><em>illo</em></strong></span> <span class='ocrx_word' id='word_1_131' title='bbox 2663 543 2899 614; x_wconf 82' lang='lat' dir='ltr'><strong><em>quidem,</em></strong></span> <span class='ocrx_word' id='word_1_132' title='bbox 2933 548 3081 616; x_wconf 86' lang='lat' dir='ltr'><strong><em>cujus</em></strong></span> <span class='ocrx_word' id='word_1_133' title='bbox 3129 561 3310 600; x_wconf 82' lang='lat' dir='ltr'><strong><em>nomen</em></strong></span> <span class='ocrx_word' id='word_1_134' title='bbox 3352 546 3651 620; x_wconf 87' lang='lat' dir='ltr'><strong><em>inscriptum</em></strong></span> <span class='ocrx_word' id='word_1_135' title='bbox 3677 548 3744 606; x_wconf 81' lang='lat' dir='ltr'><strong><em>le-</em></strong></span> 
     </span>
    </p>
   </div>
   <div class='ocr_carea' id='block_1_19' title="bbox 2173 635 3746 708">
    <p class='ocr_par' dir='ltr' id='par_1_19' title="bbox 2173 635 3746 708">
     <span class='ocr_line' id='line_1_19' title="bbox 2173 635 3746 708; baseline 0.008 -21"><span class='ocrx_word' id='word_1_136' title='bbox 2173 635 2340 702; x_wconf 89' lang='lat' dir='ltr'><strong><em>gimus</em></strong></span> <span class='ocrx_word' id='word_1_137' title='bbox 2388 635 2615 704; x_wconf 79' lang='lat' dir='ltr'><strong><em>epistola:</em></strong></span> <span class='ocrx_word' id='word_1_138' title='bbox 2646 638 3036 706; x_wconf 87' lang='lat' dir='ltr'><strong><em>provincialium</em></strong></span> <span class='ocrx_word' id='word_1_139' title='bbox 3067 639 3420 708; x_wconf 86' lang='lat' dir='ltr'><strong><em>episcoporum</em></strong></span> <span class='ocrx_word' id='word_1_140' title='bbox 3443 642 3510 695; x_wconf 89' lang='lat' dir='ltr'><strong><em>ad</em></strong></span> <span class='ocrx_word' id='word_1_141' title='bbox 3532 639 3746 700; x_wconf 75' lang='lat' dir='ltr'><strong><em>Leonerr</em></strong></span> 
     </span>
    </p>
   </div>
   <div class='ocr_carea' id='block_1_20' title="bbox 2173 720 3746 806">
    <p class='ocr_par' dir='ltr' id='par_1_20' title="bbox 2173 720 3746 806">
     <span class='ocr_line' id='line_1_20' title="bbox 2173 720 3746 806; baseline 0.01 -28"><span class='ocrx_word' id='word_1_142' title='bbox 2173 741 2268 796; x_wconf 89' lang='lat' dir='ltr'><strong><em>pro</em></strong></span> <span class='ocrx_word' id='word_1_143' title='bbox 2315 726 2684 782; x_wconf 89' lang='lat' dir='ltr'><strong><em>instauratione</em></strong></span> <span class='ocrx_word' id='word_1_144' title='bbox 2737 730 2937 799; x_wconf 90' lang='lat' dir='ltr'><strong><em>jurium</em></strong></span> <span class='ocrx_word' id='word_1_145' title='bbox 2985 720 3313 785; x_wconf 35' lang='lat' dir='ltr'><strong><em>Arelatensis.</em></strong></span> <span class='ocrx_word' id='word_1_146' title='bbox 3341 732 3567 802; x_wconf 83' lang='lat' dir='ltr'><strong><em>episcOpi</em></strong></span> <span class='ocrx_word' id='word_1_147' title='bbox 3614 735 3746 806; x_wconf 63' lang='lat' dir='ltr'><strong><em>(cum</em></strong></span> 
     </span>
    </p>
   </div>
   <div class='ocr_carea' id='block_1_21' title="bbox 2175 816 3742 890">
    <p class='ocr_par' dir='ltr' id='par_1_21' title="bbox 2175 816 3742 890">
     <span class='ocr_line' id='line_1_21' title="bbox 2175 816 3742 890; baseline 0.007 -20"><span class='ocrx_word' id='word_1_148' title='bbox 2175 826 2363 872; x_wconf 87' lang='lat' dir='ltr'><strong><em>constet</em></strong></span> <span class='ocrx_word' id='word_1_149' title='bbox 2392 816 2701 886; x_wconf 86' lang='lat' dir='ltr'><strong><em>Eutropium</em></strong></span> <span class='ocrx_word' id='word_1_150' title='bbox 2725 819 3090 873; x_wconf 85' lang='lat' dir='ltr'><strong><em>Arausicanum</em></strong></span> <span class='ocrx_word' id='word_1_151' title='bbox 3114 821 3406 890; x_wconf 77' lang='lat' dir='ltr'><strong><em>episcopum</em></strong></span> <span class='ocrx_word' id='word_1_152' title='bbox 3431 820 3553 877; x_wconf 81' lang='lat' dir='ltr'><strong><em>Veri</em></strong></span> <span class='ocrx_word' id='word_1_153' title='bbox 3582 823 3742 882; x_wconf 86' lang='lat' dir='ltr'><strong><em>deces-</em></strong></span> 
     </span>
    </p>
   </div>
   <div class='ocr_carea' id='block_1_22' title="bbox 2175 908 3750 985">
    <p class='ocr_par' dir='ltr' id='par_1_22' title="bbox 2175 908 3750 985">
     <span class='ocr_line' id='line_1_22' title="bbox 2175 908 3750 985; baseline 0.001 -23"><span class='ocrx_word' id='word_1_154' title='bbox 2175 924 2336 963; x_wconf 86' lang='lat' dir='ltr'><strong><em>sorem</em></strong></span> <span class='ocrx_word' id='word_1_155' title='bbox 2358 908 2534 963; x_wconf 67' lang='lat' dir='ltr'><strong><em>surculi</em></strong></span> <span class='ocrx_word' id='word_1_156' title='bbox 2554 909 2713 979; x_wconf 86' lang='lat' dir='ltr'><strong><em>quinti</em></strong></span> <span class='ocrx_word' id='word_1_157' title='bbox 2739 910 2957 964; x_wconf 88' lang='lat' dir='ltr'><strong><em>mediam</em></strong></span> <span class='ocrx_word' id='word_1_158' title='bbox 2986 921 3185 980; x_wconf 89' lang='lat' dir='ltr'><strong><em>partem</em></strong></span> <span class='ocrx_word' id='word_1_159' title='bbox 3223 919 3666 985; x_wconf 69' lang='lat' dir='ltr'><strong><em>prsetergressum,</em></strong></span> <span class='ocrx_word' id='word_1_160' title='bbox 3693 925 3750 964; x_wconf 82' lang='grc' dir='ltr'><strong><em>ιιι</em></strong></span> 
     </span>
    </p>
   </div>
   <div class='ocr_carea' id='block_1_23' title="bbox 2174 999 3739 1075">
    <p class='ocr_par' dir='ltr' id='par_1_23' title="bbox 2174 999 3739 1075">
     <span class='ocr_line' id='line_1_23' title="bbox 2174 999 3739 1075; baseline 0.001 -22"><span class='ocrx_word' id='word_1_161' title='bbox 2174 1000 2260 1075; x_wconf 77' lang='lat' dir='ltr'><strong><em>qui</em></strong></span> <span class='ocrx_word' id='word_1_162' title='bbox 2284 999 2346 1053; x_wconf 88' lang='lat' dir='ltr'><strong><em>ab</em></strong></span> <span class='ocrx_word' id='word_1_163' title='bbox 2368 999 2556 1055; x_wconf 84' lang='lat' dir='ltr'><strong><em>Hilaro</em></strong></span> <span class='ocrx_word' id='word_1_164' title='bbox 2579 1001 2816 1071; x_wconf 83' lang='lat' dir='ltr'><strong><em>pontifice</em></strong></span> <span class='ocrx_word' id='word_1_165' title='bbox 2828 1003 3049 1056; x_wconf 76' lang='lat' dir='ltr'><strong><em>maximo</em></strong></span> <span class='ocrx_word' id='word_1_166' title='bbox 3069 1018 3160 1056; x_wconf 90' lang='lat' dir='ltr'><strong><em>nec</em></strong></span> <span class='ocrx_word' id='word_1_167' title='bbox 3210 1018 3311 1056; x_wconf 90' lang='lat' dir='ltr'><strong><em>non</em></strong></span> <span class='ocrx_word' id='word_1_168' title='bbox 3342 1020 3374 1056; x_wconf 96' lang='lat' dir='ltr'><strong><em>a</em></strong></span> <span class='ocrx_word' id='word_1_169' title='bbox 3401 1001 3619 1058; x_wconf 82' lang='lat' dir='ltr'><strong><em>Sidonio</em></strong></span> <span class='ocrx_word' id='word_1_170' title='bbox 3640 1004 3739 1070; x_wconf 89' lang='lat' dir='ltr'><strong><em>jan</em></strong></span> 
     </span>
    </p>
   </div>
   <div class='ocr_carea' id='block_1_24' title="bbox 2178 1092 3729 1163">
    <p class='ocr_par' dir='ltr' id='par_1_24' title="bbox 2178 1092 3729 1163">
     <span class='ocr_line' id='line_1_24' title="bbox 2178 1092 3729 1163; baseline 0.003 -18"><span class='ocrx_word' id='word_1_171' title='bbox 2178 1092 2411 1162; x_wconf 87' lang='lat' dir='ltr'><strong><em>episcopo</em></strong></span> <span class='ocrx_word' id='word_1_172' title='bbox 2429 1092 2620 1146; x_wconf 87' lang='lat' dir='ltr'><strong><em>litteras</em></strong></span> <span class='ocrx_word' id='word_1_173' title='bbox 2632 1092 2947 1163; x_wconf 82' lang='lat' dir='ltr'><strong><em>susceperit),</em></strong></span> <span class='ocrx_word' id='word_1_174' title='bbox 2963 1094 3052 1149; x_wconf 90' lang='lat' dir='ltr'><strong><em>sed</em></strong></span> <span class='ocrx_word' id='word_1_175' title='bbox 3062 1095 3152 1148; x_wconf 91' lang='lat' dir='ltr'><strong><em>illo</em></strong></span> <span class='ocrx_word' id='word_1_176' title='bbox 3173 1093 3328 1159; x_wconf 85' lang='lat' dir='ltr'><strong><em>Vero,</em></strong></span> <span class='ocrx_word' id='word_1_177' title='bbox 3346 1095 3430 1163; x_wconf 88' lang='lat' dir='ltr'><strong><em>qui</em></strong></span> <span class='ocrx_word' id='word_1_178' title='bbox 3444 1103 3554 1162; x_wconf 91' lang='lat' dir='ltr'><strong><em>post</em></strong></span> <span class='ocrx_word' id='word_1_179' title='bbox 3569 1092 3729 1149; x_wconf 85' lang='lat' dir='ltr'><strong><em>Eutro</em></strong></span> 
     </span>
    </p>
   </div>
   <div class='ocr_carea' id='block_1_25' title="bbox 2179 1182 3752 1258">
    <p class='ocr_par' dir='ltr' id='par_1_25' title="bbox 2179 1182 3752 1258">
     <span class='ocr_line' id='line_1_25' title="bbox 2179 1182 3752 1258; baseline 0.004 -23"><span class='ocrx_word' id='word_1_180' title='bbox 2179 1182 2317 1253; x_wconf 87' lang='lat' dir='ltr'><strong><em>pium</em></strong></span> <span class='ocrx_word' id='word_1_181' title='bbox 2345 1183 2494 1249; x_wconf 90' lang='lat' dir='ltr'><strong><em>sedit,</em></strong></span> <span class='ocrx_word' id='word_1_182' title='bbox 2521 1183 2834 1238; x_wconf 74' lang='lat' dir='ltr'><strong><em>hocexeunte</em></strong></span> <span class='ocrx_word' id='word_1_183' title='bbox 2858 1184 3064 1250; x_wconf 77' lang='lat' dir='ltr'><strong><em>steculo,</em></strong></span> <span class='ocrx_word' id='word_1_184' title='bbox 3088 1189 3234 1257; x_wconf 86' lang='lat' dir='ltr'><strong><em>cujus</em></strong></span> <span class='ocrx_word' id='word_1_185' title='bbox 3263 1193 3311 1239; x_wconf 87' lang='lat' dir='ltr'><strong><em>et</em></strong></span> <span class='ocrx_word' id='word_1_186' title='bbox 3339 1184 3514 1240; x_wconf 86' lang='lat' dir='ltr'><strong><em>Vitam</em></strong></span> <span class='ocrx_word' id='word_1_187' title='bbox 3532 1188 3752 1258; x_wconf 55' lang='lat' dir='ltr'><strong><em>scripsit,</em></strong></span> 
     </span>
    </p>
   </div>
   <div class='ocr_carea' id='block_1_26' title="bbox 2183 1272 3744 1348">
    <p class='ocr_par' dir='ltr' id='par_1_26' title="bbox 2183 1272 3744 1348">
     <span class='ocr_line' id='line_1_26' title="bbox 2183 1272 3744 1348; baseline 0.004 -23"><span class='ocrx_word' id='word_1_188' title='bbox 2183 1281 2306 1330; x_wconf 87' lang='lat' dir='ltr'><strong><em>teste</em></strong></span> <span class='ocrx_word' id='word_1_189' title='bbox 2333 1272 2619 1345; x_wconf 79' lang='lat' dir='ltr'><strong><em>Sigeberto.</em></strong></span> <span class='ocrx_word' id='word_1_190' title='bbox 2649 1272 2805 1330; x_wconf 90' lang='lat' dir='ltr'><strong><em>Istius</em></strong></span> <span class='ocrx_word' id='word_1_191' title='bbox 2833 1275 2970 1330; x_wconf 88' lang='lat' dir='ltr'><strong><em>enim</em></strong></span> <span class='ocrx_word' id='word_1_192' title='bbox 3018 1276 3205 1347; x_wconf 89' lang='lat' dir='ltr'><strong><em>optime</em></strong></span> <span class='ocrx_word' id='word_1_193' title='bbox 3231 1277 3488 1331; x_wconf 87' lang='lat' dir='ltr'><strong><em>concurrit</em></strong></span> <span class='ocrx_word' id='word_1_194' title='bbox 3517 1278 3744 1348; x_wconf 84' lang='lat' dir='ltr'><strong><em>tempori.</em></strong></span> 
     </span>
    </p>
   </div>
   <div class='ocr_carea' id='block_1_27' title="bbox 2181 1365 3745 1444">
    <p class='ocr_par' dir='ltr' id='par_1_27' title="bbox 2181 1365 3745 1444">
     <span class='ocr_line' id='line_1_27' title="bbox 2181 1365 3745 1444; baseline 0.004 -25"><span class='ocrx_word' id='word_1_195' title='bbox 2181 1367 2369 1434; x_wconf 88' lang='lat' dir='ltr'><strong><em>epoche</em></strong></span> <span class='ocrx_word' id='word_1_196' title='bbox 2397 1383 2511 1420; x_wconf 88' lang='lat' dir='ltr'><strong><em>cum</em></strong></span> <span class='ocrx_word' id='word_1_197' title='bbox 2525 1365 2722 1422; x_wconf 86' lang='lat' dir='ltr'><strong><em>Juliani</em></strong></span> <span class='ocrx_word' id='word_1_198' title='bbox 2747 1385 2806 1422; x_wconf 88' lang='lat' dir='ltr'><strong><em>ac</em></strong></span> <span class='ocrx_word' id='word_1_199' title='bbox 2837 1367 3089 1436; x_wconf 89' lang='lat' dir='ltr'><strong><em>Salviani,</em></strong></span> <span class='ocrx_word' id='word_1_200' title='bbox 3119 1387 3151 1422; x_wconf 94' lang='lat' dir='ltr'><strong><em>a</em></strong></span> <span class='ocrx_word' id='word_1_201' title='bbox 3180 1368 3359 1440; x_wconf 86' lang='lat' dir='ltr'><strong><em>quibus</em></strong></span> <span class='ocrx_word' id='word_1_202' title='bbox 3399 1370 3640 1424; x_wconf 85' lang='lat' dir='ltr'><strong><em>laudatur</em></strong></span> <span class='ocrx_word' id='word_1_203' title='bbox 3667 1387 3745 1444; x_wconf 85' lang='lat' dir='ltr'><strong><em>ge-</em></strong></span> 
     </span>
    </p>
   </div>
   <div class='ocr_carea' id='block_1_28' title="bbox 2181 1450 3766 1536">
    <p class='ocr_par' dir='ltr' id='par_1_28' title="bbox 2181 1450 3766 1536">
     <span class='ocr_line' id='line_1_28' title="bbox 2181 1450 3766 1536; baseline 0.003 -23"><span class='ocrx_word' id='word_1_204' title='bbox 2181 1463 2291 1515; x_wconf 88' lang='lat' dir='ltr'><strong><em>stis.</em></strong></span> <span class='ocrx_word' id='word_1_205' title='bbox 2326 1461 2390 1515; x_wconf 86' lang='lat' dir='ltr'><strong><em>Et</em></strong></span> <span class='ocrx_word' id='word_1_206' title='bbox 2416 1462 2522 1515; x_wconf 80' lang='lat' dir='ltr'><strong><em>lucc</em></strong></span> <span class='ocrx_word' id='word_1_207' title='bbox 2548 1461 2748 1529; x_wconf 88' lang='lat' dir='ltr'><strong><em>quidem</em></strong></span> <span class='ocrx_word' id='word_1_208' title='bbox 2772 1462 2824 1515; x_wconf 91' lang='lat' dir='ltr'><strong><em>in</em></strong></span> <span class='ocrx_word' id='word_1_209' title='bbox 2850 1461 3034 1517; x_wconf 89' lang='lat' dir='ltr'><strong><em>librum</em></strong></span> <span class='ocrx_word' id='word_1_210' title='bbox 3050 1462 3279 1532; x_wconf 74' lang='lat' dir='ltr'><strong><em>proxime</em></strong></span> <span class='ocrx_word' id='word_1_211' title='bbox 3294 1461 3662 1536; x_wconf 86' lang='lat' dir='ltr'><strong><em>subjiciendum</em></strong></span> <span class='ocrx_word' id='word_1_212' title='bbox 3696 1450 3766 1519; x_wconf 30' lang='lat' dir='ltr'><strong><em>et,</em></strong></span> 
     </span>
    </p>
   </div>
   <div class='ocr_carea' id='block_1_29' title="bbox 2183 1553 3651 1624">
    <p class='ocr_par' dir='ltr' id='par_1_29' title="bbox 2183 1553 3651 1624">
     <span class='ocr_line' id='line_1_29' title="bbox 2183 1553 3651 1624; baseline 0.001 -18"><span class='ocrx_word' id='word_1_213' title='bbox 2183 1553 2588 1608; x_wconf 87' lang='lat' dir='ltr'><strong><em>doctissimorum</em></strong></span> <span class='ocrx_word' id='word_1_214' title='bbox 2622 1554 2910 1608; x_wconf 89' lang='lat' dir='ltr'><strong><em>criticorum</em></strong></span> <span class='ocrx_word' id='word_1_215' title='bbox 2939 1554 3140 1624; x_wconf 82' lang='lat' dir='ltr'><strong><em>scriptis</em></strong></span> <span class='ocrx_word' id='word_1_216' title='bbox 3173 1554 3359 1609; x_wconf 87' lang='lat' dir='ltr'><strong><em>inserta</em></strong></span> <span class='ocrx_word' id='word_1_217' title='bbox 3383 1554 3651 1624; x_wconf 76' lang='lat' dir='ltr'><strong><em>sufficiant.</em></strong></span> 
     </span>
    </p>
   </div>
   <div class='ocr_carea' id='block_1_30' title="bbox 2181 1814 2843 1919">
    <p class='ocr_par' dir='ltr' id='par_1_30' title="bbox 2181 1814 2843 1919">
     <span class='ocr_line' id='line_1_30' title="bbox 2181 1814 2843 1919; baseline 0.002 -2"><span class='ocrx_word' id='word_1_218' title='bbox 2181 1814 2843 1919; x_wconf 76' lang='lat' dir='ltr'><strong><em>POMERII</em></strong></span> 
     </span>
    </p>
   </div>
   <div class='ocr_carea' id='block_1_31' title="bbox 687 2000 3441 2179">
    <p class='ocr_par' dir='ltr' id='par_1_31' title="bbox 687 2000 3441 2179">
     <span class='ocr_line' id='line_1_31' title="bbox 687 2000 3441 2179; baseline 0.004 -13"><span class='ocrx_word' id='word_1_219' title='bbox 830 2033 1095 2173; x_wconf 88' lang='lat' dir='ltr'>DE</span> <span class='ocrx_word' id='word_1_220' title='bbox 1184 2031 1654 2179; x_wconf 84' lang='lat' dir='ltr'><strong>VITA</strong></span> <span class='ocrx_word' id='word_1_221' title='bbox 1753 2000 3441 2179; x_wconf 83' lang='lat' dir='ltr'><strong><em>CONTEMPLATIVA</em></strong></span> 
     </span>
    </p>
   </div>
   <div class='ocr_carea' id='block_1_32' title="bbox 1894 2256 2368 2318">
    <p class='ocr_par' dir='ltr' id='par_1_32' title="bbox 1894 2256 2368 2318">
     <span class='ocr_line' id='line_1_32' title="bbox 1894 2256 2368 2318; baseline -0.002 -1"><span class='ocrx_word' id='word_1_222' title='bbox 1894 2256 2106 2318; x_wconf 82' lang='lat' dir='ltr'><strong><em>LIBRI</em></strong></span> <span class='ocrx_word' id='word_1_223' title='bbox 2147 2257 2368 2318; x_wconf 80' lang='lat' dir='ltr'><strong>TRES.</strong></span> 
     </span>
    </p>
   </div>
   <div class='ocr_carea' id='block_1_33' title="bbox 1532 2498 2730 2622">
    <p class='ocr_par' dir='ltr' id='par_1_33' title="bbox 1532 2498 2730 2622">
     <span class='ocr_line' id='line_1_33' title="bbox 1532 2498 2730 2622; baseline -0.003 0"><span class='ocrx_word' id='word_1_224' title='bbox 1532 2513 2002 2622; x_wconf 85' lang='lat' dir='ltr'><strong><em>LIBER</em></strong></span> <span class='ocrx_word' id='word_1_225' title='bbox 2082 2498 2730 2622; x_wconf 78' lang='lat' dir='ltr'><strong><em>PRIMUS.</em></strong></span> 
     </span>
    </p>
   </div>
   <div class='ocr_carea' id='block_1_34' title="bbox 1115 2673 1495 2732">
    <p class='ocr_par' dir='ltr' id='par_1_34' title="bbox 1115 2673 1495 2732">
     <span class='ocr_line' id='line_1_34' title="bbox 1115 2673 1495 2732; baseline -0.005 0"><span class='ocrx_word' id='word_1_226' title='bbox 1115 2673 1495 2732; x_wconf 85' lang='lat' dir='ltr'><strong><em>PROLOGUS.</em></strong></span> 
     </span>
    </p>
   </div>
   <div class='ocr_carea' id='block_1_35' title="bbox 582 2759 2087 2841">
    <p class='ocr_par' dir='ltr' id='par_1_35' title="bbox 582 2759 2087 2841">
     <span class='ocr_line' id='line_1_35' title="bbox 582 2759 2087 2841; baseline -0.007 -13"><span class='ocrx_word' id='word_1_227' title='bbox 582 2771 634 2828; x_wconf 79' lang='grc'><strong>1.</strong></span> <span class='ocrx_word' id='word_1_228' title='bbox 677 2771 778 2826; x_wconf 91' lang='lat' dir='ltr'><strong><em>Diu</em></strong></span> <span class='ocrx_word' id='word_1_229' title='bbox 809 2771 1124 2841; x_wconf 84' lang='lat' dir='ltr'><strong><em>multumque</em></strong></span> <span class='ocrx_word' id='word_1_230' title='bbox 1172 2769 1365 2824; x_wconf 82' lang='lat' dir='ltr'><strong><em>renisus</em></strong></span> <span class='ocrx_word' id='word_1_231' title='bbox 1395 2782 1507 2822; x_wconf 90' lang='lat' dir='ltr'><strong><em>sum</em></strong></span> <span class='ocrx_word' id='word_1_232' title='bbox 1557 2759 1802 2820; x_wconf 83' lang='lat' dir='ltr'><strong><em>voluntati</em></strong></span> <span class='ocrx_word' id='word_1_233' title='bbox 1853 2774 1982 2830; x_wconf 80' lang='lat' dir='ltr'><strong><em>tute,</em></strong></span> <span class='ocrx_word' id='word_1_234' title='bbox 2016 2765 2087 2818; x_wconf 87' lang='lat' dir='ltr'><strong><em>mi</em></strong></span> 
     </span>
    </p>
   </div>
   <div class='ocr_carea' id='block_1_36' title="bbox 513 2858 2084 2933">
    <p class='ocr_par' dir='ltr' id='par_1_36' title="bbox 513 2858 2084 2933">
     <span class='ocr_line' id='line_1_36' title="bbox 513 2858 2084 2933; baseline -0.004 -15"><span class='ocrx_word' id='word_1_235' title='bbox 513 2866 720 2920; x_wconf 81' lang='lat' dir='ltr'><strong><em>dont&#39;ne</em></strong></span> <span class='ocrx_word' id='word_1_236' title='bbox 739 2863 1107 2918; x_wconf 89' lang='lat' dir='ltr'><strong><em>studiosissime</em></strong></span> <span class='ocrx_word' id='word_1_237' title='bbox 1129 2861 1427 2933; x_wconf 76' lang='lat' dir='ltr'><strong><em>pontiﬁcum</em></strong></span> <span class='ocrx_word' id='word_1_238' title='bbox 1443 2858 1680 2922; x_wconf 71' lang='lat' dir='ltr'><strong><em>Iuliane;</em></strong></span> <span class='ocrx_word' id='word_1_239' title='bbox 1703 2875 1802 2912; x_wconf 90' lang='lat' dir='ltr'><strong><em>non</em></strong></span> <span class='ocrx_word' id='word_1_240' title='bbox 1826 2858 1954 2911; x_wconf 84' lang='lat' dir='ltr'><strong><em>velut</em></strong></span> <span class='ocrx_word' id='word_1_241' title='bbox 1969 2874 2084 2926; x_wconf 90' lang='lat' dir='ltr'><strong><em>per-</em></strong></span> 
     </span>
    </p>
   </div>
   <div class='ocr_carea' id='block_1_37' title="bbox 511 2950 2084 3024">
    <p class='ocr_par' dir='ltr' id='par_1_37' title="bbox 511 2950 2084 3024">
     <span class='ocr_line' id='line_1_37' title="bbox 511 2950 2084 3024; baseline -0.003 -13"><span class='ocrx_word' id='word_1_242' title='bbox 511 2956 744 3011; x_wconf 85' lang='lat' dir='ltr'><strong><em>tinaciter</em></strong></span> <span class='ocrx_word' id='word_1_243' title='bbox 763 2955 946 3021; x_wconf 90' lang='lat' dir='ltr'><strong><em>durus,</em></strong></span> <span class='ocrx_word' id='word_1_244' title='bbox 974 2953 1062 3010; x_wconf 88' lang='lat' dir='ltr'><strong><em>sed</em></strong></span> <span class='ocrx_word' id='word_1_245' title='bbox 1090 2953 1310 3022; x_wconf 82' lang='lat' dir='ltr'><strong><em>praprite</em></strong></span> <span class='ocrx_word' id='word_1_246' title='bbox 1331 2950 1752 3024; x_wconf 88' lang='lat' dir='ltr'><strong><em>impossibilitatis</em></strong></span> <span class='ocrx_word' id='word_1_247' title='bbox 1774 2951 2084 3006; x_wconf 86' lang='lat' dir='ltr'><strong><em>admonitus.</em></strong></span> 
     </span>
    </p>
   </div>
   <div class='ocr_carea' id='block_1_38' title="bbox 521 3041 2088 3116">
    <p class='ocr_par' dir='ltr' id='par_1_38' title="bbox 521 3041 2088 3116">
     <span class='ocr_line' id='line_1_38' title="bbox 521 3041 2088 3116; baseline -0.004 -12"><span class='ocrx_word' id='word_1_248' title='bbox 521 3047 797 3104; x_wconf 77' lang='lat' dir='ltr'><strong><em>Videbatur</em></strong></span> <span class='ocrx_word' id='word_1_249' title='bbox 822 3047 955 3102; x_wconf 91' lang='lat' dir='ltr'><strong><em>enim</em></strong></span> <span class='ocrx_word' id='word_1_250' title='bbox 995 3044 1150 3112; x_wconf 85' lang='lat' dir='ltr'><strong><em>mihi,</em></strong></span> <span class='ocrx_word' id='word_1_251' title='bbox 1177 3053 1223 3100; x_wconf 92' lang='lat' dir='ltr'><strong><em>et</em></strong></span> <span class='ocrx_word' id='word_1_252' title='bbox 1242 3046 1365 3116; x_wconf 88' lang='lat' dir='ltr'><strong><em>jure</em></strong></span> <span class='ocrx_word' id='word_1_253' title='bbox 1393 3044 1606 3115; x_wconf 77' lang='lat' dir='ltr'><strong><em>forsitan</em></strong></span> <span class='ocrx_word' id='word_1_254' title='bbox 1635 3041 1918 3109; x_wconf 74' lang='lat' dir='ltr'><strong><em>videbatur,</em></strong></span> <span class='ocrx_word' id='word_1_255' title='bbox 1951 3044 2088 3115; x_wconf 91' lang='lat' dir='ltr'><strong><em>quod</em></strong></span> 
     </span>
    </p>
   </div>
   <div class='ocr_carea' id='block_1_39' title="bbox 514 3136 2090 3210">
    <p class='ocr_par' dir='ltr' id='par_1_39' title="bbox 514 3136 2090 3210">
     <span class='ocr_line' id='line_1_39' title="bbox 514 3136 2090 3210; baseline -0.002 -16"><span class='ocrx_word' id='word_1_256' title='bbox 514 3139 664 3194; x_wconf 88' lang='lat' dir='ltr'><strong><em>etiam</em></strong></span> <span class='ocrx_word' id='word_1_257' title='bbox 695 3138 792 3210; x_wconf 84' lang='lat' dir='ltr'><strong><em>ipsi</em></strong></span> <span class='ocrx_word' id='word_1_258' title='bbox 816 3137 1260 3210; x_wconf 70' lang='lat' dir='ltr'><strong><em>praesumptionem</em></strong></span> <span class='ocrx_word' id='word_1_259' title='bbox 1290 3151 1454 3191; x_wconf 82' lang='lat' dir='ltr'><strong><em>meam</em></strong></span> <span class='ocrx_word' id='word_1_260' title='bbox 1483 3136 1769 3207; x_wconf 86' lang='lat' dir='ltr'><strong><em>potuissetis</em></strong></span> <span class='ocrx_word' id='word_1_261' title='bbox 1789 3137 2090 3208; x_wconf 79' lang='lat' dir='ltr'><strong><em>improI-idte</em></strong></span> 
     </span>
    </p>
   </div>
   <div class='ocr_carea' id='block_1_40' title="bbox 515 3230 2090 3304">
    <p class='ocr_par' dir='ltr' id='par_1_40' title="bbox 515 3230 2090 3304">
     <span class='ocr_line' id='line_1_40' title="bbox 515 3230 2090 3304; baseline 0 -18"><span class='ocrx_word' id='word_1_262' title='bbox 515 3233 805 3288; x_wconf 88' lang='lat' dir='ltr'><strong><em>temeritatis</em></strong></span> <span class='ocrx_word' id='word_1_263' title='bbox 832 3230 1065 3304; x_wconf 82' lang='lat' dir='ltr'><strong><em>arguere,</em></strong></span> <span class='ocrx_word' id='word_1_264' title='bbox 1119 3232 1162 3286; x_wconf 89' lang='lat' dir='ltr'><strong><em>si</em></strong></span> <span class='ocrx_word' id='word_1_265' title='bbox 1194 3240 1383 3286; x_wconf 89' lang='lat' dir='ltr'><strong><em>tantam</em></strong></span> <span class='ocrx_word' id='word_1_266' title='bbox 1426 3247 1563 3297; x_wconf 90' lang='lat' dir='ltr'><strong><em>rem,</em></strong></span> <span class='ocrx_word' id='word_1_267' title='bbox 1606 3247 1721 3302; x_wconf 70' lang='lat' dir='ltr'><strong><em>qua:</em></strong></span> <span class='ocrx_word' id='word_1_268' title='bbox 1768 3231 1936 3299; x_wconf 85' lang='lat' dir='ltr'><strong><em>utique</em></strong></span> <span class='ocrx_word' id='word_1_269' title='bbox 1964 3241 2090 3286; x_wconf 88' lang='lat' dir='ltr'><strong><em>esset</em></strong></span> 
     </span>
    </p>
   </div>
   <div class='ocr_carea' id='block_1_41' title="bbox 516 3309 2090 3395">
    <p class='ocr_par' dir='ltr' id='par_1_41' title="bbox 516 3309 2090 3395">
     <span class='ocr_line' id='line_1_41' title="bbox 516 3309 2090 3395; baseline 0 -17"><span class='ocrx_word' id='word_1_270' title='bbox 516 3341 724 3395; x_wconf 85' lang='lat' dir='ltr'><strong><em>operose</em></strong></span> <span class='ocrx_word' id='word_1_271' title='bbox 771 3326 1058 3392; x_wconf 88' lang='lat' dir='ltr'><strong><em>tractanda,</em></strong></span> <span class='ocrx_word' id='word_1_272' title='bbox 1107 3323 1257 3395; x_wconf 79' lang='lat' dir='ltr'><strong><em>facile</em></strong></span> <span class='ocrx_word' id='word_1_273' title='bbox 1300 3340 1361 3377; x_wconf 90' lang='lat' dir='ltr'><strong><em>ac</em></strong></span> <span class='ocrx_word' id='word_1_274' title='bbox 1399 3325 1508 3378; x_wconf 91' lang='lat' dir='ltr'><strong><em>sine</em></strong></span> <span class='ocrx_word' id='word_1_275' title='bbox 1562 3309 1672 3378; x_wconf 87' lang='lat' dir='ltr'><strong><em>ulla</em></strong></span> <span class='ocrx_word' id='word_1_276' title='bbox 1729 3321 2090 3378; x_wconf 84' lang='lat' dir='ltr'><strong><em>deliberatione</em></strong></span> 
     </span>
    </p>
   </div>
   <div class='ocr_carea' id='block_1_42' title="bbox 514 3415 2091 3486">
    <p class='ocr_par' dir='ltr' id='par_1_42' title="bbox 514 3415 2091 3486">
     <span class='ocr_line' id='line_1_42' title="bbox 514 3415 2091 3486; baseline -0.001 -14"><span class='ocrx_word' id='word_1_277' title='bbox 514 3425 540 3454; x_wconf 81' lang='grc'><strong>⁸</strong></span> <span class='ocrx_word' id='word_1_278' title='bbox 563 3417 909 3486; x_wconf 87' lang='lat' dir='ltr'><strong><em>susciperem:</em></strong></span> <span class='ocrx_word' id='word_1_279' title='bbox 935 3433 1050 3470; x_wconf 89' lang='lat' dir='ltr'><strong><em>cum</em></strong></span> <span class='ocrx_word' id='word_1_280' title='bbox 1077 3433 1154 3472; x_wconf 88' lang='lat' dir='ltr'><strong><em>me</em></strong></span> <span class='ocrx_word' id='word_1_281' title='bbox 1179 3424 1430 3486; x_wconf 88' lang='lat' dir='ltr'><strong><em>aporteret</em></strong></span> <span class='ocrx_word' id='word_1_282' title='bbox 1451 3416 1592 3486; x_wconf 87' lang='lat' dir='ltr'><strong><em>prius</em></strong></span> <span class='ocrx_word' id='word_1_283' title='bbox 1612 3415 1772 3486; x_wconf 90' lang='lat' dir='ltr'><strong><em>ipsius</em></strong></span> <span class='ocrx_word' id='word_1_284' title='bbox 1797 3417 1870 3469; x_wconf 91' lang='lat' dir='ltr'><strong><em>rei</em></strong></span> <span class='ocrx_word' id='word_1_285' title='bbox 1889 3416 2091 3486; x_wconf 87' lang='lat' dir='ltr'><strong><em>pondus</em></strong></span> 
     </span>
    </p>
   </div>
   <div class='ocr_carea' id='block_1_43' title="bbox 513 3502 2088 3583">
    <p class='ocr_par' dir='ltr' id='par_1_43' title="bbox 513 3502 2088 3583">
     <span class='ocr_line' id='line_1_43' title="bbox 513 3502 2088 3583; baseline -0.001 -19"><span class='ocrx_word' id='word_1_286' title='bbox 513 3511 647 3567; x_wconf 85' lang='lat' dir='ltr'><strong><em>unde</em></strong></span> <span class='ocrx_word' id='word_1_287' title='bbox 668 3511 934 3566; x_wconf 87' lang='lat' dir='ltr'><strong><em>dicendum</em></strong></span> <span class='ocrx_word' id='word_1_288' title='bbox 956 3511 1107 3582; x_wconf 90' lang='lat' dir='ltr'><strong><em>foret,</em></strong></span> <span class='ocrx_word' id='word_1_289' title='bbox 1138 3502 1417 3583; x_wconf 68' lang='lat' dir='ltr'><strong><em>expendere</em></strong></span> <span class='ocrx_word' id='word_1_290' title='bbox 1438 3509 1606 3582; x_wconf 79' lang='lat' dir='ltr'><strong><em>[Alias</em></strong></span> <span class='ocrx_word' id='word_1_291' title='bbox 1626 3508 1900 3580; x_wconf 75' lang='lat' dir='ltr'><strong><em>experiri];</em></strong></span> <span class='ocrx_word' id='word_1_292' title='bbox 1925 3517 1971 3564; x_wconf 90' lang='lat' dir='ltr'><strong><em>et</em></strong></span> <span class='ocrx_word' id='word_1_293' title='bbox 1994 3509 2088 3577; x_wconf 88' lang='lat' dir='ltr'><strong><em>sic,</em></strong></span> 
     </span>
    </p>
   </div>
   <div class='ocr_carea' id='block_1_44' title="bbox 510 3602 2092 3677">
    <p class='ocr_par' dir='ltr' id='par_1_44' title="bbox 510 3602 2092 3677">
     <span class='ocr_line' id='line_1_44' title="bbox 510 3602 2092 3677; baseline -0.003 -20"><span class='ocrx_word' id='word_1_294' title='bbox 510 3605 785 3677; x_wconf 86' lang='lat' dir='ltr'><strong><em>adjuvante</em></strong></span> <span class='ocrx_word' id='word_1_295' title='bbox 823 3603 1065 3672; x_wconf 85' lang='lat' dir='ltr'><strong><em>Domino,</em></strong></span> <span class='ocrx_word' id='word_1_296' title='bbox 1093 3604 1138 3658; x_wconf 92' lang='lat' dir='ltr'><strong><em>si</em></strong></span> <span class='ocrx_word' id='word_1_297' title='bbox 1158 3604 1285 3658; x_wconf 91' lang='lat' dir='ltr'><strong><em>vires</em></strong></span> <span class='ocrx_word' id='word_1_298' title='bbox 1324 3603 1545 3674; x_wconf 78' lang='lat' dir='ltr'><strong><em>facultas</em></strong></span> <span class='ocrx_word' id='word_1_299' title='bbox 1589 3602 1850 3674; x_wconf 76' lang='lat' dir='ltr'><strong><em>explorata</em></strong></span> <span class='ocrx_word' id='word_1_300' title='bbox 1879 3603 2092 3671; x_wconf 79' lang='lat' dir='ltr'><strong><em>proruit-</em></strong></span> 
     </span>
    </p>
   </div>
   <div class='ocr_carea' id='block_1_45' title="bbox 513 3693 2087 3766">
    <p class='ocr_par' dir='ltr' id='par_1_45' title="bbox 513 3693 2087 3766">
     <span class='ocr_line' id='line_1_45' title="bbox 513 3693 2087 3766; baseline -0.001 -18"><span class='ocrx_word' id='word_1_301' title='bbox 513 3703 659 3761; x_wconf 83' lang='lat' dir='ltr'><strong><em>teret,</em></strong></span> <span class='ocrx_word' id='word_1_302' title='bbox 707 3696 775 3750; x_wconf 91' lang='lat' dir='ltr'><strong><em>ad</em></strong></span> <span class='ocrx_word' id='word_1_303' title='bbox 821 3695 916 3750; x_wconf 89' lang='lat' dir='ltr'><strong><em>hoc</em></strong></span> <span class='ocrx_word' id='word_1_304' title='bbox 964 3695 1335 3766; x_wconf 81' lang='lat' dir='ltr'><strong><em>arripiendam,</em></strong></span> <span class='ocrx_word' id='word_1_305' title='bbox 1366 3694 1499 3764; x_wconf 86' lang='lat' dir='ltr'><strong><em>quod</em></strong></span> <span class='ocrx_word' id='word_1_306' title='bbox 1537 3694 1778 3762; x_wconf 87' lang='lat' dir='ltr'><strong><em>juberetis</em></strong></span> <span class='ocrx_word' id='word_1_307' title='bbox 1833 3693 2087 3747; x_wconf 87' lang='lat' dir='ltr'><strong><em>accedere.</em></strong></span> 
     </span>
    </p>
   </div>
   <div class='ocr_carea' id='block_1_46' title="bbox 514 3787 2094 3858">
    <p class='ocr_par' dir='ltr' id='par_1_46' title="bbox 514 3787 2094 3858">
     <span class='ocr_line' id='line_1_46' title="bbox 514 3787 2094 3858; baseline -0.004 -12"><span class='ocrx_word' id='word_1_308' title='bbox 514 3790 564 3846; x_wconf 81' lang='lat' dir='ltr'><strong><em>Il</em></strong></span> <span class='ocrx_word' id='word_1_309' title='bbox 573 3791 615 3846; x_wconf 87' lang='lat' dir='ltr'><strong><em>is</em></strong></span> <span class='ocrx_word' id='word_1_310' title='bbox 644 3799 690 3844; x_wconf 80' lang='lat' dir='ltr'><strong><em>et</em></strong></span> <span class='ocrx_word' id='word_1_311' title='bbox 711 3789 897 3844; x_wconf 84' lang='lat' dir='ltr'><strong><em>talibus</em></strong></span> <span class='ocrx_word' id='word_1_312' title='bbox 926 3789 1142 3843; x_wconf 90' lang='lat' dir='ltr'><strong><em>sollicita</em></strong></span> <span class='ocrx_word' id='word_1_313' title='bbox 1169 3787 1574 3842; x_wconf 88' lang='lat' dir='ltr'><strong><em>consideratione</em></strong></span> <span class='ocrx_word' id='word_1_314' title='bbox 1598 3789 1891 3858; x_wconf 84' lang='lat' dir='ltr'><strong><em>perspectis,</em></strong></span> <span class='ocrx_word' id='word_1_315' title='bbox 1922 3802 2094 3841; x_wconf 83' lang='lat' dir='ltr'><strong><em>ncces-</em></strong></span> 
     </span>
    </p>
   </div>
   <div class='ocr_carea' id='block_1_47' title="bbox 514 3878 2091 3951">
    <p class='ocr_par' dir='ltr' id='par_1_47' title="bbox 514 3878 2091 3951">
     <span class='ocr_line' id='line_1_47' title="bbox 514 3878 2091 3951; baseline -0.003 -14"><span class='ocrx_word' id='word_1_316' title='bbox 514 3883 875 3951; x_wconf 76' lang='lat' dir='ltr'><strong><em>sariumduxi,</em></strong></span> <span class='ocrx_word' id='word_1_317' title='bbox 925 3892 979 3936; x_wconf 90' lang='lat' dir='ltr'><strong><em>ut</em></strong></span> <span class='ocrx_word' id='word_1_318' title='bbox 1015 3878 1092 3936; x_wconf 82' lang='lat' dir='ltr'><strong><em>me</em></strong></span> <span class='ocrx_word' id='word_1_319' title='bbox 1129 3881 1431 3948; x_wconf 83' lang='lat' dir='ltr'><strong><em>aliquandiu</em></strong></span> <span class='ocrx_word' id='word_1_320' title='bbox 1469 3897 1501 3934; x_wconf 93' lang='lat' dir='ltr'><strong><em>a</em></strong></span> <span class='ocrx_word' id='word_1_321' title='bbox 1539 3880 1788 3936; x_wconf 82' lang='lat' dir='ltr'><strong><em>scribendi</em></strong></span> <span class='ocrx_word' id='word_1_322' title='bbox 1842 3896 2091 3951; x_wconf 63' lang='lat' dir='ltr'><strong><em>praesum-</em></strong></span> 
     </span>
    </p>
   </div>
   <div class='ocr_carea' id='block_1_48' title="bbox 517 3972 2091 4046">
    <p class='ocr_par' dir='ltr' id='par_1_48' title="bbox 517 3972 2091 4046">
     <span class='ocr_line' id='line_1_48' title="bbox 517 3972 2091 4046; baseline -0.002 -17"><span class='ocrx_word' id='word_1_323' title='bbox 517 3976 685 4042; x_wconf 87' lang='lat' dir='ltr'><strong><em>ptione</em></strong></span> <span class='ocrx_word' id='word_1_324' title='bbox 723 3974 1097 4045; x_wconf 78' lang='lat' dir='ltr'><strong><em>suspenderent.</em></strong></span> <span class='ocrx_word' id='word_1_325' title='bbox 1147 3973 1252 4029; x_wconf 86' lang='lat' dir='ltr'><strong><em>Sed</em></strong></span> <span class='ocrx_word' id='word_1_326' title='bbox 1290 3975 1411 4044; x_wconf 88' lang='lat' dir='ltr'><strong><em>quia</em></strong></span> <span class='ocrx_word' id='word_1_327' title='bbox 1441 3972 1570 4026; x_wconf 91' lang='lat' dir='ltr'><strong><em>sicut</em></strong></span> <span class='ocrx_word' id='word_1_328' title='bbox 1595 3973 1866 4046; x_wconf 84' lang='lat' dir='ltr'><strong><em>cogitanda</em></strong></span> <span class='ocrx_word' id='word_1_329' title='bbox 1887 3972 1983 4044; x_wconf 91' lang='lat' dir='ltr'><strong><em>fuit</em></strong></span> <span class='ocrx_word' id='word_1_330' title='bbox 2013 3973 2091 4026; x_wconf 89' lang='lat' dir='ltr'><strong><em>in-</em></strong></span> 
     </span>
    </p>
   </div>
   <div class='ocr_carea' id='block_1_49' title="bbox 2114 2674 3754 2751">
    <p class='ocr_par' dir='ltr' id='par_1_49' title="bbox 2114 2674 3754 2751">
     <span class='ocr_line' id='line_1_49' title="bbox 2114 2674 3754 2751; baseline 0.001 -23"><span class='ocrx_word' id='word_1_331' title='bbox 2114 2677 2159 2737; x_wconf 86' lang='lat' dir='ltr'><strong>B</strong></span> <span class='ocrx_word' id='word_1_332' title='bbox 2189 2676 2270 2728; x_wconf 86' lang='lat' dir='ltr'><strong><em>but</em></strong></span> <span class='ocrx_word' id='word_1_333' title='bbox 2293 2717 2308 2742; x_wconf 90' lang='lat'><strong><em>,</em></strong></span> <span class='ocrx_word' id='word_1_334' title='bbox 2336 2675 2470 2751; x_wconf 85' lang='lat' dir='ltr'><strong><em>quod</em></strong></span> <span class='ocrx_word' id='word_1_335' title='bbox 2488 2689 2786 2744; x_wconf 85' lang='lat' dir='ltr'><strong><em>magnarum</em></strong></span> <span class='ocrx_word' id='word_1_336' title='bbox 2813 2689 2984 2727; x_wconf 89' lang='lat' dir='ltr'><strong><em>rerum</em></strong></span> <span class='ocrx_word' id='word_1_337' title='bbox 3014 2689 3224 2747; x_wconf 82' lang='lat' dir='ltr'><strong><em>magnus</em></strong></span> <span class='ocrx_word' id='word_1_338' title='bbox 3252 2674 3358 2742; x_wconf 91' lang='lat' dir='ltr'><strong><em>ipse</em></strong></span> <span class='ocrx_word' id='word_1_339' title='bbox 3386 2683 3594 2730; x_wconf 85' lang='lat' dir='ltr'><strong><em>conatus</em></strong></span> <span class='ocrx_word' id='word_1_340' title='bbox 3613 2687 3754 2744; x_wconf 83' lang='lat' dir='ltr'><strong><em>esset,</em></strong></span> 
     </span>
    </p>
   </div>
   <div class='ocr_carea' id='block_1_50' title="bbox 2188 2762 3756 2839">
    <p class='ocr_par' dir='ltr' id='par_1_50' title="bbox 2188 2762 3756 2839">
     <span class='ocr_line' id='line_1_50' title="bbox 2188 2762 3756 2839; baseline 0.001 -16"><span class='ocrx_word' id='word_1_341' title='bbox 2188 2769 2384 2823; x_wconf 88' lang='lat' dir='ltr'><strong><em>etiamsi</em></strong></span> <span class='ocrx_word' id='word_1_342' title='bbox 2430 2769 2598 2823; x_wconf 88' lang='lat' dir='ltr'><strong><em>nullus</em></strong></span> <span class='ocrx_word' id='word_1_343' title='bbox 2654 2779 2674 2806; x_wconf 77' lang='grc' dir='ltr'><strong>ε</strong></span> <span class='ocrx_word' id='word_1_344' title='bbox 2723 2769 3063 2837; x_wconf 88' lang='lat' dir='ltr'><strong><em>disputantem</em></strong></span> <span class='ocrx_word' id='word_1_345' title='bbox 3101 2779 3388 2839; x_wconf 87' lang='lat' dir='ltr'><strong><em>sequeretur</em></strong></span> <span class='ocrx_word' id='word_1_346' title='bbox 3415 2769 3642 2837; x_wconf 59' lang='lat' dir='ltr'><strong><em>effectus.</em></strong></span> <span class='ocrx_word' id='word_1_347' title='bbox 3677 2762 3756 2826; x_wconf 80' lang='lat' dir='ltr'><strong><em>Si-</em></strong></span> 
     </span>
    </p>
   </div>
   <div class='ocr_carea' id='block_1_51' title="bbox 2189 2862 3756 2932">
    <p class='ocr_par' dir='ltr' id='par_1_51' title="bbox 2189 2862 3756 2932">
     <span class='ocr_line' id='line_1_51' title="bbox 2189 2862 3756 2932; baseline 0.003 -18"><span class='ocrx_word' id='word_1_348' title='bbox 2189 2863 2392 2931; x_wconf 89' lang='lat' dir='ltr'><strong><em>quidem</em></strong></span> <span class='ocrx_word' id='word_1_349' title='bbox 2429 2863 2823 2916; x_wconf 90' lang='lat' dir='ltr'><strong><em>necessariarum</em></strong></span> <span class='ocrx_word' id='word_1_350' title='bbox 2855 2862 3087 2916; x_wconf 90' lang='lat' dir='ltr'><strong><em>tractatio</em></strong></span> <span class='ocrx_word' id='word_1_351' title='bbox 3129 2862 3494 2932; x_wconf 62' lang='lat' dir='ltr'><strong><em>quaestionum,</em></strong></span> <span class='ocrx_word' id='word_1_352' title='bbox 3534 2862 3628 2916; x_wconf 80' lang='lat' dir='ltr'><strong><em>etsi</em></strong></span> <span class='ocrx_word' id='word_1_353' title='bbox 3661 2880 3756 2919; x_wconf 77' lang='lat' dir='ltr'><strong><em>non</em></strong></span> 
     </span>
    </p>
   </div>
   <div class='ocr_carea' id='block_1_52' title="bbox 2190 2951 3758 3027">
    <p class='ocr_par' dir='ltr' id='par_1_52' title="bbox 2190 2951 3758 3027">
     <span class='ocr_line' id='line_1_52' title="bbox 2190 2951 3758 3027; baseline 0.002 -18"><span class='ocrx_word' id='word_1_354' title='bbox 2190 2953 2388 3011; x_wconf 84' lang='lat' dir='ltr'><strong><em>instruit</em></strong></span> <span class='ocrx_word' id='word_1_355' title='bbox 2417 2951 2442 2993; x_wconf 72' lang='grc' dir='ltr'><strong><em>ιι</em></strong></span> <span class='ocrx_word' id='word_1_356' title='bbox 2472 2970 2572 3010; x_wconf 79' lang='lat' dir='ltr'><strong><em>non</em></strong></span> <span class='ocrx_word' id='word_1_357' title='bbox 2606 2955 2907 3012; x_wconf 84' lang='lat' dir='ltr'><strong><em>invenientis</em></strong></span> <span class='ocrx_word' id='word_1_358' title='bbox 2923 2954 3057 3027; x_wconf 84' lang='lat' dir='ltr'><strong><em>quod</em></strong></span> <span class='ocrx_word' id='word_1_359' title='bbox 3083 2955 3259 3027; x_wconf 72' lang='lat' dir='ltr'><strong><em>quierit</em></strong></span> <span class='ocrx_word' id='word_1_360' title='bbox 3288 2954 3538 3020; x_wconf 87' lang='lat' dir='ltr'><strong><em>animum,</em></strong></span> <span class='ocrx_word' id='word_1_361' title='bbox 3569 2965 3758 3012; x_wconf 70' lang='lat' dir='ltr'><strong><em>exercet</em></strong></span> 
     </span>
    </p>
   </div>
   <div class='ocr_carea' id='block_1_53' title="bbox 2189 3050 3755 3121">
    <p class='ocr_par' dir='ltr' id='par_1_53' title="bbox 2189 3050 3755 3121">
     <span class='ocr_line' id='line_1_53' title="bbox 2189 3050 3755 3121; baseline -0.001 -17"><span class='ocrx_word' id='word_1_362' title='bbox 2189 3051 2366 3104; x_wconf 85' lang='lat' dir='ltr'><strong><em>saltem</em></strong></span> <span class='ocrx_word' id='word_1_363' title='bbox 2379 3050 2646 3117; x_wconf 79' lang='lat' dir='ltr'><strong><em>quwreutis</em></strong></span> <span class='ocrx_word' id='word_1_364' title='bbox 2665 3050 2920 3121; x_wconf 88' lang='lat' dir='ltr'><strong><em>ingenium</em></strong></span> <span class='ocrx_word' id='word_1_365' title='bbox 2941 3065 2960 3104; x_wconf 89' lang='lat'><strong><em>:</em></strong></span> <span class='ocrx_word' id='word_1_366' title='bbox 2984 3059 3034 3102; x_wconf 93' lang='lat' dir='ltr'><strong><em>ut</em></strong></span> <span class='ocrx_word' id='word_1_367' title='bbox 3065 3059 3151 3104; x_wconf 90' lang='lat' dir='ltr'><strong><em>aut</em></strong></span> <span class='ocrx_word' id='word_1_368' title='bbox 3179 3050 3369 3104; x_wconf 72' lang='lat' dir='ltr'><strong><em>nouerit</em></strong></span> <span class='ocrx_word' id='word_1_369' title='bbox 3396 3066 3449 3104; x_wconf 95' lang='lat' dir='ltr'><strong><em>se</em></strong></span> <span class='ocrx_word' id='word_1_370' title='bbox 3467 3051 3755 3121; x_wconf 74' lang='lat' dir='ltr'><strong><em>quwrerido,</em></strong></span> 
     </span>
    </p>
   </div>
   <div class='ocr_carea' id='block_1_54' title="bbox 2189 3143 3758 3214">
    <p class='ocr_par' dir='ltr' id='par_1_54' title="bbox 2189 3143 3758 3214">
     <span class='ocr_line' id='line_1_54' title="bbox 2189 3143 3758 3214; baseline -0.001 -17"><span class='ocrx_word' id='word_1_371' title='bbox 2189 3153 2238 3197; x_wconf 92' lang='lat' dir='ltr'><strong><em>et</em></strong></span> <span class='ocrx_word' id='word_1_372' title='bbox 2262 3143 2389 3197; x_wconf 86' lang='lat' dir='ltr'><strong><em>nihil</em></strong></span> <span class='ocrx_word' id='word_1_373' title='bbox 2415 3144 2710 3197; x_wconf 84' lang='lat' dir='ltr'><strong><em>inveniendo</em></strong></span> <span class='ocrx_word' id='word_1_374' title='bbox 2737 3144 2925 3198; x_wconf 86' lang='lat' dir='ltr'><strong><em>nescire</em></strong></span> <span class='ocrx_word' id='word_1_375' title='bbox 2949 3143 3084 3214; x_wconf 79' lang='lat' dir='ltr'><strong><em>quod</em></strong></span> <span class='ocrx_word' id='word_1_376' title='bbox 3105 3160 3158 3198; x_wconf 90' lang='lat' dir='ltr'><strong><em>se</em></strong></span> <span class='ocrx_word' id='word_1_377' title='bbox 3178 3143 3307 3214; x_wconf 89' lang='lat' dir='ltr'><strong><em>forte</em></strong></span> <span class='ocrx_word' id='word_1_378' title='bbox 3342 3159 3487 3198; x_wconf 90' lang='lat' dir='ltr'><strong><em>nosse</em></strong></span> <span class='ocrx_word' id='word_1_379' title='bbox 3517 3159 3758 3214; x_wconf 71' lang='lat' dir='ltr'><strong><em>prcsum-</em></strong></span> 
     </span>
    </p>
   </div>
   <div class='ocr_carea' id='block_1_55' title="bbox 2191 3237 3761 3307">
    <p class='ocr_par' dir='ltr' id='par_1_55' title="bbox 2191 3237 3761 3307">
     <span class='ocr_line' id='line_1_55' title="bbox 2191 3237 3761 3307; baseline -0.001 -16"><span class='ocrx_word' id='word_1_380' title='bbox 2191 3245 2406 3307; x_wconf 88' lang='lat' dir='ltr'><strong><em>pserat;</em></strong></span> <span class='ocrx_word' id='word_1_381' title='bbox 2450 3247 2494 3292; x_wconf 91' lang='lat' dir='ltr'><strong><em>et</em></strong></span> <span class='ocrx_word' id='word_1_382' title='bbox 2546 3237 2850 3307; x_wconf 77' lang='lat' dir='ltr'><strong><em>ignorantia:</em></strong></span> <span class='ocrx_word' id='word_1_383' title='bbox 2894 3253 3000 3292; x_wconf 80' lang='lat' dir='ltr'><strong><em>sate</em></strong></span> <span class='ocrx_word' id='word_1_384' title='bbox 3048 3241 3403 3305; x_wconf 76' lang='lat' dir='ltr'><strong><em>consequenter</em></strong></span> <span class='ocrx_word' id='word_1_385' title='bbox 3449 3237 3761 3301; x_wconf 87' lang='lat' dir='ltr'><strong><em>admonitus,</em></strong></span> 
     </span>
    </p>
   </div>
   <div class='ocr_carea' id='block_1_56' title="bbox 2189 3327 3760 3400">
    <p class='ocr_par' dir='ltr' id='par_1_56' title="bbox 2189 3327 3760 3400">
     <span class='ocr_line' id='line_1_56' title="bbox 2189 3327 3760 3400; baseline -0.002 -17"><span class='ocrx_word' id='word_1_386' title='bbox 2189 3329 2326 3400; x_wconf 91' lang='lat' dir='ltr'><strong><em>quod</em></strong></span> <span class='ocrx_word' id='word_1_387' title='bbox 2353 3329 2446 3383; x_wconf 85' lang='lat' dir='ltr'><strong><em>sibi</em></strong></span> <span class='ocrx_word' id='word_1_388' title='bbox 2471 3329 2639 3384; x_wconf 85' lang='lat' dir='ltr'><strong><em>deesse</em></strong></span> <span class='ocrx_word' id='word_1_389' title='bbox 2659 3329 2857 3397; x_wconf 90' lang='lat' dir='ltr'><strong><em>viderit,</em></strong></span> <span class='ocrx_word' id='word_1_390' title='bbox 2885 3336 3079 3400; x_wconf 67' lang='lat' dir='ltr'><strong><em>quierat</em></strong></span> <span class='ocrx_word' id='word_1_391' title='bbox 3096 3346 3114 3392; x_wconf 87' lang='lat'><em>;</em></span> <span class='ocrx_word' id='word_1_392' title='bbox 3140 3329 3275 3383; x_wconf 87' lang='lat' dir='ltr'><strong><em>auod</em></strong></span> <span class='ocrx_word' id='word_1_393' title='bbox 3301 3327 3540 3382; x_wconf 82' lang='lat' dir='ltr'><strong><em>invenerit</em></strong></span> <span class='ocrx_word' id='word_1_394' title='bbox 3571 3337 3760 3392; x_wconf 86' lang='lat' dir='ltr'><strong><em>teneat;</em></strong></span> 
     </span>
    </p>
   </div>
   <div class='ocr_carea' id='block_1_57' title="bbox 2193 3417 3762 3494">
    <p class='ocr_par' dir='ltr' id='par_1_57' title="bbox 2193 3417 3762 3494">
     <span class='ocr_line' id='line_1_57' title="bbox 2193 3417 3762 3494; baseline -0.003 -18"><span class='ocrx_word' id='word_1_395' title='bbox 2193 3431 2238 3476; x_wconf 87' lang='lat' dir='ltr'><strong><em>et</em></strong></span> <span class='ocrx_word' id='word_1_396' title='bbox 2263 3423 2398 3493; x_wconf 91' lang='lat' dir='ltr'><strong><em>quod</em></strong></span> <span class='ocrx_word' id='word_1_397' title='bbox 2427 3423 2660 3488; x_wconf 90' lang='lat' dir='ltr'><strong><em>tenuerit,</em></strong></span> <span class='ocrx_word' id='word_1_398' title='bbox 2691 3431 2714 3460; x_wconf 81' lang='grc' dir='ltr'><strong>ο</strong></span> <span class='ocrx_word' id='word_1_399' title='bbox 2742 3432 3112 3494; x_wconf 78' lang='lat' dir='ltr'><strong><em>perseveranter:</em></strong></span> <span class='ocrx_word' id='word_1_400' title='bbox 3137 3428 3404 3475; x_wconf 73' lang='lat' dir='ltr'><strong><em>exerceat:</em></strong></span> <span class='ocrx_word' id='word_1_401' title='bbox 3433 3427 3518 3472; x_wconf 92' lang='lat' dir='ltr'><strong><em>aut</em></strong></span> <span class='ocrx_word' id='word_1_402' title='bbox 3559 3419 3603 3473; x_wconf 88' lang='lat' dir='ltr'><strong><em>si</em></strong></span> <span class='ocrx_word' id='word_1_403' title='bbox 3630 3417 3762 3488; x_wconf 87' lang='lat' dir='ltr'><strong><em>quod</em></strong></span> 
     </span>
    </p>
   </div>
   <div class='ocr_carea' id='block_1_58' title="bbox 2194 3512 3764 3584">
    <p class='ocr_par' dir='ltr' id='par_1_58' title="bbox 2194 3512 3764 3584">
     <span class='ocr_line' id='line_1_58' title="bbox 2194 3512 3764 3584; baseline -0.001 -16"><span class='ocrx_word' id='word_1_404' title='bbox 2194 3516 2287 3569; x_wconf 88' lang='lat' dir='ltr'><strong><em>sibi</em></strong></span> <span class='ocrx_word' id='word_1_405' title='bbox 2317 3517 2379 3568; x_wconf 92' lang='lat' dir='ltr'><strong><em>de</em></strong></span> <span class='ocrx_word' id='word_1_406' title='bbox 2430 3515 2612 3568; x_wconf 86' lang='lat' dir='ltr'><strong><em>divinis</em></strong></span> <span class='ocrx_word' id='word_1_407' title='bbox 2661 3513 2868 3568; x_wconf 87' lang='lat' dir='ltr'><strong><em>Litteris</em></strong></span> <span class='ocrx_word' id='word_1_408' title='bbox 2894 3514 3210 3583; x_wconf 86' lang='lat' dir='ltr'><strong><em>propositum</em></strong></span> <span class='ocrx_word' id='word_1_409' title='bbox 3251 3517 3452 3584; x_wconf 77' lang='lat' dir='ltr'><strong><em>fuerat,</em></strong></span> <span class='ocrx_word' id='word_1_410' title='bbox 3497 3512 3764 3566; x_wconf 82' lang='lat' dir='ltr'><strong><em>salubriter</em></strong></span> 
     </span>
    </p>
   </div>
   <div class='ocr_carea' id='block_1_59' title="bbox 2194 3603 3763 3676">
    <p class='ocr_par' dir='ltr' id='par_1_59' title="bbox 2194 3603 3763 3676">
     <span class='ocr_line' id='line_1_59' title="bbox 2194 3603 3763 3676; baseline -0.003 -15"><span class='ocrx_word' id='word_1_411' title='bbox 2194 3605 2434 3674; x_wconf 83' lang='lat' dir='ltr'><strong><em>tractare,</em></strong></span> <span class='ocrx_word' id='word_1_412' title='bbox 2469 3617 2514 3661; x_wconf 89' lang='lat' dir='ltr'><strong><em>et</em></strong></span> <span class='ocrx_word' id='word_1_413' title='bbox 2545 3606 2844 3676; x_wconf 76' lang='lat' dir='ltr'><strong><em>sufficienter</em></strong></span> <span class='ocrx_word' id='word_1_414' title='bbox 2863 3604 3114 3673; x_wconf 74' lang='lat' dir='ltr'><strong><em>explicare</em></strong></span> <span class='ocrx_word' id='word_1_415' title='bbox 3145 3603 3162 3642; x_wconf 75' lang='grc' dir='ltr'><em>τ</em></span> <span class='ocrx_word' id='word_1_416' title='bbox 3196 3604 3448 3676; x_wconf 87' lang='lat' dir='ltr'><strong><em>potuerit;</em></strong></span> <span class='ocrx_word' id='word_1_417' title='bbox 3478 3620 3576 3658; x_wconf 91' lang='lat' dir='ltr'><strong><em>non</em></strong></span> <span class='ocrx_word' id='word_1_418' title='bbox 3608 3603 3670 3657; x_wconf 90' lang='lat' dir='ltr'><strong><em>de</em></strong></span> <span class='ocrx_word' id='word_1_419' title='bbox 3688 3604 3763 3657; x_wconf 85' lang='lat' dir='ltr'><strong><em>iu-</em></strong></span> 
     </span>
    </p>
   </div>
   <div class='ocr_carea' id='block_1_60' title="bbox 2194 3679 3786 3765">
    <p class='ocr_par' dir='ltr' id='par_1_60' title="bbox 2194 3679 3786 3765">
     <span class='ocr_line' id='line_1_60' title="bbox 2194 3679 3786 3765; baseline -0.003 -11"><span class='ocrx_word' id='word_1_420' title='bbox 2194 3701 2424 3755; x_wconf 88' lang='lat' dir='ltr'><strong><em>ventione</em></strong></span> <span class='ocrx_word' id='word_1_421' title='bbox 2451 3709 2476 3747; x_wconf 77' lang='lat'><strong>8</strong></span> <span class='ocrx_word' id='word_1_422' title='bbox 2509 3698 2732 3753; x_wconf 88' lang='lat' dir='ltr'><strong><em>veritatis</em></strong></span> <span class='ocrx_word' id='word_1_423' title='bbox 2769 3699 2996 3764; x_wconf 85' lang='lat' dir='ltr'><strong><em>inﬂetur,</em></strong></span> <span class='ocrx_word' id='word_1_424' title='bbox 3043 3696 3134 3751; x_wconf 90' lang='lat' dir='ltr'><strong><em>sed</em></strong></span> <span class='ocrx_word' id='word_1_425' title='bbox 3178 3697 3230 3750; x_wconf 93' lang='lat' dir='ltr'><strong><em>in</em></strong></span> <span class='ocrx_word' id='word_1_426' title='bbox 3254 3697 3494 3763; x_wconf 90' lang='lat' dir='ltr'><strong><em>Domino,</em></strong></span> <span class='ocrx_word' id='word_1_427' title='bbox 3536 3697 3620 3765; x_wconf 91' lang='lat' dir='ltr'><strong><em>qui</em></strong></span> <span class='ocrx_word' id='word_1_428' title='bbox 3653 3679 3786 3751; x_wconf 21' lang='lat' dir='ltr'><strong><em>eum.</em></strong></span> 
     </span>
    </p>
   </div>
   <div class='ocr_carea' id='block_1_61' title="bbox 2193 3785 3765 3858">
    <p class='ocr_par' dir='ltr' id='par_1_61' title="bbox 2193 3785 3765 3858">
     <span class='ocr_line' id='line_1_61' title="bbox 2193 3785 3765 3858; baseline -0.004 -12"><span class='ocrx_word' id='word_1_429' title='bbox 2193 3794 2332 3847; x_wconf 88' lang='lat' dir='ltr'><strong><em>intus</em></strong></span> <span class='ocrx_word' id='word_1_430' title='bbox 2362 3790 2697 3856; x_wconf 77' lang='lat' dir='ltr'><strong><em>illuminavit,</em></strong></span> <span class='ocrx_word' id='word_1_431' title='bbox 2747 3798 2802 3843; x_wconf 90' lang='lat' dir='ltr'><strong><em>ut</em></strong></span> <span class='ocrx_word' id='word_1_432' title='bbox 2840 3785 2870 3826; x_wconf 68' lang='grc' dir='ltr'><strong>λι</strong></span> <span class='ocrx_word' id='word_1_433' title='bbox 2903 3788 3241 3842; x_wconf 85' lang='lat' dir='ltr'><strong><em>illuminanda</em></strong></span> <span class='ocrx_word' id='word_1_434' title='bbox 3269 3796 3616 3858; x_wconf 73' lang='lat' dir='ltr'><strong><em>cognosceret,</em></strong></span> <span class='ocrx_word' id='word_1_435' title='bbox 3659 3787 3765 3857; x_wconf 85' lang='lat' dir='ltr'><strong><em>glo-</em></strong></span> 
     </span>
    </p>
   </div>
   <div class='ocr_carea' id='block_1_62' title="bbox 2194 3874 3763 3951">
    <p class='ocr_par' dir='ltr' id='par_1_62' title="bbox 2194 3874 3763 3951">
     <span class='ocr_line' id='line_1_62' title="bbox 2194 3874 3763 3951; baseline -0.006 -13"><span class='ocrx_word' id='word_1_436' title='bbox 2194 3884 2371 3938; x_wconf 86' lang='lat' dir='ltr'><strong><em>rietur.</em></strong></span> <span class='ocrx_word' id='word_1_437' title='bbox 2408 3881 2829 3951; x_wconf 84' lang='lat' dir='ltr'><strong><em>Quandoquidem</em></strong></span> <span class='ocrx_word' id='word_1_438' title='bbox 2871 3880 3080 3934; x_wconf 84' lang='lat' dir='ltr'><strong><em>scientia</em></strong></span> <span class='ocrx_word' id='word_1_439' title='bbox 3131 3879 3257 3933; x_wconf 88' lang='lat' dir='ltr'><strong><em>sicut</em></strong></span> <span class='ocrx_word' id='word_1_440' title='bbox 3307 3878 3416 3931; x_wconf 87' lang='lat' dir='ltr'><strong><em>sine</em></strong></span> <span class='ocrx_word' id='word_1_441' title='bbox 3455 3877 3590 3930; x_wconf 89' lang='lat' dir='ltr'><strong><em>dono</em></strong></span> <span class='ocrx_word' id='word_1_442' title='bbox 3641 3874 3763 3942; x_wconf 87' lang='lat' dir='ltr'><strong><em>Dei,</em></strong></span> 
     </span>
    </p>
   </div>
   <div class='ocr_carea' id='block_1_63' title="bbox 2197 3969 3762 4050">
    <p class='ocr_par' dir='ltr' id='par_1_63' title="bbox 2197 3969 3762 4050">
     <span class='ocr_line' id='line_1_63' title="bbox 2197 3969 3762 4050; baseline -0.008 -18"><span class='ocrx_word' id='word_1_443' title='bbox 2197 3979 2336 4050; x_wconf 86' lang='lat' dir='ltr'><strong><em>quod</em></strong></span> <span class='ocrx_word' id='word_1_444' title='bbox 2368 3987 2437 4032; x_wconf 91' lang='lat' dir='ltr'><strong><em>est</em></strong></span> <span class='ocrx_word' id='word_1_445' title='bbox 2484 3976 2691 4041; x_wconf 87' lang='lat' dir='ltr'><strong><em>caritas,</em></strong></span> <span class='ocrx_word' id='word_1_446' title='bbox 2722 3975 2889 4045; x_wconf 81' lang='lat' dir='ltr'><strong><em>inflat,</em></strong></span> <span class='ocrx_word' id='word_1_447' title='bbox 2933 3973 3003 4026; x_wconf 92' lang='lat' dir='ltr'><strong><em>ita</em></strong></span> <span class='ocrx_word' id='word_1_448' title='bbox 3025 3973 3070 4026; x_wconf 92' lang='lat' dir='ltr'><strong><em>si</em></strong></span> <span class='ocrx_word' id='word_1_449' title='bbox 3112 3971 3156 4024; x_wconf 89' lang='lat' dir='ltr'><strong><em>ei</em></strong></span> <span class='ocrx_word' id='word_1_450' title='bbox 3184 3970 3367 4023; x_wconf 85' lang='lat' dir='ltr'><strong><em>caritas</em></strong></span> <span class='ocrx_word' id='word_1_451' title='bbox 3396 3969 3762 4035; x_wconf 86' lang='lat' dir='ltr'><strong><em>admisceatur,</em></strong></span> 
     </span>
    </p>
   </div>
   <div class='ocr_carea' id='block_1_64' title="bbox 517 4056 3765 4139">
    <p class='ocr_par' dir='ltr' id='par_1_64' title="bbox 517 4056 3765 4139">
     <span class='ocr_line' id='line_1_64' title="bbox 517 4056 3765 4139; baseline -0.003 -18"><span class='ocrx_word' id='word_1_452' title='bbox 517 4067 680 4137; x_wconf 56' lang='lat' dir='ltr'><strong><em>juncti</em></strong></span> <span class='ocrx_word' id='word_1_453' title='bbox 722 4069 888 4138; x_wconf 86' lang='lat' dir='ltr'><strong><em>aperis</em></strong></span> <span class='ocrx_word' id='word_1_454' title='bbox 937 4067 1224 4138; x_wconf 76' lang='lat' dir='ltr'><strong><em>difficultas,</em></strong></span> <span class='ocrx_word' id='word_1_455' title='bbox 1251 4066 1322 4120; x_wconf 91' lang='lat' dir='ltr'><strong><em>ita</em></strong></span> <span class='ocrx_word' id='word_1_456' title='bbox 1353 4065 1565 4138; x_wconf 88' lang='lat' dir='ltr'><strong><em>cogitari</em></strong></span> <span class='ocrx_word' id='word_1_457' title='bbox 1589 4065 1759 4121; x_wconf 84' lang='lat' dir='ltr'><strong><em>debuit</em></strong></span> <span class='ocrx_word' id='word_1_458' title='bbox 1782 4066 2089 4138; x_wconf 81' lang='lat' dir='ltr'><strong><em>injungeutis</em></strong></span> <span class='ocrx_word' id='word_1_459' title='bbox 2115 4056 2164 4119; x_wconf 73' lang='grc' dir='ltr'>Ο</span> <span class='ocrx_word' id='word_1_460' title='bbox 2195 4069 2416 4138; x_wconf 73' lang='lat' dir='ltr'><strong><em>mdiﬁcal</em></strong></span> <span class='ocrx_word' id='word_1_461' title='bbox 2456 4066 2509 4139; x_wconf 89' lang='lat' dir='ltr'><strong><em>(I</em></strong></span> <span class='ocrx_word' id='word_1_462' title='bbox 2543 4066 2660 4121; x_wconf 88' lang='lat' dir='ltr'><strong><em>Cor.</em></strong></span> <span class='ocrx_word' id='word_1_463' title='bbox 2691 4065 2828 4133; x_wconf 73' lang='lat' dir='ltr'><strong>VIII).</strong></span> <span class='ocrx_word' id='word_1_464' title='bbox 2863 4065 2932 4119; x_wconf 78' lang='lat' dir='ltr'><strong><em>Ac</em></strong></span> <span class='ocrx_word' id='word_1_465' title='bbox 2962 4081 3051 4136; x_wconf 88' lang='lat' dir='ltr'><strong><em>per</em></strong></span> <span class='ocrx_word' id='word_1_466' title='bbox 3096 4064 3224 4128; x_wconf 89' lang='lat' dir='ltr'><strong><em>hoc,</em></strong></span> <span class='ocrx_word' id='word_1_467' title='bbox 3275 4063 3361 4130; x_wconf 90' lang='lat' dir='ltr'><strong><em>qui</em></strong></span> <span class='ocrx_word' id='word_1_468' title='bbox 3403 4063 3466 4116; x_wconf 80' lang='lat' dir='ltr'><strong><em>de</em></strong></span> <span class='ocrx_word' id='word_1_469' title='bbox 3501 4062 3606 4116; x_wconf 89' lang='lat' dir='ltr'><strong><em>Deo</em></strong></span> <span class='ocrx_word' id='word_1_470' title='bbox 3635 4060 3765 4130; x_wconf 86' lang='lat' dir='ltr'><strong><em>loqui</em></strong></span> 
     </span>
    </p>
   </div>
   <div class='ocr_carea' id='block_1_65' title="bbox 513 4160 2084 4231">
    <p class='ocr_par' dir='ltr' id='par_1_65' title="bbox 513 4160 2084 4231">
     <span class='ocr_line' id='line_1_65' title="bbox 513 4160 2084 4231; baseline 0 -17"><span class='ocrx_word' id='word_1_471' title='bbox 513 4161 808 4228; x_wconf 75' lang='lat' dir='ltr'><strong><em>auctoritas,</em></strong></span> <span class='ocrx_word' id='word_1_472' title='bbox 840 4178 925 4216; x_wconf 89' lang='lat' dir='ltr'><strong><em>nec</em></strong></span> <span class='ocrx_word' id='word_1_473' title='bbox 946 4160 1116 4226; x_wconf 89' lang='lat' dir='ltr'><strong><em>volui,</em></strong></span> <span class='ocrx_word' id='word_1_474' title='bbox 1155 4177 1244 4215; x_wconf 85' lang='lat' dir='ltr'><strong><em>nec</em></strong></span> <span class='ocrx_word' id='word_1_475' title='bbox 1267 4161 1414 4216; x_wconf 88' lang='lat' dir='ltr'><strong><em>debui</em></strong></span> <span class='ocrx_word' id='word_1_476' title='bbox 1447 4177 1797 4231; x_wconf 85' lang='lat' dir='ltr'><strong><em>usquequaque</em></strong></span> <span class='ocrx_word' id='word_1_477' title='bbox 1838 4161 2084 4224; x_wconf 82' lang='lat' dir='ltr'><strong><em>resistere,</em></strong></span> 
     </span>
    </p>
   </div>
   <div class='ocr_carea' id='block_1_66' title="bbox 518 4247 2088 4326">
    <p class='ocr_par' dir='ltr' id='par_1_66' title="bbox 518 4247 2088 4326">
     <span class='ocr_line' id='line_1_66' title="bbox 518 4247 2088 4326; baseline 0 -20"><span class='ocrx_word' id='word_1_478' title='bbox 518 4264 682 4308; x_wconf 83' lang='lat' dir='ltr'><strong><em>certus</em></strong></span> <span class='ocrx_word' id='word_1_479' title='bbox 704 4257 837 4324; x_wconf 80' lang='lat' dir='ltr'><strong><em>quod</em></strong></span> <span class='ocrx_word' id='word_1_480' title='bbox 895 4255 1018 4310; x_wconf 85' lang='lat' dir='ltr'><strong><em>rires</em></strong></span> <span class='ocrx_word' id='word_1_481' title='bbox 1045 4270 1177 4306; x_wconf 83' lang='lat' dir='ltr'><strong><em>meas</em></strong></span> <span class='ocrx_word' id='word_1_482' title='bbox 1229 4247 1394 4307; x_wconf 82' lang='lat' dir='ltr'><strong><em>multo</em></strong></span> <span class='ocrx_word' id='word_1_483' title='bbox 1441 4256 1658 4324; x_wconf 78' lang='lat' dir='ltr'><strong><em>amplius</em></strong></span> <span class='ocrx_word' id='word_1_484' title='bbox 1694 4255 1959 4326; x_wconf 64' lang='lat' dir='ltr'><strong><em>adjuvant</em></strong></span> <span class='ocrx_word' id='word_1_485' title='bbox 2001 4266 2088 4308; x_wconf 90' lang='lat' dir='ltr'><strong><em>tua</em></strong></span> 
     </span>
    </p>
   </div>
   <div class='ocr_carea' id='block_1_67' title="bbox 519 4346 2091 4419">
    <p class='ocr_par' dir='ltr' id='par_1_67' title="bbox 519 4346 2091 4419">
     <span class='ocr_line' id='line_1_67' title="bbox 519 4346 2091 4419; baseline -0.002 -18"><span class='ocrx_word' id='word_1_486' title='bbox 519 4349 852 4419; x_wconf 74' lang='lat' dir='ltr'><strong><em>prtecipientis</em></strong></span> <span class='ocrx_word' id='word_1_487' title='bbox 878 4348 1060 4410; x_wconf 88' lang='lat' dir='ltr'><strong><em>oratio,</em></strong></span> <span class='ocrx_word' id='word_1_488' title='bbox 1107 4364 1262 4416; x_wconf 86' lang='lat' dir='ltr'><strong><em>quam</em></strong></span> <span class='ocrx_word' id='word_1_489' title='bbox 1289 4360 1516 4416; x_wconf 84' lang='lat' dir='ltr'><strong><em>gravaret</em></strong></span> <span class='ocrx_word' id='word_1_490' title='bbox 1543 4346 1706 4415; x_wconf 78' lang='lat' dir='ltr'><strong><em>ipsius</em></strong></span> <span class='ocrx_word' id='word_1_491' title='bbox 1734 4349 1960 4400; x_wconf 74' lang='lat' dir='ltr'><strong><em>materia?</em></strong></span> <span class='ocrx_word' id='word_1_492' title='bbox 1985 4364 2091 4400; x_wconf 86' lang='lat' dir='ltr'><strong><em>ma-</em></strong></span> 
     </span>
    </p>
   </div>
   <div class='ocr_carea' id='block_1_68' title="bbox 514 4438 2092 4513">
    <p class='ocr_par' dir='ltr' id='par_1_68' title="bbox 514 4438 2092 4513">
     <span class='ocr_line' id='line_1_68' title="bbox 514 4438 2092 4513; baseline -0.001 -20"><span class='ocrx_word' id='word_1_493' title='bbox 514 4440 750 4513; x_wconf 83' lang='lat' dir='ltr'><strong><em>gnitudo.</em></strong></span> <span class='ocrx_word' id='word_1_494' title='bbox 801 4439 1000 4492; x_wconf 84' lang='lat' dir='ltr'><strong><em>Deinde</em></strong></span> <span class='ocrx_word' id='word_1_495' title='bbox 1028 4438 1118 4491; x_wconf 87' lang='lat' dir='ltr'><strong><em>illa</em></strong></span> <span class='ocrx_word' id='word_1_496' title='bbox 1151 4438 1488 4493; x_wconf 85' lang='lat' dir='ltr'><strong><em>consideratio</em></strong></span> <span class='ocrx_word' id='word_1_497' title='bbox 1522 4440 1748 4492; x_wconf 88' lang='lat' dir='ltr'><strong><em>animum</em></strong></span> <span class='ocrx_word' id='word_1_498' title='bbox 1792 4455 1959 4492; x_wconf 87' lang='lat' dir='ltr'><strong><em>meum</em></strong></span> <span class='ocrx_word' id='word_1_499' title='bbox 1985 4439 2092 4492; x_wconf 86' lang='lat' dir='ltr'><strong><em>suis</em></strong></span> 
     </span>
    </p>
   </div>
   <div class='ocr_carea' id='block_1_69' title="bbox 515 4531 2095 4603">
    <p class='ocr_par' dir='ltr' id='par_1_69' title="bbox 515 4531 2095 4603">
     <span class='ocr_line' id='line_1_69' title="bbox 515 4531 2095 4603; baseline -0.003 -14"><span class='ocrx_word' id='word_1_500' title='bbox 515 4533 706 4589; x_wconf 87' lang='lat' dir='ltr'><strong><em>viribus</em></strong></span> <span class='ocrx_word' id='word_1_501' title='bbox 739 4531 1063 4602; x_wconf 73' lang='lat' dir='ltr'><strong><em>diffidentem,</em></strong></span> <span class='ocrx_word' id='word_1_502' title='bbox 1103 4531 1158 4586; x_wconf 89' lang='lat' dir='ltr'><strong><em>in</em></strong></span> <span class='ocrx_word' id='word_1_503' title='bbox 1197 4531 1468 4586; x_wconf 89' lang='lat' dir='ltr'><strong><em>audaciam</em></strong></span> <span class='ocrx_word' id='word_1_504' title='bbox 1498 4531 1770 4587; x_wconf 73' lang='lat' dir='ltr'><strong><em>subeunda:</em></strong></span> <span class='ocrx_word' id='word_1_505' title='bbox 1798 4532 2095 4603; x_wconf 73' lang='lat' dir='ltr'><strong><em>prwceptio-</em></strong></span> 
     </span>
    </p>
   </div>
   <div class='ocr_carea' id='block_1_70' title="bbox 516 4621 2092 4692">
    <p class='ocr_par' dir='ltr' id='par_1_70' title="bbox 516 4621 2092 4692">
     <span class='ocr_line' id='line_1_70' title="bbox 516 4621 2092 4692; baseline -0.001 -14"><span class='ocrx_word' id='word_1_506' title='bbox 516 4624 596 4678; x_wconf 89' lang='lat' dir='ltr'><strong><em>nis</em></strong></span> <span class='ocrx_word' id='word_1_507' title='bbox 622 4631 797 4678; x_wconf 73' lang='lat' dir='ltr'><strong><em>vestra:</em></strong></span> <span class='ocrx_word' id='word_1_508' title='bbox 819 4621 1098 4692; x_wconf 69' lang='lat' dir='ltr'><strong><em>perduxit;</em></strong></span> <span class='ocrx_word' id='word_1_509' title='bbox 1137 4622 1274 4692; x_wconf 91' lang='lat' dir='ltr'><strong><em>quod</em></strong></span> <span class='ocrx_word' id='word_1_510' title='bbox 1317 4623 1434 4692; x_wconf 90' lang='lat' dir='ltr'><strong><em>jam</em></strong></span> <span class='ocrx_word' id='word_1_511' title='bbox 1471 4639 1569 4675; x_wconf 86' lang='lat' dir='ltr'><strong><em>non</em></strong></span> <span class='ocrx_word' id='word_1_512' title='bbox 1618 4623 1915 4677; x_wconf 85' lang='lat' dir='ltr'><strong><em>humilitatis</em></strong></span> <span class='ocrx_word' id='word_1_513' title='bbox 1969 4631 2092 4678; x_wconf 84' lang='lat' dir='ltr'><strong><em>esset</em></strong></span> 
     </span>
    </p>
   </div>
   <div class='ocr_carea' id='block_1_71' title="bbox 518 4716 2092 4790">
    <p class='ocr_par' dir='ltr' id='par_1_71' title="bbox 518 4716 2092 4790">
     <span class='ocr_line' id='line_1_71' title="bbox 518 4716 2092 4790; baseline -0.001 -17"><span class='ocrx_word' id='word_1_514' title='bbox 518 4724 890 4790; x_wconf 84' lang='lat' dir='ltr'><strong><em>perseveranter</em></strong></span> <span class='ocrx_word' id='word_1_515' title='bbox 927 4724 1093 4772; x_wconf 88' lang='lat' dir='ltr'><strong><em>tenere</em></strong></span> <span class='ocrx_word' id='word_1_516' title='bbox 1131 4716 1409 4783; x_wconf 89' lang='lat' dir='ltr'><strong><em>silentium,</em></strong></span> <span class='ocrx_word' id='word_1_517' title='bbox 1432 4717 1520 4770; x_wconf 91' lang='lat' dir='ltr'><strong><em>sed</em></strong></span> <span class='ocrx_word' id='word_1_518' title='bbox 1565 4716 1814 4786; x_wconf 70' lang='lat' dir='ltr'><strong><em>superbia:</em></strong></span> <span class='ocrx_word' id='word_1_519' title='bbox 1848 4719 1985 4771; x_wconf 90' lang='lat' dir='ltr'><strong><em>ultra</em></strong></span> <span class='ocrx_word' id='word_1_520' title='bbox 2011 4733 2092 4772; x_wconf 82' lang='lat' dir='ltr'><strong><em>re-</em></strong></span> 
     </span>
    </p>
   </div>
   <div class='ocr_carea' id='block_1_72' title="bbox 519 4807 2088 4881">
    <p class='ocr_par' dir='ltr' id='par_1_72' title="bbox 519 4807 2088 4881">
     <span class='ocr_line' id='line_1_72' title="bbox 519 4807 2088 4881; baseline 0.001 -17"><span class='ocrx_word' id='word_1_521' title='bbox 519 4826 691 4876; x_wconf 88' lang='lat' dir='ltr'><strong><em>nuere,</em></strong></span> <span class='ocrx_word' id='word_1_522' title='bbox 721 4810 950 4880; x_wconf 79' lang='lat' dir='ltr'><strong><em>quamvis</em></strong></span> <span class='ocrx_word' id='word_1_523' title='bbox 979 4809 1196 4880; x_wconf 85' lang='lat' dir='ltr'><strong><em>infirmis</em></strong></span> <span class='ocrx_word' id='word_1_524' title='bbox 1222 4809 1496 4864; x_wconf 81' lang='lat' dir='ltr'><strong><em>cervicibus</em></strong></span> <span class='ocrx_word' id='word_1_525' title='bbox 1525 4807 1552 4848; x_wconf 71' lang='grc' dir='ltr'>δ</span> <span class='ocrx_word' id='word_1_526' title='bbox 1578 4825 1704 4864; x_wconf 87' lang='lat' dir='ltr'><strong><em>onus</em></strong></span> <span class='ocrx_word' id='word_1_527' title='bbox 1748 4811 2038 4881; x_wconf 87' lang='lat' dir='ltr'><strong><em>impositum</em></strong></span> <span class='ocrx_word' id='word_1_528' title='bbox 2070 4829 2088 4872; x_wconf 77' lang='lat'><strong><em>.-</em></strong></span> 
     </span>
    </p>
   </div>
   <div class='ocr_carea' id='block_1_73' title="bbox 520 4902 2088 4973">
    <p class='ocr_par' dir='ltr' id='par_1_73' title="bbox 520 4902 2088 4973">
     <span class='ocr_line' id='line_1_73' title="bbox 520 4902 2088 4973; baseline -0.001 -16"><span class='ocrx_word' id='word_1_529' title='bbox 520 4903 603 4958; x_wconf 86' lang='lat' dir='ltr'><strong><em>cui</em></strong></span> <span class='ocrx_word' id='word_1_530' title='bbox 621 4903 761 4958; x_wconf 89' lang='lat' dir='ltr'><strong><em>oneri</em></strong></span> <span class='ocrx_word' id='word_1_531' title='bbox 779 4902 1099 4969; x_wconf 85' lang='lat' dir='ltr'><strong><em>sustinendo,</em></strong></span> <span class='ocrx_word' id='word_1_532' title='bbox 1111 4903 1202 4959; x_wconf 91' lang='lat' dir='ltr'><strong><em>etsi</em></strong></span> <span class='ocrx_word' id='word_1_533' title='bbox 1221 4919 1334 4956; x_wconf 89' lang='lat' dir='ltr'><strong><em>mea</em></strong></span> <span class='ocrx_word' id='word_1_534' title='bbox 1345 4918 1422 4956; x_wconf 88' lang='lat' dir='ltr'><strong><em>me</em></strong></span> <span class='ocrx_word' id='word_1_535' title='bbox 1436 4903 1689 4957; x_wconf 88' lang='lat' dir='ltr'><strong><em>rusticitas</em></strong></span> <span class='ocrx_word' id='word_1_536' title='bbox 1715 4902 1927 4973; x_wconf 81' lang='lat' dir='ltr'><strong><em>faciebat</em></strong></span> <span class='ocrx_word' id='word_1_537' title='bbox 1939 4903 2088 4957; x_wconf 85' lang='lat' dir='ltr'><strong><em>inva-</em></strong></span> 
     </span>
    </p>
   </div>
   <div class='ocr_carea' id='block_1_74' title="bbox 518 4995 2088 5068">
    <p class='ocr_par' dir='ltr' id='par_1_74' title="bbox 518 4995 2088 5068">
     <span class='ocr_line' id='line_1_74' title="bbox 518 4995 2088 5068; baseline -0.001 -15"><span class='ocrx_word' id='word_1_538' title='bbox 518 4996 704 5064; x_wconf 87' lang='lat' dir='ltr'><strong><em>lidum,</em></strong></span> <span class='ocrx_word' id='word_1_539' title='bbox 729 5005 895 5054; x_wconf 88' lang='lat' dir='ltr'><strong><em>vestra</em></strong></span> <span class='ocrx_word' id='word_1_540' title='bbox 921 4998 1036 5066; x_wconf 77' lang='lat' dir='ltr'><strong><em>ﬁeri</em></strong></span> <span class='ocrx_word' id='word_1_541' title='bbox 1060 4997 1250 5054; x_wconf 90' lang='lat' dir='ltr'><strong><em>credidi</em></strong></span> <span class='ocrx_word' id='word_1_542' title='bbox 1278 4997 1378 5063; x_wconf 78' lang='lat' dir='ltr'><strong><em>ﬁde</em></strong></span> <span class='ocrx_word' id='word_1_543' title='bbox 1406 4997 1492 5066; x_wconf 91' lang='lat' dir='ltr'><strong><em>qui</em></strong></span> <span class='ocrx_word' id='word_1_544' title='bbox 1513 4995 1798 5068; x_wconf 88' lang='lat' dir='ltr'><strong><em>jubebatis,</em></strong></span> <span class='ocrx_word' id='word_1_545' title='bbox 1829 4997 2088 5052; x_wconf 85' lang='lat' dir='ltr'><strong><em>idoneum.</em></strong></span> 
     </span>
    </p>
   </div>
   <div class='ocr_carea' id='block_1_75' title="bbox 585 5087 2092 5162">
    <p class='ocr_par' dir='ltr' id='par_1_75' title="bbox 585 5087 2092 5162">
     <span class='ocr_line' id='line_1_75' title="bbox 585 5087 2092 5162; baseline -0.001 -16"><span class='ocrx_word' id='word_1_546' title='bbox 585 5087 641 5146; x_wconf 74' lang='grc'><strong>2.</strong></span> <span class='ocrx_word' id='word_1_547' title='bbox 684 5087 800 5147; x_wconf 82' lang='lat' dir='ltr'><strong><em>Hoc</em></strong></span> <span class='ocrx_word' id='word_1_548' title='bbox 844 5103 1038 5162; x_wconf 82' lang='lat' dir='ltr'><strong><em>quoque</em></strong></span> <span class='ocrx_word' id='word_1_549' title='bbox 1080 5088 1205 5145; x_wconf 87' lang='lat' dir='ltr'><strong><em>mihi</em></strong></span> <span class='ocrx_word' id='word_1_550' title='bbox 1234 5089 1457 5146; x_wconf 87' lang='lat' dir='ltr'><strong><em>audendi</em></strong></span> <span class='ocrx_word' id='word_1_551' title='bbox 1483 5089 1679 5161; x_wconf 86' lang='lat' dir='ltr'><strong><em>aliquid</em></strong></span> <span class='ocrx_word' id='word_1_552' title='bbox 1706 5089 1951 5160; x_wconf 81' lang='lat' dir='ltr'><strong><em>ﬁduciam</em></strong></span> <span class='ocrx_word' id='word_1_553' title='bbox 1998 5089 2092 5144; x_wconf 84' lang='lat' dir='ltr'><strong><em>da-</em></strong></span> 
     </span>
    </p>
   </div>
   <div class='ocr_carea' id='block_1_76' title="bbox 2196 4154 3763 4231">
    <p class='ocr_par' dir='ltr' id='par_1_76' title="bbox 2196 4154 3763 4231">
     <span class='ocr_line' id='line_1_76' title="bbox 2196 4154 3763 4231; baseline -0.007 -15"><span class='ocrx_word' id='word_1_554' title='bbox 2196 4164 2404 4218; x_wconf 78' lang='lat' dir='ltr'><strong><em>voluerit</em></strong></span> <span class='ocrx_word' id='word_1_555' title='bbox 2429 4210 2438 4231; x_wconf 70' lang='lat'><strong><em>,</em></strong></span> <span class='ocrx_word' id='word_1_556' title='bbox 2466 4172 2552 4215; x_wconf 83' lang='lat' dir='ltr'><strong><em>aut</em></strong></span> <span class='ocrx_word' id='word_1_557' title='bbox 2577 4161 2703 4215; x_wconf 84' lang='lat' dir='ltr'><strong><em>nihil</em></strong></span> <span class='ocrx_word' id='word_1_558' title='bbox 2725 4159 2866 4218; x_wconf 76' lang='lat' dir='ltr'><strong><em>dicit,</em></strong></span> <span class='ocrx_word' id='word_1_559' title='bbox 2889 4168 2933 4212; x_wconf 70' lang='lat' dir='ltr'><strong><em>et</em></strong></span> <span class='ocrx_word' id='word_1_560' title='bbox 2962 4157 3100 4212; x_wconf 82' lang='lat' dir='ltr'><strong><em>nulla</em></strong></span> <span class='ocrx_word' id='word_1_561' title='bbox 3127 4174 3241 4211; x_wconf 79' lang='lat' dir='ltr'><strong><em>eum</em></strong></span> <span class='ocrx_word' id='word_1_562' title='bbox 3270 4155 3282 4191; x_wconf 75' lang='grc' dir='ltr'><strong>ί</strong></span> <span class='ocrx_word' id='word_1_563' title='bbox 3313 4154 3594 4226; x_wconf 74' lang='lat' dir='ltr'><strong><em>prtrcipitat</em></strong></span> <span class='ocrx_word' id='word_1_564' title='bbox 3619 4155 3763 4222; x_wconf 76' lang='lat' dir='ltr'><strong><em>inﬂa-</em></strong></span> 
     </span>
    </p>
   </div>
   <div class='ocr_carea' id='block_1_77' title="bbox 2202 4245 3762 4324">
    <p class='ocr_par' dir='ltr' id='par_1_77' title="bbox 2202 4245 3762 4324">
     <span class='ocr_line' id='line_1_77' title="bbox 2202 4245 3762 4324; baseline -0.005 -17"><span class='ocrx_word' id='word_1_565' title='bbox 2202 4260 2310 4320; x_wconf 83' lang='lat' dir='ltr'><strong><em>tio;</em></strong></span> <span class='ocrx_word' id='word_1_566' title='bbox 2342 4269 2426 4309; x_wconf 81' lang='lat' dir='ltr'><strong><em>aut</em></strong></span> <span class='ocrx_word' id='word_1_567' title='bbox 2455 4257 2495 4310; x_wconf 88' lang='lat' dir='ltr'><strong><em>si</em></strong></span> <span class='ocrx_word' id='word_1_568' title='bbox 2521 4255 2714 4324; x_wconf 80' lang='lat' dir='ltr'><strong><em>aliquid</em></strong></span> <span class='ocrx_word' id='word_1_569' title='bbox 2745 4251 2945 4316; x_wconf 64' lang='lat' dir='ltr'><strong><em>dixerit,</em></strong></span> <span class='ocrx_word' id='word_1_570' title='bbox 2991 4260 3038 4303; x_wconf 86' lang='lat' dir='ltr'><strong><em>el</em></strong></span> <span class='ocrx_word' id='word_1_571' title='bbox 3070 4267 3117 4301; x_wconf 62' lang='lat' dir='ltr'><strong><em>se</em></strong></span> <span class='ocrx_word' id='word_1_572' title='bbox 3150 4249 3417 4301; x_wconf 71' lang='lat' dir='ltr'><strong><em>crctlitieril</em></strong></span> <span class='ocrx_word' id='word_1_573' title='bbox 3448 4264 3476 4299; x_wconf 81' lang='grc' dir='ltr'><strong><em>η</em></strong></span> <span class='ocrx_word' id='word_1_574' title='bbox 3503 4245 3605 4300; x_wconf 85' lang='lat' dir='ltr'><strong><em>Deo</em></strong></span> <span class='ocrx_word' id='word_1_575' title='bbox 3628 4262 3762 4299; x_wconf 75' lang='lat' dir='ltr'><strong><em>accc-</em></strong></span> 
     </span>
    </p>
   </div>
   <div class='ocr_carea' id='block_1_78' title="bbox 2197 4340 3766 4415">
    <p class='ocr_par' dir='ltr' id='par_1_78' title="bbox 2197 4340 3766 4415">
     <span class='ocr_line' id='line_1_78' title="bbox 2197 4340 3766 4415; baseline -0.004 -15"><span class='ocrx_word' id='word_1_576' title='bbox 2197 4349 2328 4414; x_wconf 76' lang='lat' dir='ltr'><strong><em>pisse</em></strong></span> <span class='ocrx_word' id='word_1_577' title='bbox 2372 4346 2507 4415; x_wconf 89' lang='lat' dir='ltr'><strong><em>quod</em></strong></span> <span class='ocrx_word' id='word_1_578' title='bbox 2546 4349 2555 4391; x_wconf 72' lang='grc' dir='ltr'>ἱ</span> <span class='ocrx_word' id='word_1_579' title='bbox 2598 4345 2749 4406; x_wconf 74' lang='lat' dir='ltr'><strong><em>dixit,</em></strong></span> <span class='ocrx_word' id='word_1_580' title='bbox 2781 4343 2923 4396; x_wconf 67' lang='lat' dir='ltr'><strong><em>habet</em></strong></span> <span class='ocrx_word' id='word_1_581' title='bbox 2955 4342 3085 4395; x_wconf 86' lang='lat' dir='ltr'><strong><em>unde</em></strong></span> <span class='ocrx_word' id='word_1_582' title='bbox 3131 4340 3234 4395; x_wconf 88' lang='lat' dir='ltr'><strong><em>Deo</em></strong></span> <span class='ocrx_word' id='word_1_583' title='bbox 3270 4341 3462 4411; x_wconf 85' lang='lat' dir='ltr'><strong><em>gratias</em></strong></span> <span class='ocrx_word' id='word_1_584' title='bbox 3497 4347 3634 4409; x_wconf 88' lang='lat' dir='ltr'><strong><em>agat,</em></strong></span> <span class='ocrx_word' id='word_1_585' title='bbox 3667 4353 3766 4393; x_wconf 78' lang='lat' dir='ltr'><strong><em>nou</em></strong></span> 
     </span>
    </p>
   </div>
   <div class='ocr_carea' id='block_1_79' title="bbox 2196 4430 3491 4508">
    <p class='ocr_par' dir='ltr' id='par_1_79' title="bbox 2196 4430 3491 4508">
     <span class='ocr_line' id='line_1_79' title="bbox 2196 4430 3491 4508; baseline -0.006 -18"><span class='ocrx_word' id='word_1_586' title='bbox 2196 4439 2341 4491; x_wconf 78' lang='lat' dir='ltr'><strong><em>habet</em></strong></span> <span class='ocrx_word' id='word_1_587' title='bbox 2362 4437 2498 4507; x_wconf 89' lang='lat' dir='ltr'><strong><em>quod</em></strong></span> <span class='ocrx_word' id='word_1_588' title='bbox 2528 4435 2718 4508; x_wconf 82' lang='lat' dir='ltr'><strong><em>ingenii</em></strong></span> <span class='ocrx_word' id='word_1_589' title='bbox 2739 4434 2819 4489; x_wconf 86' lang='lat' dir='ltr'><strong><em>sui</em></strong></span> <span class='ocrx_word' id='word_1_590' title='bbox 2851 4433 3039 4487; x_wconf 88' lang='lat' dir='ltr'><strong><em>viribus</em></strong></span> <span class='ocrx_word' id='word_1_591' title='bbox 3066 4433 3228 4486; x_wconf 86' lang='lat' dir='ltr'><strong><em>elatus</em></strong></span> <span class='ocrx_word' id='word_1_592' title='bbox 3253 4430 3491 4484; x_wconf 85' lang='lat' dir='ltr'><strong><em>ascribat.</em></strong></span> 
     </span>
    </p>
   </div>
   <div class='ocr_carea' id='block_1_80' title="bbox 2268 4521 3766 4599">
    <p class='ocr_par' dir='ltr' id='par_1_80' title="bbox 2268 4521 3766 4599">
     <span class='ocr_line' id='line_1_80' title="bbox 2268 4521 3766 4599; baseline -0.007 -11"><span class='ocrx_word' id='word_1_593' title='bbox 2268 4533 2321 4588; x_wconf 81' lang='grc'><strong><em>5.</em></strong></span> <span class='ocrx_word' id='word_1_594' title='bbox 2365 4529 2470 4586; x_wconf 88' lang='lat' dir='ltr'><strong><em>Sed</em></strong></span> <span class='ocrx_word' id='word_1_595' title='bbox 2510 4531 2621 4599; x_wconf 87' lang='lat' dir='ltr'><strong><em>jam</em></strong></span> <span class='ocrx_word' id='word_1_596' title='bbox 2672 4528 2783 4594; x_wconf 85' lang='lat' dir='ltr'><strong><em>ipsa</em></strong></span> <span class='ocrx_word' id='word_1_597' title='bbox 2833 4527 3080 4597; x_wconf 87' lang='lat' dir='ltr'><strong><em>capitula,</em></strong></span> <span class='ocrx_word' id='word_1_598' title='bbox 3120 4541 3231 4594; x_wconf 74' lang='lat' dir='ltr'><strong><em>qua:</em></strong></span> <span class='ocrx_word' id='word_1_599' title='bbox 3258 4533 3506 4592; x_wconf 86' lang='lat' dir='ltr'><strong><em>utcunque</em></strong></span> <span class='ocrx_word' id='word_1_600' title='bbox 3533 4521 3766 4578; x_wconf 73' lang='lat' dir='ltr'><strong><em>solvenda</em></strong></span> 
     </span>
    </p>
   </div>
   <div class='ocr_carea' id='block_1_81' title="bbox 2200 4615 3769 4694">
    <p class='ocr_par' dir='ltr' id='par_1_81' title="bbox 2200 4615 3769 4694">
     <span class='ocr_line' id='line_1_81' title="bbox 2200 4615 3769 4694; baseline -0.005 -18"><span class='ocrx_word' id='word_1_601' title='bbox 2200 4622 2553 4694; x_wconf 84' lang='lat' dir='ltr'><strong><em>proposuistis,</em></strong></span> <span class='ocrx_word' id='word_1_602' title='bbox 2579 4628 2820 4674; x_wconf 66' lang='lat' dir='ltr'><strong><em>attentam.</em></strong></span> <span class='ocrx_word' id='word_1_603' title='bbox 2846 4617 3028 4689; x_wconf 88' lang='lat' dir='ltr'><strong><em>Itaque</em></strong></span> <span class='ocrx_word' id='word_1_604' title='bbox 3056 4617 3080 4656; x_wconf 74' lang='grc' dir='ltr'><strong><em>ιι</em></strong></span> <span class='ocrx_word' id='word_1_605' title='bbox 3095 4617 3284 4691; x_wconf 87' lang='lat' dir='ltr'><strong><em>jubetis</em></strong></span> <span class='ocrx_word' id='word_1_606' title='bbox 3308 4625 3363 4671; x_wconf 88' lang='lat' dir='ltr'><strong><em>ut</em></strong></span> <span class='ocrx_word' id='word_1_607' title='bbox 3386 4617 3560 4688; x_wconf 81' lang='lat' dir='ltr'><strong><em>paucis</em></strong></span> <span class='ocrx_word' id='word_1_608' title='bbox 3589 4615 3769 4670; x_wconf 85' lang='lat' dir='ltr'><strong><em>edisse-</em></strong></span> 
     </span>
    </p>
   </div>
   <div class='ocr_carea' id='block_1_82' title="bbox 2194 4709 3771 4786">
    <p class='ocr_par' dir='ltr' id='par_1_82' title="bbox 2194 4709 3771 4786">
     <span class='ocr_line' id='line_1_82' title="bbox 2194 4709 3771 4786; baseline -0.005 -15"><span class='ocrx_word' id='word_1_609' title='bbox 2194 4734 2304 4771; x_wconf 89' lang='lat' dir='ltr'><strong><em>ram</em></strong></span> <span class='ocrx_word' id='word_1_610' title='bbox 2333 4730 2446 4786; x_wconf 76' lang='lat' dir='ltr'><strong><em>qua.’</em></strong></span> <span class='ocrx_word' id='word_1_611' title='bbox 2473 4715 2538 4768; x_wconf 88' lang='lat' dir='ltr'><strong><em>sit</em></strong></span> <span class='ocrx_word' id='word_1_612' title='bbox 2565 4715 2680 4769; x_wconf 77' lang='lat' dir='ltr'><strong><em>vita:</em></strong></span> <span class='ocrx_word' id='word_1_613' title='bbox 2708 4714 3106 4786; x_wconf 76' lang='lat' dir='ltr'><strong><em>contemplativa:</em></strong></span> <span class='ocrx_word' id='word_1_614' title='bbox 3129 4711 3408 4784; x_wconf 83' lang='lat' dir='ltr'><strong><em>proprietas</em></strong></span> <span class='ocrx_word' id='word_1_615' title='bbox 3427 4725 3446 4764; x_wconf 93' lang='lat'><strong><em>:</em></strong></span> <span class='ocrx_word' id='word_1_616' title='bbox 3474 4718 3520 4764; x_wconf 88' lang='lat' dir='ltr'><strong><em>et</em></strong></span> <span class='ocrx_word' id='word_1_617' title='bbox 3546 4709 3667 4780; x_wconf 56' lang='lat' dir='ltr'><strong><em>quid</em></strong></span> <span class='ocrx_word' id='word_1_618' title='bbox 3695 4711 3771 4763; x_wconf 83' lang='lat' dir='ltr'><strong><em>iu-</em></strong></span> 
     </span>
    </p>
   </div>
   <div class='ocr_carea' id='block_1_83' title="bbox 2195 4803 3773 4881">
    <p class='ocr_par' dir='ltr' id='par_1_83' title="bbox 2195 4803 3773 4881">
     <span class='ocr_line' id='line_1_83' title="bbox 2195 4803 3773 4881; baseline -0.003 -18"><span class='ocrx_word' id='word_1_619' title='bbox 2195 4817 2272 4864; x_wconf 91' lang='lat' dir='ltr'><strong><em>ter</em></strong></span> <span class='ocrx_word' id='word_1_620' title='bbox 2295 4810 2461 4881; x_wconf 90' lang='lat' dir='ltr'><strong><em>ipsam</em></strong></span> <span class='ocrx_word' id='word_1_621' title='bbox 2489 4817 2536 4863; x_wconf 91' lang='lat' dir='ltr'><strong><em>et</em></strong></span> <span class='ocrx_word' id='word_1_622' title='bbox 2566 4807 2780 4861; x_wconf 88' lang='lat' dir='ltr'><strong><em>activam</em></strong></span> <span class='ocrx_word' id='word_1_623' title='bbox 2809 4807 2963 4861; x_wconf 89' lang='lat' dir='ltr'><strong><em>vitam</em></strong></span> <span class='ocrx_word' id='word_1_624' title='bbox 2987 4806 3206 4874; x_wconf 90' lang='lat' dir='ltr'><strong><em>intersit,</em></strong></span> <span class='ocrx_word' id='word_1_625' title='bbox 3228 4813 3417 4875; x_wconf 90' lang='lat' dir='ltr'><strong><em>quanta</em></strong></span> <span class='ocrx_word' id='word_1_626' title='bbox 3433 4820 3637 4876; x_wconf 88' lang='lat' dir='ltr'><strong><em>possum</em></strong></span> <span class='ocrx_word' id='word_1_627' title='bbox 3664 4803 3773 4858; x_wconf 89' lang='lat' dir='ltr'><strong><em>bre-</em></strong></span> 
     </span>
    </p>
   </div>
   <div class='ocr_carea' id='block_1_84' title="bbox 2194 4898 3814 4976">
    <p class='ocr_par' dir='ltr' id='par_1_84' title="bbox 2194 4898 3814 4976">
     <span class='ocr_line' id='line_1_84' title="bbox 2194 4898 3814 4976; baseline -0.006 -16"><span class='ocrx_word' id='word_1_628' title='bbox 2194 4906 2345 4960; x_wconf 89' lang='lat' dir='ltr'><strong><em>vitate</em></strong></span> <span class='ocrx_word' id='word_1_629' title='bbox 2370 4905 2701 4976; x_wconf 82' lang='lat' dir='ltr'><strong><em>distinguant.</em></strong></span> <span class='ocrx_word' id='word_1_630' title='bbox 2735 4901 2915 4958; x_wconf 85' lang='lat' dir='ltr'><strong><em>Utrum</em></strong></span> <span class='ocrx_word' id='word_1_631' title='bbox 2946 4903 2991 4956; x_wconf 92' lang='lat' dir='ltr'><strong><em>is</em></strong></span> <span class='ocrx_word' id='word_1_632' title='bbox 3020 4902 3102 4956; x_wconf 91' lang='lat' dir='ltr'><strong><em>cui</em></strong></span> <span class='ocrx_word' id='word_1_633' title='bbox 3131 4898 3624 4968; x_wconf 76' lang='lat' dir='ltr'><strong><em>Ecclesiteregenda:</em></strong></span> <span class='ocrx_word' id='word_1_634' title='bbox 3655 4915 3773 4952; x_wconf 85' lang='lat' dir='ltr'><strong><em>cura</em></strong></span> <span class='ocrx_word' id='word_1_635' title='bbox 3810 4939 3814 4944; x_wconf 94' lang='lat'><strong><em>.</em></strong></span> 
     </span>
    </p>
   </div>
   <div class='ocr_carea' id='block_1_85' title="bbox 2195 4989 3774 5066">
    <p class='ocr_par' dir='ltr' id='par_1_85' title="bbox 2195 4989 3774 5066">
     <span class='ocr_line' id='line_1_85' title="bbox 2195 4989 3774 5066; baseline -0.005 -15"><span class='ocrx_word' id='word_1_636' title='bbox 2195 4998 2464 5053; x_wconf 87' lang='lat' dir='ltr'><strong><em>commissa</em></strong></span> <span class='ocrx_word' id='word_1_637' title='bbox 2490 5004 2584 5061; x_wconf 90' lang='lat' dir='ltr'><strong><em>est,</em></strong></span> <span class='ocrx_word' id='word_1_638' title='bbox 2616 4995 3018 5066; x_wconf 69' lang='lat' dir='ltr'><strong><em>contemplativa</em></strong></span> <span class='ocrx_word' id='word_1_639' title='bbox 3072 4989 3091 5030; x_wconf 73' lang='lat'>1</span> <span class='ocrx_word' id='word_1_640' title='bbox 3131 4993 3330 5048; x_wconf 89' lang='lat' dir='ltr'><strong><em>virtutis</em></strong></span> <span class='ocrx_word' id='word_1_641' title='bbox 3373 4990 3484 5061; x_wconf 84' lang='lat' dir='ltr'><strong><em>fieri</em></strong></span> <span class='ocrx_word' id='word_1_642' title='bbox 3529 4990 3774 5062; x_wconf 56' lang='lat' dir='ltr'><strong><em>particeps</em></strong></span> 
     </span>
    </p>
   </div>
   <div class='ocr_carea' id='block_1_86' title="bbox 2195 5081 3777 5160">
    <p class='ocr_par' dir='ltr' id='par_1_86' title="bbox 2195 5081 3777 5160">
     <span class='ocr_line' id='line_1_86' title="bbox 2195 5081 3777 5160; baseline -0.004 -18"><span class='ocrx_word' id='word_1_643' title='bbox 2195 5089 2373 5160; x_wconf 86' lang='lat' dir='ltr'><strong><em>possit.</em></strong></span> <span class='ocrx_word' id='word_1_644' title='bbox 2407 5086 2595 5146; x_wconf 86' lang='lat' dir='ltr'><strong><em>Utrum</em></strong></span> <span class='ocrx_word' id='word_1_645' title='bbox 2618 5086 2976 5158; x_wconf 77' lang='lat' dir='ltr'><strong><em>tequanimiter</em></strong></span> <span class='ocrx_word' id='word_1_646' title='bbox 3005 5084 3287 5142; x_wconf 89' lang='lat' dir='ltr'><strong><em>sustinendi</em></strong></span> <span class='ocrx_word' id='word_1_647' title='bbox 3319 5084 3426 5142; x_wconf 66' lang='lat' dir='ltr'><strong><em>sint.</em></strong></span> <span class='ocrx_word' id='word_1_648' title='bbox 3446 5081 3616 5136; x_wconf 77' lang='lat' dir='ltr'><strong><em>diuina</em></strong></span> <span class='ocrx_word' id='word_1_649' title='bbox 3644 5096 3777 5150; x_wconf 75' lang='lat' dir='ltr'><strong><em>pra:-</em></strong></span> 
     </span>
    </p>
   </div>
   <div class='ocr_carea' id='block_1_87' title="bbox 587 5273 3744 5388">
    <p class='ocr_par' dir='ltr' id='par_1_87' title="bbox 587 5273 3744 5388">
     <span class='ocr_line' id='line_1_87' title="bbox 587 5273 3744 5388; baseline -0.003 -14"><span class='ocrx_word' id='word_1_650' title='bbox 587 5324 616 5356; x_wconf 76' lang='grc' dir='ltr'>ι</span> <span class='ocrx_word' id='word_1_651' title='bbox 655 5316 783 5374; x_wconf 84' lang='lat' dir='ltr'><strong><em>Mss.</em></strong></span> <span class='ocrx_word' id='word_1_652' title='bbox 813 5312 967 5382; x_wconf 86' lang='lat' dir='ltr'><strong><em>duo.,</em></strong></span> <span class='ocrx_word' id='word_1_653' title='bbox 996 5312 1190 5384; x_wconf 73' lang='lat' dir='ltr'><strong><em>Regius</em></strong></span> <span class='ocrx_word' id='word_1_654' title='bbox 1219 5273 1356 5388; x_wconf 81' lang='lat' dir='ltr'><strong><em>unus</em></strong></span> <span class='ocrx_word' id='word_1_655' title='bbox 1391 5319 1445 5369; x_wconf 86' lang='lat' dir='ltr'><strong><em>et</em></strong></span> <span class='ocrx_word' id='word_1_656' title='bbox 1475 5309 1944 5380; x_wconf 84' lang='lat' dir='ltr'><strong><em>Camberonensis,</em></strong></span> <span class='ocrx_word' id='word_1_657' title='bbox 1975 5327 2091 5366; x_wconf 90' lang='lat' dir='ltr'><strong><em>sus-</em></strong></span> <span class='ocrx_word' id='word_1_658' title='bbox 2117 5313 2171 5375; x_wconf 87' lang='lat' dir='ltr'><strong>D</strong></span> <span class='ocrx_word' id='word_1_659' title='bbox 2271 5322 2297 5388; x_wconf 65' lang='grc' dir='ltr'>ε</span> <span class='ocrx_word' id='word_1_660' title='bbox 2337 5313 2412 5388; x_wconf 64' lang='lat' dir='ltr'><strong><em>Ita</em></strong></span> <span class='ocrx_word' id='word_1_661' title='bbox 2447 5327 2577 5370; x_wconf 86' lang='lat' dir='ltr'><strong><em>mss.</em></strong></span> <span class='ocrx_word' id='word_1_662' title='bbox 2606 5312 2988 5388; x_wconf 76' lang='lat' dir='ltr'><strong><em>quinque._Ms.</em></strong></span> <span class='ocrx_word' id='word_1_663' title='bbox 3019 5325 3160 5388; x_wconf 80' lang='lat' dir='ltr'><strong><em>unus</em></strong></span> <span class='ocrx_word' id='word_1_664' title='bbox 3185 5320 3240 5368; x_wconf 84' lang='lat' dir='ltr'><strong><em>et</em></strong></span> <span class='ocrx_word' id='word_1_665' title='bbox 3266 5310 3386 5367; x_wconf 88' lang='lat' dir='ltr'><strong><em>edd.</em></strong></span> <span class='ocrx_word' id='word_1_666' title='bbox 3407 5351 3422 5381; x_wconf 92' lang='lat'><strong><em>,</em></strong></span> <span class='ocrx_word' id='word_1_667' title='bbox 3453 5311 3744 5384; x_wconf 80' lang='lat' dir='ltr'><strong><em>diligenter.</em></strong></span> 
     </span>
    </p>
   </div>
   <div class='ocr_carea' id='block_1_88' title="bbox 516 5402 2090 5537">
    <p class='ocr_par' dir='ltr' id='par_1_88' title="bbox 516 5402 2090 5537">
     <span class='ocr_line' id='line_1_88' title="bbox 516 5402 2090 5537; baseline 0.001 -31"><span class='ocrx_word' id='word_1_668' title='bbox 516 5402 928 5537; x_wconf 39' lang='lat' dir='ltr'><strong><em>feVé&#39;iL&#39;mssL</em></strong></span> <span class='ocrx_word' id='word_1_669' title='bbox 947 5455 1328 5537; x_wconf 49' lang='lat' dir='ltr'><strong><em>quinquencum</em></strong></span> <span class='ocrx_word' id='word_1_670' title='bbox 1358 5453 1488 5510; x_wconf 88' lang='lat' dir='ltr'><strong><em>edit.</em></strong></span> <span class='ocrx_word' id='word_1_671' title='bbox 1539 5454 1708 5537; x_wconf 63' lang='lat' dir='ltr'><strong><em>Lugd.</em></strong></span> <span class='ocrx_word' id='word_1_672' title='bbox 1750 5454 1907 5537; x_wconf 54' lang='lat'><strong><em>5559.</em></strong></span> <span class='ocrx_word' id='word_1_673' title='bbox 1959 5453 2090 5536; x_wconf 65' lang='lat' dir='ltr'><strong><em>Mss.</em></strong></span> 
     </span>
    </p>
   </div>
   <div class='ocr_carea' id='block_1_89' title="bbox 517 5524 2094 5610">
    <p class='ocr_par' dir='ltr' id='par_1_89' title="bbox 517 5524 2094 5610">
     <span class='ocr_line' id='line_1_89' title="bbox 517 5524 2094 5610; baseline -0.003 -27"><span class='ocrx_word' id='word_1_674' title='bbox 517 5528 625 5610; x_wconf 62' lang='lat' dir='ltr'><strong><em>duo</em></strong></span> <span class='ocrx_word' id='word_1_675' title='bbox 653 5537 708 5584; x_wconf 85' lang='lat' dir='ltr'><strong><em>et</em></strong></span> <span class='ocrx_word' id='word_1_676' title='bbox 734 5528 860 5610; x_wconf 54' lang='lat' dir='ltr'><strong><em>odd:</em></strong></span> <span class='ocrx_word' id='word_1_677' title='bbox 892 5524 1061 5610; x_wconf 56' lang='lat' dir='ltr'><strong><em>Duae.</em></strong></span> <span class='ocrx_word' id='word_1_678' title='bbox 1086 5524 1142 5581; x_wconf 73' lang='lat' dir='ltr'><strong><em>et</em></strong></span> <span class='ocrx_word' id='word_1_679' title='bbox 1178 5524 1398 5610; x_wconf 34' lang='lat' dir='ltr'><strong><em>Colon?</em></strong></span> <span class='ocrx_word' id='word_1_680' title='bbox 1427 5527 1656 5594; x_wconf 87' lang='lat' dir='ltr'><strong><em>quamvis</em></strong></span> <span class='ocrx_word' id='word_1_681' title='bbox 1683 5525 1899 5593; x_wconf 80' lang='lat' dir='ltr'><strong><em>inﬁrmis</em></strong></span> <span class='ocrx_word' id='word_1_682' title='bbox 1929 5525 2094 5579; x_wconf 88' lang='lat' dir='ltr'><strong><em>cervi-</em></strong></span> 
     </span>
    </p>
   </div>
   <div class='ocr_carea' id='block_1_90' title="bbox 519 5599 2086 5748">
    <p class='ocr_par' dir='ltr' id='par_1_90' title="bbox 519 5599 2086 5748">
     <span class='ocr_line' id='line_1_90' title="bbox 519 5599 2086 5670; baseline -0.002 -19"><span class='ocrx_word' id='word_1_683' title='bbox 519 5599 662 5652; x_wconf 88' lang='lat' dir='ltr'><strong><em>cibus</em></strong></span> <span class='ocrx_word' id='word_1_684' title='bbox 689 5613 816 5652; x_wconf 88' lang='lat' dir='ltr'><strong><em>onus</em></strong></span> <span class='ocrx_word' id='word_1_685' title='bbox 837 5599 1127 5667; x_wconf 89' lang='lat' dir='ltr'><strong><em>impositum</em></strong></span> <span class='ocrx_word' id='word_1_686' title='bbox 1153 5613 1303 5670; x_wconf 83' lang='lat' dir='ltr'><strong><em>grave</em></strong></span> <span class='ocrx_word' id='word_1_687' title='bbox 1330 5599 1415 5650; x_wconf 91' lang='lat' dir='ltr'><strong><em>sit.</em></strong></span> <span class='ocrx_word' id='word_1_688' title='bbox 1979 5643 1983 5646; x_wconf 95' lang='lat'><strong><em>.</em></strong></span> <span class='ocrx_word' id='word_1_689' title='bbox 2083 5627 2086 5630; x_wconf 98' lang='lat'><strong><em>-</em></strong></span> 
     </span>
     <span class='ocr_line' id='line_1_91' title="bbox 591 5665 1968 5748; baseline -0.002 -26"><span class='ocrx_word' id='word_1_690' title='bbox 591 5678 616 5748; x_wconf 67' lang='grc' dir='ltr'>ξ</span> <span class='ocrx_word' id='word_1_691' title='bbox 649 5668 756 5748; x_wconf 54' lang='grc' dir='ltr'><strong><em>ΜΒ.</em></strong></span> <span class='ocrx_word' id='word_1_692' title='bbox 788 5665 1124 5748; x_wconf 80' lang='lat' dir='ltr'><strong><em>Colbertinus</em></strong></span> <span class='ocrx_word' id='word_1_693' title='bbox 1151 5683 1310 5748; x_wconf 63' lang='lat' dir='ltr'><strong><em>unus,</em></strong></span> <span class='ocrx_word' id='word_1_694' title='bbox 1332 5667 1760 5748; x_wconf 59' lang='lat' dir='ltr'><strong><em>disputationum.</em></strong></span> <span class='ocrx_word' id='word_1_695' title='bbox 1796 5745 1804 5748; x_wconf 20' lang='grc' dir='ltr'><strong><em>Δ</em></strong></span> <span class='ocrx_word' id='word_1_696' title='bbox 1878 5738 1908 5748; x_wconf 10' lang='grc' dir='ltr'><strong><em>’γ</em></strong></span> <span class='ocrx_word' id='word_1_697' title='bbox 1959 5738 1968 5748; x_wconf 81' lang='lat'><strong>_</strong></span> 
     </span>
    </p>
   </div>
   <div class='ocr_carea' id='block_1_91' title="bbox 591 5735 2089 5808">
    <p class='ocr_par' dir='ltr' id='par_1_91' title="bbox 591 5735 2089 5808">
     <span class='ocr_line' id='line_1_92' title="bbox 591 5735 2089 5808; baseline 0.001 -15"><span class='ocrx_word' id='word_1_698' title='bbox 591 5735 618 5774; x_wconf 72' lang='grc' dir='ltr'><em>ά</em></span> <span class='ocrx_word' id='word_1_699' title='bbox 648 5739 776 5794; x_wconf 82' lang='lat' dir='ltr'><strong><em>Mss.</em></strong></span> <span class='ocrx_word' id='word_1_700' title='bbox 808 5745 1033 5808; x_wconf 80' lang='lat' dir='ltr'><strong><em>quatuor</em></strong></span> <span class='ocrx_word' id='word_1_701' title='bbox 1060 5751 1180 5808; x_wconf 85' lang='lat' dir='ltr'><strong><em>cum</em></strong></span> <span class='ocrx_word' id='word_1_702' title='bbox 1219 5737 1307 5794; x_wconf 90' lang='lat' dir='ltr'><strong><em>ed.</em></strong></span> <span class='ocrx_word' id='word_1_703' title='bbox 1330 5736 1522 5808; x_wconf 55' lang='lat' dir='ltr'><strong><em>Lugd,</em></strong></span> <span class='ocrx_word' id='word_1_704' title='bbox 1564 5753 1665 5791; x_wconf 86' lang='lat' dir='ltr'><strong><em>non</em></strong></span> <span class='ocrx_word' id='word_1_705' title='bbox 1707 5737 1910 5795; x_wconf 86' lang='lat' dir='ltr'><strong><em>instruit</em></strong></span> <span class='ocrx_word' id='word_1_706' title='bbox 1953 5738 2089 5797; x_wconf 81' lang='lat' dir='ltr'><strong><em>inve-</em></strong></span> 
     </span>
    </p>
   </div>
   <div class='ocr_carea' id='block_1_92' title="bbox 522 5806 1596 5879">
    <p class='ocr_par' dir='ltr' id='par_1_92' title="bbox 522 5806 1596 5879">
     <span class='ocr_line' id='line_1_93' title="bbox 522 5806 1596 5879; baseline 0 -15"><span class='ocrx_word' id='word_1_707' title='bbox 522 5809 733 5876; x_wconf 85' lang='lat' dir='ltr'><strong><em>nientis;</em></strong></span> <span class='ocrx_word' id='word_1_708' title='bbox 757 5806 875 5879; x_wconf 74' lang='lat' dir='ltr'><strong><em>sed,</em></strong></span> <span class='ocrx_word' id='word_1_709' title='bbox 903 5815 962 5864; x_wconf 83' lang='lat' dir='ltr'><strong><em>ut</em></strong></span> <span class='ocrx_word' id='word_1_710' title='bbox 988 5807 1218 5878; x_wconf 80' lang='lat' dir='ltr'><strong><em>videtur,</em></strong></span> <span class='ocrx_word' id='word_1_711' title='bbox 1247 5807 1420 5864; x_wconf 87' lang='lat' dir='ltr'><strong><em>minus</em></strong></span> <span class='ocrx_word' id='word_1_712' title='bbox 1441 5806 1596 5864; x_wconf 85' lang='lat' dir='ltr'><strong><em>bene.</em></strong></span> 
     </span>
    </p>
   </div>
   <div class='ocr_carea' id='block_1_93' title="bbox 2278 5383 3180 5456">
    <p class='ocr_par' dir='ltr' id='par_1_93' title="bbox 2278 5383 3180 5456">
     <span class='ocr_line' id='line_1_94' title="bbox 2278 5383 3180 5456; baseline -0.004 -16"><span class='ocrx_word' id='word_1_713' title='bbox 2278 5383 2297 5422; x_wconf 69' lang='grc' dir='ltr'><em>τ</em></span> <span class='ocrx_word' id='word_1_714' title='bbox 2340 5386 2440 5456; x_wconf 84' lang='lat' dir='ltr'><strong><em>Ms.</em></strong></span> <span class='ocrx_word' id='word_1_715' title='bbox 2472 5383 2950 5448; x_wconf 73' lang='lat' dir='ltr'><strong><em>Camberouensis,</em></strong></span> <span class='ocrx_word' id='word_1_716' title='bbox 2977 5384 3180 5456; x_wconf 79' lang='lat' dir='ltr'><strong><em>poterit.</em></strong></span> 
     </span>
    </p>
   </div>
   <div class='ocr_carea' id='block_1_94' title="bbox 2275 5453 3636 5526">
    <p class='ocr_par' dir='ltr' id='par_1_94' title="bbox 2275 5453 3636 5526">
     <span class='ocr_line' id='line_1_95' title="bbox 2275 5453 3636 5526; baseline 0 -17"><span class='ocrx_word' id='word_1_717' title='bbox 2275 5464 2299 5526; x_wconf 64' lang='grc' dir='ltr'><strong><em>ξι</em></strong></span> <span class='ocrx_word' id='word_1_718' title='bbox 2340 5455 2633 5526; x_wconf 64' lang='grc' dir='ltr'><strong><em>Αὺθειγοχ</em></strong></span> <span class='ocrx_word' id='word_1_719' title='bbox 2658 5457 2880 5511; x_wconf 88' lang='lat' dir='ltr'><strong><em>veritatis</em></strong></span> <span class='ocrx_word' id='word_1_720' title='bbox 2910 5471 2940 5509; x_wconf 72' lang='grc' dir='ltr'><strong><em>ει</em></strong></span> <span class='ocrx_word' id='word_1_721' title='bbox 2968 5453 3070 5526; x_wconf 70' lang='lat' dir='ltr'><strong><em>ius.</em></strong></span> <span class='ocrx_word' id='word_1_722' title='bbox 3098 5453 3284 5509; x_wconf 80' lang='lat' dir='ltr'><strong><em>Camb.</em></strong></span> <span class='ocrx_word' id='word_1_723' title='bbox 3340 5525 3348 5526; x_wconf 15' lang='grc' dir='ltr'>ί</span> <span class='ocrx_word' id='word_1_724' title='bbox 3468 5524 3476 5526; x_wconf 79' lang='lat'><strong><em>_</em></strong></span> <span class='ocrx_word' id='word_1_725' title='bbox 3519 5524 3526 5526; x_wconf 15' lang='grc' dir='ltr'><strong>Α</strong></span> <span class='ocrx_word' id='word_1_726' title='bbox 3615 5513 3636 5526; x_wconf 53' lang='grc'>,</span> 
     </span>
    </p>
   </div>
   <div class='ocr_carea' id='block_1_95' title="bbox 2273 5522 3632 5594">
    <p class='ocr_par' dir='ltr' id='par_1_95' title="bbox 2273 5522 3632 5594">
     <span class='ocr_line' id='line_1_96' title="bbox 2273 5522 3632 5594; baseline 0 -15"><span class='ocrx_word' id='word_1_727' title='bbox 2273 5522 2302 5562; x_wconf 68' lang='grc' dir='ltr'>δ</span> <span class='ocrx_word' id='word_1_728' title='bbox 2341 5525 2463 5582; x_wconf 80' lang='lat' dir='ltr'><strong><em>Mss.</em></strong></span> <span class='ocrx_word' id='word_1_729' title='bbox 2501 5529 2624 5591; x_wconf 90' lang='lat' dir='ltr'><strong><em>duo,</em></strong></span> <span class='ocrx_word' id='word_1_730' title='bbox 2650 5527 2976 5581; x_wconf 89' lang='lat' dir='ltr'><strong><em>enubilanda.</em></strong></span> <span class='ocrx_word' id='word_1_731' title='bbox 3003 5524 3101 5579; x_wconf 84' lang='lat' dir='ltr'><strong><em>Ms.</em></strong></span> <span class='ocrx_word' id='word_1_732' title='bbox 3142 5540 3309 5594; x_wconf 83' lang='lat' dir='ltr'><strong><em>unus,</em></strong></span> <span class='ocrx_word' id='word_1_733' title='bbox 3333 5522 3632 5580; x_wconf 68' lang='lat' dir='ltr'><strong><em>iunubilata.</em></strong></span> 
     </span>
    </p>
   </div>
   <div class='ocr_carea' id='block_1_96' title="bbox 2279 5594 3082 5672">
    <p class='ocr_par' dir='ltr' id='par_1_96' title="bbox 2279 5594 3082 5672">
     <span class='ocr_line' id='line_1_97' title="bbox 2279 5594 3082 5672; baseline -0.006 -20"><span class='ocrx_word' id='word_1_734' title='bbox 2279 5594 2295 5672; x_wconf 61' lang='grc' dir='ltr'>ξ</span> <span class='ocrx_word' id='word_1_735' title='bbox 2341 5595 2658 5672; x_wconf 87' lang='lat' dir='ltr'><strong><em>Camb.</em></strong></span> <span class='ocrx_word' id='word_1_736' title='bbox 2682 5637 2698 5663; x_wconf 88' lang='lat'><strong><em>,</em></strong></span> <span class='ocrx_word' id='word_1_737' title='bbox 2728 5595 3082 5672; x_wconf 68' lang='lat' dir='ltr'><strong><em>prtecipitabit.</em></strong></span> 
     </span>
    </p>
   </div>
   <div class='ocr_carea' id='block_1_97' title="bbox 2276 5665 3244 5738">
    <p class='ocr_par' dir='ltr' id='par_1_97' title="bbox 2276 5665 3244 5738">
     <span class='ocr_line' id='line_1_98' title="bbox 2276 5665 3244 5738; baseline 0 -17"><span class='ocrx_word' id='word_1_738' title='bbox 2276 5665 2291 5738; x_wconf 60' lang='grc' dir='ltr'>ξ</span> <span class='ocrx_word' id='word_1_739' title='bbox 2341 5665 2475 5738; x_wconf 64' lang='grc' dir='ltr'><strong><em>ΕΜ.</em></strong></span> <span class='ocrx_word' id='word_1_740' title='bbox 2505 5684 2626 5724; x_wconf 87' lang='lat' dir='ltr'><strong><em>cum</em></strong></span> <span class='ocrx_word' id='word_1_741' title='bbox 2649 5665 2750 5723; x_wconf 67' lang='lat' dir='ltr'><strong><em>ms.</em></strong></span> <span class='ocrx_word' id='word_1_742' title='bbox 2781 5665 2915 5732; x_wconf 78' lang='lat' dir='ltr'><strong><em>uno,</em></strong></span> <span class='ocrx_word' id='word_1_743' title='bbox 2937 5666 3073 5738; x_wconf 90' lang='lat' dir='ltr'><strong><em>quod</em></strong></span> <span class='ocrx_word' id='word_1_744' title='bbox 3101 5666 3244 5721; x_wconf 90' lang='lat' dir='ltr'><strong><em>dicit.</em></strong></span> 
     </span>
    </p>
   </div>
   <div class='ocr_carea' id='block_1_98' title="bbox 2272 5736 2964 5810">
    <p class='ocr_par' dir='ltr' id='par_1_98' title="bbox 2272 5736 2964 5810">
     <span class='ocr_line' id='line_1_99' title="bbox 2272 5736 2964 5810; baseline 0.001 -19"><span class='ocrx_word' id='word_1_745' title='bbox 2272 5736 2302 5810; x_wconf 54' lang='grc' dir='ltr'><strong>ξ</strong></span> <span class='ocrx_word' id='word_1_746' title='bbox 2339 5736 2465 5810; x_wconf 53' lang='lat' dir='ltr'><strong><em>sies,</em></strong></span> <span class='ocrx_word' id='word_1_747' title='bbox 2490 5738 2732 5809; x_wconf 83' lang='lat' dir='ltr'><strong><em>plerique</em></strong></span> <span class='ocrx_word' id='word_1_748' title='bbox 2755 5778 2769 5801; x_wconf 88' lang='lat'><strong><em>,</em></strong></span> <span class='ocrx_word' id='word_1_749' title='bbox 2792 5736 2964 5810; x_wconf 77' lang='lat' dir='ltr'><strong><em>jubes.</em></strong></span> 
     </span>
    </p>
   </div>
   <div class='ocr_carea' id='block_1_99' title="bbox 2279 5804 3244 5880">
    <p class='ocr_par' dir='ltr' id='par_1_99' title="bbox 2279 5804 3244 5880">
     <span class='ocr_line' id='line_1_100' title="bbox 2279 5804 3244 5880; baseline -0.003 -15"><span class='ocrx_word' id='word_1_750' title='bbox 2279 5804 2297 5846; x_wconf 71' lang='grc'><strong><em>³</em></strong></span> <span class='ocrx_word' id='word_1_751' title='bbox 2339 5807 2437 5868; x_wconf 79' lang='lat' dir='ltr'><strong><em>Ms.</em></strong></span> <span class='ocrx_word' id='word_1_752' title='bbox 2469 5804 3082 5880; x_wconf 46' lang='lat' dir='ltr'><strong><em>linum-contemplativa</em></strong></span> <span class='ocrx_word' id='word_1_753' title='bbox 3109 5808 3244 5866; x_wconf 64' lang='lat' dir='ltr'><strong><em>vitat.</em></strong></span> 
     </span>
    </p>
   </div>
  </div>
