4124 6350
408 349 511 405 417

1463 337 1549 393 DE
1590 335 1749 393 VITA
1788 330 2366 392 CONTEMPLATIVA
2408 330 2534 387 LIB.
2577 328 2616 385 I.

3562 315 3674 380 H8

404 471 549 536 cepta
572 462 848 527 calcantes,
878 475 947 515 an
970 473 1061 532 pro
1083 456 1233 513 modo
1258 453 1449 527 peccati
1478 452 1690 507 debeant
1727 448 1985 503 Ecclesia-
2014 452 2065 509 Α
2170 446 2300 502 CAP.
2344 444 2434 499 IX.
2481 444 2630 513 Quod
2679 448 2875 496 tantum
2913 440 3117 495 interest
3162 437 3291 493 inter
3318 433 3672 508 perfectionem

404 556 533 611 stica
551 552 813 610 severitate
837 552 1063 625 coargui.
1092 549 1274 606 Utrum
1297 556 1323 585 κ
1353 536 1717 617 congregandis
1742 540 1983 613 fratribus

2090 547 2205 600 vitta
2233 542 2377 597 istius
2399 550 2443 596 et
2468 540 2675 610 futurae,
2700 545 2945 608 quantum
2993 534 3200 588 interest
3244 530 3377 584 inter
3417 527 3671 598 perfectos

405 658 497 704 aut
522 649 743 715 alendis,
773 647 1006 719 expediat
1036 643 1304 715 facultates
1336 638 1580 695 Ecclesite
1609 635 1888 709 possideri,
1922 650 1987 687 an
2088 636 2176 705 qui
2207 650 2412 705 peccare
2431 632 2633 695 nolunt;
2658 639 2704 684 et
2727 646 2810 684 eos
2841 628 2927 698 qui
2944 630 3059 698 jam
3080 637 3286 697 peccare
3311 637 3409 675 non
3432 625 3666 690 possunt.

407 742 730 813 perfectionis
762 757 935 795 amore
973 739 1244 794 contemni.
1291 734 1416 803 Qua:
1442 734 1507 788 sit
1536 730 1855 785 abstinentia:
1880 744 1987 782 cre-

405 836 574 890 denda
602 836 876 907 perfectio;
905 843 951 889 et
980 843 1144 886 utrum
1175 830 1201 869 δ
1234 839 1429 885 tantum
1469 825 1669 897 corpori
1700 840 1767 876 an
1796 833 1842 877 et
1871 822 1986 874 ani-

408 943 505 982 sum
535 927 821 982 necessaria
848 926 1019 980 debeat
1048 923 1294 995 judicari.
1350 920 1613 988 Quantum
1660 933 1690 969 a
1724 913 1988 969 virtutibus

405 1020 535 1074 veris
565 1020 805 1079 virtutum
825 1015 1183 1071 similitudines
1198 1012 1406 1067 distent.
1444 1009 1636 1075 Quibus
1664 1004 1989 1078 praecedenti-

406 1112 501 1168 bus
520 1113 687 1168 causis
735 1120 780 1165 et
822 1105 1581 1179 subsequentibusincrementis
1630 1100 1769 1156 nasci
1796 1100 1991 1153 soleant

406 1205 529 1257 vitia
555 1204 632 1258 vel
657 1202 833 1273 augeri
855 1217 874 1268 ,'
896 1210 943 1255 et
972 1200 1153 1270 quibus
1176 1197 1368 1270 possint
1392 1236 1407 1261 ,
1437 1194 1711 1264 adjuvante
1740 1190 1987 1254 Domino,

409 1296 666 1362 remediis,
705 1293 836 1348 velut
874 1291 1183 1362 quibusdam
1220 1286 1598 1343 medicamentis
1644 1282 1877 1337 imminui
1916 1280 1992 1333 vel

405 1386 601 1441 sanari.
636 1386 769 1453 Quot
792 1384 955 1439 modis
976 1382 1054 1438 vel
1082 1380 1327 1454 gradibus
1354 1391 1667 1448 unaquaque
1696 1374 1854 1427 virtus
1875 1387 1993 1441 pos—

404 1480 468 1533 sit
495 1479 717 1548 impleri.
744 1477 807 1533 Et
827 1494 895 1531 an
925 1490 1040 1531 vera
1062 1474 1126 1529 sit
1155 1474 1245 1527 illa
1276 1466 1695 1544 plsilosOpItorunt
1722 1463 1989 1529 sententia,

404 1585 520 1639 qum
561 1571 803 1623 virtutum
847 1566 1077 1622 omnium
1113 1562 1245 1618 velut
1296 1562 1458 1632 fontes
1484 1556 1733 1629 quosdam
1774 1561 1995 1624 quatuor

408 1663 655 1727 virtutes;
698 1663 821 1715 vitia
843 1676 1040 1733 quoque
1068 1666 1310 1727 quatuor,
1336 1654 1470 1709 velut
1500 1651 1749 1721 quasdam
1777 1648 1996 1716 origines

409 1755 663 1808 malorum
688 1764 710 1792 ο
742 1754 968 1807 omnium
1009 1750 1259 1820 definivit.
1310 1746 1439 1800 Hcce
1484 1754 1598 1797 sunt
1642 1742 1881 1795 nimirum
1908 1738 1999 1790 de-

2106 730 2291 785 "CAP.
2321 727 2387 781 X.
2434 725 2583 793 Quod
2612 724 2693 777 hic
2722 722 2885 778 sancti
2910 720 2927 757 ι
2960 720 3127 775 Deum
3158 720 3211 773 in
3241 724 3503 787 assumpta
3527 729 3675 769 crea-

2092 833 2207 877 tura
2234 819 2491 874 viderunt.

2162 910 2290 967 CAP.
2345 909 2433 965 XI.
2492 908 2568 962 De
2613 907 2857 978 qualitate
2903 904 3308 978 glorificatorum
3362 915 3667 973 corporum,

2091 1027 2206 1082 qua:
2239 1011 2291 1063 in
2335 1007 2705 1063 resurrectione
2734 1007 2907 1075 futura
2931 1012 3070 1057 sunt.

2163 1104 2293 1159 CAP.
2324 1102 2441 1157 XII.
2487 1102 2749 1168 Quantum
2776 1099 2904 1152 inter
2930 1096 3374 1167 contemplativam
3406 1100 3451 1149 et
3465 1092 3679 1146 actitam

2094 1197 2248 1251 vitam
2289 1194 2509 1248 intersit.

2165 1288 2293 1344 CAP.
2346 1287 2482 1343 XIII.
2527 1286 2678 1354 Quod
2730 1284 3014 1341 sacerdotes
3057 1280 3223 1336 sancti
3274 1274 3676 1344 contemplativa

2097 1384 2211 1437 vita'
2243 1380 2355 1450 ﬁeri
2384 1379 2655 1450 participes
2681 1377 2895 1448 possint.

2167 1475 2299 1530 CAP.
2332 1473 2472 1528 XIV.
2518 1472 2617 1526 Ubi
2635 1488 2687 1526 se
2737 1472 2934 1525 locutor
2970 1476 3201 1533 excusat,
3247 1464 3384 1536 quod
3436 1457 3723 1516 Ecclesiie'

2098 1568 2366 1639 ntagistros
2397 1566 2574 1620 docere
2598 1581 2699 1619 non
2728 1564 2935 1619 audeat.

2170 1661 2296 1715 CAP.
2332 1658 2441 1713 XV.
2474 1658 2548 1711 De
2573 1656 2881 1728 negligentia
2905 1655 3180 1711 sacerdotis
3204 1654 3290 1724 qui
3310 1651 3555 1707 doctrina:
3574 1666 3682 1704 sine

2100 1752 2300 1821 agendo
2351 1748 2633 1817 contraria,
2673 1764 2941 1817 personam
2991 1762 3092 1800 non
3144 1754 3305 1815 potest
3345 1744 3554 1813 implere
3590 1744 3681 1795 do-

410 1863 543 1911 cem,
564 1864 631 1916 qu
649 1863 676 1899 e
702 1864 733 1899 a
760 1862 837 1899 me
866 1844 1097 1898 voluistis
1124 1841 1333 1896 enodari
1363 1836 1611 1908 capitula,
1638 1852 1738 1889 non
1769 1844 1820 1889 ut
1850 1832 1999 1887 abso-
2027 1828 2077 1890 Β
2102 1844 2276 1899 claris.

414 1937 543 1991 lntio
585 1952 757 1990 eorum
787 1936 924 1990 vobis
952 1924 1147 2002 aliquid
1185 1931 1488 2004 cognitionis
1530 1927 1768 1995 afferret,
1810 1925 1896 1979 sed
1944 1932 1998 1977 ut

414 2024 441 2064 ά
467 2040 627 2082 vestra
646 2029 806 2099 magis
825 2044 970 2092 cura,
994 2028 1037 2078 si
1059 2024 1361 2095 regulariter
1379 2023 1679 2091 imperatum
1701 2033 1883 2071 munus
1906 2016 2001 2069 im-

412 2122 634 2191 plevero,
665 2121 898 2174 nonnihil
923 2120 1278 2189 adiﬁcationis
1298 2118 1478 2170 talium
1504 2114 1767 2177 studiosis,
1813 2111 1999 2163 horum

410 2218 458 2264 et
481 2210 556 2265 liis
584 2212 827 2265 similium
851 2211 1196 2278 cupitulorum
1220 2206 1557 2277 explicatione
1585 2208 1858 2275 conferret.
1889 2200 1998 2255 Cte-

414 2313 575 2358 terum
594 2305 640 2357 si
682 2313 739 2358 tu
764 2319 824 2357 ea
851 2303 1092 2364 nescires,
1123 2315 1383 2370 nunquam
1420 2307 1560 2351 tanto
1603 2297 1778 2350 ordine
1809 2293 1997 2347 diluci-

413 2396 587 2449 danda
617 2410 945 2466 praponeres.
969 2391 1097 2447 Ideo
1139 2403 1312 2447 autem
1337 2390 1567 2445 voluistis
1617 2389 1822 2459 cognita
1858 2386 1997 2441 vobis

412 2486 837 2558 disputationibus
865 2486 1133 2550 illustrari,
1180 2492 1236 2536 ut
1266 2492 1353 2536 aut
1380 2498 1476 2546 me,
1511 2484 1555 2535 si
1582 2480 1775 2550 aliquid
1806 2488 1829 2515 ε
1855 2494 1999 2533 secus

411 2596 569 2651 quam
615 2580 752 2633 ratio
779 2579 929 2633 habet
958 2593 1284 2649 exponerem,
1341 2576 1575 2645 faceretis
1624 2574 1880 2629 emendari
1922 2572 1999 2626 vel

414 2672 634 2742 corrigi;
654 2681 743 2724 aut
775 2680 906 2725 certe
937 2686 1023 2739 per
1046 2669 1439 2724 sollicitudinem
1468 2679 1701 2733 vestram,
1733 2682 1998 2737 meumque

413 2779 689 2818 sermonem
711 2764 779 2816 ad
805 2763 1027 2817 aliorum
1059 2763 1295 2816 notitiam
1332 2760 1349 2798 τ
1381 2770 1582 2831 possent
1612 2760 1865 2815 catholice
1891 2760 1997 2811 dis-

414 2864 591 2926 putata
617 2855 841 2925 perduci.
870 2863 893 2901 ε
922 2853 1077 2909 Nunc
1107 2854 1264 2927 igitur
1287 2868 1403 2923 quia
1454 2856 1517 2906 sit
1549 2854 1663 2906 vitae
1688 2852 1998 2920 contempla-

415 2946 532 2999 tiva:
552 2945 832 3016 proprietas
852 2986 867 3012 ,
929 2943 1151 2999 Domino
1183 2944 1357 2999 vestris
1388 2943 1698 2998 orationibus
1722 2944 1999 3013 adjuvante

418 3044 704 3092 tractemus.

1006 3127 1383 3185 ELENCHUS.

2173 1937 2301 1991 CAP.
2334 1933 2474 1989 XVI.
2518 1933 2681 1999 Quale
2704 1931 2986 2004 periculum
3013 1941 3213 1987 maneat
3258 1946 3341 1986 eos
3378 1927 3465 1999 qui
3507 1925 3682 1979 Eccle-

2100 2028 2230 2084 siarn
2250 2027 2345 2081 sibi
2383 2026 2631 2081 creditam
2660 2026 2737 2079 vel
2766 2034 2801 2061 ιη
2823 2025 3134 2095 relinquunt,
3167 2024 3242 2078 vel
3280 2032 3484 2076 strenue
3504 2019 3683 2091 guber~

2101 2138 2228 2176 nare
2254 2128 2603 2176 contemnunt.

2170 2212 2300 2267 CAP.
2332 2211 2496 2266 XVII.
2541 2210 2641 2267 Ubi
2670 2210 2881 2263 anxium
2910 2210 3046 2278 quod
3076 2206 3357 2262 Ecclesium
3394 2221 3484 2258 nec
3523 2204 3682 2258 relin-

2098 2321 2270 2375 quere,
2303 2321 2394 2358 nec
2421 2320 2592 2377 regere
2614 2303 2798 2375 possit,
2822 2308 3061 2370 provocat
3084 2299 3401 2372 suggerendo
3416 2296 3551 2369 quod
3571 2311 3683 2350 eam

2101 2399 2281 2452 melius
2311 2407 2453 2468 regat
2481 2396 2733 2467 exemplo.

2172 2491 2298 2547 CAP.
2329 2490 2512 2545 XVIII.
2557 2489 2707 2557 Quod
2739 2504 2921 2559 parum
2965 2488 3129 2542 valeat
3154 2495 3182 2523 ιι
3222 2484 3452 2556 exemplo
3486 2482 3683 2555 agenda

2102 2594 2402 2648 monstrare,
2434 2583 2531 2637 nisi
2553 2584 2704 2636 etiam
2742 2598 2856 2651 quia
2884 2581 2984 2635 sint
3026 2578 3300 2644 credenda,
3328 2576 3557 2631 docendo
3584 2575 3686 2630 Sa-

2101 2675 2280 2729 cerdos
2311 2675 2610 2729 ostenderit.

2173 2769 2303 2822 CAP.
2336 2768 2476 2822 XIX.
2520 2767 2599 2822 De
2629 2768 2814 2823 virtute
2836 2766 2959 2836 fidei
2980 2807 2995 2831 ,
3022 2764 3157 2836 quod
3177 2764 3243 2818 ad
3262 2779 3372 2818 eam
3402 2778 3502 2817 non
3523 2746 3731 2817 solum.

2100 2861 2325 2929 credere,
2354 2860 2433 2914 vel
2460 2860 2759 2932 intelligere,
2808 2858 2896 2915 sed
2926 2858 3078 2914 etiam
3123 2858 3246 2912 bene
3287 2856 3487 2929 operari
3531 2856 3688 2927 perti-

2100 2961 2237 3008 neat.

2172 3042 2302 3098 CAP.
2346 3042 2465 3097 XX.
2511 3042 2661 3111 Quod
2708 3042 2836 3097 nihil
2882 3042 3043 3113 prosit
3087 3050 3111 3077 °
3145 3039 3445 3107 Sacerdoti,
3476 3038 3624 3094 etiam
3648 3038 3689 3096 sI

2106 3143 2226 3196 bene
2253 3140 2404 3208 vivat,
2437 3141 2481 3195 si
2509 3144 2641 3195 male
2661 3140 2901 3194 viventem
2931 3137 3143 3196 tacendo
3168 3153 3268 3191 non
3289 3134 3531 3205 corrigat.

481 3219 656 3277 CAPUT
687 3222 726 3276 I.
772 3222 923 3290 Quod
944 3237 1007 3277 ea
1035 3223 1099 3276 sit
1118 3223 1230 3277 vita:
1249 3220 1651 3291 contemplativa!
1675 3220 1959 3292 pr0prietas
1977 3262 1992 3289 ,

2171 3235 2299 3289 CAP.
2333 3233 2476 3292 XXI.
2531 3232 2791 3289 Luctuosa
2836 3231 3110 3302 descriptio
3140 3240 3166 3279 P
3205 3228 3486 3284 sacerdotis
3515 3242 3690 3281 carna-

413 3314 498 3369 ubi
526 3311 552 3351 ι·
585 3313 835 3370 Dominus
865 3316 1056 3370 mundo
1083 3316 1233 3369 corde
1258 3314 1525 3369 videbitur.

481 3407 611 3464 CAP.
640 3408 703 3463 ll.
745 3406 823 3464 De
849 3408 1095 3479 qualitate
1120 3410 1234 3463 vita:
1260 3413 1467 3481 futurae.

482 3500 611 3559 CAP.
647 3502 732 3558 Ill.
778 3504 926 3569 Quod
952 3521 1010 3558 eo
1023 3504 1225 3575 judicio
1251 3503 1346 3557 Dei
1378 3503 1391 3541 ί
1421 3502 1485 3557 ab
1506 3504 1692 3575 iniquis
1711 3503 1998 3557 hominibus

409 3595 685 3664 separandi
712 3603 831 3649 sunt
861 3597 1047 3663 sancti,
1078 3597 1091 3645 i
1129 3612 1227 3667 quo
1269 3606 1383 3651 ante
1415 3608 1534 3651 sunt
1563 3598 1696 3653 beati
1739 3595 1911 3670 angeli
1936 3597 1999 3651 ab

410 3686 688 3743 immundis
715 3689 978 3761 spiritibus
1006 3690 1251 3760 separati.

481 3778 610 3835 CAP.
642 3780 729 3836 IV.
759 3779 837 3836 De
860 3784 1230 3837 resurrectione
1256 3782 1331 3838 vel
1361 3784 1462 3838 vita
1490 3792 1811 3839 sanctorum.

482 3874 608 3930 CAP.
643 3874 709 3931 V.
752 3875 901 3943 Quod
947 3879 1274 3949 prementium
1315 3888 1684 3951 contemptores
1724 3880 1876 3935 etiam
1916 3877 1999 3933 ltie

408 3969 809 4041 contemplativa:
833 3970 948 4026 vita:
977 3972 1235 4026 beatitudo
1265 3971 1494 4028 delectet.

482 4059 609 4115 CAP.
638 4058 723 4115 Vl.
767 4061 918 4129 Quod
953 4064 1194 4133 perfectio
1222 4065 1630 4135 contemplativa
1656 4066 1771 4120 vita:
1791 4081 1903 4135 qua:
1916 4064 1999 4119 hic

409 4150 590 4208 haberi
641 4162 840 4226 potest,
900 4153 926 4192 ¹ί
976 4156 1275 4226 perfectioni
1328 4161 1529 4227 futurte'
1558 4158 1850 4229 comparari
1897 4174 2000 4212 non

411 4245 595 4315 possit.

483 4337 611 4394 CAP.
648 4338 759 4396 VII.
799 4342 949 4407 Quod
979 4341 1258 4397 Dominum
1284 4346 1446 4399 sancti
1470 4348 1689 4416 perfecte
1708 4346 1877 4401 videre
1896 4361 2002 4401 non

410 4430 627 4499 possint,
668 4432 767 4486 nisi
808 4449 921 4487 cum
975 4434 1044 4488 ad
1092 4433 1459 4489 beatitudinem
1504 4438 1694 4506 futurap
1735 4437 1849 4492 vita:
1882 4453 2001 4507 per-

411 4523 658 4577 venerint.

484 4613 615 4670 CAP.
644 4615 777 4672 VIII.
822 4618 947 4686 Qua:
975 4630 1020 4673 et
1048 4627 1244 4689 quanta
1273 4619 1343 4673 sit
1371 4621 1423 4674 in
1438 4618 1533 4674 hac
1565 4637 1718 4676 carne
1736 4621 1851 4677 vitta
1881 4638 2002 4677 cono

418 4709 727 4777 templatim
748 4712 1009 4783 perfectio,
1042 4712 1119 4769 vel
1146 4714 1365 4785 qualiter
1400 4715 1447 4769 ei
1477 4716 1802 4786 perfruenda:
1830 4716 2008 4770 mundi

424 4809 795 4875 contemptores
822 4807 1120 4860 intuereant.

487 4994 515 5056 ει
554 4986 651 5042 Ms.
684 4999 819 5040 unus
839 5027 864 5056 ,ί
885 5000 977 5056 pro
1009 4983 1405 5056 congregandis.

481 5055 511 5095 δ
552 5058 642 5113 Sic
666 5071 795 5113 mss.
838 5054 943 5111 duo
973 5070 1094 5110 cum
1138 5056 1226 5109 ed.
1258 5054 1426 5125 Lugd.
1475 5064 1533 5111 ct
1584 5056 1747 5112 Duae.
1799 5056 1855 5114 In
1886 5058 2005 5115 aliis

411 5126 566 5184 deest
603 5138 819 5181 tantum.

486 5209 508 5268 ξ
544 5198 639 5254 Ms.
672 5212 838 5267 unus,
868 5198 1088 5268 origines
1116 5195 1368 5268 malorum
1397 5197 1649 5266 definiunt
1673 5201 1924 5253 omnium.

366 5312 379 5321 .
484 5265 509 5306 ⁸
553 5270 644 5327 Sic
694 5265 829 5325 mss.
882 5265 975 5324 sei
1006 5282 1129 5322 cum
1159 5267 1286 5322 edit.
1340 5265 1508 5338 Lugd.
1553 5270 1657 5323 Alii
1712 5270 1840 5325 editi
1876 5287 2001 5327 cum

411 5354 516 5395 ms.
550 5356 689 5407 uno,
716 5340 804 5395 sed
833 5348 887 5393 ut
910 5348 1075 5393 vestra
1104 5339 1265 5407 nmqis
1307 5355 1429 5393 cura
1454 5340 1632 5405 sciret,
1672 5340 1717 5392 si
1744 5340 2001 5407 regulari.

412 5420 581 5466 ter....
628 5410 965 5480 capitulorum
1004 5409 1341 5478 explicatione
1365 5412 1607 5479 conferri.
1663 5408 1998 5469 Camberon.

413 5496 519 5538 ms.
542 5522 557 5549 ,
589 5495 644 5538 ut
679 5494 843 5537 vestra
868 5482 1115 5551 magistra
1140 5496 1285 5533 cura.

490 5562 515 5590 θ
558 5554 680 5607 Mss.
714 5553 844 5607 duo.
875 5568 1019 5606 secus
1057 5567 1115 5604 ac

607 5569 680 5609 SS.
714 5567 844 5609 auo.
875 5568 1019 5606 secus
1057 5567 1115 5604 ar

492 5621 513 5661 ί
556 5596 680 5679 Si};
710 5596 1211 5695 ἐπἰἶῖιῖειῖιῖῖῖνοῐιίηι.

490 5703 516 5768 _l
549 5695 673 5768 Mss.
703 5693 987 5768 g‘uing’uet
1002 5695 1155 5747 Nunc
1186 5693 1342 5763 igitur
1359 5697 1495 5768 jam.

490 5710 516 5801 ζ
549 5710 673 5820 Ἐς.
698 5710 934 5820 aguntque
951 5710 1107 5819 ,Dtvut

646 5806 658 5818 .
776 5781 826 5820 m
871 5803 918 5830 .,
1001 5782 1107 5820 ens.

389 5847 408 5862 '
472 5832 514 5920 'f
558 5834 665 5901 διε.
692 5851 864 5912 unus.
886 5835 950 5897 alt
977 5836 1241 5906 omnibus.

2105 3327 2223 3382 liter
2245 3326 2475 3379 viventis.
2664 3322 2695 3347 ⁴”

2172 3417 2301 3474 CAP.
2353 3416 2518 3473 XXII.
2563 3415 2713 3481 Quod
2742 3417 3018 3471 secundum
3046 3429 3329 3469 sermonem
3361 3423 3387 3462 ιι
3434 3409 3690 3483 propheta!

2101 3512 2255 3583 culpa
2276 3527 2369 3565 sua
2406 3518 2616 3578 pereant
2642 3510 2730 3579 qui
2762 3508 3080 3563 sacerdotum
3108 3507 3478 3578 increpationes
3499 3502 3575 3558 vel
3600 3502 3690 3557 ad-

2101 3604 2403 3660 monitiones
2437 3618 2671 3673 perversa
2697 3600 2956 3657 voluntate
2986 3608 3339 3654 contemnunt.

2172 3697 2305 3761 CAP.
2331 3694 2518 3751 XXIII.
2562 3695 2713 3761 Quod
2738 3695 3025 3749 sacerdotes
3052 3692 3205 3747 etiam
3239 3702 3259 3729 τ
3289 3690 3378 3761 qui
3401 3690 3550 3745 aliter
3576 3705 3692 3759 pos‘

2099 3800 2243 3856 sunt,
2277 3798 2381 3843 tam
2407 3787 2703 3858 simpliciter
2732 3786 2916 3841 docere
2950 3784 3197 3851 debeant,
3224 3790 3278 3837 ut
3304 3798 3477 3839 omnes
3496 3797 3580 3835 eos
3602 3780 3693 3834 do-

2101 3891 2269 3937 centes
2307 3881 2621 3952 intelligant.
2724 3916 2727 3921 -
3462 3930 3465 3931 ν

2171 3974 2301 4030 CAP.
2333 3973 2521 4028 XXIV.
2566 3972 2704 4039 Quid
2742 3970 2938 4026 intersit
2962 3971 3096 4025 inter
3130 3971 3360 4024 doctores
3389 3968 3476 4039 qui
3518 3963 3693 4020 Eccle-

2101 4068 2231 4121 siam
2260 4067 2555 4137 simpliciter
2586 4066 2825 4119 docentes
2849 4064 3130 4133 aedificant,
3160 4073 3206 4117 et
3236 4080 3319 4118 eos
3345 4062 3431 4133 qui
3460 4060 3694 4131 eloquen-

2103 4160 2229 4213 tiam
2251 4173 2398 4213 suam
2427 4156 2697 4210 luculentis
2723 4154 3181 4209 declamationibus
3206 4160 3226 4187 ⁸
3256 4154 3477 4222 jactant.

2176 4250 2305 4306 CAP.
2358 4248 2524 4303 XXV.
2568 4246 2759 4314 Quales
2797 4261 2904 4299 esse
2929 4244 3140 4299 debeant
3179 4243 3465 4298 sacerdotes
3499 4243 3586 4313 qui
3612 4258 3695 4297 vo-

2105 4342 2214 4399 lunt
2246 4343 2359 4412 fieri
2393 4342 2508 4397 vitw
2534 4338 2939 4408 contemplativa:
2968 4336 3266 4407 participes.

2621 4450 2848 4509 CAPUT
2892 4446 3181 4504 PRIMUM.

2110 4550 2260 4620 Quod
2293 4564 2351 4605 ea
2389 4548 2457 4602 sit
2493 4547 2609 4601 vita
2637 4544 3045 4611 contemplativa:
3095 4542 3403 4611 proprietas,
3438 4538 3523 4593 ubi
3560 4536 3695 4592 Deus

2027 4596 2083 4659 Β
2574 4618 2767 4659 msnsdn
2795 4618 2946 4659 mre!»
2972 4614 3240 4659 uidebitur-

2574 4618 2767 4671 mundo
2795 4618 2946 4672 corde
2972 4614 3240 4671 videbitur.

2183 4710 2607 4784 Contemplativa
2638 4712 2767 4776 vita,
2796 4710 2848 4765 in
2898 4724 3002 4780 qua
3027 4706 3338 4763 Creatorem
3369 4718 3521 4761 suum
3549 4716 3697 4758 crea-

2117 4817 2234 4866 tura
2264 4803 2638 4864 intellectualis
2665 4803 2734 4857 ab
2759 4803 2903 4861 omni
2935 4808 3155 4873 peccato
3178 4806 3421 4871 purgata,
3447 4804 3605 4869 atque
3630 4810 3696 4851 es

2113 4996 2120 5049 τ
2191 4986 2205 5036 i
2248 4986 2349 5041 Ms.
2380 4982 2568 5040 Camb.
2588 5020 2603 5048 ,
2634 4990 2749 5036 ante
2779 4984 2907 5049 iam.

2188 5055 2213 5093 ¹ι
2252 5058 2345 5112 Sic
2375 5070 2505 5111 mss.
2555 5054 2660 5107 duo
2693 5048 2822 5123 ncg.
2856 5062 2909 5107 et
2937 5049 3122 5108 Camb.
3160 5048 3300 5105 Editi
3326 5048 3528 5104 addunt
3570 5048 3696 5102 illic.

2189 5125 2207 5163 ι
2246 5128 2343 5182 Ms.
2388 5126 2573 5181 Camb.
2598 5166 2612 5189 ,
2649 5123 2947 5178 Dominum.
3500 5148 3505 5151 -

2187 5207 2227 5234 πη
2253 5200 2376 5253 Mss.
2410 5196 2445 5249 2
2473 5195 2604 5266 Reg.
2633 5207 2687 5251 et
2713 5194 2903 5250 Camb.
2928 5233 2941 5266 ._
2972 5193 3254 5266 relinquere
3280 5192 3475 5245 vo.’unt.

2182 5278 2211 5305 ιι
2244 5270 2341 5325 .‘Ils.
2378 5268 2509 5338 Reg.
2545 5264 2702 5330 unus,
2740 5264 2975 5335 exetnpla
3004 5265 3221 5338 agendo.

2188 5349 2214 5375 °
2244 5339 2373 5397 llss.
2407 5328 2540 5406 R53.
2576 5350 2629 5393 et
2657 5328 3012 5403 Camberbn.,
3036 5328 3198 5390 ἏΙὶΙιὶι
3240 5330 3398 5406 prosit
3424 5328 3701 5383 sa'erdoti-

2118 5412 2209 5486 bns
2231 5412 2275 5466 si
2303 5412 2424 5465 bene
2448 5402 2658 5486 .v‘ivnnt,
2684 5410 2729 5463 si
2755 5411 2888 5463 male
2927 5402 3141 5461 viventes
3186 5402 3396 5456 tacendo
3437 5416 3537 5454 non
3590 5416 3702 5452 cor-

2114 5494 2389 5608 "ggnbiss.
2424 5553 2555 5625 Reg.
2577 5552 2611 5605 Ξ
2640 5560 2694 5607 et
2730 5550 3047 5606 Camberon.
3073 5586 3090 5613 ,
3122 5543 3408 5601 Carnaliter
3430 5542 3696 5601 viventium

2117 5626 2455 5681 sacerdotum.

2191 5707 2217 5746 ιι
2249 5696 2372 5751 Mss.
2415 5697 2522 5751 duo
2542 5736 2557 5760 ,
2584 5692 2883 5763 prOp/tetitv.

2191 5778 2213 5804 ι’
2247 5767 2491 5822 Sic'mss.
2526 5762 2650 5818 duo.
2684 5763 2843 5816 Editi.
2880 5762 3097 5829 qualiter
3120 5772 3351 5831 possunt.

2191 5847 2214 5879 ι
2247 5840 2374 5898 Mss.
2407 5838 2560 5905 dum,
2600 5835 2872 5907 dejectunt.
2904 5834 3001 5901 Ms.
3025 5850 3182 5907 unus,
3214 5836 3491 5908 dejactant.
