4124 6350
520 330 628 389 419

1871 325 2129 385 JULIANI
2170 322 2446 381 POMERII

3689 326 3793 387 480

522 446 666 502 οηιηὶ
696 455 844 515 parte
871 454 1050 502 sanata
1075 445 1251 500 visura
1278 449 1380 507 est,
1403 456 1431 496 a
1456 441 1886 513 contemplando,
1913 442 1964 497 id
1990 450 2096 507 est,
2128 442 2180 502 Α
2203 437 2377 493 dicam
2399 482 2413 507 ,
2447 452 2567 507 qua:
2595 438 2771 511 potius
2796 437 2957 493 debet
2986 437 3131 493 credi
3161 451 3320 508 quam
3348 437 3486 494 diei?
3520 437 3631 495 Nec
3674 441 3793 499 ideo

522 539 771 605 Videndo,
822 555 1015 593 nomen
1065 538 1287 605 accepit.
1340 534 1491 604 Quod
1539 536 1583 590 si
1633 534 1708 590 ita
1746 542 1850 599 est,
1880 534 1971 589 illa
1999 531 2107 587 vita

525 632 613 686 ubi
644 630 785 685 Deus
813 630 977 684 videri
1006 636 1177 698 potest
1206 629 1319 698 ipsa
1341 636 1367 664 ι
1388 626 1803 697 contemplativa
1832 625 2103 681 credenda

525 731 629 778 est.
660 721 713 776 in
742 722 989 790 praesenti
1016 719 1041 757 ι’
1066 729 1241 775 autem
1270 719 1374 774 vita
1422 719 1679 787 miseriis,
1727 719 2109 787 erroribusque

526 813 851 883 plenissima,
885 812 1073 881 Deum,
1122 814 1276 867 siculi
1321 822 1423 877 est,
1455 811 1624 867 videri
1667 826 1770 865 non
1804 825 1979 880 posse,
2014 809 2112 865 du-

525 906 669 961 bium
702 920 806 959 non
830 912 932 959 est.
964 902 1018 959 in
1050 904 1222 959 futura
1252 904 1411 973 igitur
1439 915 1462 943 ο
1494 904 1621 969 vita,
1647 919 1765 973 qua:
1798 903 1869 958 ob
1890 903 1990 957 hoc
2020 918 2115 972 ap-

527 997 753 1068 pellatur
780 999 1208 1067 centemplativa,
1250 998 1508 1053 videndus
1538 1006 1623 1054 est
1642 1040 1657 1063 ,
1691 1013 1790 1053 nec
1820 997 2108 1052 immerito.

526 1090 582 1147 Si
612 1090 755 1145 enim
785 1090 969 1145 videre
1000 1090 1185 1156 Deum,
1213 1103 1483 1145 summum
1509 1081 1849 1160 solidumque
1871 1097 1956 1145 est
1984 1103 2114 1159 gau-

526 1184 670 1240 dium
704 1199 967 1239 summum
998 1181 1025 1220 ἀ
1055 1200 1181 1239 vero
1212 1183 1464 1255 gaudium
1495 1183 1768 1253 praemium
1820 1182 1957 1237 bene
1992 1197 2114 1237 cre-

528 1277 671 1333 ditur
695 1277 1001 1341 beatorum;
1030 1286 1085 1332 et
1110 1277 1386 1346 praemium
1413 1284 1437 1312 ⁶
1470 1292 1573 1331 non
1617 1275 1791 1329 adhuc
1829 1273 2114 1344 pugnanti-

437 1430 446 1441 .
528 1370 648 1436 bus,
683 1370 775 1425 sed
802 1370 821 1408 ί
850 1371 957 1438 jam
990 1370 1322 1425 vincentibus
1352 1368 1566 1424 dabitur
1598 1377 1716 1437 post
1744 1367 2071 1437 triumphum
2098 1384 2112 1420 :

528 1462 650 1535 quis
679 1478 786 1517 non
814 1461 987 1517 videat
1012 1463 1153 1531 quod
1182 1477 1371 1522 omnes
1395 1462 1565 1516 sancti
1596 1460 1765 1515 Deum
1804 1462 1855 1516 in
1887 1460 1977 1515 illa
2010 1463 2117 1515 vita

531 1565 728 1611 πίει-ηδ
757 1556 1033 1619 videbunt,
1064 1556 1151 1610 ubi
1177 1555 1296 1611 sine
1325 1555 1429 1611 ﬁne
1457 1554 1793 1625 gaudebunt?
1821 1554 1895 1609 lbi
1920 1556 2121 1625 gaude-

532 1648 685 1715 bunt,
716 1648 805 1703 ubi
841 1650 1115 1719 praemium
1147 1650 1529 1719 reportabunt;
1579 1648 1649 1703 ibi
1698 1650 1963 1716 recepturi
1994 1658 2115 1703 sunt

532 1740 831 1810 praemium,
864 1741 955 1795 tibi
1001 1756 1106 1794 non
1136 1740 1307 1795 solum
1335 1740 1582 1805 devictis,
1612 1740 1704 1795 sed
1743 1743 1903 1796 etiam
1954 1740 2118 1796 ﬁnitis

2212 540 2388 587 tamen
2434 532 2603 587 debeo
2646 531 2772 587 inde
2816 540 2995 586 tacere
3026 538 3050 565 ο
3091 530 3232 599 quod
3260 531 3431 595 valeo,
3464 534 3587 603 quia
3615 533 3792 592 dicere

2211 628 2465 696 quantum
2516 626 2639 678 volo
2684 639 2787 679 non
2835 626 3009 683 valeo.
3042 623 3223 694 Neque
3266 628 3409 681 enim
3456 628 3577 697 quia
3629 629 3793 686 lieulls

2214 718 2537 774 ineliabilem
2588 718 2890 785 credimus,
2943 720 3035 773 lari
3082 721 3151 774 de
3200 720 3292 775 illo
3338 720 3481 789 quod
3514 735 3792 789 possumus

2213 826 2319 866 nou
2350 812 2630 867 debemus.
2660 812 2731 865 Ita
2776 826 2925 879 sane,
2960 821 3018 866 ut
3044 812 3160 881 plus
3185 813 3432 868 credatur
3457 812 3526 869 de
3552 816 3639 869 illa
3666 817 3790 881 vita,

2214 920 2370 975 quam
2400 914 2428 953 ι)
2455 906 2752 970 scribatur;
2796 906 2917 973 quia
2947 920 3046 960 ncc
3075 914 3249 975 potest
3273 906 3399 963 inde
3440 918 3641 964 tantum
3676 927 3792 979 pro-

2215 994 2342 1053 ferri
2371 1011 2643 1063 sermone,
2673 1008 2929 1066 quantum
2977 1008 3151 1068 potest
3183 1007 3359 1053 mente
3388 1001 3703 1071 complecti;
3745 1014 3795 1058 et

2218 1089 2393 1143 minus
2428 1088 2664 1159 concipit
2696 1089 2889 1143 mentis
2919 1089 3167 1144 humanae
3195 1091 3489 1159 quamlibet
3531 1092 3795 1163 profunda

2214 1181 2539 1250 complexio,
2573 1195 2731 1250 quam
2762 1191 2787 1230 ιι
2832 1195 2890 1235 se
2936 1181 3098 1236 habet
3142 1182 3218 1236 rei
3269 1183 3435 1253 ipsius
3468 1187 3792 1255 magnitudo.

2220 1274 2359 1345 Ergo
2391 1275 2561 1329 futura
2592 1275 2699 1328 vita
2734 1273 2971 1329 creditur
3007 1274 3163 1329 beate
3191 1277 3511 1344 sempiterna
3532 1318 3547 1343 ,
3579 1290 3630 1331 et
3659 1295 3796 1334 sem-

2218 1372 2425 1441 piterno
2458 1370 2633 1435 beata,
2661 1370 2747 1424 ubi
2780 1378 2863 1423 est
2886 1377 3031 1423 certa
3063 1370 3345 1433 securitas.
3378 1379 3400 1407 "
3433 1385 3621 1426 secura
3650 1381 3795 1428 trau-

2218 1464 2475 1533 quillitas,
2492 1464 2775 1527 tranquilla
2794 1462 3119 1531 jucunditas,
3142 1462 3265 1517 felix
3290 1461 3583 1527 teternitas,
3600 1475 3797 1520 teterna

2221 1556 2495 1621 felicitas;
2518 1554 2606 1609 ubi
2637 1563 2721 1609 est
2750 1569 2898 1607 amor
2927 1552 3193 1622 periectas
3213 1594 3226 1616 .
3261 1554 3418 1609 timor
3446 1555 3654 1621 nullus,
3685 1558 3798 1612 dies

2220 1657 2470 1713 aeternus,
2501 1646 2679 1701 alacer
2716 1654 2910 1713 motus,
2939 1655 2993 1699 et
3029 1660 3169 1699 unus
3206 1646 3445 1699 omnium
3488 1648 3708 1717 spiritus
3736 1648 3799 1704 de

2221 1739 2671 1809 contemplatione
2689 1738 2780 1791 Dei
2803 1738 2905 1798 sui,
2923 1750 2984 1791 ac
2995 1736 3062 1791 de
3077 1751 3170 1793 sua
3183 1750 3303 1791 cum
3319 1737 3408 1792 illo
3426 1740 3799 1807 permansione

494 1848 499 1853 '
529 1831 793 1895 hostibus,
822 1832 1250 1901 triumpiiabunt;
1276 1832 1348 1886 ibi
1393 1832 1818 1903 triumphabunt,
1854 1834 1940 1889 ubi
1982 1834 2112 1917 ultc-
2148 1821 2193 1881 Β
2221 1847 2471 1897 securus;
2515 1830 2602 1885 ubi
2651 1830 2763 1899 ipsa
2794 1829 2983 1883 civitas
3011 1869 3026 1892 ,
3066 1843 3185 1898 qua:
3226 1838 3307 1884 est
3336 1830 3648 1897 angelorum
3680 1848 3799 1889 san-

528 1924 639 1981 rius
668 1924 1029 1979 adversarium
1062 1940 1165 1979 non
1189 1933 1215 1972 Β
1246 1925 1546 1981 habebunt.

548 2073 556 2079 _
596 2016 657 2072 2.
690 2014 953 2072 Caeterum
984 2017 1036 2071 in
1069 2017 1166 2071 hac
1194 2018 1322 2083 vitri,
1372 2018 1616 2089 quamvis
1644 2026 1864 2073 strenue
1893 2018 2116 2073 dimice-

529 2126 671 2178 mus,
700 2122 754 2167 et
780 2111 1065 2180 adjuvante
1086 2112 1333 2178 Domino,
1366 2122 1613 2168 catervas
1640 2114 1897 2182 hostium,
1921 2114 2116 2183 quibus

527 2203 1027 2270 circumlimdimur,
1064 2213 1500 2274 prosternamus;
1534 2216 1711 2262 tamen
1744 2209 1786 2262 si
1815 2208 1884 2263 ab
1907 2208 1986 2264 eis
2014 2224 2113 2263 no-

530 2292 706 2351 lumus
773 2295 933 2362 vinci,
986 2311 1257 2367 nunquam
1310 2296 1599 2369 pugnarei
1633 2299 1948 2355 desinimus.
2009 2300 2117 2356 Nec

531 2390 808 2443 vincentes
861 2402 1080 2444 securos
1142 2390 1341 2444 iaciunt
1392 2390 1619 2446 viriliter
1676 2392 1929 2447 desudata
2003 2392 2114 2461 jam

531 2479 751 2550 praelia;
784 2480 880 2537 sed
909 2482 1075 2550 magis
1104 2480 1395 2537 sollicitant
1415 2482 1848 2537 adversariorum
1882 2483 2114 2538 rediviva

529 2571 842 2628 certamina.
873 2576 950 2628 Ac
988 2572 1086 2636 sic.
1111 2573 1232 2644 quia
1256 2574 1550 2629 secundum
1578 2573 1869 2645 Scriptum
1899 2576 1910 2612 ί
1946 2591 2115 2631 sacra:

434 2728 461 2755 ο
530 2679 855 2735 sermonem,
883 2677 989 2721 tota
1018 2668 1242 2722 humana
1265 2670 1369 2722 vita
1398 2671 1610 2725 tentatio
1641 2679 1716 2724 est
1742 2686 1897 2739 super
1928 2681 2117 2725 terram

530 2754 675 2826 (Job.
706 2773 800 2825 vit,
833 2759 883 2824 i,
914 2774 1018 2812 sec.
1045 2757 1219 2829 LXX)
1242 2800 1257 2823 ,
1312 2767 1439 2813 tunc
1488 2768 1572 2815 est
1616 2762 1840 2817 tentatio
1885 2762 2116 2817 ﬁnienda

529 2849 745 2920 quando
775 2851 955 2905 ﬁnitur
982 2859 1037 2906 et
1063 2866 1235 2921 pugna
1261 2869 1273 2915 ;
1305 2864 1356 2907 et
1399 2862 1525 2907 tunc
1566 2863 1649 2908 est
1681 2856 1907 2909 ﬁnienda
1943 2872 2116 2926 pugna

2223 1935 2429 1982 ctorum
2478 1931 2498 1958 ³
2546 1934 2600 1978 et
2650 1922 2921 1977 hominum
2972 1923 3315 1991 congregatio
3360 1923 3552 1989 beata,
3602 1928 3802 1982 meritis

2226 2014 2546 2085 fulgentibus
2575 2013 2592 2048 ⁸
2616 2013 2791 2078 micat,
2819 2022 2872 2066 et
2903 2020 3100 2067 {eterna
3133 2014 3278 2068 salus
3305 2016 3583 2081 exuberat,
3613 2016 3800 2073 veritas

2224 2116 2444 2175 regnat;
2486 2106 2575 2161 ubi
2630 2120 2728 2160 nec
2775 2104 2906 2158 fallit
2958 2104 3221 2174 quisque,
3263 2120 3361 2159 nec
3393 2106 3626 2173 lallitur;
3666 2109 3801 2166 unde

2224 2208 2249 2235 υ
2286 2202 2461 2256 nullus
2486 2199 2698 2270 ejicitur
2728 2199 2934 2263 beatus,
2966 2207 3020 2253 et
3049 2212 3158 2268 quo
3198 2198 3374 2256 nullus
3402 2201 3566 2257 miser
3604 2200 3797 2258 admit-

2225 2294 2373 2348 titur.

2837 2380 3063 2437 CAPUT
3100 2379 3189 2439 Ill.

2225 2474 2374 2542 Quod
2401 2490 2457 2529 eo
2494 2474 2698 2548 judicio
2728 2471 2823 2526 Dei
2869 2474 2933 2526 ab
2974 2472 3164 2543 iniquis
3203 2472 3493 2548 nominibus
3532 2481 3801 2548 separandi

2290 2558 2406 2620 sunt
2432 2547 2595 2620 sancti
2623 2561 2723 2613 quo
2754 2555 2779 2583 ν
2798 2557 2919 2620 ante
2938 2556 3055 2599 sunt
3080 2547 3212 2600 beati
3240 2549 3409 2619 angeli
3437 2550 3500 2603 ab
3528 2547 3799 2620 immundis

2291 2619 2551 2687 spiritibus
2579 2619 2824 2685 separati.

2298 2759 2349 2812 i.
2390 2756 2493 2812 Sed
2518 2761 2548 2794 ⁸
2575 2765 2629 2813 et
2659 2757 2759 2811 hoc
2785 2757 3025 2812 futurum
3061 2758 3330 2813 credimus
3359 2775 3454 2830 per
3478 2761 3680 2829 justum
3714 2762 3798 2817 Dci

2218 2848 2499 2921 judicium,
2532 2849 2585 2903 in
2617 2864 2856 2919 quonon
2890 2850 3063 2905 solum
3093 2850 3331 2917 meritis,
3363 2851 3456 2906 sed
3484 2852 3644 2907 etiam
3676 2853 3801 2908 locis

530 2940 743 3009 quando
796 2951 917 3009 post
978 2942 1114 2996 lianc
1167 2942 1329 2997 vitam
1395 2945 1635 2999 succedit
1694 2962 1880 3017 pugnae.
1928 2964 2120 3003 secura
2224 2943 2303 2998 sic
2331 2942 2399 2996 ab
2429 2941 2625 3011 iniquis
2647 2941 2776 3011 justi
2806 2942 3139 3011 rseparandi
3185 2944 3389 2997 suntin
3433 2952 3715 3012 aeternum,
3747 2958 3800 2999 ut

532 3030 763 3087 victoria
796 3049 808 3086 :
837 3041 896 3087 ut
942 3048 1130 3088 omnes
1181 3034 1377 3091 milites
1433 3034 1654 3102 Christi,
1706 3039 1798 3109 qui
1839 3055 2008 3112 usque
2032 3042 2117 3108 ,in
2220 3036 2330 3105 ja‘m
2362 3052 2461 3091 nec
2489 3045 2511 3072 ι
2535 3036 2858 3091 remunerati
2905 3034 3181 3101 premium
3210 3034 3415 3101 ﬁniant,
3443 3051 3542 3092 nec
3569 3037 3799 3092 damnati

532 3122 693 3178 ﬁnem
766 3126 889 3179 vita:
944 3127 1223 3194 praesentis
1277 3127 1535 3184 divinitus
1590 3130 1795 3200 adjuti,
1852 3134 1967 3189 suis
2025 3134 2120 3191 lio-
2220 3129 2580 3199 supplicium;
2623 3126 3055 3197 quandoquidem
3081 3134 3359 3197 propterea
3389 3130 3719 3201 incorruptio
3750 3144 3800 3186 et

532 3217 706 3272 stibus
775 3218 1174 3287 iniatigabiliter
1243 3222 1594 3290 restiterunt,
1673 3224 1943 3281 laboriosa
2005 3207 2191 3297 jnmC
2223 3221 2597 3276 immortalitas
2625 3218 2841 3274 dabitur
2888 3219 3047 3273 etiam
3094 3219 3407 3288 corporibus
3462 3223 3800 3289 miserorum,

532 3311 960 3381 peregrinatione
988 3323 1278 3385 transacta,
1328 3308 1555 3387 regnent
1601 3318 1782 3375 felices
1825 3322 1877 3375 in
1929 3327 2117 3390 patria.

530 3401 586 3462 in
625 3419 725 3476 qua
776 3403 1004 3464 humans
1056 3415 1243 3465 natura
1294 3408 1362 3462 ita
1416 3408 1712 3479 reparanda
1765 3424 1890 3481 est,
1954 3427 2008 3470 et
2050 3418 2119 3472 ab

530 3505 677 3558 omni
711 3517 928 3573 prorsus
990 3495 1300 3563 inﬁrmita’te
1345 3503 1608 3571 sananda,
1651 3516 1709 3561 ut
1751 3523 1849 3565 nec
1899 3519 2117 3581 peccata

528 3594 579 3650 ei
610 3594 754 3649 ullal
788 3607 1119 3665 remaneant,
1152 3613 1249 3653 nec
1279 3615 1502 3669 peccare
1527 3598 1642 3671 jam
1667 3597 1693 3637 ιι
1726 3600 1918 3657 valeat.
1951 3601 2118 3674 Cujus

532 3687 635 3742 huc
662 3688 765 3761 erit
794 3696 962 3743 totum
990 3692 1287 3759 prmmium,
1322 3701 1381 3746 ut
1426 3695 1545 3747 vita:
1571 3693 2004 3761 contemplatiste
2033 3708 2117 3749 se-

530 3778 634 3835 mel
661 3794 880 3848 compos
909 3780 1119 3845 eﬁ'ecta,
1147 3781 1545 3851 inexplebiliter
1584 3794 1859 3842 auctorem
1893 3785 2117 3840 beatitu-

532 3872 673 3926 dinis
701 3888 810 3927 sum
837 3872 855 3909 ι
886 3875 1200 3943 conspiciat,
1224 3875 1291 3930 de
1315 3877 1405 3931 illo
1430 3877 1681 3947 gaudeat,
1702 3890 1739 3917 ιτ·
1762 3880 1829 3936 de
1859 3880 1951 3937 illo
1977 3881 2115 3950 quod

532 3965 770 4031 speravit
801 3964 1062 4031 obtineat,
1092 3974 1146 4020 et
1173 3966 1225 4021 iu
1254 3982 1320 4022 eo
1346 3968 1410 4022 ad
1441 3978 1467 4005 ιι
1497 3971 1640 4041 quod
1669 3982 1856 4029 sancte
1887 3975 2116 4031 vivendo

535 4055 797 4124 pervenit,
827 4057 942 4113 sine
973 4058 1076 4113 ﬁne
1097 4070 1430 4129 permaneat.

1156 4151 1379 4209 CAPUT
1422 4155 1484 4209 li.

958 4240 1031 4295 De
1058 4243 1303 4311 qualitate
1332 4246 1446 4299 vitta
1475 4246 1681 4315 futurae.

605 4330 656 4383 i.
694 4329 812 4387 Jam
840 4346 969 4388 vero
998 4334 1067 4388 de
1094 4336 1352 4406 qualitate
1382 4338 1547 4406 ipsius
1588 4341 1711 4395 vita:
1755 4340 1947 4397 futurae
1995 4345 2121 4413 quid

2224 3326 2279 3372 ut
2307 3331 2407 3371 nec
2437 3316 2537 3386 ipsi
2562 3323 2620 3352 ιι
2642 3322 2896 3369 aeternam
2918 3327 3129 3384 pinnam
3160 3313 3365 3383 ﬁniant,
3386 3328 3484 3370 nec
3508 3316 3650 3384 ipsos
3680 3333 3802 3372 con-

2221 3417 2398 3464 sumat
2450 3407 2767 3462 immortalis
2814 3419 2970 3475 pmna
2998 3446 3011 3470 ,
3061 3404 3155 3459 sed
3204 3406 3408 3475 puniat.
3457 3405 3582 3463 ideo
3629 3419 3800 3464 autem

2220 3503 2374 3560 beata
2398 3502 2796 3572 incorruptione
2812 3510 2866 3555 et
2881 3498 3276 3555 immortalitate
3292 3499 3556 3569 juston
3579 3516 3802 3573 corpora

2221 3596 2589 3661 deuehuntur;
2616 3594 2674 3635 ω’
2700 3603 2757 3650 ut
2781 3602 2834 3651 et
2863 3594 2961 3665 ipsi
2994 3594 3043 3649 in
3072 3592 3244 3665 gloria
3269 3633 3284 3659 ,
3314 3602 3369 3649 et
3399 3595 3450 3649 in
3478 3595 3609 3665 ipsis
3636 3597 3798 3669 gloria

2226 3702 2423 3744 mtcrna
2456 3697 2784 3757 permaneat.

2293 3781 2347 3835 2.
2392 3781 2504 3835 Hoc
2527 3780 2821 3850 judicium,
2854 3783 2995 3851 quod
3028 3783 3162 3837 inter
3184 3781 3357 3851 iustos
3388 3780 3633 3839 homines
3662 3780 3798 3852 inju-

2223 3883 2439 3943 stosque
2486 3875 2719 3927 futurum
2762 3872 3028 3939 dicimus,
3078 3876 3216 3929 inter
3263 3882 3479 3929 sanctos
3505 3874 3723 3945 angelos
3750 3884 3797 3930 et

2223 3968 2527 4025 immundos
2549 3966 2820 4024 credimus
2849 3978 2903 4006 η
2928 3968 3144 4023 factum.
3173 3966 3303 4023 Nam
3327 3984 3447 4026 cum
3469 3976 3651 4027 essent
3676 3970 3815 4026 atria

2224 4078 2327 4135 que
2357 4064 2471 4116 sine
2501 4074 2721 4132 peccato
2750 4062 2913 4119 creati
2942 4104 2957 4129 ,
3007 4069 3058 4117 et
3089 4063 3153 4117 ad
3202 4064 3541 4119 serviendum
3572 4062 3683 4119 Deo
3709 4078 3801 4117 suo

2222 4153 2277 4194 δά
2306 4156 2536 4213 feliciter
2565 4156 2813 4217 instituti.
2835 4172 3020 4212 corum
3048 4156 3262 4226 quidam
3290 4156 3565 4212 voluntate
3594 4156 3799 4227 propria

2224 4252 2496 4323 depravati
2518 4251 2801 4307 noluerunt
2832 4267 3141 4320 permanere
3168 4260 3223 4289 οε
3248 4251 3387 4322 quod
3420 4251 3544 4306 lacti
3568 4256 3718 4314 sunt;
3751 4257 3803 4304 et

2225 4356 2452 4401 cum'se
2486 4355 2673 4401 contra
2717 4346 3025 4401 Creatorem
3071 4360 3227 4400 suum
3257 4342 3307 4382 τί
3346 4343 3511 4417 typbo
3546 4342 3802 4415 superbia:

610 4540 655 4615 ι.
675 4532 764 4615 Sic
790 4546 921 4589 mss.
954 4534 1077 4588 duo.
1108 4532 1239 4605 Reg.
1269 4534 1409 4591 Editi
1431 4552 1577 4608 vero,
1610 4540 1725 4609 ipsa
1750 4550 1821 4597 est
1846 4534 2115 4615 eontempl.
2148 4549 2201 4611 1)
2296 4554 2323 4593 ι)
2347 4544 2756 4615 Mss._qninque,
2780 4546 3033 4599 scribitur.

538 4604 806 4658 credenda.

608 4673 633 4711 δ
674 4674 799 4728 Mss.
833 4674 963 4743 Reg.
999 4688 1155 4739 unus,
1189 4677 1389 4731 etenim.

611 4754 633 4782 ε
675 4747 839 4799 Abest
867 4748 979 4801 haec
1007 4761 1105 4801 vox
1153 4748 1251 4799 vita
1280 4763 1307 4799 a
1337 4765 1464 4805 mss.
1495 4752 1700 4808 duobus
1726 4754 1962 4811 Colbert.

609 4812 635 4850 ἀ
668 4815 766 4870 Ms.
789 4815 999 4881 Camb.,
1024 4833 1275 4871 summum
1302 4830 1350 4899 et
1376 4838 1547 4875 verum
1566 4826 1827 4895 gaudium.
1859 4828 1957 4882 Ms.
1984 4826 2113 4899 Reg.

540 4900 970 4959 unus_,_suinmum
1000 4903 1171 4941 verum
1192 4892 1455 4959 gaudium.

611 4966 633 5028 ς
664 4956 766 5028 Ms.
792 4957 947 5011 Coll).
977 4973 1133 5023 unus,
1169 4956 1303 5028 quod
1328 4978 1429 5017 non
1461 4964 1651 5020 adhuc.

612 5024 632 5064 ι
678 5027 848 5082 hditio
879 5028 1074 5097 Lugd.,
1106 5024 1272 5086 etiam

608 5107 633 5144 κ
666 5098 791 5153 Mss.
822 5110 1067 5167 quatuor,
1094 5118 1193 5155 non
1214 5103 1475 5160 timebunt.

607 5169 636 5205 ιι
674 5171 814 5253 Mss._
827 5180 1050 5253 septem,
1078 5172 1362 5253 R_eg_.duo,
1380 5175 1615 5253 Colbert.
1638 5189 1866 5249 quatuor
1885 5179 2113 5237 etCam-

537 5243 751 5305 berem,
780 5242 1075 5295 desinimus.
1111 5244 1273 5311 Editi,
1299 5247 1610 5305 desinamus.

609 5310 627 5385 ξ
663 5312 831 5385 Εάίιῇ,
868 5312 1148 5385 Scriptura:
1170 5310 1512 5385 sacrw.Mss.,
1543 5331 1751 5376 sanetae.

612 5380 627 5433 i
661 5383 757 5437 Ms.
782 5384 934 5437 Colb.
969 5380 1127 5451 unus,
1150 5387 1257 5441 ulla
1284 5380 1514 5444 alterius.

605 5451 629 5524 ¹ξ
657 5456 791 5507 Ι-ζόὶι.
821 5454 1013 5524 Lugd.,
1048 5460 1265 5511 valeant.

612 5521 631 5559 ι
790 5521 924 5592 Ιιθςῖ
946 5542 1082 5582 unus
1106 5538 1160 5582 et
1188 5530 1531 5593 Camberon.,
1564 5534 1886 5601 concupiscat
1917 5550 2043 5589 sum.

607 5602 645 5629 ιη
670 5594 793 5647 Mss.
824 5608 1049 5663 septem,
1083 5616 1187 5654 non
1220 5602 1417 5655 liaiieut
1441 5603 1502 5653 de
1526 5603 1635 5655 illo.

607 5674 632 5700 υ
655 5663 745 5720 Sic
774 5679 901 5747 mss.
936 5684 1049 5721 sex.
1084 5670 1222 5725 Edit.
1255 5688 1402 5739 vero,
1431 5674 1498 5725 ad
1536 5673 1675 5743 quod
1702 5683 1875 5728 sancte
1899 5676 2112 5729 uiuendo

538 5750 833 5807 pervenerit.
1792 5747 1800 5753 '

610 5816 634 5843 °
658 5808 756 5861 lis.
787 5807 940 5863 Coll).
973 5825 1130 5872 unus.
1156 5824 1400 5875 quantum
1428 5815 1592 5870 vatem

2296 4624 2323 4665 ἢ
2346 4616 2440 4669 Ms.
2470 4613 2622 4669 Colli.
2654 4613 2811 4684 unus,
2846 4633 2895 4669 se
2926 4616 3123 4669 habeat.

2299 4697 2319 4724 τ
2348 4684 2511 4750 Ειιίιί,
2544 4697 2591 4741 et
2613 4704 2787 4740 secura
2817 4688 3160 4755 tranquillitas
3188 4695 3236 4740 et
3265 4684 3544 4757 tranquilla
3559 4685 3803 4757 jucundi-

2226 4770 2323 4822 las,
2356 4761 2507 4812 deest
2536 4766 2583 4809 et
2614 4760 2897 4825 utrobique
2930 4761 2979 4811 iu
3009 4774 3135 4811 mss.
3169 4757 3434 4812 omnibus.

2298 4841 2319 4866 ³
2351 4831 2447 4883 Ms.
2479 4843 2634 4891 unus,
2668 4829 2985 4898 angelorum,
3017 4838 3403 4897 sanctorumque
3432 4827 3679 4882 omnium.

2300 4902 2316 4936 ί
2349 4900 2472 4953 Mss.
2508 4908 2639 4965 tres,
2672 4901 2863 4952 micat:
2896 4908 3084 4953 aiterna
3109 4900 3268 4954 salus.

2295 4980 2320 5006 υ
2344 4970 2470 5023 Mss.
2505 4984 2712 5040 omnes,
2745 4970 2918 5023 beatus
2947 4971 3167 5040 ejicitur.

2292 5052 2315 5080 ν
2339 5041 2467 5114 Mss.
2500 5039 2626 5114 duo.
2648 5044 2763 5112 jam
2792 5052 2931 5114 ante.
2967 5038 3101 5114 Mss.
3134 5040 3224 5096 alii
3251 5038 3381 5111 duo,
3410 5043 3638 5113 quoiam
3662 5048 3802 5095 sunt.

2289 5120 2316 5148 ι
2339 5111 2467 5167 Mss.
2497 5111 2754 5181 quintiue,
2782 5112 2885 5165 Sed
2912 5112 3025 5166 hoc.

2289 5192 2315 5230 γ
2339 5181 2437 5236 Ms.
2470 5181 2599 5251 Reg.
2637 5197 2789 5245 unus,
2820 5183 3141 5238 discernendi
3168 5186 3306 5239 sunt.
3491 5238 3499 5246 ,

2292 5262 2311 5288 π
2338 5252 2513 5325 Editio
2543 5253 2674 5325 Lug.
2697 5254 2808 5308 sola
2829 5271 2946 5313 ,ηερ
2966 5254 3301 5309 remuneratis
3330 5253 3600 5325 pra-riunt
3627 5252 3798 5322 hiat,

2216 5339 2307 5378 nec
2332 5324 2590 5377 damnatis
2627 5324 2955 5394 supplicium.

2289 5404 2347 5469 ff
2370 5396 2466 5469 Ms.
2496 5396 2648 5469 golb.
2682 5410 2838 5462 unus,
2869 5412 2960 5449 nec
2985 5397 3083 5469 ipsi
3110 5406 3300 5452 aeterna
3324 5409 3472 5469 pastio
3496 5394 3761 5469 ﬁniantur.

2286 5464 2343 5503 δι’
2367 5466 2461 5519 Ms.
2486 5466 2637 5520 (λιιι).
2664 5483 2818 5532 unus,
2846 5476 2900 5519 ut
2923 5463 3019 5538 ipsi
3043 5468 3169 5538 (ms.
3187 5463 3391 5523 niteret
3419 5464 3541 5537 ipsi)
3556 5466 3611 5520 in
3634 5463 3801 5537 gloria

2218 5547 2403 5590 wlerna
2436 5550 2782 5605 permaneant,
2810 5539 3020 5594 cii-teris
3047 5539 3282 5595 omissis.

2292 5617 2345 5679 cf
2370 5606 2464 5679 Ms.
2492 5621 2648 5669 unus,
2679 5624 2783 5663 csse
2812 5614 3021 5679 factum.
3064 5649 3071 5656 -

2292 5674 2346 5713 (ω
2383 5678 2477 5731 Ms.
2514 5694 2673 5744 unus,
2703 5674 2939 5746 fideliter.

2296 5757 2349 5822 ff
2500 5748 2819 5822 Begauuus,
2843 5752 2894 5803 in
2914 5766 2975 5803 eo
2995 5752 3133 5822 quod
3160 5751 3281 5822 {acti
3308 5757 3447 5805 καί,

2300 5816 2349 5856 ίί
2380 5819 2478 5874 Ms.
2504 5816 2853 5887 Caiuberom,
2876 5816 3019 5891 typo.
