2062 3175
179 191 225 219 HI

702 190 745 217 DE
766 187 846 218 νιΤΑ
864 186 1151 218 CONTEMi‘LATWA
1169 188 1233 216 Lill.
1256 188 1276 217 1.

1752 191 1806 220 ιιι

177 247 281 276 letbalis
306 247 437 276 hostiliter
458 248 618 277 extulissent
629 269 636 281 ,
660 248 694 276 de
709 255 824 284 superna
841 247 902 276 cali
922 254 963 275 re-
977 247 1004 277 Δ
1017 245 1079 273 ditia
1093 267 1100 279 ,
1127 250 1155 273 ut
1176 247 1291 274 habeant
1306 246 1376 275 unde
1389 246 1539 276 mundatori
1564 255 1612 276 suo
1628 249 1683 277 Deo
1706 249 1805 285 gratias

176 296 253 331 gione
268 295 377 331 projecti
394 300 456 323 sunt
470 295 546 331 (lsai.
563 303 618 329 xlv,
643 294 695 329 l5).
709 295 784 329 Quos
798 291 889 322 divina
903 301 965 322 sen-

176 343 256 369 tentia
273 346 285 360 ἰ
296 349 329 370 eo
343 342 475 377 supplicio
491 342 687 374 condemnavit,
703 346 733 368 ut
745 341 806 376 quia
821 341 965 368 noluerunt

175 395 368 423 perseterare,
392 395 451 416 cum
478 392 607 423 possent,
632 394 681 414 nec
704 386 718 406 1³
735 388 818 415 velint
832 385 962 421 reparari,

174 442 223 462 nec
249 434 359 468 possint.
375 432 512 469 Siquidem
537 434 763 469 prtcvaricationis
787 441 878 460 eorum
904 433 962 466 fuit,

174 481 243 515 quod
259 484 271 500 ο
293 480 472 509 irrevocabilis
484 479 574 515 iudicii
590 480 824 507 animadversione
843 479 963 514 percussi

174 532 251 561 Milll;
273 531 299 554 et
312 526 345 554 ad
360 526 557 554 damnationem
572 526 748 561 iustissimam
767 525 887 560 profecto
904 532 963 559 per-

173 575 268 607 tinuit,
294 574 362 608 quod
376 575 538 602 voluntatem
554 573 681 601 redeundi
697 580 729 600 ac
749 572 902 600 facultatem
918 579 964 605 pe-

173 621 243 647 nilus
258 620 419 653 amiserunt;
439 621 506 648 sicut
521 620 673 647 econtrario
694 619 838 646 voluntatis
853 622 962 645 sancto-

172 672 230 692 rum
244 665 397 700 augelorum
411 666 458 692 fuit
469 685 476 698 ,
491 665 560 700 quod
582 665 660 692 malis
681 669 777 699 sponte
792 663 961 696 cadentibus,

173 711 223 746 ipsi
246 711 272 738 in
295 712 342 738 sua
357 712 486 746 dignitate
507 715 675 744 manserunt,
696 716 722 738 et
735 711 826 739 divino
836 710 962 745 justeque

172 756 269 791 iudicio
281 762 368 785 actum
380 762 431 789 est,
443 756 489 785 util
499 765 557 793 quae
569 756 617 784 fuit
632 765 693 784 cum
706 757 762 785 Deo
772 765 822 784 suo
836 756 960 784 manendi

171 802 295 832 voluntas
308 826 314 837 ,
333 805 408 832 ileret
431 804 606 840 permanendi
621 804 771 831 voluntaria
785 803 901 838 felixque
916 810 962 830 ne-

172 850 292 877 cessitas.
310 844 342 876 Et
365 850 444 883 ideo,
467 850 529 884 quia
553 857 602 876 nec
625 853 803 884 peccaverunt
828 856 960 884 unquam,

172 903 221 923 nec
238 902 346 930 peccare
360 896 415 930 jam
429 899 558 929 possunt,
577 895 648 922 illius
671 895 886 930 contemplativae
900 895 961 922 vitae

1016 297 1105 328 agant,
1123 300 1175 320 non
1191 292 1261 321 unde
1275 293 1369 321 oil'ensi
1383 295 1514 330 aliquibus
1535 299 1705 331 peccatorum
1720 296 1805 325 sordi-

1017 338 1066 366 bus
1081 338 1256 372 erubescant;
1276 340 1337 374 quia
1354 340 1388 368 ibi
1405 348 1453 368 nec
1469 342 1520 369 ulla
1536 347 1657 377 peccata,
1675 350 1724 369 nec
1741 350 1805 378 pec-

1016 389 1120 411 catores
1134 390 1212 411 erunt
1224 405 1232 418 ,
1256 391 1282 413 et
1304 386 1349 420 qui
1372 381 1408 413 ibi
1422 386 1542 420 fuerint,
1557 388 1611 423 jam
1627 395 1739 423 peccare
1751 397 1803 417 non

1017 433 1150 464 poterunt.
1176 429 1230 458 Nec
1255 430 1347 458 latebit
1368 431 1423 466 iam
1449 432 1565 467 perfecte
1589 433 1681 461 beatos
1698 434 1804 469 aliquid

1016 479 1181 502 secretorum
1197 496 1204 508 ,
1218 476 1274 510 qui,
1289 477 1359 512 quod
1369 482 1417 508 est
1428 477 1507 513 longe
1521 480 1701 514 praestantius,
1718 481 1803 515 ipsum

1015 521 1099 547 visuri
1120 525 1184 548 sunt
1206 522 1312 550 mundis
1326 523 1451 551 cordibus
1474 524 1803 563 Deumzqttandoquiilem

1015 564 1130 593 humana
1145 572 1266 595 creatura
1289 568 1325 595 ita
1343 570 1459 603 perlecta
1481 570 1551 603 erit,
1566 575 1596 598 ut
1611 572 1636 599 in
1651 573 1746 601 melius
1758 578 1804 602 aut

1017 611 1024 636 i
1039 611 1157 639 deterius
1172 614 1239 640 ultra
1254 615 1349 641 mutari
1365 622 1416 642 non
1429 616 1521 650 possit.

1037 657 1076 686 .2.
1097 658 1179 693 Cujus
1203 659 1326 688 humanae
1348 661 1506 690 substantias
1529 663 1561 691 ad
1584 664 1737 694 Conditoris
1761 667 1803 695 sui

1014 704 1215 732 similitudinem
1228 707 1386 740 sublimatus,
1395 709 1483 736 omnia
1495 709 1563 737 bona
1575 718 1633 745 qua:
1647 712 1804 741 naturaliter

1014 756 1124 784 accepta
1139 750 1153 769 ι
1174 758 1283 786 peccato
1298 759 1474 788 corruperat,
1496 757 1692 790 reparabuntur
1706 759 1732 786 in
1748 767 1804 788 me-

1014 795 1082 828 lius;
1104 796 1129 822 id
1144 802 1184 823 est
1206 797 1355 825 intellectus
1378 800 1435 826 sine
1459 807 1572 834 errore,
1596 804 1723 832 memoria
1745 805 1804 834 sine
1852 833 1854 835 ,

1013 837 1170 874 oblivione,
1202 844 1328 877 cogitatio
1350 844 1407 872 sine
1435 844 1443 864 ι
1472 848 1676 882 pervagatione,
1706 851 1803 879 caritas

1014 886 1072 913 sine
1087 887 1264 920 siumlatione,
1281 897 1376 916 sensus
1387 892 1444 918 sine
1459 892 1616 926 offensione,
1635 896 1802 926 incolumitas

172 941 255 968 semel
273 941 333 968 iacti
348 941 502 976 participes,
517 944 529 958 ο
543 940 738 975 inexplebiliter
751 947 886 968 auctorem
903 941 950 968 bea
978 935 1003 965 Β
1016 935 1073 961 sine
1087 934 1222 963 debilium
1234 955 1241 968 φ
1259 936 1330 964 Sal"!
1343 938 1401 966 sine
1423 938 1517 967 doinrc
1530 962 1535 970 .
1552 942 1602 968 \ita
1617 943 1675 970 sine
1696 949 1780 972 morte
1794 965 1801 977 ,

174 986 295 1014 titudinis
316 993 370 1014 suze
388 986 553 1021 conspiciunt
563 1007 571 1018 ,
585 991 612 1014 et
627 986 723 1014 merito
737 993 793 1014 sua
814 986 964 1014 stabilitatis

172 1031 198 1058 in
213 1037 342 1059 aeternum
356 1031 447 1059 felices
457 1031 553 1063 elfecti,
565 1031 598 1058 de
612 1038 660 1059 sua
672 1031 859 1066 permansione
875 1032 963 1059 securi

171 1080 244 1103 sunt.
260 1076 309 1110 Qui
332 1083 466 1103 summurn
479 1077 647 1111 solidumque
668 1076 794 1111 gaudium
805 1096 812 1108 ,
825 1084 879 1111 quo
893 1077 963 1103 iusa-

170 1122 299 1149 tiabiltter
312 1122 493 1155 perfruuntur,
507 1122 541 1149 de
555 1122 644 1149 divina
663 1123 890 1157 contemplatione
902 1129 963 1157 per-

170 1167 282 1202 cipiunt,
296 1174 326 1194 ac
340 1166 396 1194 Deo
419 1174 468 1194 suo
482 1167 683 1202 infatigabiliter
697 1173 724 1196 et
740 1173 861 1195 amanter
876 1168 961 1195 inser-

172 1214 260 1245 viunt;
281 1213 316 1240 ita
342 1213 464 1248 perfecte,
474 1213 543 1240 beati
557 1233 565 1247 ,
589 1218 618 1240 ut
640 1221 690 1241 nee
704 1213 813 1249 cupiant
827 1213 962 1242 beatiores

171 1260 228 1288 iieri
242 1260 321 1293 ultra,
337 1267 386 1288 nec
399 1261 513 1287 valeant.

478 1317 591 1345 CAPUT
611 1317 655 1346 IV.

252 1402 255 1404 _
294 1374 333 1403 De
347 1376 528 1404 resurrectione
538 1396 545 1410 ,
559 1375 598 1403 uel
612 1376 664 1403 uita
676 1380 834 1404 sanctarum.

207 1445 233 1472 Ι.
256 1443 318 1471 Haec
333 1448 374 1471 est
388 1442 397 1462 ¹
410 1443 616 1478 contemplativa
637 1443 692 1470 vita
704 1462 713 1476 ,
737 1442 791 1470 vita
806 1442 882 1470 beata
894 1461 903 1476 ,
927 1442 962 1470 ad

171 1498 250 1527 quam
266 1492 310 1526 qui
334 1490 466 1518 bonorum
481 1498 591 1525 operum
612 1490 843 1518 consummatione
865 1497 962 1524 perve-

171 1538 260 1565 nerint
272 1558 280 1571 ,
295 1537 378 1565 beatis
392 1536 494 1571 angelis
508 1537 610 1564 similes
625 1541 704 1564 eruat
715 1555 723 1569 ,
738 1541 766 1564 et
778 1536 857 1563 simul
873 1541 886 1560 ις
900 1543 961 1564 cum

172 1584 228 1611 Deo
242 1584 299 1611 sine
315 1584 366 1610 line
379 1583 537 1618 regnabuut.
554 1583 630 1616 Quod
646 1583 690 1610 ltic
704 1581 717 1600 ¹²
729 1582 912 1614 crediderunt,
924 1582 960 1610 ibi

1016 982 1129 1010 facilitas
1142 983 1199 1010 sine
1214 983 1403 1018 impedimento
1414 1005 1423 1018 ,
1446 988 1571 1014 saturitas
1594 989 1652 1016 sine
1676 984 1781 1019 fastidio
1793 1012 1800 1023 .

1015 1032 1043 1053 ct
1065 1031 1118 1054 tota
1140 1029 1238 1056 sanitas
1253 1030 1311 1056 sine
1326 1030 1419 1057 morbo
1441 1040 1447 1058 :
1469 1034 1593 1066 quoniam
1608 1035 1713 1069 quidem
1726 1038 1801 1072 quid-

1014 1073 1076 1106 quid
1093 1072 1136 1100 bic
1149 1075 1306 1108 corporibus
1322 1079 1340 1093 ππ
1353 1077 1476 1104 immanis
1488 1078 1610 1106 vitiandis
1625 1086 1670 1107 aut
1687 1082 1801 1111 ferarum

1014 1126 1118 1147 morsus
1131 1124 1144 1138 ιι
1155 1121 1302 1148 ademerint
1314 1129 1320 1154 ;
1336 1124 1381 1149 aut
1395 1122 1530 1157 improvisi
1543 1131 1619 1153 casus
1632 1127 1800 1164 abstulerint,

1013 1170 1058 1193 aut
1073 1167 1202 1193 malarum
1219 1167 1401 1196 veletudinum
1423 1177 1519 1204 genera
1541 1171 1644 1200 diversa
1671 1177 1683 1192 °
1697 1174 1800 1208 ‘decer-

1015 1212 1116 1246 pserint
1128 1233 1136 1245 ,
1152 1216 1197 1240 aut
1211 1212 1326 1240 humana
1349 1213 1491 1242 crudelitas
1511 1219 1705 1250 amputaverit,
1721 1225 1765 1247 aut
1779 1222 1800 1249 si

1014 1257 1094 1292 ignis,
1109 1257 1149 1285 vel
1162 1258 1288 1292 qutelibet
1300 1259 1351 1285 alia
1373 1267 1416 1287 res
1430 1261 1528 1296 aliquid
1544 1262 1688 1291 debilitatis
1702 1265 1799 1294 intule-

1014 1303 1060 1335 rit,
1074 1307 1120 1329 aut
1134 1302 1191 1338 ipsa
1205 1309 1330 1331 senectus
1343 1304 1423 1331 etiam
1438 1307 1509 1332 sanis
1525 1314 1637 1335 onerosa
1653 1311 1799 1345 negaverit,

1015 1348 1072 1376 haec
1092 1353 1171 1384 atque
1185 1349 1226 1376 bis
1240 1350 1336 1377 similia
1351 1357 1492 1385 c0rporum
1516 1352 1611 1380 damna
1632 1361 1684 1382 una
1707 1356 1742 1383 ibi
1759 1360 1799 1385 re-

1013 1395 1145 1422 surrectio
1160 1395 1305 1430 reparabit,
1316 1400 1395 1431 atque
1410 1404 1439 1424 ca
1453 1404 1562 1433 corpora
1577 1401 1703 1428 mv-mbris
1715 1405 1800 1430 omni~

1014 1439 1063 1468 bus
1078 1440 1234 1474 instaurata,
1250 1441 1459 1477 incorruptibilis
1473 1444 1572 1472 sanitas
1587 1445 1727 1475 obtinebit.

1049 1488 1075 1515 5.
1097 1487 1241 1522 Propterea
1256 1489 1406 1524 quicunque
1421 1490 1456 1517 ibi
1478 1494 1575 1525 erunt,
1591 1493 1640 1520 etsi
1656 1493 1799 1523 didercntb

1015 1533 1063 1561 bus
1082 1534 1184 1561 meritis
1198 1534 1231 1561 ab
1245 1534 1358 1562 invicem
1373 1535 1507 1563 distabunt
1517 1556 1524 1568 ,
1539 1544 1632 1565 omnes
1645 1542 1734 1567 tamen
1750 1547 1799 1569 una

1013 1581 1177 1614 perfectione
1200 1580 1268 1608 beati
1292 1586 1370 1608 erunt
1392 1590 1399 1607 :
1421 1582 1481 1615 quia
1500 1582 1610 1617 singulis
1627 1586 1735 1618 prtemla
1751 1594 1798 1614 sua

172 1630 312 1661 videbunt;
327 1628 369 1655 sui
381 1628 517 1656 Creatoris
527 1628 703 1655 substantiam
717 1628 824 1655 mundis
836 1627 962 1656 cordibus
973 1622 998 1655 c
1013 1626 1172 1653 sufficientia
1194 1631 1272 1653 erunt
1285 1647 1292 1658 ,
1307 1631 1335 1654 et
1356 1633 1452 1661 capere
1475 1628 1589 1662 amplius
1615 1632 1730 1663 prtemiis
1745 1633 1800 1659 suis

171 1676 394 1710 contemplantes,
408 1679 508 1702 aeterna
522 1674 701 1702 exsultatione
713 1674 880 1710 gaudebunt;
905 1674 967 1702 idi-

171 1713 231 1750 vina
255 1729 286 1749 ac
299 1726 387 1749 mutua
406 1720 549 1749 dilectione
563 1721 680 1756 possessi
693 1742 701 1755 ,
715 1720 772 1749 Deo
784 1727 833 1749 suo
847 1722 873 1748 in
886 1726 963 1749 aeter-

171 1776 235 1796 num
250 1772 277 1796 et
292 1766 408 1794 invicem
422 1767 473 1794 sibi
497 1766 611 1795 feliciter
633 1766 827 1799 adherebuut;
847 1767 963 1802 receptis

170 1821 232 1841 eum
254 1813 455 1848 incorruptione
468 1817 550 1847 atque
564 1812 765 1841 immortalitate
783 1813 942 1848 corporibus
953 1834 960 1846 ,

170 1861 364 1895 municipatum
386 1860 478 1894 patria
499 1859 617 1887 caelestis
636 1860 783 1895 accipient;
803 1864 884 1895 atque
905 1860 963 1895 ejus

170 1908 198 1935 in
212 1913 343 1935 aeternum
357 1906 430 1934 cives
441 1906 529 1934 eﬂ‘ecti
543 1925 551 1939 ,
566 1907 696 1941 promissa
712 1906 820 1941 pramia
844 1912 963 1941 reporta-

171 1956 249 1983 bant.
262 1954 300 1982 lbi
312 1954 352 1982 eis
364 1953 522 1982 exoberabit
532 1958 604 1981 tanta
616 1953 718 1989 laetitia,
726 1958 798 1981 tanta
810 1954 962 1982 caelestium

170 2002 255 2038 gratia
270 2001 438 2037 gaudiorum,
454 2005 483 2029 ut
502 2005 529 2029 et
543 2003 738 2030 remuneratori
752 2010 802 2029 suo
817 2009 864 2037 pro
883 2003 963 2030 tantis

171 2047 327 2075 muneribus
339 2047 439 2082 gratias
453 2052 542 2082 agant,
556 2051 583 2073 et
598 2047 700 2074 nullum
713 2047 847 2074 fastidium
861 2056 894 2075 ex
906 2048 961 2082 ipsa

170 2092 338 2120 alllueutium
359 2093 490 2120 bonorum
513 2093 686 2126 perceptione
699 2094 859 2120 sustineant.
874 2093 911 2120 lbi
926 2094 962 2120 ita

170 2139 302 2174 patebunt
314 2139 480 2174 singulorum
501 2139 613 2173 singulis
627 2143 741 2171 mentes,
757 2139 825 2166 sicut
837 2146 963 2173 corpora-

171 2186 243 2215 libus
258 2186 344 2214 oeulis
358 2187 499 2221 subjacent
512 2187 595 2214 facies
610 2187 764 2221 corporales
777 2196 784 2215 :
797 2188 858 2222 quia
872 2188 962 2215 huma-

170 2239 267 2261 norum
282 2237 421 2268 pectorum
440 2237 512 2261 tanta
527 2233 562 2260 ibi
577 2233 630 2260 erit
643 2237 670 2261 et
683 2238 736 2261 tam
749 2233 866 2269 perfecta
886 2243 964 2263 mun-

1013 1671 1068 1706 jam
1096 1671 1206 1706 perlecti
1228 1678 1281 1699 non
1307 1676 1443 1706 poterunt.
1464 1672 1539 1700 Sicut
1561 1674 1631 1701 enirn
1655 1676 1801 1710 corporalis

1015 1719 1142 1745 saturitas
1165 1725 1260 1745 omnes
1284 1721 1388 1744 saturos
1409 1718 1547 1753 mqualiter
1570 1719 1665 1755 habet,
1682 1723 1801 1756 quamvis

1015 1763 1110 1798 singuli
1125 1763 1213 1790 cibum
1236 1769 1290 1790 non
1310 1762 1458 1797 aequaliter,
1483 1763 1530 1790 sed
1555 1771 1603 1799 pio
1626 1766 1802 1800 possibilitate

1015 1810 1184 1845 perceperint
1204 1830 1211 1837 .
1232 1810 1269 1836 ita
1282 1815 1376 1836 otnnes
1397 1810 1481 1836 sanati
1494 1830 1502 1842 ,
1518 1810 1570 1837 etsi
1593 1810 1690 1839 fuerint
1710 1812 1800 1848 aliqua

981 1862 985 1863 ν
1013 1856 1143 1891 graduum
1163 1863 1272 1883 suorum
1294 1856 1450 1884 diversitate
1469 1856 1604 1889 distincti,
1624 1864 1676 1885 una
1691 1862 1704 1883 Ρ
1720 1859 1802 1887 beati-

1014 1904 1106 1931 tudine
1125 1903 1235 1938 perfecti
1252 1907 1345 1936 eruut.
1365 1903 1426 1938 quia
1440 1907 1467 1931 et
1482 1911 1534 1931 una
1549 1904 1715 1939 perfectione
1731 1906 1801 1934 beati

1014 1956 1028 1977 tt
1050 1951 1130 1978 futuri
1155 1954 1226 1977 sunt.
1249 1949 1382 1978 Cretes-um
1406 1950 1433 1979 in
1459 1950 1503 1979 illa
1527 1955 1608 1979 tanta
1630 1952 1802 1981 beatitudinis

1016 1996 1124 2031 regione
1137 2000 1147 2014 τ
1167 2003 1217 2023 nec
1230 1996 1340 2031 majoris
1355 1996 1441 2024 meriti
1454 1996 1506 2024 sibi
1519 1996 1618 2031 aliquid
1631 1998 1745 2032 quisque
1759 2006 1801 2026 ar-

1015 2041 1119 2076 rogabit
1130 2061 1137 2073 ,
1153 2042 1212 2075 quia
1228 2041 1379 2075 arrogantia
1399 2041 1436 2068 ibi
1450 2041 1521 2068 nulla
1536 2043 1602 2073 erit;
1625 2046 1636 2060 ι
1657 2050 1708 2070 nec
1721 2050 1802 2078 supe-

1015 2089 1077 2116 riori
1096 2087 1206 2115 inferior
1221 2087 1366 2119 invidebit,
1383 2087 1392 2105 ⁶
1412 2087 1473 2121 quia
1495 2086 1530 2113 ibi
1553 2087 1654 2114 invidia
1675 2094 1735 2115 esse
1748 2096 1801 2117 non

1015 2133 1121 2169 poterit.
1147 2133 1179 2160 Et
1199 2132 1276 2165 ideo,
1292 2132 1343 2160 etsi
1357 2132 1407 2159 erit
1423 2132 1457 2158 ibi
1475 2131 1603 2159 distantia
1618 2133 1801 2167 mansionum,

1014 2187 1118 2209 summa
1135 2183 1223 2206 tamen
1243 2178 1271 2206 in
1287 2178 1338 2205 illis
1353 2178 1404 2205 erit
1417 2178 1497 2206 auius
1513 2178 1681 2212 perfectionis
1694 2181 1801 2215 equali-

1015 2236 1066 2263 ω,
1078 2227 1174 2264 quibus
1189 2226 1239 2254 erit
1252 2225 1327 2261 regni
1340 2225 1458 2253 ecclestis
1471 2232 1522 2252 una
1538 2225 1660 2254 felicitas.

209 2306 222 2321 ι
234 2301 296 2339 Mss.
313 2306 368 2339 tres
380 2322 389 2336 ,
409 2309 440 2329 eo
459 2302 506 2330 sub
524 2302 638 2337 judicio.
660 2301 709 2329 Ms.
726 2303 804 2335 alter,
820 2311 849 2330 eo
860 2303 962 2339 judicio
976 2304 1003 2335 Ι)
1014 2299 1304 2339 electioneuacumtttuo
1316 2293 1712 2339 delectatiodffgfwsfiiAlter
1729 2303 1801 2329 vero.

172 2338 359 2365 condemnavit.

209 2372 222 2392 ι
234 2373 270 2400 Ita
283 2379 348 2400 mss.
363 2379 468 2401 amnes.
488 2372 559 2400 Editi
575 2380 649 2405 vero,
663 2380 710 2400 nec
720 2372 814 2400 vellent
834 2374 961 2407 reparari,

171 2416 220 2436 nec
233 2412 345 2441 possent.

210 2443 279 2471 cSic
302 2451 366 2470 mss.
383 2443 509 2479 quinque.
534 2443 582 2471 bis.
598 2444 673 2476 alter.
698 2444 866 2470 incredibilis.
892 2444 963 2472 Editi

210 2451 279 2471 “me
302 2451 366 2470 mss.
383 2451 509 2505 qumque.
534 2451 582 2471 ars.
598 2451 673 2476 atter,
698 2451 866 2470 mcreaunm.
892 2451 963 2472 nutu

170 2486 251 2511 vero,
272 2479 384 2507 irrevoeo
401 2478 477 2505 iliter.
496 2478 543 2505 ills.
560 2480 651 2506 Camb.
664 2500 670 2510 ,
687 2479 905 2513 prmuaricatioitis
920 2487 963 2506 eo-

168 2522 229 2541 rum
240 2516 307 2549 quod
320 2515 378 2549 fuit,
393 2515 564 2541 irrevocabilis
576 2515 679 2547 judieti.

206 2549 220 2568 ‘l
232 2550 281 2577 Ms.
294 2548 372 2577 Colb.
386 2556 465 2582 unus,
478 2554 502 2575 ut
518 2550 605 2584 quibus
620 2550 677 2583 fuit.

208 2590 220 2620 9
232 2585 296 2612 Mss.
313 2585 366 2612 duo
380 2584 467 2616 Colb.,
481 2585 700 2620 inexplicabililer.

208 2619 218 2639 ί
231 2619 276 2648 Sic
298 2627 348 2649 ms.
373 2627 443 2648 unus
455 2620 528 2647 Colb.
545 2620 641 2647 (Σκιρινί
656 2627 715 2646 cum
732 2619 821 2655 editis,
840 2619 904 2648 Hec
923 2624 960 2648 est

166 2656 363 2690 contemplativa
375 2655 425 2683 vita
438 2655 520 2682 beata.
594 2689 599 2690 γ
754 2663 769 2677 ε

205 2694 218 2715 ι
229 2689 278 2719 bis;
296 2690 362 2726 Reg.
375 2697 445 2718 unus
463 2695 490 2718 et
505 2689 573 2718 Edd.
592 2689 658 2726 Lug.
671 2695 697 2718 et
714 2690 810 2725 Duae,
829 2698 887 2717 cum
907 2690 959 2718 Deo

166 2734 228 2754 suo.
821 2731 824 2735 ’

203 2760 218 2781 ³⁸
230 2762 276 2790 Sic
288 2761 352 2789 mss.
368 2768 428 2790 sex.
442 2760 523 2795 Edili,
535 2762 704 2790 aediderunt.
717 2762 768 2789 Ms.
781 2768 861 2796 unus,
876 2761 959 2788 credi-

166 2799 261 2826 derint.

205 2833 215 2854 ί
229 2833 266 2861 ita
288 2831 369 2859 Editl.
384 2832 466 2860 Duae.
479 2838 505 2861 et
519 2833 614 2860 Colon.
631 2839 696 2859 mss.
712 2837 777 2866 tres,
797 2831 882 2858 divina
896 2831 960 2858 dile-

165 2870 250 2897 ctione
264 2876 294 2895 ac
308 2873 396 2894 mutua
409 2867 552 2896 dilectione.
575 2868 645 2895 Edit.
663 2875 727 2895 vero
748 2867 813 2902 Lug.
830 2875 889 2894 cum
906 2875 958 2893 ms.

165 2912 231 2937 InoI
240 2904 332 2930 dicitur
342 2903 483 2930 dilectionis
494 2911 523 2930 ne
536 2908 622 2930 ntuttta
634 2904 808 2930 delectatione.
821 2902 868 2929 iis.
881 2903 958 2935 alter,

165 2942 255 2967 diuina
273 2938 438 2965 delectatione
452 2947 482 2964 ac
501 2946 589 2966 mutuo
604 2939 748 2965 dilectione.
770 2938 854 2968 Alitis,
873 2937 960 2962 ditnmt

1016 2335 1107 2362 dirinw
1123 2332 1263 2360 dilectionis
1277 2338 1307 2357 oc
1321 2335 1413 2357 mutate
1429 2330 1540 2356 caritatis
1556 2331 1720 2363 possessione.

1054 2371 1061 2396 i
1079 2370 1141 2397 Mss.
1154 2367 1260 2400 Camb.,
1277 2371 1321 2393 aut
1342 2366 1368 2393 in
1391 2366 1509 2392 demitte.
1531 2365 1582 2392 Alii
1595 2373 1655 2393 cum
1668 2366 1742 2401 eos,
1758 2371 1801 2394 aut

1016 2406 1136 2434 deterius.

1053 2441 1066 2466 ιι
1078 2441 1126 2468 Ms.
1145 2445 1223 2469 unus.
1237 2437 1373 2472 peccando.

1055 2475 1062 2494 ¹
1078 2476 1127 2504 Ms.
1145 2482 1223 2506 unus,
1240 2472 1455 2505 prteuaricatione.

1055 2516 1075 2530 ιιι
1087 2511 1136 2538 Ms.
1153 2515 1231 2540 unus,
1243 2507 1360 2534 humanis
1374 2507 1414 2534 hie
1427 2507 1575 2542 corporibus
1588 2507 1692 2536 vitiatis.

1050 2554 1065 2568 ιι
1077 2547 1124 2574 Ms.
1139 2544 1233 2572 Camb.
1249 2549 1275 2571 et
1290 2543 1333 2570 ed.
1350 2543 1446 2577 Lugd,
1461 2543 1592 2570 ademerit.

1052 2588 1064 2603 ο
1076 2582 1120 2610 Sic
1133 2587 1197 2607 tnss.
1215 2584 1278 2606 tres.
1293 2578 1342 2605 Alii
1357 2586 1415 2605 cum
1431 2578 1504 2610 sud.,
1520 2578 1697 2613 discerpserirtt
1710 2578 1799 2612 :quod

1013 2619 1165 2649 membrum
1183 2614 1259 2642 abest
1272 2614 1306 2641 ab
1318 2614 1434 2653 editione
1449 2613 1532 2653 Lugd.

1049 2647 1066 2681 in
1078 2655 1128 2682 Ms.
1144 2657 1214 2678 unus
1226 2670 1234 2684 ,
1257 2657 1310 2676 una
1325 2647 1408 2676 titmen
1423 2648 1586 2676 beatitudine.
1603 2648 1651 2676 Ms.
1666 2647 1745 2680 alter,
1760 2650 1801 2683 qui

1010 2696 1035 2719 ιι
1044 2700 1107 2718 una.

1047 2727 1122 2754 sMs.
1136 2721 1291 2757 unns,f¢cti
1309 2725 1379 2759 sunt.
1459 2755 1486 2759 η
1572 2754 1587 2759 ﬂ
1624 2753 1649 2759 η
1759 2753 1779 2759 __

1050 2766 1060 2780 ι’
1076 2762 1123 2789 Μς.
1137 2753 1242 2791 Οεηιὺί,
1253 2764 1297 2783 nec
1308 2756 1390 2790 major
1404 2755 1486 2781 meriti
1495 2754 1542 2781 sibi
1552 2753 1649 2788 aliquid
1663 2753 1801 2790 inrogabit.

1012 2797 1061 2824 Ms.
1077 2797 1156 2827 alter.l
1171 2792 1335 2828 αποραθιιηιι
1406 2826 1413 2829 _
1448 2825 1464 2829 _,
1510 2825 1516 2829 .
1539 2824 1550 2829 -
1577 2823 1584 2829 .
1649 2824 1654 2829 .

1048 2836 1059 2849 ³
1067 2831 1089 2860 Μ
1095 2852 1101 2859 .
1110 2824 1185 2857 Colb.
1194 2824 1272 2861 unus,
1279 2835 1322 2854 nec
1329 2825 1501 2861 superioribus
1507 2824 1641 2861 inferiores
1646 2824 1801 2861 inridebunt.

1051 2867 1060 2885 t
1075 2867 1119 2895 Sic
1143 2872 1208 2892 mss.
1233 2859 1358 2897 quinque.
1385 2859 1517 2897 Mssaali
1540 2859 1604 2897 duo,
1628 2859 1728 2886 invidus
1750 2868 1802 2888 esse

1013 2911 1063 2929 ηοη
1078 2903 1180 2937 poterit.
1195 2894 1274 2929 Edii.,
1291 2894 1349 2929 quin
1364 2896 1398 2922 ibi
1413 2894 1512 2921 invidus
1526 2894 1613 2922 nullus
1628 2902 1683 2922 esse
1697 2896 1798 2930 poterit.
