4124 6350
572 360 680 420 ιιδ

1203 464 1428 524 CAPUT
1466 464 1533 521 ν.

580 567 731 636 Quod
757 572 1115 637 contemptores
1135 558 1457 637 praesentium
1479 557 1632 637 etiam
1654 557 1736 613 hic
1756 556 2156 629 contemplativa!

1034 630 1146 687 sua
1180 630 1433 685 beatitudo
1461 630 1692 683 delectet.

653 731 701 787 l.
742 730 838 785 Cui
889 726 1126 783 felicitati
1178 721 1550 795 promerendae
1600 720 1694 778 ille
1744 720 2024 792 suspirat,
2054 686 2159 791 qui

579 821 927 892 pra-sentibus
953 818 1202 873 omnibus
1244 816 1541 871 futurorum
1580 813 2034 883 contemplatione
2073 826 2161 869 re-

577 914 785 969 nuntiat
818 952 835 979 ,
883 922 1045 982 atque
1092 928 1120 963 a
1170 909 1477 964 domesticis
1526 906 1999 985 occupationibus,
2041 920 2160 976 quae.

578 1018 958 1073 nonnunquam
1005 1000 1243 1073 perfecte
1289 994 1470 1055 vivere
1498 998 1829 1067 cupientium
1880 1011 2161 1068 processus

570 1099 899 1169 impediunt,
931 1098 985 1151 in
1012 1096 1158 1151 illam
1197 1095 1391 1150 divinat
1418 1093 1805 1149 sublimitatem
1834 1090 2162 1161 contempla-

577 1192 740 1247 tionis
780 1198 1026 1255 evectus,
1059 1189 1207 1257 ipsos
1242 1188 1399 1242 etiam
1432 1202 1542 1241 sine
1587 1185 1763 1241 carnis
1803 1182 2026 1239 affectus
2062 1197 2165 1237 cx-

578 1298 833 1357 snpeuat;
877 1295 903 1323 ι
957 1292 1012 1339 et
1057 1282 1191 1338 infra
1246 1297 1304 1337 se
1352 1280 1600 1336 universa
1652 1278 1995 1349 despiciens,
2044 1292 2163 1348 qua:

580 1382 895 1453 plerumque
934 1379 1137 1432 animas
1161 1376 1241 1430 'de
1281 1374 1564 1445 praeteritae
1599 1373 2047 1426 vitazsanctitate
2077 1383 2163 1423 se-

580 1487 736 1529 curas
769 1472 822 1527 iu
854 1482 1063 1526 terrena
1094 1468 1381 1539 dejiciunt,
1416 1464 1441 1504 δ
1479 1466 1608 1535 ipsis
1647 1465 1812 1519 etiam
1852 1460 2163 1519 caelestibus

490 1624 491 1627 η
580 1566 994 1636 appropinquat,
1032 1573 1055 1603 ο
1081 1571 1228 1635 tanto
1253 1560 1448 1615 divinis
1478 1559 1702 1613 vicinior
1743 1557 1932 1619 factus,
1964 1564 2164 1626 quanto

581 1673 742 1727 supra
783 1657 1015 1711 humana
1057 1654 1236 1710 omnia
1273 1653 1452 1707 studio
1497 1650 1841 1721 perfectionis
1885 1644 2161 1712 ascendit;

580 1762 762 1807 certus
802 1748 946 1819 quod
984 1750 1027 1802 si
1074 1745 1548 1815 contemplativam
1600 1742 1761 1797 vitam
1808 1741 1896 1796 hic
1948 1740 2164 1795 incertis

581 1840 897 1905 honoribus,
927 1838 1127 1895 divitiis
1152 1836 1348 1902 anxiis,
1391 1845 1448 1891 et
1474 1836 1691 1892 caducis
1711 1832 2164 1889 delectationibus

579 1931 736 2003 plena
768 1931 1044 1987 voluntate
1083 1930 1410 2000 praetulerit;
1452 1941 1609 1982 verOs
1640 1926 1873 1981 honores
1895 1963 1912 1991 ,
1944 1937 2161 1978 securas

578 2022 813 2090 divitias,
851 2033 907 2079 et
934 2022 1322 2078 delectationes
1353 2028 1583 2074 arternas
1609 2014 1635 2053 ά
1660 2016 1915 2081 inveniat,
1948 2029 2069 2069 cum
2096 2011 2163 2067 ad

586 2112 973 2187 perfectzonem
1022 2110 1451 2180 contemplativa:
1481 2108 1734 2173 virtutis,
1780 2107 1833 2161 in
1880 2105 1967 2160 illa
2009 2104 2162 2159 beata

582 2209 722 2275 vita,
754 2207 843 2263 ubi
882 2210 1057 2261 futura
1087 2218 1209 2272 est,
1240 2203 1351 2258 Deo
1386 2211 1796 2266 remunerante,
1837 2196 2160 2268 pervenerit.

584 2299 654 2357 Et
689 2315 875 2355 revera
902 2298 1027 2369 quid
1058 2299 1160 2352 erit
1192 2295 1503 2351 honoratius
1528 2310 1615 2356 eo,
1647 2307 1804 2363 quem
1843 2290 2022 2345 divina
2056 2290 2167 2345 cle-

584 2394 782 2450 mentia
811 2392 1062 2463 angel.c.i-
1087 2390 1359 2460 dignitatis
1385 2388 1686 2457 aequalitate
1718 2384 1991 2441 beaverit?
2027 2382 2166 2451 Quid

583 2485 852 2556 ditius:eo
891 2498 1050 2555 quem
1092 2481 1244 2550 regni
1285 2481 1520 2535 trmlestis
1558 2478 1896 2534 ineffabiliter
1939 2475 2167 2532 affluens

583 2576 855 2634 beatitudo
881 2574 1167 2631 ditaverit?
1201 2576 1305 2632 Aut
1334 2573 1460 2643 quid
1492 2575 1651 2628 etiam
1685 2573 1769 2626 liic
1798 2570 2168 2625 delectabimus

584 2669 1036 2738 contemplatione
1079 2668 1295 2735 divina,
1344 2666 1604 2738 quat-sibi
1632 2665 1894 2721 veraciter
1942 2663 2167 2717 inltianti

584 2763 1047 2834 incorruptibilem
1108 2763 1428 2818 suavitatem
1478 2762 1669 2815 futura:
1723 2758 2170 2815 remunerationis

584 2854 854 2911 infundit?
884 2855 1146 2921 Quoniam
1194 2854 1411 2922 quidem
1470 2853 1881 2923 contemplativa
1928 2854 2035 2906 vita
2084 2850 2171 2905 hic

585 2962 800 3019 quoque
823 2958 1093 3003 amatores
1138 2961 1267 3003 suos
1296 2947 1594 3002 futurorum
1626 2946 1887 3001 bonorum
1918 2944 2170 3000 conside-

585 3028 794 3097 ratione
840 3041 1115 3109 delectat,
1158 3054 1222 3095 ac
1246 3039 1349 3099 sibi
1380 3048 1489 3095 tota
1524 3039 1717 3095 mentis
1754 3038 2054 3095 intentione
2080 3052 2170 3092 va-

586 3143 771 3189 cantes
796 3173 813 3202 ,
864 3142 1120 3204 quantum
1167 3132 1219 3187 in
1254 3131 1351 3186 hac
1382 3132 1487 3186 vita
1522 3131 1639 3187 fieri
1670 3139 1881 3201 potest,
1912 3130 2052 3187 dono
2080 3144 2169 3185 sa-

588 3226 804 3298 pientia:
851 3225 1146 3297 spiritualis
1200 3226 1508 3292 illuminat;
1569 3235 1624 3280 et
1669 3226 1736 3279 ad
1786 3226 1928 3281 illam
1976 3226 2168 3281 divina;
2196 3243 2244 3308 ς

589 3317 976 3389 plenitudinem
1025 3319 1286 3385 visionis,
1347 3320 1498 3390 cujus
1544 3335 1694 3390 spem
1742 3319 1932 3376 studiis
1980 3318 2170 3377 intenti

587 3409 897 3467 ctelestibus
938 3420 1169 3482 gerunt,
1218 3412 1485 3468 incentivo
1515 3414 1743 3483 quodam
1788 3412 1955 3483 ipsius
1982 3428 2172 3471 conse-

590 3502 819 3571 quendaa
862 3502 1206 3574 perfectionis
1255 3504 1580 3571 inflammat;
1634 3516 1694 3562 ut
1740 3508 1883 3578 quod
1929 3522 2071 3563 nunc
2117 3510 2169 3563 in

587 3596 870 3668 aanigmate
912 3607 1161 3667 cernunt,
1191 3614 1293 3656 nec
1318 3600 1557 3670 perfecte
1586 3599 1930 3669 discernunt,
1960 3611 2087 3659 tunc
2116 3604 2169 3659 in

588 3686 679 3746 illa
708 3689 1037 3747 revelatione
1058 3691 1409 3762 conspiciant.

1201 3802 1427 3861 CAPUT
1466 3804 1557 3861 Vl.

595 3892 750 3977 Quod
772 3895 1015 3977 perfectio
1043 3896 1444 3977 contemplativa:
1471 3897 1586 3951 uiue
1621 3913 1735 3977 qua:
1770 3898 1855 3952 hic
1884 3899 2057 3977 haberi
2080 3917 2173 3973 po-

731 3964 849 4032 test,
868 3964 1172 4036 ’perfectioni
1199 3964 1385 4037 futura:
1411 3964 1698 4037 comparari
1722 3986 1822 4024 non
1850 3974 2031 4042 possit.

622 4090 627 4095 ι
666 4062 719 4115 1.
757 4059 1094 4131 Quapropter
1123 4075 1226 4116 non
1270 4060 1347 4117 sic
1387 4062 1817 4133 contemplativa;
1847 4068 1969 4119 vita:
2007 4063 2173 4120 subli-

591 4155 832 4213 mitatem
864 4154 916 4210 in
946 4154 1144 4221 futuro,
1168 4154 1255 4209 ubi
1281 4153 1537 4224 perfectio
1563 4156 1882 4226 perficienda
1911 4166 2015 4222 est,
2044 4173 2175 4227 prte-

592 4250 766 4307 dicavi
790 4289 807 4318 ,
834 4257 892 4304 ut
920 4250 973 4304 in
1003 4249 1255 4320 praesenti
1296 4263 1413 4304 eam
1445 4264 1695 4320 negarem
1722 4265 1880 4321 posse
1908 4251 1977 4306 ab
2003 4254 2175 4307 omni-

593 4343 694 4400 bus
736 4342 921 4399 mundi
966 4344 1424 4413 contemptoribus
1463 4343 1789 4414 apprehendi
1815 4362 1828 4398 :
1852 4345 1897 4400 si
1926 4347 2085 4401 modo
2114 4362 2173 4402 se

595 4434 661 4489 ad
692 4448 810 4489 eam
839 4443 949 4489 tota
973 4433 1261 4489 devotione
1302 4446 1649 4501 convertant;
1691 4438 1734 4491 si
1764 4436 2029 4494 desiderio
2058 4439 2173 4509 ejus

598 4525 810 4581 accensi
836 4565 851 4592 ,
894 4528 1177 4595 praesentia
1205 4525 1566 4582 blandimenta
1596 4527 1899 4594 fastidiant,
1932 4539 1987 4586 et
2015 4530 2172 4602 longe

1912 345 2177 405 JULIANI
2213 344 2488 403 POMERII

2188 476 2243 536 Α
2270 461 2355 518 Ea:
2383 470 2529 535 parte
2557 461 2746 516 scimus
2774 470 2820 516 et
2850 476 2911 516 ea
2935 467 3079 532 parte
3105 457 3469 532 prophetamus
3504 453 3567 525 (1
3594 455 3716 512 Cor.
3742 472 3850 517 sub

3743 341 3851 401 ιει

2266 554 2362 626 9);
2409 554 2916 624 contemplationem
2964 552 3203 619 divinam
3234 565 3353 621 qua:
3384 549 3436 604 in
3468 548 3567 603 hac
3607 546 3715 602 \ita
3749 558 3850 617 est,

2262 647 2339 703 illi
2392 648 2582 703 futura;
2628 647 2873 703 conferre
2922 661 3020 701 nec
3068 659 3390 717 possumus,
3423 655 3523 697 nec
3561 640 3850 706 debemus;

2264 743 2478 812 quando
2502 742 2642 797 idem
2675 741 2948 811 apostolus
2974 739 3229 809 adjungat
3250 745 3303 791 et
3335 736 3509 792 tlicat:
3532 734 3659 789 Cum
3688 745 3853 788 autem

2264 836 2454 890 venerit
2478 837 2614 906 quod
2652 835 2930 905 perfectum
2962 842 3053 901 est,
3100 831 3123 871 ν(
3171 835 3223 887 in
3264 830 3354 885 illa
3386 831 3492 884 vita
3520 829 3850 900 signiﬁcans,

2264 936 2384 982 tunc
2411 928 2740 983 evacuabitur
2769 929 2907 997 quod
2948 942 3011 980 ea:
3051 936 3198 996 parte
3241 932 3314 978 est
3344 921 3408 993 (1
3419 922 3548 988 bid.,
3583 921 3686 991 10)
3712 938 3726 975 :
3751 928 3853 974 Bac

2265 1018 2343 1073 sic
2370 1018 2513 1090 quod
2542 1019 2702 1073 modo
2730 1034 2795 1073 ex
2830 1027 2982 1088 parte
3012 1017 3296 1080 sentimus,
3324 1026 3452 1070 tunc
3474 1015 3542 1068 ad
3570 1014 3713 1068 illam
3747 1016 3855 1082 ple-

2267 1114 2567 1170 nitudinem
2597 1111 3067 1184 contemplationis
3095 1108 3292 1167 disinte
3322 1108 3568 1182 perducti
3592 1111 3705 1180 jam
3737 1120 3854 1180 per-

2266 1208 2402 1263 fecte
2425 1204 2453 1245 h
2481 1207 2803 1264 videbimus.

2337 1304 2389 1356 2.
2432 1301 2544 1359 Nec
2585 1317 2717 1357 sane
2744 1302 2863 1372 quia
2896 1300 2967 1355 ibi
2999 1314 3179 1355 rerum
3229 1298 3469 1355 omnium
3514 1294 3707 1353 notitia
3750 1309 3852 1351 non

2266 1412 2363 1469 per
2404 1411 2614 1469 partes,
2646 1396 2740 1451 sed
2782 1394 2939 1449 simul
2967 1407 3019 1449 et
3048 1404 3158 1448 tota
3192 1391 3483 1456 videbitur,
3514 1391 3638 1447 ideo
3666 1387 3851 1445 saltem

2267 1489 2654 1560 qualistunque
2705 1490 2755 1541 in
2808 1486 2910 1541 hoc
2948 1484 3121 1555 fragili
3173 1499 3399 1555 corpore
3452 1481 3473 1521 ί
3516 1482 3851 1550 desperatur.

2269 1580 2382 1636 Etsi
2419 1586 2560 1637 enim
2587 1597 2770 1653 corpus
2795 1580 2932 1649 quod
2954 1578 3321 1648 corrumpitur,
3341 1584 3583 1649 aggravet
3609 1576 3852 1641 animum,

2266 1686 2313 1728 et
2338 1675 2573 1745 deprimit
2604 1683 2805 1728 terrena
2848 1671 3154 1726 inhabitatio
3181 1687 3384 1725 sensum
3419 1668 3584 1723 multa
3630 1668 3855 1739 cogitan-

2267 1773 2369 1818 tem
2409 1764 2585 1837 (δαν.
2619 1780 2697 1829 ix,
2730 1762 2869 1831 15);
2913 1771 3090 1817 tamen
3122 1761 3135 1811 i
3190 1761 3241 1816 in
3270 1770 3526 1830 quantum
3558 1767 3738 1828 potest
3762 1756 3854 1812 hn~

2198 1857 2244 1918 B
2269 1873 2427 1915 mana
2465 1873 2617 1913 mens
2639 1896 2655 1921 ,
2692 1871 2852 1925 quam
2886 1870 3013 1910 suus
3042 1855 3266 1911 Creator
3291 1854 3355 1909 ad
3392 1868 3541 1909 suam
3571 1852 3697 1907 fecit
3727 1852 3856 1906 imae

2266 1951 2468 2023 ginem,
2496 1949 2710 2006 studeat;
2732 1951 2892 2005 etiam
2923 1947 3010 2002 ltic
3040 1946 3454 2016 inteltigibiliter
3480 1945 3644 1999 Deum
3678 1943 3853 1997 videre

2269 2059 2365 2115 per
2412 2043 2569 2098 fidem
2596 2082 2611 2108 ,
2646 2051 2703 2097 ut
2746 2057 2867 2097 eum
2902 2040 3111 2112 plenius
3141 2039 3356 2107 videat,
3389 2052 3510 2093 cum
3555 2039 3854 2107 pervenerit

2270 2153 2498 2193 munere
2550 2137 2718 2204 ipsius
2752 2133 3059 2188 Conditoris
3102 2133 3182 2187 sui
3212 2132 3278 2186 ad
3325 2129 3582 2201 speciem.
3631 2127 3855 2183 Attende

2269 2243 2430 2299 qnam
2462 2226 2485 2264 "
2515 2226 2694 2282 divine
2728 2233 2947 2280 sanctus
2975 2224 3263 2293 Apostolus
3307 2220 3542 2291 speciem
3593 2216 3857 2285 fidemque

2270 2320 2541 2386 distinxit,
2573 2329 2633 2375 ut
2660 2319 2903 2373 diceret:
2934 2314 3033 2369 Per
3063 2315 3217 2385 [idem
3244 2311 3601 2377 ambulamus,
3644 2324 3745 2363 non
3773 2320 3856 2379 per

2271 2414 2487 2486 speciem
2518 2411 2617 2485 (Il
2663 2410 2784 2466 Cur.
2827 2426 2880 2479 v,
2909 2409 2938 2463 7
2967 2404 3055 2478 ).1
3101 2406 3259 2460 Fides
3303 2419 3433 2475 ergo
3472 2411 3556 2458 est
3583 2414 3679 2473 per
3703 2414 3855 2470 quam

2273 2503 2596 2569 ambulatur,
2647 2512 2700 2557 et
2745 2500 2953 2570 species
3003 2512 3123 2568 qua:
3166 2495 3380 2551 videtur
3433 2512 3448 2549 :
3490 2493 3613 2563 quia
3664 2492 3715 2545 in
3766 2492 3857 2543 hac

2275 2600 2386 2653 vita
2411 2638 2425 2663 ,
2457 2596 2546 2652 ubi
2592 2609 2685 2664 per
2727 2595 2885 2647 fidem
2916 2591 3058 2647 bene
3082 2590 3311 2646 vivendo
3338 2587 3672 2659 proficimus,
3699 2583 3857 2639 bono-

2274 2706 2393 2745 rum
2442 2704 2667 2758 operum
2719 2684 3111 2755 quodantmoda
3173 2682 3417 2753 passibus
3475 2679 3855 2743 ambulamus,

2274 2784 2328 2839 in
2359 2792 2395 2820 ιη
2423 2780 2599 2836 futura
2624 2790 2802 2834 autem
2838 2775 3217 2848 pervenientes
3244 2774 3307 2829 ad
3339 2774 3595 2842 speciem,
3619 2772 3730 2840 jam
3759 2784 3857 2823 non

2276 2878 2383 2934 erit
2411 2891 2518 2947 quo
2547 2873 2692 2931 velut
2723 2868 3053 2942 proficiendo
3094 2868 3318 2923 ulterius
3357 2864 3729 2921 ambulemus:
3770 2860 3858 2915 sed

2276 2974 2445 3043 ipsam
2475 2974 2710 3043 speciem
2744 2971 2810 3025 ad
2854 2984 3015 3039 quam
3048 2982 3144 3039 per
3170 2965 3327 3022 fidem
3370 2962 3726 3035 spiritualiter
3750 2973 3858 3014 am-

2276 3066 2510 3122 bulando
2555 3065 2940 3136 pervenimus,
2994 3060 3280 3117 insatiabili
3330 3058 3689 3115 delectatione
3720 3054 3859 3110 vide-

2277 3157 2474 3213 bimus.

2879 3244 3104 3302 CAPUT
3150 3244 3260 3300 VII.

2279 3342 2429 3409 Quod
2454 3340 2615 3395 Deum
2641 3341 2861 3411 perfecte
2885 3339 3048 3397 sancti
3072 3339 3241 3392 uidere
3267 3352 3366 3391 non
3390 3335 3609 3411 possint,
3626 3331 3728 3387 nisi
3753 3346 3859 3385 cum

2479 3413 2544 3466 ad
2574 3406 2938 3465 beatitudinem
2964 3412 3148 3481 futura:
3176 3412 3292 3463 vitae
3320 3406 3658 3477 pervenerint.

2350 3527 2405 3581 l.
2441 3524 2811 3593 Quocircasic
2844 3522 3094 3578 hortandi
3129 3529 3257 3576 sunt
3292 3522 3357 3574 ad
3396 3517 3858 3587 contemplativam

2274 3618 2463 3687 vitam,
2484 3617 2786 3687 quicunque
2816 3615 2973 3685 plene
3001 3613 3292 3680 voluerint.
3315 3620 3370 3668 et
3393 3611 3501 3667 Deo
3523 3618 3553 3647 ιι
3574 3608 3859 3665 auxiliante

2273 3714 2569 3788 potuerint,
2602 3721 2662 3767 ut
2689 3710 3036 3767 meminerint
3062 3710 3164 3765 sibi
3196 3708 3364 3779 ipsius
3392 3703 3859 3776 contemplationis

2272 3807 2468 3864 divina:
2518 3805 2908 3875 perfectionem
2936 3843 2953 3868 ,
2998 3802 3051 3857 in
3081 3801 3176 3857 illa
3204 3801 3357 3857 beata
3389 3800 3495 3854 vita
3524 3813 3645 3868 qua:
3692 3796 3859 3851 futura

2274 3907 2360 3954 est
2383 3942 2399 3968 ,
2431 3896 2729 3962 reservari;
2770 3905 2828 3951 ut
2873 3896 2947 3950 ibi
2976 3894 3143 3949 Deum
3182 3892 3339 3949 sicuti
3368 3900 3493 3957 est,
3525 3890 3765 3962 perfecte
3790 3887 3860 3941 vi-

2273 3989 2455 4055 deant,
2470 3988 2562 4044 ubi
2591 3998 2645 4044 et
2667 3988 2766 4058 ipsi
2796 3996 2956 4043 erunt
2978 3987 3100 4043 vita.
3127 3995 3343 4043 aeternae
3365 3998 3429 4040 ac
3456 3984 3603 4054 regni
3632 3980 3859 4039 caelestis

2274 4085 2656 4139 consecutione
2688 4072 3247 4153 perfectifCteterum
3296 4082 3340 4135 si
3380 4081 3468 4136 hic
3509 4082 3744 4149 perfecte
3773 4092 3861 4148 po-

2274 4176 2467 4231 tuisset
2512 4176 2865 4232 substantiam
2900 4175 2991 4230 Dei
3042 4174 3273 4229 humana
3326 4172 3584 4242 fragilitas
3625 4182 3860 4228 contem-

2274 4268 2406 4337 plari
2430 4308 2445 4333 ,
2498 4282 2768 4337 nunquam
2802 4276 3018 4321 sanctus
3043 4265 3377 4335 evangelista
3403 4264 3627 4318 dixisset
3656 4280 3670 4318 :
3703 4260 3859 4317 Deum

2274 4376 2421 4415 nemo
2448 4360 2572 4414 uidit
2602 4376 2845 4431 unquam.
2873 4360 2985 4415 Non
3015 4359 3169 4425 dixit,
3188 4358 3354 4413 Nemo
3376 4357 3596 4413 videbit.
3626 4357 3860 4426 Denique

2274 4462 2334 4509 ut
2372 4453 2650 4510 evidenter
2697 4453 3007 4509 ostenderet
3052 4454 3313 4508 visionem
3346 4451 3440 4509 Dei
3471 4467 3577 4507 non
3624 4459 3861 4521 negatam

2276 4563 2396 4631 esse
2426 4552 2629 4631 sanctis
2654 4542 2981 4612 hominibus,
3015 4547 3109 4603 sed
3138 4547 3380 4611 dilatam,
3415 4556 3438 4584 °
3471 4546 3612 4617 quod
3642 4547 3693 4601 in
3721 4559 3858 4613 pra?-

598 4616 848 4672 fortiores
877 4615 1089 4683 effecti,
1140 4632 1297 4687 quam
1326 4627 1385 4672 ut
1411 4630 1505 4674 eos
1537 4628 1764 4695 terrena:
1800 4635 2169 4692 occupationes

2277 4622 2415 4697 senti
2463 4624 2703 4707 tempore
2751 4641 2985 4712 negavit,
3030 4640 3083 4695 in
3132 4639 3311 4695 futuro
3352 4639 3597 4711 promisit
3642 4639 3861 4694 dicens:

597 4707 923 4778 illaqueent,
973 4707 1170 4764 divinis
1196 4710 1358 4765 rebus
1405 4726 1467 4765 ac
1508 4711 1703 4767 futuris
1735 4714 2172 4780 promissionibus

598 4798 1002 4857 considerandis
1027 4800 1341 4857 inhaereant.
1364 4801 1469 4859 Sed
1496 4803 1540 4859 si
1568 4813 1591 4840 ι’
1615 4804 2018 4862 consideramus
2045 4825 2172 4881 apo-

597 4892 719 4948 stoli
753 4892 900 4948 Pauli
930 4907 1234 4950 sermonem
1254 4934 1268 4961 ,
1297 4909 1403 4965 quo
1432 4894 1569 4950 inter
1598 4910 1714 4952 eam
1748 4899 2023 4956 scientiam
2056 4918 2174 4973 qua:

599 4984 685 5041 hic
711 4995 814 5054 est,
847 4995 902 5042 et
927 4999 1043 5041 eam
1072 5001 1192 5057 qua:
1220 4987 1292 5042 ibi
1323 4986 1497 5044 futura
1527 4999 1630 5059 est,
1664 4991 2039 5050 discriminans
2066 4996 2168 5050 ait:

597 5200 641 5244 ﬂ
669 5116 809 5259 i3i:
830 5130 963 5243 $55.
996 5126 1200 5189 septem
1229 5133 1350 5175 cum
1381 5118 1507 5175 edit.
1541 5119 1712 5193 Lugd.
1737 5125 1870 5182 Alite
1897 5130 2055 5197 edit.,
2075 5132 2174 5199 Qui

753 5210 775 5240 Ι·
890 5227 905 5241 ο
1812 5198 1819 5205 ’

753 5206 809 5241 ra
830 5205 905 5241 se.
1812 5198 1819 5205 '

651 5259 695 5344 _b
720 5261 817 5317 Ms.
849 5260 981 5331 Reg.
1030 5275 1167 5317 unus
1191 5302 1207 5328 ,
1255 5262 1360 5335 ipse
1390 5266 1526 5335 jam.
1574 5264 1671 5321 Ms.
1717 5267 1850 5341 Reg.
1879 5271 2034 5341 alter,
2066 5274 2174 5344 ipse

600 5346 844 5478 ""i'iiiss.
879 5412 1011 5478 tres,
1039 5413 1237 5478 tantum
1265 5405 1809 5478 dioiuis....quantum.

668 5472 695 5511 ἀ
718 5477 843 5530 Mss.
872 5475 1003 5541 duo,
1032 5476 1273 5533 inveniet.

674 5555 696 5615 ξ
724 5546 848 5599 Mss.
881 5560 1106 5615 septem,
1139 5548 1537 5605 consideremus.

677 5612 695 5650 τ
721 5615 817 5668 Ms.
846 5612 1004 5671 (ἴση).
1031 5612 1191 5684 unus,
1221 5620 1367 5673 illam
1387 5623 1559 5675 vitam.

671 5694 698 5765 ξ
723 5685 848 5765 Mss.
878 5686 984 5740 duo
1010 5700 1064 5743 et
1094 5686 1194 5765 Ecl.
1223 5689 1438 5761 Colum,
1470 5697 1540 5746 Ac
1559 5694 1602 5747 si
1627 5697 2022 5765 quodammodo.

674 5752 700 5791 ιλ
726 5756 825 5810 Ms.
854 5770 1012 5823 unus,
1043 5759 1333 5817 sentiemus.

678 5825 695 5866 ί
721 5830 809 5885 Sic
838 5840 967 5887 mss.
994 5844 1201 5887 omnes.
1231 5840 1297 5888 At
1323 5835 1476 5901 edit.,
1508 5836 1823 5912 desperetur.

2279 4728 2424 4784 Beati
2465 4731 2655 4784 mundo
2682 4730 2852 4794 corde,
2883 4730 3123 4796 quoniam
3158 4729 3258 4799 ipsi
3286 4727 3449 4783 Deum
3477 4728 3736 4782 videbunt.
3766 4726 3863 4781 Ne-

2282 4839 2383 4893 que
2411 4824 2496 4879 Itic
2525 4824 2698 4893 dixit,
2742 4823 3004 4891 Quoniam
3044 4823 3144 4894 ipsi
3179 4823 3343 4878 Deum
3373 4822 3575 4877 vident.
3632 4820 3794 4893 Igitur
3818 4823 3864 4877 si

2284 4916 2465 4982 Deus,
2512 4918 2602 4987 qui
2658 4917 2710 4971 in
2757 4916 2856 4971 hac
2884 4918 2987 4969 vita
3039 4914 3157 4971 sine
3202 4913 3426 4985 alicujus
3473 4914 3724 4970 elementi
3776 4926 3865 4966 as-

2283 5010 2622 5081 sumptione,
2656 5025 2753 5066 nec
2786 5009 2955 5080 potuit
2984 5008 3184 5075 videri,
3236 5023 3335 5065 nec
3365 5017 3572 5079 potest,
3609 5009 3661 5063 in
3692 5007 3866 5063 futura

2357 5140 2372 5209 ξ
2405 5138 2502 5193 Ms.
2535 5138 2663 5209 Reg.
2692 5154 2852 5205 unus,
2885 5141 2936 5193 in
2965 5150 3213 5206 quantum
3244 5137 3389 5193 valet.

2352 5206 2379 5247 ιι
2408 5212 2461 5263 In
2499 5206 2737 5265 tnsfnuo
2768 5213 2867 5265 alia
2897 5225 3077 5273 manu,
3110 5211 3283 5279 digne.
3324 5278 3329 5279 ί
3472 5262 3479 5279 1
3560 5266 3567 5273 ,

2360 5279 2375 5317 ι
2404 5280 2500 5353 Ms.
2532 5297 2688 5347 unus,
2718 5299 2805 5351 per
2825 5298 2977 5353 quam
3008 5276 3222 5335 videtur.
3260 5278 3434 5335 Etlitio
3465 5278 3660 5353 Lugd.,
3703 5276 3869 5333 Fides

2279 5367 2411 5475 ergo!
2426 5370 2515 5419 per
2546 5368 2699 5423 quam
2740 5352 3078 5417 ambulamus,
3111 5361 3159 5405 et
3198 5352 3387 5422 species
3426 5367 3541 5423 qua
3566 5352 3761 5407 videtur
3789 5362 3869 5405 te-

2281 5438 2375 5475 nen
2415 5442 2445 5475 a
2465 5433 2556 5475 est.
3808 5427 3817 5434 “

2281 5427 2445 5476 nenda
2465 5433 2556 5477 85f.
3728 5476 3731 5477 ν
3808 5427 3817 5434 ’

2352 5502 2391 5529 ιη
2416 5494 2513 5548 Ms.
2548 5510 2705 5565 unus,
2735 5496 2787 5549 in
2815 5494 2989 5566 futuro
3018 5502 3208 5566 autem.
3243 5493 3383 5550 Edit.
3411 5493 3585 5566 Lugd.
3609 5509 3730 5551 cum
3757 5506 3866 5549 ms.

2283 5561 2575 5637 Regtuno,
2598 5561 2711 5637 jam
2742 5561 2840 5619 non
2872 5565 2964 5619 erit
2993 5565 3147 5637 quod.

2350 5642 2377 5669 η
2401 5635 2498 5689 Ms.
2525 5633 2681 5710 unus,
2708 5646 2753 5690 et
2775 5639 3049 5709 adjuvante
3070 5633 3310 5690 Domino.
3342 5635 3443 5693 Ed.
3471 5636 3666 5708 Lugd.,
3700 5651 3873 5710 perge-

2228 5732 2237 5739 -
2278 5704 2390 5758 nire
2416 5708 2655 5772 potuerit.

2352 5784 2376 5810 ο
2402 5778 2500 5861 Ms.
2534 5778 2667 5847 Reg.
2695 5778 3060 5861 unus-,hquod
3087 5776 3142 5835 in
3164 5780 3401 5853 presenti
3424 5780 3651 5858 negavit,
3686 5779 3740 5839 in
3774 5776 3878 5857 {us

2280 5855 2398 5908 ntro
2425 5856 2651 5922 tempore
2676 5855 2932 5923 promisit.
