4124 6350
588 385 687 441 .te't
1286 346 1292 350 ’
1898 370 2158 427 JULlANl
2198 368 2477 428 POMERII

3750 370 3850 427 ωδ

589 494 729 553 beati
762 494 921 550 futuri
952 496 1075 548 sunt
1106 507 1118 544 :
1152 488 1271 559 quia
1305 486 1374 540 ibi
1417 485 1653 540 omnium
1684 482 1961 538 beatorum
1993 484 2164 539 beati-
2194 486 2251 547 Α
2275 482 2497 538 rationis
2524 480 2765 551 imperio
2796 475 3127 550 temperare;
3164 479 3229 536 ad
3261 480 3726 550 contemplativam

590 587 718 644 tudo
758 586 989 657 perfecta
1029 581 1151 644 erit,
1184 579 1272 633 ubi
1318 577 1547 631 humana
1591 583 1777 629 natura
1819 576 1901 629 sui
1946 574 2169 645 gloriam

592 675 913 742 Conditoris,
954 678 1007 728 et
1047 684 1196 725 suam
1236 666 1471 738 perfecte
1502 665 1803 721 beatificata
1848 665 2025 719 visura
2068 670 2167 730 est,

592 776 750 838 atque
801 765 1029 833 eigsine
1089 762 1202 816 ullo
1254 759 1463 815 defectu
1517 768 1627 813 suae
1680 755 2024 811 beatitudlnis
2080 754 2172 808 ad-

594 859 838 915 haerebit.

1219 920 1444 979 CAPUT
1486 922 1552 975 Χ.

596 1022 745 1087 Quod
774 1020 857 1072 hic
889 1017 1051 1071 sancti
1088 1014 1250 1069 Deum
1286 1016 1337 1066 in
1370 1023 1633 1083 assuntpta
1671 1019 1906 1065 creatura
1934 1010 2167 1063 uiderint.

664 1133 775 1187 Nec
821 1139 1037 1187 moveat
1084 1130 1227 1201 quod
1270 1130 1357 1183 hic
1402 1142 1613 1199 quoque
1665 1138 1693 1181 a
1738 1127 1895 1196 justis
1942 1124 2173 1196 antiquis

592 1227 766 1279 visum
802 1225 1022 1294 legimus
1052 1224 1217 1277 Deum
1254 1241 1263 1274 :
1295 1222 1417 1290 quia
1459 1236 1562 1274 non
1595 1228 1676 1275 est
1717 1220 1767 1272 in
1798 1218 1897 1272 hac
1925 1217 2174 1271 humilia-

596 1317 740 1371 tione
793 1318 974 1369 nostra
1030 1316 1106 1369 sic
1153 1312 1333 1379 visus,
1376 1314 1511 1367 sicut
1560 1312 1613 1364 in
1658 1311 1744 1364 illa
1794 1308 2175 1363 elarificatione

594 1409 857 1463 videndus
884 1418 964 1461 est
1004 1426 1017 1461 :
1054 1404 1478 1475 quandoquidem
1526 1410 1550 1439 η
1591 1402 1708 1456 sine
1748 1401 1915 1455 forma
1951 1400 2176 1454 visibilis

595 1511 878 1565 creaturze,
912 1502 962 1555 in
1005 1514 1105 1570 qua
1139 1513 1234 1567 pro
1270 1496 1668 1566 dispensatione
1710 1504 2039 1563 temporum,
2086 1492 2175 1546 ubi

595 1594 780 1657 voluit,
811 1600 865 1647 et
899 1593 1089 1660 quibus
1125 1590 1293 1643 voluit
1329 1588 1486 1657 justis
1533 1573 1794 1655 apparuit,
1843 1598 1941 1638 nec
1986 1582 2175 1651 potuit,

596 1699 695 1739 nec
751 1691 923 1752 potest
966 1681 1169 1746 videri;
1215 1680 1307 1734 sed
1360 1678 1553 1748 poterit
1610 1690 1730 1728 cum
1776 1674 1841 1729 ad
1880 1682 2175 1757 supernam

594 1779 816 1846 patriam
863 1774 1219 1846 peregrinatio
1263 1782 1446 1826 nostra
1485 1768 1822 1840 pervenerit.
1864 1775 1917 1822 et
1954 1764 2179 1819 mortale

2272 591 2370 646 pra
2420 573 2649 629 humana
2700 584 2721 611 ο
2769 570 3035 627 desiderio
3064 571 3420 641 perfectionis
3454 573 3771 642 ascendere,
3802 584 3855 629 et

2274 663 2300 702 ἀ
2334 665 2694 722 indesinenter
2738 664 2995 733 augendis
3036 664 3321 718 virtutibus
3359 663 3637 719 incubare.
3688 665 3857 721 Habet

2274 756 2439 811 activa
2473 755 2795 823 profectum,
2823 754 3233 824 contemplativa
3266 753 3553 821 fastigium.
3584 754 3711 808 Haec
3735 756 3857 811 facit

2276 848 2545 902 hominem
2591 854 2853 911 sanctum,
2885 844 2972 899 illa
3018 845 3335 914 perfectum.
3387 844 3559 913 Hujus
3607 846 3733 901 vita:
3778 857 3859 903 est

2274 938 2413 993 nulli
2467 950 2689 1006 prorsus
2738 936 2959 1006 injurias
3016 937 3286 1005 irrogare;
3356 934 3535 1003 illius,
3602 936 3860 1007 ir’rogatas

2276 1030 2645 1101 aequanimiter
2691 1030 2975 1084 sustinere.
3036 1030 3184 1093 lmo,
3252 1036 3311 1081 ut
3357 1028 3613 1096 proprius
3649 1029 3859 1094 dicam,

2276 1135 2560 1178 exsecutor
2610 1123 2797 1177 activae
2846 1121 3023 1175 studet
3068 1120 3120 1173 in
3172 1133 3232 1175 se
3272 1120 3511 1189 peceanti
3559 1119 3858 1183 dimittere;

2276 1214 2704 1285 contemplativa:
2759 1222 2991 1268 sectator
3061 1210 3291 1266 offensas
3347 1209 3539 1279 quibus
3596 1210 3859 1281 pulsatur,

2281 1319 2381 1359 nec
2418 1304 2637 1358 omnino
2676 1304 2999 1367 concutitur,
3030 1302 3277 1372 ignorare
3320 1302 3486 1372 magis
3526 1311 3744 1372 paratus
3784 1311 3862 1357 est

2279 1413 2436 1466 quam
2464 1396 2690 1451 donare.
2723 1396 2826 1449 Iste
2857 1395 2988 1448 iram
3023 1394 3294 1465 patientiae
3320 1394 3517 1449 virtute
3546 1396 3859 1464 compescit,

2282 1489 2645 1545 immoderatis
2673 1478 3053 1557 cupiditatibus
3084 1488 3431 1558 pareimonitc
3466 1496 3487 1523 θ
3520 1488 3732 1543 frenum
3762 1490 3861 1543 im-

2281 1584 2461 1652 ponit;
2506 1580 2736 1651 tangitur
2767 1579 3045 1634 desideriis
3073 1579 3396 1645 carnalibus,
3430 1593 3529 1635 nec
3560 1582 3859 1645 consentit;

2283 1673 2521 1741 pulsatur
2550 1672 2733 1727 mundi
2772 1671 2927 1740 hujus
2965 1670 3297 1737 curiositate,
3331 1686 3429 1726 nec
3470 1672 3710 1741 rapitur;
3742 1688 3865 1744 quas

2286 1766 2415 1819 titur
2448 1763 2711 1818 diabolica
2751 1763 3185 1833 impugnatione,
3210 1778 3326 1828 ,nec
3360 1763 3619 1829 vincitur;
3663 1772 3719 1819 et
3759 1765 3867 1820 Deo

593 1877 831 1923 nostrum
888 1866 1259 1920 immortalitas
1322 1864 1476 1917 beata
1542 1860 1820 1922 vestierit;
1891 1867 2050 1927 atque
2112 1856 2177 1910 ad
2209 1848 2257 1909 B
2284 1870 2382 1911 suo
2421 1855 2609 1910 devota
2653 1864 2831 1910 mente
2872 1854 3173 1923 subjectus,
3213 1868 3319 1908 non
3361 1857 3606 1910 atteritur
3644 1856 3866 1912 diversis

593 1962 1097 2030 contemplationem
1131 1954 1384 2020 divinam,
1418 1954 1448 1993 ι’
1493 1953 1989 2023 perceptionemque
2013 1949 2179 2004 caele-

592 2052 748 2107 stium
775 2051 1114 2119 prmmiorum
1147 2062 1333 2101 omnes
1368 2059 1494 2101 vere
1526 2043 1711 2097 fideles
1742 2041 1873 2095 ﬁdes
1907 2041 2044 2109 ipsa,
2075 2054 2179 2109 qua

594 2147 680 2201 hic
711 2145 886 2199 futura
914 2142 1289 2205 credebantur,
1327 2138 1543 2206 impleta
1572 2134 1903 2205 perduxerit.

1209 2250 1434 2307 CAPUT
1474 2248 1567 2305 XI.

596 2350 672 2405 De
694 2350 939 2421 qualitate
978 2346 1380 2421 gloriﬁcatorum
1418 2354 1691 2411 corporum
1720 2354 1831 2410 qute
1868 2340 1919 2391 in
1955 2352 2181 2391 resurre~

1129 2417 1291 2469 ctione
1330 2421 1505 2484 futura
1533 2423 1672 2465 sunt.

670 2512 745 2566 lbi
783 2510 979 2564 diversi
1023 2507 1236 2577 quidem
1279 2519 1437 2560 sexus
1488 2515 1733 2573 corpora,
1778 2502 1871 2556 sed
1915 2500 2031 2554 sine
2075 2500 2180 2552 ulla

596 2602 1026 2672 concupiscentia
1052 2600 1313 2669 corporali
1339 2598 1514 2653 futura
1539 2607 1682 2653 sunt.
1715 2596 1791 2651 lbi
1815 2596 1913 2651 erit
1943 2594 2180 2648 omnium

594 2696 826 2764 perfecta
869 2694 1084 2755 caritas,
1131 2699 1186 2745 et
1231 2690 1372 2745 nulla
1411 2689 1673 2755 cupiditas
1720 2687 1877 2757 (Aug.
1925 2686 1988 2736 de
2026 2683 2178 2737 Civit.

593 2758 693 2841 '13}:
723 2788 811 2841 tib.
853 2801 983 2851 χχιι,
1022 2800 1137 2850 cap.
1170 2783 1280 2851 17),
1334 2782 1406 2834 Ibi
1448 2780 1608 2834 etiam
1647 2777 1967 2846 corporales
1998 2776 2182 2830 oculos

595 2878 726 2932 nihil
756 2877 980 2932 visibilis
1008 2884 1269 2930 creatura:
1298 2872 1507 2937 latebit,
1541 2872 1664 2941 quia
1697 2869 2181 2939 incorruptibilium

595 2984 878 3039 corporum
921 2968 1068 3022 visus
1117 2966 1301 3033 utique
1352 2963 1774 3032 incorruptibilis
1819 2963 1951 3028 erit;
2007 2972 2060 3016 et
2096 2962 2181 3034 ita

596 3065 710 3119 sine
753 3061 1150 3130 comparatione
1178 3058 1411 3113 vivacior
1435 3072 1592 3126 quam
1612 3057 1710 3133 ‘hic
1751 3056 1871 3123 fuit,
1905 3064 1962 3109 ut
1994 3055 2043 3109 ei
2084 3053 2182 3108 ali-

597 3154 725 3223 quid
757 3151 1048 3206 visibilium
1082 3150 1317 3203 clausum
1350 3162 1468 3202 esse
1493 3162 1599 3201 non
1629 3147 1821 3217 possit.
1854 3145 2179 3213 Corporibus

2289 1945 2690 2013 teutationibus,
2734 1944 2826 1999 sed
2877 1944 3150 2012 probatur.
3198 1943 3290 1998 ille
3331 1958 3517 1999 omnes
3561 1944 3867 2001 affectiones

2286 2036 2479 2105 quibus
2524 2037 2627 2088 vita
2680 2033 2985 2089 mortalium
3030 2034 3288 2101 variatur,
3338 2036 3538 2089 sanctis
3586 2036 3870 2091 virtutibus

2288 2128 2475 2194 vincit,
2510 2127 2858 2196 cupiditatum
2890 2141 2951 2180 ac
2981 2128 3438 2196 perturbationum
3470 2130 3710 2183 omnium
3742 2131 3871 2184 liber

2290 2219 2445 2273 beata
2477 2223 2657 2288 quiete
2689 2219 2999 2287 perfruitur,
3030 2227 3084 2273 et
3113 2218 3382 2275 illecebris
3414 2235 3477 2275 ac
3514 2223 3870 2292 voluptatibus

2288 2310 2463 2363 factus
2510 2309 2759 2377 expedita
2803 2317 2983 2363 mente
3043 2309 3321 2378 superior,
3386 2309 3640 2365 ineffabili
3685 2313 3871 2382 gaudio

2286 2401 2483 2454 divinae
2531 2401 2996 2471 contemplationis
3042 2399 3061 2436 τ
3101 2402 3338 2472 erigitur.
3391 2402 3497 2457 Iste
3537 2404 3872 2473 suscipiendo

2287 2494 2657 2561 peregrinum,
2699 2493 2974 2547 vestiendo
3012 2493 3243 2560 nudum,
3287 2494 3632 2563 gubernando
3698 2498 3870 2566 subje~

2287 2594 2451 2653 ctum,
2483 2587 2795 2641 redimendo
2822 2587 3108 2655 captivum,
3140 2588 3335 2643 tuendo
3362 2591 3626 2645 violenter
3652 2607 3870 2662 Oppres-

2286 2691 2432 2742 sum,
2466 2678 2664 2748 jugiter
2692 2694 2751 2733 se
2781 2679 2847 2731 ab
2876 2681 3124 2733 omnibus
3167 2681 3534 2750 iniquitatibus
3572 2684 3686 2739 suis
3724 2699 3870 2740 ema-

2288 2768 2451 2841 culat,
2494 2780 2544 2822 et
2587 2769 2746 2822 vitam
2794 2785 2941 2824 suam
2989 2780 3013 2817 8
3049 2771 3307 2824 bonorum
3354 2787 3574 2842 operum
3616 2773 3871 2831 fructibus

2289 2859 2455 2925 ditat;
2502 2860 2595 2913 ille
2626 2860 2965 2915 facultatibus
2993 2863 3102 2915 suis
3134 2863 3184 2915 in
3217 2877 3343 2916 usus
3373 2878 3664 2933 pauperum
3695 2865 3873 2921 distri-

2286 2953 2449 3021 butis,
2484 2950 2505 2987 δ
2538 2953 2692 3005 simul
2737 2968 2793 3008 se
2820 2955 3143 3023 exspoliavit
3190 2955 3409 3018 mundo,
3441 2966 3494 3010 et
3538 2956 3777 3013 admovit
3818 2973 3872 3015 se

2285 3046 2411 3097 totis
2441 3044 2639 3097 viribus
2670 3046 2837 3109 cmlo;
2880 3061 2963 3099 res
2995 3047 3177 3100 mundi
3216 3047 3414 3102 mundo
3446 3048 3705 3119 projecit,
3738 3060 3871 3104 et-se

2286 3136 2457 3203 ipsum
2491 3135 2681 3188 devota
2719 3146 2897 3191 mente
2920 3136 3135 3191 Christo
3175 3138 3424 3204 restituit,
3457 3155 3485 3193 a
3517 3155 3623 3209 quo
3657 3141 3872 3194 immorc

597 3211 792 3314 quippe
832 3242 1228 3297 immortalitate
1255 3239 1466 3293 donatis
1501 3211 1787 3293 auferenda
1818 3246 1899 3291 est
1930 3211 2176 3301 tarditas,
2207 3211 2253 3274 (ἶ
2288 3227 2421 3281 18185
2455 3227 2667 3280 (Ιίνίῑίθε
2711 3227 2810 3280 Sibi
2858 3226 2971 3281 δθΐί
2996 3236 3140 3287 orat»
3194 3236 3249 3281 υι
3292 3245 3519 3299 Pauper;
3570 3233 3772 3302 Ρΐοῑρεὶ
3815 3247 3872 3287 se

598 3351 702 3391 non
734 3336 1043 3406 integritas;
1087 3332 1401 3395 necessitas,
1432 3346 1538 3384 non
1571 3330 1834 3392 voluntas,
1868 3338 1925 3382 ut
1956 3329 2024 3381 ibi
2061 3328 2179 3381 sine

603 3427 858 3495 temporis
902 3422 1055 3496 [alias
1096 3419 1417 3491 temporum]
1461 3435 1606 3475 mora
1661 3430 1751 3474 aut
1799 3419 2205 3502 impedimento,

600 3518 852 3588 ponderis
890 3519 1017 3581 sint,
1050 3516 1137 3569 ubi
1166 3530 1285 3569 esse
1311 3513 1604 3575 voluerint;
1650 3520 1805 3581 atque
1836 3526 1901 3567 eo
1928 3520 2180 3579 sequatur

598 3611 714 3665 sine
752 3610 857 3664 ulla
899 3607 1214 3663 difficultate
1245 3606 1522 3675 spirituale
1557 3606 1664 3673 jam
1692 3620 1908 3672 corpus,
1942 3618 2180 3672 quocun-

596 3716 700 3770 que
760 3701 840 3755 ire
903 3699 1133 3753 voluerit
1196 3698 1451 3765 spiritus,
1520 3696 1777 3762 angelica:
1838 3694 2180 3748 beatitudinis

599 3792 904 3862 mqualitate
930 3790 1221 3858 perfectus.
1253 3788 1403 3841 Tune
1432 3786 1683 3845 ﬁliorum,
1718 3794 2020 3855 parentum,
2052 3801 2182 3839 con-

599 3883 781 3952 iugum
811 3881 1049 3945 miseria,
1074 3881 1163 3949 qui
1190 3878 1261 3932 ibi
1284 3892 1390 3932 non
1419 3877 1634 3941 fuerint,
1660 3878 1842 3931 beatos
1864 3878 2182 3932 contristare

600 3990 706 4029 non
741 3974 935 4045 poterit
963 3974 1117 4045 (Aug.
1140 3971 1229 4025 lib.
1280 3987 1293 4023 I
1324 3970 1551 4024 Retract.
1585 3986 1698 4039 cap.
1735 3970 1801 4025 15
1827 3980 1873 4023 ct
1899 3970 1983 4041 19)
2012 3987 2025 4023 :
2053 3971 2175 4040 quia

604 4069 818 4124 nomina
871 4068 1106 4121 omnium
1155 4063 1607 4120 necessitudinum
1644 4064 2007 4132 corporalium
2063 4078 2182 4133 qua:

600 4161 685 4216 hic
730 4167 911 4215 nostra
954 4158 1210 4229 fragilitas
1250 4157 1451 4223 habuit,
1492 4156 1806 4211 excellentia
1842 4156 1984 4210 illius
2016 4157 2181 4211 beati-

603 4256 799 4311 tudinis
827 4269 932 4309 uon
971 4252 1204 4307 admittit
1236 4270 1247 4303 :
1276 4251 1367 4306 ubi
1397 4265 1583 4305 omnes
1623 4250 1928 4317 quicunque
1960 4249 2178 4313 fuerint,

600 4363 762 4403 unum
792 4361 986 4415 corpus
1014 4353 1191 4408 erunt,
1223 4350 1277 4398 et
1315 4343 1507 4413 singuli
1547 4342 1615 4396 de
1654 4355 1747 4395 sua
1784 4341 1867 4396 vel
1895 4341 1962 4395 de
2003 4341 2183 4410 singu-

601 4443 775 4495 lorum
794 4438 1046 4493 felicitate
1065 4434 1389 4505 gaudebunt.
1411 4434 1533 4489 Haec
1558 4434 1624 4487 de
1645 4432 2053 4502 contemplativa
2077 4432 2183 4487 vita

603 4532 741 4586 dicta
781 4528 1065 4583 sufficiant.

1207 4616 1433 4673 CAPUT
1475 4614 1586 4669 ΧΠ.

606 4715 863 4779 Quantum
883 4712 1012 4765 inter
1034 4709 1473 4779 contemplativam
1491 4716 1537 4761 et
1558 4707 1770 4760 activam
1793 4707 1944 4759 vitam
1968 4707 2181 4761 intersit.

678 4807 729 4861 1.
771 4806 886 4859 Jam
914 4820 1052 4858 nunc
1090 4804 1215 4873 quid
1253 4802 1393 4856 inter
1435 4803 1605 4872 ipsam
1634 4801 2098 4869 contemplativam
2127 4814 2183 4860 et

603 4897 830 4952 activam
860 4897 1024 4951 vitam
1066 4897 1279 4952 intersit
1302 4896 1537 4951 breviter
1562 4895 1906 4951 disseramus.
1941 4896 2090 4962 Quod
2125 4907 2180 4951 ut

604 4990 880 5046 evidenter
910 4991 1135 5053 eluceat,
1169 4990 1308 5059 ipsas
1346 4989 1447 5043 sibi
1485 4989 1710 5043 invicem
1742 4989 1905 5050 vitas,
1935 4997 2175 5043 contem—

602 5081 851 5151 plativam
888 5080 1090 5134 scilicet
1127 5088 1180 5134 et
1214 5081 1461 5146 activam,
1495 5080 1716 5148 prolatis
1745 5094 1928 5134 earum
1963 5080 2176 5133 virtuti-

602 5172 701 5226 bus
746 5171 1104 5226 conferamus.
1157 5170 1235 5225 Ad
1280 5171 1507 5223 activam
1556 5170 1716 5223 vitam
1764 5170 1996 5237 pertinet
2041 5171 2178 5225 inter

602 5264 836 5320 humana
886 5263 1201 5333 proficere,
1270 5272 1325 5318 et
1395 5262 1620 5318 rebelles
1704 5263 1947 5331 corporis
2004 5273 2177 5319 motus

685 5407 711 5434 ι
747 5398 870 5452 Mss.
912 5395 1043 5465 Reg.
1090 5397 1195 5451 duo
1247 5406 1299 5451 et
1339 5396 1465 5459 edit.
1508 5395 1701 5465 Lugd.,
1744 5396 1797 5449 in
1840 5396 2041 5464 forma;
2090 5398 2184 5452 sed

612 5468 771 5531 male,
801 5476 859 5521 ut
887 5467 1118 5521 videtur.

676 5535 825 5607 PSic
872 5553 973 5592 ms.
1020 5537 1173 5591 Colb.
1226 5550 1382 5591 unus.
1434 5534 1643 5605 Reliqui
1697 5544 1804 5589 tam
1844 5550 1973 5592 mss.
2020 5554 2177 5607 quam

612 5604 755 5676 editi,
768 5608 861 5676 fuel
874 5608 1280 5676 perceptionem.

681 5684 701 5743 ς
735 5675 835 5728 Ms.
856 5675 1007 5730 Colb.
1032 5675 1191 5743 unus,
1222 5680 1275 5730 in
1300 5676 1571 5731 desiderio.

674 5741 703 5780 ει
730 5744 858 5816 μεθ.
886 5747 990 5800 duo
1017 5758 1070 5802 et
1090 5741 1282 5816 Lugd.,
1307 5749 1539 5816 propius.

680 5822 702 5849 ⁸
730 5813 803 5868 Ita
835 5830 965 5870 mss.
998 5816 1127 5885 Reg.
1154 5813 1279 5883 duo,
1309 5813 1363 5872 et
1394 5819 1499 5871 duo
1528 5817 1679 5872 Colb.
1714 5817 1812 5872 Alii
1843 5832 1961 5871 eum
1993 5817 2172 5883 editis,

2284 3319 2523 3389 quotidie
2554 3320 2813 3387 postulat,
2845 3327 2902 3373 ut
2948 3319 3223 3385 infirmus;
3268 3321 3685 3378 immortalitatis
3726 3322 3872 3377 indu-

2287 3420 2468 3466 mento
2498 3410 2683 3465 vestiri
2713 3413 2880 3478 cupit,
2914 3421 2971 3464 ut
2996 3412 3199 3476 nudus;
3236 3411 3451 3468 defendi
3482 3429 3539 3469 se
3581 3413 3651 3468 ab
3705 3417 3874 3485 impu-

2283 3504 2535 3572 guatione
2579 3503 2921 3557 invisibilium
2972 3504 3203 3558 hostium
3246 3506 3540 3577 supplicat,
3577 3516 3635 3561 ut
3678 3508 3873 3579 fragili-

2288 3602 2394 3648 tate
2432 3595 2607 3648 carnis
2647 3610 2955 3663 oppressus,
2999 3604 3051 3649 et
3093 3596 3365 3652 caelestem
3406 3596 3509 3653 sibi
3554 3597 3748 3653 donari
3786 3614 3872 3668 pa-

2287 3687 2443 3740 triam
2476 3685 2765 3751 desiderat,
2799 3694 2852 3740 ut
2882 3689 3209 3757 peregrinus.

2354 3778 2410 3831 ‘2.
2454 3778 2634 3831 Activa
2676 3778 2781 3831 vita
2821 3778 2982 3833 habet
3023 3780 3309 3835 sollicitum
3352 3798 3591 3850 cursum,
3637 3794 3871 3843 contem-

2289 3873 2481 3941 plativa
2538 3873 2787 3941 gaudium
2842 3876 3244 3942 sempiternum.
3314 3876 3368 3930 in
3429 3876 3527 3931 hac
3579 3880 3873 3949 acquiritur

2287 3978 2530 4033 regnum,
2571 3965 2621 4017 in
2666 3964 2753 4019 illa
2785 3966 3092 4033 percipitur.
3147 3967 3269 4021 fizec
3307 3966 3428 4023 facit
3464 3968 3676 4038 pulsare
3708 3971 3873 4027 bono«

2287 4070 2405 4110 rum
2433 4069 2678 4124 operum,
2703 4056 2851 4110 velut
2880 4057 3192 4124 quibusdam
3223 4060 3470 4114 manibus
3494 4060 3749 4129 januam;
3783 4063 3869 4117 illa

2287 4158 2441 4203 vocat
2471 4158 2871 4204 consummatos
2910 4150 2963 4204 in
2995 4152 3237 4220 patriam.
3287 4153 3341 4206 ln
3376 4153 3475 4208 hac
3511 4155 3871 4210 contemnitur

2290 4244 2540 4308 mundus,
2571 4243 2622 4297 in
2654 4244 2741 4296 illa
2773 4244 3039 4298 videbitur
3064 4245 3225 4299 Deus.
3270 4246 3335 4300 Et
3366 4257 3422 4301 ut
3461 4248 3622 4302 multa
3656 4259 3871 4319 praeter-

2288 4352 2403 4392 eam
2426 4353 2541 4404 qua:
2566 4326 2990 4394 comm'emorare
3021 4355 3124 4393 non
3163 4341 3337 4407 valeo,
3362 4342 3413 4396 in
3439 4341 3537 4397 hac
3569 4344 3676 4400 vita
3700 4348 3871 4401 activa

2288 4431 2375 4499 qui
2422 4430 2709 4485 immundis
2747 4431 3021 4499 spiritibus
3064 4432 3365 4493 exstiterint
3400 4433 3668 4501 fortiores,
3700 4438 3749 4490 in
3782 4438 3869 4492 illa

2287 4522 2721 4589 contemplativa,
2748 4536 2864 4589 quae
2914 4536 3122 4577 summe
3170 4523 3321 4578 beata
3367 4533 3873 4590 est,remunerante

2208 4589 2265 4649 D
2295 4611 2311 4649 ί
2337 4598 2447 4667 Deo
2474 4612 2601 4666 fient
2626 4613 2833 4681 angelis
2850 4614 3046 4667 sanctis
3069 4613 3318 4682 :equales,
3345 4624 3502 4684 atque
3531 4617 3583 4669 in
3609 4626 3870 4672 aeternum

2288 4720 2409 4767 cum
2455 4704 2547 4759 illo
2597 4706 2892 4775 regnabunt
2927 4707 2977 4759 in
3017 4708 3101 4761 illa
3138 4708 3349 4761 civitate
3387 4722 3617 4778 superna
3661 4710 3869 4766 felices.

2288 4798 2752 4868 ltaque,quoniam
2776 4799 2841 4854 de
2864 4798 3270 4868 contemplativa
3296 4800 3397 4854 vita
3427 4801 3479 4855 in
3503 4802 3872 4870 superioribus

2288 4894 2449 4945 multa
2484 4891 2594 4958 jam
2628 4892 2766 4946 diota
2802 4901 2957 4957 sunt,
2988 4900 3045 4946 et
3078 4892 3343 4946 secundus
3383 4892 3522 4947 liber
3556 4909 3617 4947 ea
3645 4910 3765 4962 quae
3805 4896 3878 4950 de

2287 4981 2454 5035 activa
2485 4982 2706 5035 dicenda
2743 4992 2867 5035 sunt
2902 4982 3209 5045 continebit,
3237 4982 3501 5035 sufficiant
3525 4983 3625 5037 ista
3650 4999 3766 5053 qua:
3792 4985 3879 5039 di-

2288 5075 2482 5138 ximus,
2502 5082 2558 5128 ut
2578 5074 2981 5127 consideremus
3004 5083 3057 5127 et
3083 5074 3304 5143 reliqua,
3325 5089 3441 5143 quae
3458 5074 3523 5129 de
3548 5077 3705 5131 tertio
3727 5079 3880 5145 capi-

2289 5172 2401 5227 tulo
2428 5186 2594 5240 usque
2618 5171 2681 5224 ad
2714 5169 2873 5225 finem
2914 5170 3029 5224 libri
3062 5168 3217 5237 hujus
3242 5171 3484 5239 sequenti
3514 5170 3881 5239 disputatione

2286 5262 2649 5320 tractabimus.
2694 5260 2978 5316 Videamus
3019 5274 3158 5315 nunc
3190 5270 3371 5315 utrum
3412 5262 3455 5314 is
3481 5262 3565 5316 cui
3616 5262 3881 5318 Ecclesia:

2316 5415 2485 5453 rem.

2294 5404 2755 5539 frems.Camb.,
2799 5468 2978 5536 ριεηυ
3020 5466 3253 5535 τιμάων.
3290 5465 3387 5521 Is.
3426 5466 3584 5539 Reg.,
3626 5469 3881 5538 efficitur;

2288 5540 2390 5593 alia
2420 5554 2596 5603 manu,
2628 5538 2862 5608 afficitur.

2360 5619 2384 5656 ε
2416 5610 2512 5663 Ms.
2546 5606 2701 5668 unus.
2736 5608 2981 5662 bonorum
3009 5606 3278 5677 fructibus.
3306 5607 3404 5665 Ms.
3432 5608 3591 5675 alter,
3622 5610 3881 5667 bonorum

2286 5696 2490 5733 auorum
2520 5681 2783 5748 fructibus.

2359 5749 2380 5785 ἰ
2415 5753 2535 5805 Mss.
2568 5751 2696 5813 dtto,
2726 5750 2877 5803 semel
2905 5765 2977 5802 se.

2365 5821 2372 5855 ί
2415 5822 2533 5874 λιες.
2570 5832 2697 5883 tros,
2746 5820 2960 5873 Domino
2988 5820 3140 5889 ﬁunt.
