4124 6350
350 407 449 464 ‘39

1393 394 1477 449 ne
1523 391 1680 448 VITA
1721 387 2301 446 CONTEMPLATIVA
2341 387 2467 443 LIB.
2509 374 2564 442 1.‘

3501 385 3609 448 πο

347 514 588 586 regendae
615 526 739 568 cura
768 514 1047 569 commissa
1079 520 1178 575 est,
1204 509 1629 581 contemplativac
1651 509 1774 563 vitae
1795 507 1913 563 ﬁeri
1939 507 1994 570 Α
2018 506 2336 568 extendam,
2379 520 2443 560 ac
2479 519 2538 561 se
2574 503 2769 574 passim
2800 502 3084 573 exquisitis
3105 503 3312 560 deliciis
3338 500 3354 542 ί
3385 502 3609 575 dedant,

350 608 616 678 particeps
644 606 828 672 possit.

933 695 1156 751 CAPUT
1199 695 1334 749 ΧΙΗ.

351 791 496 858 Quod
526 789 807 843 sacerdotes
844 789 1005 869 sancti
1031 787 1431 868 contemplativa
1459 787 1573 839 vita
1613 785 1721 852 ﬁeri
1765 783 1925 850 parti-

956 865 1090 926 cipes
1113 865 1326 927 possint.

428 975 472 1026 ι.
513 974 612 1038 Qui
640 972 919 1041 diligenter
943 986 1006 1026 ea
1032 988 1148 1040 qua:
1174 971 1421 1039 superius
1450 969 1516 1024 de
1551 969 1656 1021 vita
1687 975 1926 1023 contem-

350 1068 539 1136 plativa
570 1066 708 1120 dicta
735 1073 858 1120 sunt
880 1066 1206 1131 considerat,
1237 1076 1309 1130 et,
1341 1062 1690 1126 sufﬁcienter,
1723 1061 1924 1114 instru-

348 1168 462 1212 ctus
491 1158 738 1227 intelligit
755 1158 967 1227 quando
992 1168 1045 1212 et
1070 1157 1155 1210 ubi
1182 1157 1347 1224 possit
1370 1156 1486 1224 ejus
1504 1153 1760 1224 perfectio
1780 1167 1928 1205 com-

349 1250 642 1318 prehendi,
685 1265 790 1304 non
825 1250 1090 1304 dubitabit
1119 1247 1776 1316 Ecclesiarum-principes
1806 1247 1928 1298 vitae

348 1342 772 1410 contemplativa
802 1357 962 1410 posse
990 1351 1045 1395 et
1069 1342 1267 1396 debere
1296 1341 1408 1394 fieri
1442 1348 1732 1394 sectatores
1764 1355 1778 1392 :
1807 1337 1926 1407 quia

351 1434 460 1488 sive
504 1433 797 1488 secundum
849 1417 1148 1502 opinionem
1203 1431 1554 1501 quorumdam
1612 1429 1745 1484 nihil
1786 1429 1928 1482 aliud

353 1528 423 1579 sit
467 1527 567 1580 vita
600 1525 1011 1594 contemplativa
1061 1538 1218 1590 quam
1259 1521 1744 1576 rernml-tcntium
1788 1519 1925 1573 futu-

355 1633 643 1686 rarumque
674 1618 879 1684 notitia,
911 1617 1024 1670 sive
1049 1626 1071 1652 α
1097 1617 1301 1669 vacatio
1328 1617 1398 1667 ab
1426 1614 1671 1668 omnibus
1702 1628 1931 1681 occupa-

349 1711 584 1765 tionibus
614 1710 818 1772 mundi,
851 1709 964 1762 sive
1000 1707 1300 1760 divinarum
1339 1705 1571 1759 studium
1613 1705 1930 1770 litterarum,

348 1803 482 1865 sive,
512 1802 653 1869 quod
683 1801 763 1854 his
803 1798 830 1836 b
869 1800 1121 1867 probatur
1161 1813 1280 1852 esse
1311 1797 1616 1865 perfectius,
1659 1797 1769 1864 ipsa
1801 1795 1933 1848 visio

2029 615 2148 669 qua:
2178 598 2192 649 i
2231 599 2465 652 animum
2497 613 2802 668 corpusque
2831 599 3145 662 debilitant;
3173 599 3219 652 si
3245 597 3470 668 gloriam
3501 611 3610 654 nol

2028 690 2254 756 Christi,
2282 690 2375 743 sed
2404 705 2579 756 suam,
2610 690 2818 758 decepti
2846 690 2990 758 vulgi
3020 689 3284 744 adulantis
3316 690 3610 745 honoribus

2029 791 2290 852 quaram,
2340 782 2566 850 plusque
2611 782 2678 837 de
2727 797 2789 836 se
2826 783 3017 837 alienas
3065 783 3259 850 lingua:
3293 795 3451 852 quam
3496 797 3609 839 κω

2028 874 2373 929 conscientiae
2403 872 2652 935 credant;
2691 873 2734 925 si
2762 885 2922 926 omne
2947 873 3195 940 gaudium
3235 887 3390 928 suum
3419 888 3526 929 non
3553 873 3610 930 in

2029 965 2327 1018 futurorum
2371 963 2838 1027 remuneratione,
2887 978 2985 1019 nec
3032 963 3086 1018 in
3134 967 3420 1021 sanctitate
3463 967 3609 1032 vita,

2029 1055 2122 1109 sed
2169 1055 2220 1107 in
2252 1069 2346 1106 sua
2392 1061 2596 1107 tantum
2639 1052 2892 1121 dignitate
2941 1055 3285 1119 constituant,
3322 1053 3347 1091 κ
3386 1064 3439 1109 et
3477 1057 3608 1110 dum

2031 1144 2164 1198 tales
2205 1158 2326 1198 esse
2365 1145 2550 1214 quales
2588 1144 2901 1211 creduntur,
2941 1154 3142 1208 amant,
3188 1162 3462 1216 nunquam
3507 1149 3610 1204 sibi

2029 1237 2365 1307 diSpliceant,
2393 1251 2455 1292 ac
2486 1237 2756 1306 placentes
2792 1237 2892 1290 sibi
2923 1251 3030 1290 non
3071 1237 3177 1290 sint
3203 1238 3270 1292 de
3296 1253 3389 1291 sua
3435 1237 3453 1275 ι
3489 1254 3612 1294 cor-

2030 1328 2268 1383 rectione
2310 1328 2524 1382 solliciti
2562 1329 2725 1397 :quis
2767 1341 2874 1382 non
2922 1328 3210 1396 intelligat,
3267 1329 3421 1394 tales,
3465 1329 3509 1382 si
3555 1330 3608 1383 in

2033 1420 2229 1475 talibus
2260 1427 2624 1488 perseverent,
2656 1433 2754 1472 nec
2784 1433 2843 1473 se
2865 1429 2992 1473 ante
3021 1418 3182 1472 ﬁnem
3211 1421 3332 1473 vita
3369 1433 3606 1487 praesen-

2025 1513 2100 1566 tis
2144 1512 2449 1574 emendem,
2511 1511 2942 1579 contemplativa
2986 1511 3108 1563 vitas
3153 1512 3441 1580 participes
3491 1525 3613 1568 esse

2035 1617 2142 1656 non
2174 1602 2363 1670 posse?
2404 1601 2467 1654 ad
2496 1617 2654 1669 quam
2684 1615 2789 1655 non
2842 1603 3177 1668 perveniunt,
3224 1603 3328 1655 nisi
3366 1603 3456 1670 qui
3500 1609 3616 1657 stu-

2035 1693 2250 1747 duerint
2283 1705 2402 1745 esse
2436 1692 2576 1760 quod
2619 1692 2742 1745 facti
2769 1699 2923 1754 sunt;
2966 1707 3066 1746 nec
3091 1692 3339 1747 affectant
3360 1702 3397 1727 ιη
3422 1693 3614 1758 videri,

2038 1786 2131 1838 sed
2158 1798 2275 1838 csse
2297 1785 2438 1853 quod
2463 1794 2616 1847 sunt;
2655 1798 2761 1837 non
2790 1784 2981 1838 alienis
3006 1784 3274 1849 laudibus,
3311 1785 3404 1839 sed
3455 1786 3616 1840 mori-

355 1905 372 1930 ε
402 1893 526 1956 Dei;
571 1907 678 1945 non
706 1885 863 1945 video
890 1891 1016 1960 quid
1045 1889 1410 1958 impedimenti
1429 1889 1628 1942 sanctis
1648 1887 1937 1941 saccrdoti-
1966 1879 2014 1938 Β
2040 1878 2140 1930 llus
2165 1891 2275 1930 SUIS
2299 1877 2515 1939 elimii;
2558 1890 2655 1929 nec
2683 1875 2856 1930 εοΙυω
2884 1875 2950 1930 de
2975 1890 3068 1930 sua
3091 1876 3368 1944 dignitate,
3398 1876 3492 1931 sed
3525 1891 3617 1944 po-

355 1984 453 2037 bus
501 1982 671 2051 possit
717 1981 894 2036 sﬁerri
945 1983 1232 2051 quominus
1271 1981 1339 2034 ad
1383 1982 1498 2034 bare
1541 1989 1766 2050 quatuor
1815 1995 1934 2048 quat

355 2073 776 2127 commemoravi
804 2074 1132 2142 perveniant.
1185 2073 1300 2124 Duo
1328 2072 1492 2139 enim,
1526 2073 1752 2138 primum
1778 2080 1832 2125 et
1856 2073 1936 2123 ul-

353 2166 560 2230 timum,
590 2164 639 2216 id
668 2173 772 2225 est,
798 2178 976 2216 rerum
1002 2163 1278 2217 latentium
1297 2164 1694 2230 futurarumque
1723 2162 1932 2227 notitia,

353 2265 404 2310 et
426 2257 536 2322 ipsa
561 2258 696 2310 visio
717 2257 833 2324 Dei,
859 2257 1352 2326 incomparabiliter
1377 2258 1748 2326 praestantiora
1779 2267 1935 2311 erunt

353 2347 406 2399 in
451 2347 535 2398 illa
577 2348 680 2400 vita
729 2347 880 2401 beata
924 2363 1081 2416 quam
1127 2349 1180 2402 in
1228 2350 1346 2413 ista,
1391 2349 1616 2402 diversis
1660 2349 1936 2404 erroribus

357 2439 644 2506 implicata,
673 2441 1104 2510 quandoquidem
1133 2451 1242 2495 tam
1270 2458 1446 2496 rerum
1479 2443 1718 2496 omnium
1747 2443 1935 2496 notitia

356 2546 513 2600 quam
541 2533 652 2601 ipsa
679 2532 771 2586 Dei
800 2534 1096 2587 substantia
1127 2535 1281 2601 plene
1310 2549 1373 2587 ac
1399 2535 1630 2602 perfecte
1654 2534 1936 2588 videbitur.

363 2627 475 2679 Duo
503 2635 680 2680 autem
721 2625 916 2688 media,
950 2626 1280 2681 vacationem
1324 2627 1570 2684 videlicet
1599 2627 1672 2681 ab
1695 2628 1941 2682 omnibus

357 2718 793 2787 occupationibus
836 2720 1054 2783 mundi,
1100 2729 1154 2774 et
1199 2721 1504 2774 divinarum
1542 2721 1775 2774 studium
1807 2721 1942 2775 litte-

359 2828 570 2877 rarum,
609 2813 768 2865 etiam
799 2812 882 2865 hic
915 2823 1138 2880 possunt
1166 2816 1360 2868 habere
1392 2813 1702 2882 pontiﬁces;
1738 2814 1834 2868 sed
1866 2814 1941 2868 illi

360 2905 447 2970 qui
476 2917 538 2957 se
565 2903 631 2958 ab
656 2905 904 2957 omnibus
931 2905 1342 2973 implicamentis
1369 2907 1701 2974 negotiorum
1722 2907 1942 2960 sa‘culao

361 2996 498 3050 rium
550 3006 926 3060 removentes,
974 3012 1077 3051 non
1125 3009 1340 3068 torpent
1379 3001 1511 3065 otia,
1553 2999 1644 3052 sed
1694 3001 1944 3052 insistunt

367 3088 712 3156 perfectionis
750 3103 859 3142 suae
906 3091 1150 3157 negotio,
1195 3099 1252 3143 et
1295 3092 1362 3142 ab
1403 3090 1624 3144 stultitia
1668 3092 1944 3157 sapientia!

365 3176 638 3231 saecularis
679 3178 888 3242 aversi,
936 3177 1100 3232 verbo
1143 3178 1236 3231 Dei
1285 3179 1681 3247 infatigabilitcr
1735 3191 1942 3246 vacant,

363 3267 634 3336 sapientes
665 3269 931 3322 veraciter
967 3271 1130 3333 fiunt,
1169 3270 1409 3325 caelestia
1455 3273 1689 3339 sapiunt,
1736 3282 1944 3327 terrena
1976 3254 2020 3316 C

364 3360 685 3430 despiciunt,
705 3360 1136 3415 contradicentes
1155 3376 1298 3415 sana:
1321 3361 1577 3415 doctrinm
1600 3362 1943 3431 redarguunt,

368 3454 686 3509 obedientes
712 3451 737 3490 ἀ
767 3455 1071 3519 instituunt,
1104 3456 1304 3510 sanctis
1332 3455 1635 3520 virtutibus,
1669 3455 1860 3522 quibus
1892 3457 1944 3509 in

289 3546 300 3551 ’
369 3547 486 3602 dies
530 3547 769 3616 singulos
814 3547 944 3599 ﬁant
985 3547 1093 3601 Deo
1133 3548 1561 3616 propinquiorcs,
1597 3547 1946 3613 incumbunt,

370 3649 393 3675 ο
421 3647 474 3692 et
499 3648 604 3691 tam
631 3640 741 3693 suis
771 3653 926 3706 quam
952 3639 1188 3691 omnium
1219 3639 1308 3707 qui
1342 3635 1360 3674 τ
1390 3653 1482 3707 per
1501 3652 1593 3691 eos
1617 3638 1947 3704 erudiuntur,

369 3729 700 3798 profectibus
727 3730 874 3792 clari,
905 3729 989 3782 llic
1015 3728 1224 3797 quidem
1254 3728 1397 3781 velut
1429 3737 1636 3795 gustum
1667 3729 1949 3798 quemdam

370 3819 797 3889 contemplativa?
831 3819 983 3886 vita},
1026 3835 1130 3889 quo
1177 3819 1240 3872 ad
1281 3835 1395 3874 eam
1431 3818 1718 3874 ferventius
1763 3836 1953 3889 provo-

372 3927 579 3983 ccntur,
624 3917 922 3986 accipiunt;
963 3917 1055 3971 sed
1100 3916 1168 3969 ibi
1211 3917 1319 3984 jam
1369 3917 1420 3970 in
1472 3926 1728 3970 aeternum
1772 3917 1953 3971 felices

375 4009 576 4073 eﬂ'ecti,
601 4009 667 4063 dc
691 4008 807 4076 ejus
836 4007 1162 4077 perfectione
1184 4007 1514 4076 gaudebunt.
1538 4007 1766 4062 Proinde
1793 4019 1817 4055 Β
1850 4024 1954 4062 non

375 4101 661 4164 inﬂantur,
711 4101 833 4170 quia
875 4100 962 4154 hic
1007 4100 1247 4152 omnium
1291 4099 1523 4152 fidelium
1572 4099 1956 4153 catholicorum

373 4194 709 4248 honorantur
739 4200 794 4246 ut
830 4192 1032 4260 capita;
1075 4189 1168 4243 sed
1211 4190 1456 4243 laetantur
1498 4189 1692 4257 potius,
1722 4188 1842 4256 quia
1885 4189 1958 4242 ibi

375 4285 614 4356 Qttristi,
662 4285 750 4352 qui
800 4293 884 4338 est
933 4283 1270 4336 sacerdotum
1333 4295 1394 4333 ae
1437 4279 1672 4332 ﬁdelium
1721 4279 1957 4332 omnium

375 4386 562 4445 caput,
598 4374 823 4428 clariora
864 4371 1100 4426 membra
1142 4370 1302 4423 futuri
1345 4379 1485 4422 sunt.

448 4466 498 4522 ‘2.
546 4463 570 4501 *ι
598 4467 668 4519 At
699 4467 742 4520 si
771 4464 934 4535 (quod
960 4462 1119 4532 absit)
1147 4462 1495 4516 szecularibns
1521 4462 1745 4529 negotiis
1774 4461 1957 4530 impli-

377 4561 520 4626 cati,
567 4558 852 4613 fundorum
905 4556 1160 4611 terminos
1207 4555 1324 4609 sine
1383 4555 1610 4609 termino
1657 4554 1959 4611 cupiditatis

455 4743 480 4770 ι
509 4731 643 4787 Edd.
673 4731 831 4784 Duae.
867 4738 922 4783 et
947 4728 1155 4788 Colon.,
1188 4727 1404 4781 vacatio.

455 4803 480 4840 ι)
511 4804 606 4857 Ms.
634 4802 784 4856 Coll).
815 4815 970 4860 unus,
1000 4800 1133 4864 Quod
1161 4797 1239 4849 Itis
1269 4807 1359 4850 est.

460 4885 480 4911 ε
516 4873 643 4927 Mss.
679 4882 806 4935 tres,
837 4868 1060 4931 Domini,
1086 4878 1139 4921 et
1170 4868 1245 4920 sic
1275 4866 1430 4934 paulo
1461 4864 1614 4918 infra.
1659 4863 1663 4868 “

456 4941 480 4978 ἀ
513 4947 641 4996 Mss.
667 4943 791 5003 duo,
822 4941 1095 4991 instruunt.

461 5025 482 5050 ο
514 5014 601 5067 Sic
632 5028 758 5065 mss.
803 5025 990 5063 omnes
1019 5021 1140 5061 cum
1165 5006 1329 5075 Lugd.
1365 5006 1431 5059 At
1461 5003 1609 5070 editi,
1637 5003 1714 5057 illi
1744 5003 1830 5074 qui
1862 5013 1961 5056 tam

385 5102 510 5139 συιδ.
1310 5125 1321 5134 .

467 5154 484 5191 ί
525 5153 662 5208 Edit.
687 5152 902 5215 Colon.,
925 5149 1055 5202 inter
1079 5164 1182 5202 eos.
1215 5146 1311 5200 Ms.
1334 5160 1471 5200 unus
1497 5147 1657 5215 paulo
1681 5154 1819 5214 post,
1850 5158 1966 5210 pro-

389 5225 630 5280 restibus.

465 5307 488 5341 ε
521 5295 682 5357 Editi,
709 5291 920 5364 proinde
934 5306 1083 5364 _t'ero.

463 5365 490 5400 δ
522 5367 660 5419 Edit.
694 5359 882 5432 I'.ugd.,
925 5359 993 5413 Et
1031 5363 1094 5414 si.
1155 5361 1221 5414 Et
1248 5359 1404 5428 paulo
1429 5364 1548 5426 post
1576 5368 1704 5409 mss.
1738 5362 1964 5422 septem,

393 5435 662 5505 implicati.
698 5434 856 5505 Editi,
884 5432 1136 5505 impliciti.
1294 5500 1302 5505 _
1444 5497 1454 5505 Δ
1479 5497 1508 5505 __
1673 5493 1682 5505 ,
1831 5496 1843 5505 _
1867 5493 1898 5505 ,,

477 5506 490 5542 ί
526 5505 626 5559 Ms.
655 5519 810 5564 unus,
845 5493 1049 5555 la'dont.
1079 5504 1246 5565 Alter,
1270 5500 1405 5552 dent.
1431 5497 1597 5558 Alius,
1624 5493 1792 5548 edant.
1819 5493 1968 5548 Alius

398 5592 548 5637 vero,
577 5578 751 5627 ditent.

476 5649 487 5694 i
532 5645 655 5698 Mss.
686 5643 789 5697 duo
812 5642 984 5705 Colb.,
1019 5643 1259 5694 animam.

474 5715 499 5751 ιι
529 5715 622 5785 Sic
648 5729 776 5785 mss.
827 5703 1233 5785 quatuorj‘Reg.
1270 5711 1398 5785 d_u_o,
1432 5716 1483 5785 et
1512 5703 1661 5785 Cole
1694 5706 1821 5785 duo,
1849 5720 1968 5758 cum

403 5787 532 5841 edit.
565 5775 968 5852 Lugdunq'quu:
997 5782 1143 5836 addit
1185 5775 1262 5836 3e.
1299 5781 1423 5852 Mss.
1452 5777 1554 5832 duo
1579 5777 1694 5837 alii,
1717 5775 1864 5852 ΔιαΙεδ
1895 5792 1967 5852 se,

407 5857 598 5927 quales,
627 5846 730 5910 ciC.
763 5846 901 5907 Edili
936 5868 1058 5907 vero
1091 5854 1247 5906 Duae.
1284 5861 1333 5905 et
1360 5851 1570 5913 Colon.,
1603 5847 1814 5901 necdum
1846 5846 1969 5899 tales

2038 1970 2142 2023 tius
2169 1970 2235 2022 de
2264 1967 2610 2022 sacerdotalis
2634 1967 2756 2021 vitae
2782 1974 2808 2002 η
2833 1966 3111 2020 nobilitate
3134 1967 3408 2035 conspicui
3464 1985 3475 2017 :
3525 1967 3616 2035 qui

2038 2071 2160 2113 sunt
2207 2075 2312 2113 non
2340 2058 2699 2128 appellatione
2738 2065 2935 2129 tenus,
2963 2057 3058 2111 sed
3087 2057 3285 2111 virtute
3317 2059 3617 2126 pontiﬁces,

2036 2151 2160 2204 vitae
2185 2151 2617 2219 contemplativa
2636 2164 2880 2217 capaces,
2904 2159 2956 2204 et
2976 2149 3292 2218 gaudiorum
3319 2149 3619 2205 celestium

2038 2242 2365 2298 coheredes.

2626 2353 2851 2409 CAPUT
2890 2352 3027 2406 XIV.

2047 2468 2141 2521 (’bi
2166 2468 2360 2521 locutor
2390 2484 2441 2520 se
2471 2475 2674 2520 excusat
2703 2463 3105 2588 quofufcclesim
3149 2464 3416 2535 magistros
3445 2463 3620 2518 docere

2672 2551 2771 2588 non
2897 2545 2996 2587 eat.

2672 2551 2771 2589 non
2793 2545 2996 2588 audeat.

2116 2673 2194 2726 Ac
2225 2687 2292 2725 ne
2323 2679 2346 2706 ο
2387 2669 2616 2738 cuipiam
2651 2684 2806 2723 meus
2835 2683 3012 2722 sermo
3047 2677 3498 2736 przesumptuosus
3532 2684 3623 2737 ap-

2047 2774 2262 2834 pareat,
2297 2763 2340 2816 si
2381 2763 2564 2832 Quales
2605 2777 2708 2815 non
2751 2775 2872 2815 esse
2908 2759 2988 2814 vel
3021 2774 3139 2813 esse
3176 2757 3403 2813 debeant
3439 2773 3624 2813 omnes

2045 2855 2352 2909 sacerdotes
2383 2862 2409 2900 ιτ
2439 2850 2720 2914 ostendat;
2757 2863 2860 2903 non
2903 2848 3247 2918 generaliter,
3292 2849 3384 2902 sed
3415 2848 3480 2902 de
3521 2863 3624 2902 uno

2047 2949 2173 3002 mihi
2230 2947 2382 3000 video
2412 2960 2530 2999 esse
2561 2944 2842 2997 dicendum
2862 2983 2874 3005 ,
2909 2951 2961 2995 ct
2983 2941 3048 2995 de
3092 2952 3143 2995 te
3174 2941 3509 3009 potissimum
3539 2957 3611 3010 qu

2051 3043 2150 3094 hoc
2203 3039 2331 3091 mihi
2379 3048 2404 3086 (ι
2456 3037 2618 3105 (pace
2669 3044 2755 3088 tua
2808 3032 3066 3100 dixerim)
3116 3041 3318 3086 temere
3370 3031 3627 3100 delcgasti

2052 3129 2331 3198 periculosi
2376 3127 2639 3181 sermonis
2679 3126 2935 3179 ofﬁcium.
2978 3123 3084 3177 Nec
3135 3122 3402 3191 incognita
3444 3122 3626 3189 vobis,

2052 3221 2146 3275 sed
2178 3221 2368 3272 usitata
2398 3219 2570 3272 debeo
2591 3215 3067 3284 comprehendere,
3092 3230 3210 3283 quze
3233 3216 3465 3268 solemus
3493 3216 3628 3270 inter

2053 3327 2149 3362 nos
2192 3317 2373 3362 mutua
2403 3306 2833 3360 confabulatione
2861 3303 3126 3357 conferre.
3161 3303 3364 3370 Quibus
3396 3305 3628 3358 breviter

2052 3399 2350 3465 declaratis,
2377 3412 2478 3450 non
2507 3404 2631 3464 puto
2660 3395 2799 3462 quod
2831 3394 3144 3447 relationem
3174 3407 3370 3456 meam,
3405 3403 3423 3428 τ
3462 3393 3629 3462 rttagis

2054 3507 2208 3556 quam
2242 3489 2652 3557 disputationem
2697 3487 2973 3554 qui~quam
3011 3483 3154 3552 juste
3199 3484 3369 3550 possit
3403 3483 3629 3550 alicujus

2056 3580 2366 3636 temeritatis
2396 3572 2651 3646 arguere;
2691 3575 2838 3645 quasi
2870 3582 3046 3642 patres
3076 3587 3224 3626 meos
3262 3571 3486 3626 audeam
3529 3571 3629 3625 do-

2055 3691 2195 3738 cere,
2224 3672 2258 3726 'a
2283 3671 2475 3742 quibus
2505 3685 2745 3724 normam
2775 3665 2987 3722 vivendi
3011 3667 3251 3736 accipere
3274 3681 3388 3720 sum
3414 3671 3630 3736 paratus

2053 3777 2104 3820 et
2135 3766 2359 3820 discere.

2654 3847 2876 3909 CAPUT
2915 3849 3029 3908 XV.

2059 3975 2136 4028 De
2176 3972 2478 4042 negligentia
2519 3970 2792 4024 sacerdotis
2836 3969 2956 4038 qui,
3014 3966 3258 4042 doctrina:
3295 3979 3402 4042 stne
3433 3963 3632 4042 agendo

2131 4035 2381 4096 contraria
2400 4083 2413 4105 ,
2443 4055 2710 4110 personam
2745 4035 2856 4091 non
2883 4045 3045 4106 potest
3077 4037 3285 4102 implere
3313 4035 3557 4088 doctoris.

2133 4182 2370 4236 Rccolite
2392 4193 2518 4247 ergo
2539 4184 2736 4246 quanta
2764 4183 2819 4228 et
2838 4173 3034 4242 qualia,
3052 4185 3136 4224 me
3158 4169 3406 4223 audiente
3425 4175 3446 4202 ³
3473 4175 3635 4234 atque

2063 4275 2354 4346 probante,
2387 4272 2564 4324 dicere
2590 4267 2810 4320 soleatis
2833 4265 2900 4318 de
2929 4260 3390 4316 administratione
3420 4257 3636 4326 pontiﬁs

2064 4371 2161 4429 cis,
2183 4365 2270 4434 qui
2295 4360 2474 4431 populi
2503 4359 2604 4414 sibi
2632 4355 2904 4412 commissi
2931 4367 3062 4408 cura
3091 4349 3385 4420 posthabita
3403 4388 3417 4411 ,
3444 4347 3636 4401 arden-

2067 4462 2169 4513 tius
2226 4458 2360 4511 bona
2422 4451 2702 4523 praesentia
2757 4446 3029 4502 desiderat
3096 4456 3253 4512 quam
3306 4441 3521 4503 futura;
3586 4447 3639 4494 ct

2066 4553 2259 4607 oblitus
2289 4546 2428 4617 quem
2458 4561 2564 4600 non
2612 4541 2783 4597 solum
2813 4539 2884 4594 de
2909 4551 2968 4592 se
2990 4578 3004 4604 ,
3035 4535 3130 4590 sed
3171 4534 3329 4588 etiam
3370 4531 3438 4585 de
3479 4544 3640 4599 grege

1983 4727 2038 4786 D
2063 4740 2167 4778 esse
2197 4739 2249 4774 se
2281 4723 2452 4790 quales
2481 4717 2756 4771 creduntur
2780 4718 2968 4790 ament.

2144 4773 2158 4829 ί
2197 4773 2270 4845 ita
2294 4773 2425 4844 'mss.
2463 4802 2645 4842 omnes
2671 4798 2791 4838 cum
2840 4777 3006 4848 Lugd.
3043 4773 3206 4829 Duae.
3241 4783 3290 4828 et
3333 4773 3543 4841 Colon.,
3581 4776 3641 4832 de

2066 4880 2157 4917 sua
2181 4865 2340 4914 salute
2363 4870 2406 4912 et
2433 4859 2755 4911 correctione.

2139 4909 2667 4986 'iféicimssromnes
2693 4936 2812 4975 cum
2841 4917 3008 4988 Lugd.
3034 4917 3197 4971 Duae.
3227 4925 3282 4970 et
3310 4909 3520 4980 Colon.,
3570 4917 3643 4968 ri-

2069 5004 2175 5054 deri
2197 5017 2300 5053 essc
2322 4999 2454 5067 quod
2484 5001 2746 5067 nonsunt.

2141 5081 2167 5106 ιι
2194 5074 2282 5124 Sic
2333 5055 2460 5121 iuss.
2491 5065 2646 5120 Colb.
2683 5071 2909 5131 quatuor
2935 5071 3054 5114 cum
3091 5055 3331 5123 Lugdun.
3381 5068 3432 5110 et
3477 5055 3639 5109 Duac.

2075 5141 2285 5198 Colon.,
2319 5138 2648 5190 notabilitnte.

2146 5221 2170 5246 ο
2204 5211 2326 5263 Mss.
2355 5210 2460 5260 duo
2483 5207 2634 5260 Colb.
2666 5213 2720 5258 et
2745 5202 2959 5262 Colon.,
2990 5201 3240 5267 cuiquam.

2143 5293 2167 5328 Ι)
2196 5280 2290 5333 Ms.
2317 5277 2466 5332 Colb.
2497 5291 2654 5337 unus,
2689 5274 2967 5327 ostendam.

2146 5360 2173 5400 ει
2201 5351 2295 5403 Ms.
2322 5364 2480 5408 unus,
2510 5356 2562 5398 nt
2593 5355 2677 5398 tua
2704 5361 2826 5413 pare
2854 5341 3088 5413 dixerim.

2148 5433 2167 5456 ι·
2201 5400 2586 5473 inﬁmitate.
2613 5400 2719 5468 uno
2750 5425 2802 5466 ct
2829 5412 3004 5478 Regiis
3032 5407 3236 5461 duobus
3273 5403 3467 5478 desunt
3500 5400 3642 5465 haec,

2077 5472 2250 5561 magis
2287 5472 2433 5561 quam
2475 5472 3066 5561 disputationem.:Edit.
3132 5489 3256 5554 vero
3305 5472 3646 5561 Lugduzct‘t‘m

2076 5542 2730 5616 ili—idibus'Colbet't.'mss.,
2764 5552 3060 5606 relationem
3089 5544 3249 5615 magis
3291 5559 3444 5613 quam
3469 5542 3646 5611 dispu-

2078 5635 2315 5686 tationem
2345 5647 2524 5692 meam,
2553 5639 2606 5679 et
2641 5635 2817 5694 postea
2848 5619 3006 5681 editi,
3041 5625 3222 5694 posset.

2155 5675 2865 5754 ξςνῑξάῑιῖῡῑέέςέ.’έιϊίςιδη,
2893 5675 3006 5755 ιμιιέ
3036 5675 3484 5755 βτοιναηιε-τιπη·
3514 5694 3649 5737 ⁸⁸³⁵⁸·

2080 5773 2205 5836 (luo,
2238 5771 2490 5825 solebatis.
