4124 6350
520 384 621 441 £31

1826 371 2087 429 JULIANI
2125 371 2406 428 POMEBII

3676 376 3780 433 452

521 497 623 554 sibi
644 494 845 552 credito
866 491 1125 548 rationem
1155 486 1358 542 Pastori
1385 497 1653 553 pastorum
1675 484 1913 538 omnium
1939 492 1964 520 ι
1984 482 2099 537 red-
2126 490 2180 547 Α
2209 484 2443 540 Ecclesia
2471 526 2487 552 ,
2534 502 2654 555 qua:
2681 485 2828 540 velut
2872 486 3022 540 navis
3067 500 3255 554 magna
3284 501 3376 554 per
3404 502 3549 541 mare
3597 490 3779 546 mundi

522 589 644 654 dat,
680 601 775 642 sua
812 593 1135 650 suorumque
1181 578 1501 633 detrimenta
1537 593 1642 630 non
1679 575 1913 645 cogitat:
1937 589 2096 644 quem

523 697 630 737 non
652 676 1069 745 delinquentium
1096 680 1309 741 peccata
1327 670 1665 731 contristent,
1692 682 1790 722 nec
1816 666 2099 735 prolicien-

522 775 654 826 tium
688 772 823 825 bona
855 765 1156 829 lzetiticant;
1203 763 1296 817 sed
1328 762 1394 815 dc
1426 777 1483 814 se
1508 771 1740 823 tantum,
1788 760 2099 828 plerumque

522 875 698 919 autem
729 874 828 914 nec
853 858 921 912 de
948 872 1007 912 se
1039 857 1259 909 omnino
1284 854 1573 915 sollicitus,
1602 851 1727 919 quid
1756 866 1783 903 a
1811 851 1921 904 suis
1971 848 2097 903 boni

520 959 715 1013 malive
743 964 980 1025 geratur,
1027 954 1236 1021 ignorat
1271 970 1280 1002 :
1315 952 1403 1019 qui
1438 965 1543 1003 non
1573 947 1823 1017 pra-dicat
1852 961 2099 1016 perseve-

517 1051 747 1108 rantiam
787 1049 975 1119 justis,
1009 1044 1375 1115 paenitentiam
1399 1040 1426 1080 δ
1469 1041 1682 1111 pravis,
1734 1048 2096 1109 contemptum

520 1142 701 1198 mundi
750 1141 1067 1203 conversis,
1118 1136 1322 1190 futuras
1349 1150 1532 1204 poenas
1571 1133 1802 1197 aversis;
1847 1132 1937 1202 qui
1992 1147 2097 1185 non

519 1242 699 1303 potest
753 1232 933 1286 dicere
989 1227 1447 1296 contemptoribus
1492 1223 1866 1278 admonitionis
1912 1237 2022 1277 sua:
2083 1240 2095 1275 :

521 1326 779 1380 Futurum
825 1323 1055 1390 cogitate
1097 1332 1119 1359 ο
1160 1319 1450 1388 judicium,
1505 1318 1645 1386 quod
1676 1318 1787 1386 ipse
1820 1316 1955 1369 forte
1992 1330 2099 1370 non

521 1420 747 1487 cogitat;
773 1415 1098 1469 amatoribus
1121 1412 1305 1467 mundi
1337 1427 1352 1464 :
1377 1411 1549 1465 Nolite
1569 1409 1792 1477 diligere
1817 1408 2095 1474 mundum,

522 1512 567 1565 si
592 1525 713 1565 eum
738 1507 919 1563 mundi
956 1521 1109 1559 amor
1153 1504 1413 1566 oblectat;
1450 1500 1744 1555 ambitiosis
1770 1516 1781 1551 :
1807 1499 2099 1554 Ambitioni

523 1599 550 1638 ἀ
574 1602 732 1655 linem
762 1595 1102 1665 imponite,si
1133 1609 1253 1648 eum
1281 1593 1500 1647 ambitio
1527 1592 1744 1646 ruinosa
1773 1590 2093 1660 praecipitat;

522 1691 780 1767 ebriosis:
818 1700 840 1726 θ
880 1687 1205 1743 Ebrietatem
1234 1694 1446 1751 cavete,
1478 1686 1521 1737 si
1552 1698 1611 1738 se
1656 1698 1806 1737 mero
1834 1696 1999 1751 usque
2029 1681 2096 1736 ad

519 1782 892 1837 alienationem
921 1779 1114 1833 mentis
1150 1779 1455 1846 ingurgitat.
1491 1775 1832 1845 Sumptuosis
1870 1774 2096 1843 dapibus

2204 580 2360 649 hujus
2384 580 2646 649 enavigat,
2679 594 2797 648 quae
2825 578 3049 633 diversis
3078 579 3425 633 teutationum
3450 578 3695 634 ﬂuctibus
3728 584 3778 639 in

2203 675 2304 729 hac
2347 676 2453 728 vita
2499 673 2876 739 contunditur,
2909 688 3027 741 qua:
3075 672 3468 726 immundurum
3498 674 3778 740 spirituum

2204 765 2665 835 persecutionibus
2685 764 2829 819 velut
2853 764 3165 832 quibusdam
3192 765 3503 831 procellosis
3528 764 3779 822 ﬂuctibus

2203 858 2256 912 in
2282 858 2492 912 diversa
2515 856 2763 925 jactatur,
2800 871 2919 926 quae
2944 855 3314 910 scandalorum
3344 856 3589 911 caulibus
3620 858 3780 913 vado-

2200 949 2274 1004 sis
2296 948 2542 1014 illiditur,
2568 963 2689 1017 qua:
2714 955 2742 983 ιι
2769 946 2914 1002 velut
2944 961 3137 1016 aggere
3162 961 3339 1000 arena:
3367 947 3637 1015 gravantis
3658 950 3775 1003 ci‘n-

2200 1042 2364 1111 gitur,
2396 1056 2502 1095 non
2534 1039 2882 1109 relinquenda
2912 1048 3027 1103 est,
3054 1038 3148 1093 sed
3189 1038 3421 1107 regenda
3453 1055 3610 1108 :qure
3639 1041 3779 1096 sicut

2201 1147 2389 1187 omnes
2411 1147 2544 1202 quos
2575 1132 2740 1195 vehit,
2775 1130 3020 1199 perducit
3044 1130 3335 1185 incolumes
3356 1130 3729 1200 gubernatoris
3751 1141 3777 1169 °

2199 1225 2468 1294 vigilantia
2498 1225 2789 1294 gubernata
2808 1264 2822 1289 ,
2853 1224 2924 1277 ita
2966 1238 3073 1277 non
3103 1224 3275 1277 solum
3307 1238 3495 1278 omnes
3525 1238 3657 1293 quos
3684 1226 3778 1279 ha-

2198 1318 2309 1384 bet,
2326 1318 2421 1373 sed
2449 1318 2610 1372 etiam
2636 1318 2806 1386 ipsum
2826 1317 3235 1387 gubernatorem
3268 1316 3477 1385 perdet,
3501 1316 3777 1374 submersa

2200 1410 2448 1466 ﬂuctibus
2478 1418 2571 1464 aut
2608 1410 2800 1465 soluta.

2776 1499 3000 1556 CAPUT
3040 1499 3200 1554 XVII.

2202 1593 2300 1649 Ubi
2327 1594 2535 1647 anxium
2557 1592 2691 1662 quod
2722 1591 3006 1645 Ecclesium
3029 1608 3122 1664 nec
3152 1594 3458 1659 relinquere,
3492 1610 3581 1646 nec
3609 1609 3777 1664 regere

2269 1666 2730 1788 possit,lprovocat,
2762 1662 3079 1733 suggerendo
3127 1664 3262 1731 quod
3292 1680 3402 1717 eam
3430 1665 3611 1719 melius
3640 1662 3777 1736 regat

2266 1752 2446 1789 exemp
2471 1751 2521 1788 ο.

2415 1752 2521 1805 ριο.

524 1873 544 1912 τ
571 1874 787 1936 crudus,
808 1886 913 1925 non
937 1878 1112 1939 potest
1132 1870 1242 1923 suis
1271 1867 1644 1922 abstinentiam
1670 1866 1909 1930 laudare,
1932 1881 2093 1937 quam
2125 1856 2173 1918 B
2270 1867 2396 1923 Haec
2441 1877 2601 1937 atque
2629 1879 2657 1918 P
2694 1866 3063 1937 hujuscemodi
3104 1880 3190 1921 me
3218 1878 3605 1936 prosequente,
3653 1884 3776 1937 per-

519 1966 719 2027 caleat;
738 1965 869 2018 vitio
890 1961 1195 2031 cupiditatis
1211 1960 1476 2025 addictus,
1496 1959 1703 2027 cupidis
1729 1974 1967 2014 amorem
1992 1974 2099 2015 non

520 2066 697 2128 potest
723 2055 1035 2111 dissuadere
1067 2054 1336 2123 pecunia};
1372 2052 1766 2106 inimicitiarum
1792 2061 1973 2116 tenax,
1993 2067 2101 2107 non

520 2149 736 2204 audebit
755 2146 960 2200 animos
981 2142 1357 2199 dissidentium
1375 2142 1696 2197 sacerdotali
1724 2141 2102 2210 tranquillitate

523 2255 876 2310 componere;
905 2237 1165 2308 justitiam
1196 2236 1493 2304 praedicare
1519 2235 1786 2305 judicibus
1811 2235 2098 2301 erubescit,

522 2347 679 2403 quam
720 2333 833 2401 ipse
877 2344 1116 2399 personre
1164 2328 1393 2396 potentis
1422 2325 1603 2381 favore
1640 2326 1966 2395 corrumpit;
1999 2340 2101 2382 nec

522 2425 762 2483 defendit
799 2437 1105 2494 oppressos,
1131 2422 1175 2475 si
1200 2435 1459 2490 personas
1489 2428 1579 2473 aut
1602 2418 1849 2486 honorat,
1887 2428 1979 2474 aut
2008 2421 2102 2475 de-

522 2520 707 2591 spicit;
736 2530 788 2575 et
817 2516 1069 2588 quidquid
1097 2515 1221 2571 boni
1254 2531 1358 2569 non
1388 2514 1512 2569 facit
1533 2523 1625 2568 aut
1647 2514 1769 2568 mali
1793 2514 2098 2584 committit,

521 2627 620 2667 nec
662 2610 917 2680 Ejubehit
970 2608 1120 2675 ﬁeri,
1172 2622 1271 2661 nec
1324 2606 1524 2661 vetabit
1571 2606 1691 2677 quia
1746 2608 2099 2662 necessariam

520 2699 550 2743 ιι
572 2703 794 2760 docendi
819 2702 1188 2757 auctoritatem
1214 2698 1589 2754 contrarietate
1615 2713 1725 2752 sua:
1755 2698 1983 2753 actionis
2010 2704 2102 2752 aut

522 2796 740 2863 amittit,
771 2803 863 2849 aut
892 2793 1103 2846 minuit.

1106 2880 1332 2936 CAPUT
1375 2880 1514 2935 XVI.

525 2976 690 3043 Quale
719 2972 1003 3043 periculum
1036 2980 1237 3024 utaneat
1266 2987 1349 3024 eos
1377 2972 1463 3040 qui
1502 2968 1788 3043 Ecclesium
1815 2970 1908 3023 sibi
1938 2972 2103 3025 credi-

590 3057 694 3099 tam
720 3041 796 3098 νει
821 3045 1107 3113 relinquere
1125 3044 1317 3107 volunt,
1354 3044 1429 3095 vel
1450 3051 1654 3096 strenue
1676 3041 1955 3111 gubernare
1980 3059 2102 3096 con-

594 3126 845 3171 temnunt.

593 3252 718 3306 Haec
753 3260 913 3320 atque
944 3249 1027 3303 his
1069 3248 1260 3302 similia
1299 3257 1658 3303 memorantes
1705 3247 1719 3285 ί
1764 3250 2101 3319 episcopatus

520 3359 616 3399 vos
663 3342 865 3411 accepti
923 3340 1172 3410 paenituit
1213 3358 1224 3392 :
1277 3341 1398 3410 qui,
1429 3340 1563 3395 sicut
1612 3340 2100 3400 administraturem

518 3449 673 3490 suum
700 3473 716 3499 ,
767 3432 810 3485 si
843 3432 857 3481 i
899 3431 1064 3499 probe
1094 3429 1515 3497 administretur,
1548 3431 1819 3498 illustrat,
1851 3436 1920 3487 ita
1973 3450 2100 3490 con-

520 3532 836 3593 temptorem
883 3536 1036 3576 suum
1064 3521 1407 3576 condemnat.
1439 3521 1683 3592 Denique
1711 3524 1954 3579 volentes
2001 3526 2101 3581 Ec-

517 3618 733 3673 clesiam
764 3614 913 3670 vobis
953 3613 1254 3679 creditam,
1302 3614 1446 3668 velut
1477 3614 1709 3683 impares
1752 3615 1801 3669 ei
1852 3617 2099 3686 regendae

517 3712 790 3765 dimittere
813 3750 828 3773 ,
883 3720 1043 3775 atque
1072 3709 1123 3760 in
1157 3708 1386 3775 aliquam
1417 3708 1758 3762 solitudinem
1782 3707 1806 3745 ¹ι
1841 3726 1947 3763 non
1991 3720 2096 3765 tam

516 3803 693 3857 studio
723 3800 917 3870 quietis
942 3814 1101 3867 quam
1124 3798 1290 3867 ipsius
1319 3796 1480 3851 ofﬁcii
1511 3802 1676 3853 vestri
1718 3800 2098 3870 desperatione

517 3892 795 3956 secedere,
819 3889 962 3943 nulla
984 3903 1071 3943 res
1098 3889 1200 3941 alia
1222 3888 1374 3942 vobis
1396 3888 1571 3958 exegit
1601 3890 1654 3943 in
1678 3892 1869 3945 melius
1891 3902 2097 3950 mutare

517 3983 831 4048 consilium,
884 3980 984 4036 nisi
1026 3981 1165 4051 quod
1195 3980 1351 4035 veriti
1380 3980 1509 4036 esus
1544 3982 1836 4051 periculum
1876 3983 1892 4021 1
1925 3988 2095 4056 majus

515 4077 832 4132 incurrere:
866 4074 1115 4143 quoniam
1148 4073 1194 4127 si
1236 4073 1593 4142 periculosum
1631 4086 1711 4129 est
1740 4078 1912 4131 navim
1956 4079 2096 4135 inter

516 4168 706 4221 ﬂuctus
731 4174 885 4221 caute
907 4180 1012 4219 non
1037 4180 1244 4234 regere,
1276 4174 1475 4233 quanto
1501 4167 1850 4235 periculosius
1873 4180 1954 4225 est
1975 4187 2093 4227 eam

514 4260 673 4313 undis
724 4257 1207 4312 intumescentibus
1274 4256 1619 4313 ﬂuctuantem
1681 4260 1734 4314 in
1782 4271 2094 4331 tempestate

513 4352 850 4421 relinquere?
874 4351 954 4405 Ad
976 4366 1134 4420 quam
1156 4351 1293 4404 sicut
1308 4360 1348 4387 ω
1365 4352 1532 4406 satius
1548 4360 1631 4407 est
1654 4368 1757 4407 non
1776 4358 2086 4426 ascendere,

515 4444 588 4498 ita
624 4443 789 4497 semel
816 4455 1117 4511 susceptam
1146 4443 1395 4497 convenit
1421 4445 1727 4499 ﬂuctuantis
1764 4448 1931 4516 pelagi
1965 4466 2091 4518 pro-

514 4534 651 4606 lecta
684 4534 986 4599 lormidine,
1015 4549 1077 4587 ac
1102 4548 1197 4603 spe
1227 4536 1571 4603 perveniendi
1602 4549 1888 4608 concepta,
1921 4559 2091 4614 usque

2203 1959 2331 2013 moti
2382 1958 2617 2028 graviter
2641 1957 2995 2027 ingemuistis,
3020 1972 3115 2012 vos
3161 1958 3214 2011 in
3254 1972 3372 2011 eam
3405 1958 3777 2015 necessitatem

2202 2050 2365 2107 fuisse
2404 2051 2723 2121 perductos,
2767 2064 2927 2120 quam
2958 2064 3060 2104 nec
3098 2048 3322 2117 implere
3348 2048 3527 2119 aliquo
3572 2052 3775 2118 studio,

2202 2160 2302 2201 nec
2330 2146 2447 2200 sine
2470 2152 2689 2214 peccato
2704 2142 3007 2213 relinquere
3028 2141 3282 2198 valeretis
3303 2160 3316 2207 ;
3336 2157 3397 2197 ac
3414 2142 3627 2212 deinde,
3658 2158 3775 2199 cum

2204 2238 2303 2307 piis
2332 2236 2616 2309 gemitibus
2645 2236 2859 2301 vestris,
2884 2250 2946 2292 ea
2975 2251 3078 2306 qua
3106 2246 3134 2285 (ι
3162 2234 3320 2290 vobis
3346 2235 3634 2291 obstrictus
3662 2252 3777 2292 sum

2203 2330 2379 2386 cordis
2409 2330 2691 2386 aﬂ‘ectione
2719 2344 3056 2399 compassus,
3078 2328 3281 2385 orando
3306 2343 3403 2384 vos
3434 2340 3455 2367 ι’
3488 2330 3598 2385 dixi
3625 2345 3775 2401 posse

2204 2423 2462 2493 perﬁcere
2509 2422 2651 2493 quod
2708 2438 2816 2477 non
2872 2422 3101 2493 possetis
3158 2420 3402 2477 docendo
3453 2436 3777 2493 suggerere;

2202 2514 2429 2585 plusque
2457 2513 2642 2569 ﬁdeles
2669 2514 2961 2570 catholicos
2991 2513 3145 2569 bonis
3192 2514 3481 2584 exemplis,
3513 2530 3672 2585 quam
3701 2516 3777 2570 lu-

2203 2608 2430 2663 culentis
2462 2608 2642 2662 verbis
2673 2606 2849 2663 solere
2887 2607 3179 2676 prolicere;
3220 2621 3446 2677 eamque
3491 2617 3611 2663 esse
3638 2623 3779 2663 sum-

2204 2715 2347 2755 mam
2396 2699 2797 2769 perfectamque
2841 2699 3139 2754 doctrinam
3170 2740 3185 2764 ,
3237 2713 3395 2769 quam
3451 2700 3780 2755 conversatio

2205 2791 2501 2861 spiritualis
2538 2801 2558 2828 ·
2592 2790 2915 2856 ostenderit,
2958 2806 3064 2846 non
3108 2806 3267 2859 quam
3304 2791 3478 2846 inanis
3505 2806 3683 2847 sermo
3706 2792 3778 2862 ja-

2205 2885 2440 2950 ctitarit;
2476 2887 2609 2941 nect
2637 2900 2667 2939 a
2691 2885 2846 2939 nobis
2876 2884 2928 2939 in
2956 2885 3043 2940 die
3070 2884 3259 2953 judicii
3285 2885 3449 2940 verba
3477 2886 3775 2955 quaerenda,

2203 2977 2298 3032 sed
2350 2992 2544 3047 Opera;
2594 2991 2694 3031 nec
2743 2976 2897 3031 lacile
2941 2985 2969 3011 ιι
3012 2976 3321 3046 persuaderi
3361 2990 3482 3031 esse
3530 2976 3777 3045 possibile

2204 3070 2346 3136 quod
2376 3069 2532 3124 docet
2560 3069 2738 3139 lingua
2765 3113 2782 3139 ,
2812 3070 2856 3123 si
2889 3083 2920 3122 a
2949 3069 3129 3139 lingua
3163 3069 3268 3123 vita
3298 3068 3609 3135 dissentiat;
3653 3070 3773 3126 illud

2204 3172 2381 3217 autem
2408 3172 2435 3199 τ
2465 3163 2675 3231 probari
2708 3162 2985 3232 possibile,
3017 3162 3160 3233 quod
3201 3162 3315 3218 sive
3345 3164 3606 3233 praedices
3628 3205 3642 3227 .
3674 3165 3774 3220 sive

2127 3230 2174 3293 (ἶ
2206 3271 2311 3311 non
2344 3230 2624 3325 praedices,
2650 3230 2893 3309 faciendo
2916 3230 3222 3319 conlirmas,
3254 3263 3307 3309 et
3331 3230 3526 3310 imitari
3557 3255 3778 3311 volenti-

2205 3348 2304 3402 bus
2358 3362 2478 3401 cum
2528 3346 2758 3417 quadam
2800 3345 3150 3401 delectatione
3191 3346 3360 3415 ipsius
3418 3346 3776 3414 possibilitatis

2206 3449 2232 3476 κ
2272 3439 2506 3495 inculcas
2530 3456 2543 3491 :
2569 3453 2662 3493 vos
2693 3453 2809 3493 mea
2838 3438 3180 3509 suggestione
3210 3437 3479 3507 paululum
3508 3437 3776 3503 delectati,

2204 3534 2305 3588 hoc
2337 3532 2600 3601 protinus,
2632 3532 2677 3585 si
2708 3546 2793 3585 me
2821 3546 2928 3585 non
2962 3530 3124 3585 habet
3152 3529 3377 3598 oblivio,
3409 3529 3683 3585 retulistis.

2768 3663 2993 3719 CAPUT
3034 3663 3217 3718 XVIII.

2205 3761 2352 3827 Quod
2394 3776 2575 3827 parum
2614 3758 2779 3811 valeat
2810 3758 3037 3826 exemplo
3082 3757 3280 3827 agenda
3314 3766 3629 3819 monstrare,
3685 3756 3775 3811 nisi

2271 3832 2423 3954 Etiam
2463 3845 2575 3898 qua:
2616 3830 2715 3882 sint
2754 3829 3006 3883 credenda
3047 3828 3278 3882 docendo
3324 3828 3563 3882 sacerdos
3609 3837 3770 3881 osten-

2307 3913 2423 3954 erit.

2307 3913 2423 3954 erit.

2273 3992 2339 4045 Et
2363 3991 2472 4060 jam
2496 3990 2541 4044 si
2565 3999 2672 4046 tota
2701 3970 2971 4059 perfectio
2988 3990 3042 4044 in
3063 4004 3227 4059 opere
3246 3996 3470 4051 tantum,
3493 4003 3601 4043 non
3622 3988 3777 4044 etiam

2199 4086 2251 4139 in
2299 4084 2401 4139 ﬁde
2427 4083 2771 4149 consisteret,
2805 4098 2903 4137 nec
2927 4082 3054 4152 quid
3092 4081 3254 4136 homo
3282 4079 3642 4145 credidisset,
3685 4079 3771 4137 sed

2196 4178 2323 4249 quid
2351 4178 2549 4247 egisset
2574 4177 2627 4231 in
2651 4176 2738 4233 die
2760 4176 2944 4247 judicii
2974 4184 3325 4244 quaereretur,
3352 4174 3470 4244 quis
3492 4175 3596 4228 erit
3619 4182 3770 4229 tanta

2196 4272 2533 4341 arrogantiae,
2575 4270 2688 4339 qui,
2721 4268 3095 4325 ecclesias'ticre
3124 4269 3384 4323 doctrina:
3409 4276 3437 4314 γ
3461 4267 3768 4333 auctoritate

2195 4365 2458 4435 neglecta,
2484 4363 2553 4419 de
2599 4378 2694 4418 sua
2735 4362 2836 4416 sibi
2860 4362 3063 4430 iustitia
3093 4359 3426 4415 blandiatur?
3456 4368 3478 4394 ι
3507 4373 3630 4412 cum
3670 4371 3769 4412 non

2195 4454 2699 4522 solum,secundum
2726 4453 3041 4523 Apostolum
3070 4450 3123 4521 (1
3132 4450 3156 4503 I
3183 4449 3358 4503 Thess.
3383 4463 3460 4511 ιιι,
3484 4450 3548 4511 9;
3583 4446 3607 4501 Ι
3634 4446 3767 4502 Petr.

2198 4565 2248 4613 v,
2289 4546 2344 4617 '5)
2377 4561 2477 4601 nos
2517 4553 2763 4614 oporteat
2802 4545 3026 4598 formam
3069 4542 3308 4611 praebere
3350 4539 3633 4605 ﬁdelibus,
3681 4537 3768 4593 sed

516 4628 569 4683 ίίι
600 4637 808 4696 Donum
838 4627 955 4679 είηθ
985 4625 1088 4679 υ¹¹³
1112 4626 1362 4679 memmi“
1386 4627 1592 4695 lacum
1627 4631 1937 4697 Perducere-
1962 4611 2091 4703 Quae
2118 4611 2168 4672 Β
2194 4611 2355 4699 etiam
2396 4655 2490 4695 eos
2519 4611 2662 4709 ipsos
2692 4637 2904 4707 ﬁdeles,
2937 4637 3028 4707 qui
3072 4636 3224 4691 nobis
3254 4634 3506 4689 divinitus
3538 4642 3595 4669 ιι
3625 4632 3765 4687 insti-

515 4736 637 4777 eum
661 4718 811 4775 vobis
834 4718 1161 4788 comparatio
1183 4718 1489 4787 placuisset,
1515 4720 1730 4790 adjunxi
1766 4741 1777 4775 :
1801 4724 1870 4780 Et
1890 4726 2090 4787 idcirco

584 4866 611 4895 ι
640 4856 735 4912 Ms.
767 4854 898 4923 Reg.
933 4867 1087 4918 unus,
1118 4853 1312 4907 reddet.

582 4925 611 4965 δ
645 4929 741 4981 Ms.
767 4928 920 4979 Colb.
949 4938 1113 4989 unus,
1140 4926 1363 4995 injustis.

583 5010 606 5038 ο
640 4998 739 5053 Ed.
770 4996 981 5062 Colon.,
1013 4996 1384 5065 prwjudicium.

580 5066 607 5107 ά
631 5070 756 5124 Mss.
781 5069 1049 5140 quinque,
1067 5065 1324 5140 ambitioni
1343 5068 1459 5138 jam
1488 5067 1638 5136 ﬁnem
1662 5069 1851 5140 ρόηὶιε.

584 5150 609 5179 ⁸
640 5141 739 5194 Ms.
768 5136 982 5200 Camb.,
1004 5136 1359 5189 ebriositatem.

585 5210 607 5249 ί
638 5212 734 5264 Ms.
765 5208 919 5263 Colb.
948 5216 1102 5274 unus,
1128 5206 1386 5277 gravidus.

582 5291 608 5329 ι
637 5281 733 5335 Ms.
762 5281 913 5334 Colb.
940 5294 1094 5343 unus,
1124 5294 1215 5331 nec
1234 5280 1383 5347 jubet
1406 5278 1538 5347 ﬁeri,
1563 5296 1653 5335 nec
1675 5292 1823 5336 retat.

577 5349 606 5387 ¹¹
635 5353 731 5407 Ms.
763 5349 913 5405 Colb.
945 5364 1114 5413 unus,
1149 5349 1371 5402 (licendi.

584 5422 601 5459 ί
634 5422 760 5495 Mss.
792 5420 943 5475 Colb.
984 5420 1117 5495 duo,
1143 5420 1487 5495 episcOpatum
1517 5437 1603 5495 eos
1632 5426 1900 5495 accepisse.

582 5495 595 5541 i
635 5494 733 5546 Ms.
758 5506 912 5556 unus,
944 5491 1165 5558 provide.
1198 5490 1294 5545 Ms.
1321 5491 1475 5559 alter,
1503 5494 1545 5546 si
1579 5496 1730 5561 probe
1749 5490 2074 5551 ministretur.

577 5561 603 5598 ιι
631 5561 755 5615 Mss.
781 5574 983 5629 septem
1012 5562 1263 5615 omittunt
1298 5577 1423 5615 non.

582 5630 599 5669 1
644 5632 741 5685 Ms.
773 5646 928 5699 unus,
956 5632 1133 5701 magis.
1170 5632 1297 5686 Mss.
1330 5641 1468 5697 tres,
1498 5637 1661 5703 magis
1701 5638 2001 5693 incumbere.

577 5711 616 5739 η’
640 5704 742 5777 ΜΒ.
769 5715 925 5766 unus.
952 5704 1171 5755 saut‘titts
1193 5712 1285 5756 est.
1308 5706 1427 5760 Mss.
1452 5718 1675 5777 septem,
1697 5724 1796 5763 non
1818 5711 2070 5766 accedere.

576 5781 602 5809 "
637 5775 761 5829 MSS.
789 5787 994 5839 omnes,
1022 5791 1132 5840 qua!
1150 5792 1349 5837 uin/ere.

579 5854 603 5881 °
631 5846 752 5903 MSS.
774 5842 924 5903 Coll).
958 5846 1061 5901 duo
1088 5846 1286 5901 addunt
1315 5849 1411 5903 sui.

2198 4734 2377 4791 tuendi
2400 4731 2673 4788 commissi
2694 4739 2839 4795 sunt,
2864 4729 3131 4784 instruere
3153 4728 3445 4784 debeamus
3470 4743 3485 4782 :
3506 4725 3574 4781 de
3596 4725 3767 4793 Patre,

2270 4875 2297 4913 Ρ
2318 4864 2443 4918 Mss.
2485 4872 2615 4928 tres,
2646 4872 2793 4932 atque
2820 4861 2899 4916 his
2925 4862 3133 4916 similia.

2267 4946 2293 4984 (ι
2317 4935 2413 4989 Ms.
2437 4950 2596 4999 unus,
2626 4950 2656 4985 a
2684 4933 2817 4986 vobis
2846 4933 3081 4987 astrictus
3106 4947 3236 4985 sum.

2273 5016 2293 5041 τ
2325 5007 2413 5061 Sic
2433 5006 2582 5059 editi.
2607 5007 2673 5057 At
2701 5018 2830 5057 mss.
2856 5006 3091 5073 quinque
3117 5003 3371 5073 omittunt
3395 5014 3579 5055 vocem
3602 5001 3762 5073 dixit.

2195 5077 2292 5130 Ms.
2318 5077 2475 5141 alter,
2491 5076 2686 5128 orando
2701 5090 2785 5128 vos
2800 5090 2941 5142 posse
2956 5072 3341 5142 perﬁcerequod
3354 5088 3453 5125 non
3469 5072 3674 5137 possitis
3684 5072 3763 5123 do-

2192 5148 2349 5200 cendo
2372 5161 2705 5215 suggererem.
2728 5145 2950 5214 Aliquis,
2971 5144 3203 5215 dicendo.
3227 5143 3398 5211 Alius,
3417 5158 3519 5195 non
3538 5142 3759 5212 potestis.

2267 5226 2287 5251 ³
2317 5216 2388 5271 lta
2418 5214 2568 5272 editi.
2603 5218 2671 5270 At
2700 5230 2828 5270 mss.
2866 5225 2995 5281 tres,
3027 5214 3339 5280 ostenderet,
3375 5229 3474 5266 non
3496 5229 3757 5280 quam.....

2177 5290 2461 5357 jactitaret.
2498 5287 2621 5341 Mss.
2651 5287 2785 5351 duo,
2820 5287 3060 5355 jactaret.
3091 5286 3188 5339 Ms.
3237 5285 3456 5357 unicus,
3475 5284 3757 5357 iactaverit.

2262 5362 2280 5395 ί
2316 5360 2405 5414 Sic
2427 5358 2553 5414 edit.
2580 5357 2748 5427 Lugd.
2782 5352 2902 5410 cum
2926 5371 3055 5411 mss.
3081 5372 3196 5413 sex.
3220 5354 3353 5411 Aliae
3374 5352 3528 5423 edit.,
3554 5370 3586 5407 a
3607 5354 3756 5408 vobis.

2257 5440 2284 5466 ιι
2308 5430 2433 5483 Mss.
2464 5438 2712 5498 quatuor,
2748 5432 3073 5496 persuadere.

2256 5511 2284 5536 τ
2312 5501 2437 5554 Mss.
2470 5509 2712 5567 quatuor,
2746 5499 2978 5566 probare.

2258 5578 2286 5608 ι
2309 5570 2408 5624 Ms.
2436 5583 2591 5633 unus,
2618 5571 2897 5640 indulgeas.

2256 5650 2283 5688 γ
2316 5641 2443 5695 Mss.
2476 5651 2583 5695 tres
2614 5641 2787 5701 Colb.,
2816 5641 3046 5694 utilitate.

2259 5721 2278 5745 τ
2311 5710 2434 5766 MSS.
2461 5712 2717 5782 quinque,
2743 5712 2806 5775 ᾼι
2829 5728 2967 5769 cum.
2991 5710 3085 5765 Ms.
3119 5712 3276 5774 alter,
3306 5722 3393 5763 aut
3415 5727 3551 5764 cum.

2256 5789 2312 5819 ια
2344 5780 2627 5845 Μεείᾱιιο,
2660 5784 2850 5835 tuendi.
2880 5783 2980 5836 Ms.
3010 5797 3165 5845 unus,
3195 5783 3441 5835 intuendi.
3476 5782 3573 5834 Ms.
3614 5780 3738 5833 alter

2183 5853 2481 5911 instruendi.
2542 5852 2637 5911 Ms.
2671 5853 2803 5910 alius
2826 5896 2837 5914 .
2874 5854 3043 5911 divino
3091 5854 3317 5909 instituto
3345 5853 3598 5910 (Otrtmlut
3629 5861 3738 5903 sunt
