4124 6350
378 301 477 357 835

1432 296 1518 351 DE
1561 296 1715 351 VITA
1758 295 2325 355 CONTl‘iMPLATIVA
2367 301 2493 356 LIB.
2538 297 2580 359 1.

3527 312 3632 371 454

380 412 640 483 ῃυοιιιοιιο
688 412 832 468 solus
871 410 1161 481 accipiatur
1188 410 1482 479 ingenitus;
1516 411 1579 464 de
1614 411 1784 476 Filio,
1811 426 1949 480 quo-
1977 414 2030 473 Α
2057 413 2276 467 stilicat.
2313 414 2380 468 Et
2413 414 2533 469 idco
2575 416 2619 469 si
2650 416 2813 471 corde
2853 417 3084 475 creditur
3105 421 3171 476 ad
3206 421 3499 491 justitiam,
3542 439 3636 481 ore

379 507 537 560 modo
569 522 631 560 ex
658 507 771 572 ipso
793 506 862 560 sit
887 506 1117 575 genitus,
1150 504 1213 559 de
1230 503 1427 573 Spiritu
1453 513 1660 568 sancto,
1687 507 1955 575 quomodo

379 617 441 655 ex
476 601 632 654 Patre
661 609 713 653 et
767 597 905 653 Filio
935 608 960 636 ⁸
994 597 1317 666 procedens,
1369 611 1466 652 nec
1494 597 1761 667 ingenitus
1790 600 1957 668 possit

380 692 488 747 dici
514 733 528 757 ,
580 705 679 745 nec
707 690 947 759 genitus;
995 690 1223 758 qualiter
1253 690 1351 743 ista
1384 690 1482 743 tria
1528 705 1688 743 unum
1736 690 1872 755 sint,
1904 698 1959 745 et

382 785 483 839 huc
532 799 695 837 unum
736 797 843 837 non
892 781 1179 849 dividatur,
1210 782 1303 837 sed
1334 781 1690 852 distinguatur
1712 782 1764 836 in
1812 784 1907 836 tria
1943 800 1956 836 :

379 874 831 946 quemadmodum
856 890 957 931 nec
984 875 1162 941 Pater,
1194 889 1295 929 nec
1320 874 1551 943 Spiritus
1581 884 1826 942 sanctus,
1864 874 1958 929 sed

380 967 528 1023 solus
547 966 711 1022 Filius
727 966 794 1022 de
814 967 930 1022 solo
949 965 1111 1021 Patre
1132 965 1472 1021 inell‘abiliter
1494 975 1665 1029 natus,
1689 966 1958 1021 hominem

382 1066 549 1114 totum
579 1059 697 1114 sine
723 1059 826 1113 ulla
848 1059 1141 1114 mutatione
1162 1058 1471 1113 substantiae
1499 1072 1609 1112 suae
1632 1057 1956 1125 susceperit;

385 1163 446 1204 ac
474 1165 531 1205 se
564 1150 729 1207 Deum
758 1157 815 1206 et
843 1150 1113 1205 hominem
1144 1163 1326 1203 verum
1357 1164 1454 1219 per
1474 1149 1719 1215 virtutes,
1753 1149 1960 1220 passio-

384 1254 587 1309 nesque
619 1241 952 1311 probaverit,
985 1238 1367 1308 comprehendi
1398 1239 1737 1307 permiserit,
1788 1238 1963 1295 occidi

385 1330 635 1395 voluerit,
669 1330 818 1386 tertia
850 1330 937 1385 die
964 1329 1339 1396 resurrexerit,
1372 1329 1400 1368 δ
1424 1329 1477 1384 in
1504 1330 1669 1384 caelos
1692 1329 1962 1384 hominem

384 1424 453 1478 de
480 1422 635 1477 nobis
683 1432 1013 1491 assumptum
1044 1436 1137 1477 sua
1178 1421 1373 1476 virtute
1402 1421 1661 1476 levaverit
1682 1466 1696 1490 ,
1726 1436 1837 1475 suae
1880 1435 1965 1475 re-

386 1513 734 1569 surrectionis
773 1514 1022 1582 exemplo
1066 1512 1220 1566 nobis
1258 1514 1592 1582 regeneratis
1622 1513 1675 1566 in
1716 1526 1776 1567 se
1814 1525 1965 1580 spem

386 1604 618 1660 feliciter
640 1604 951 1674 resurgendi
988 1598 1326 1671 praestiterit;
1357 1604 1597 1658 membra
1643 1616 1739 1657 sua
1766 1615 1862 1655 nos
1894 1601 1970 1655 le-

386 1696 553 1760 ccrit;
588 1710 695 1749 non
738 1694 1081 1749 credentibus
1125 1693 1269 1759 sibi,
1298 1694 1384 1747 vel
1428 1709 1457 1747 a
1486 1708 1546 1748 se
1593 1691 1969 1748 recedentibus

2061 515 2242 561 autem
2264 506 2533 561 confessio
2562 508 2618 561 ﬁt
2648 510 2712 564 ad
2742 512 2995 593 salutem;
3027 511 3041 551 ι
3073 515 3161 585 qui
3183 529 3288 571 non
3319 515 3635 581 crediderit,

2062 614 2169 652 non
2196 598 2443 652 habendo
2471 598 2627 655 ﬁdem
2646 641 2660 665 ,
2692 600 3071 670 nec‘justitiam
3115 606 3292 663 cordis
3320 608 3517 665 habere
3543 622 3639 678 po-

2063 691 2212 753 terit,
2244 706 2344 745 nec
2367 692 2613 746 salutem.

2654 785 2881 843 CAPUT
2918 789 3035 844 XX.

2069 878 2218 945 Quod
2256 878 2581 953 nihilprosit
2638 882 2925 953 sacerdoti,
2980 884 3178 940 etiamsi
3227 888 3347 941 bene
3390 888 3559 953 vivat,
3599 888 3645 941 si

2300 950 2433 1004 male
2452 952 2693 1004 viventem
2721 952 2930 1005 tacendo
2958 953 2993 974 "
3025 971 3127 1008 non
3148 957 3392 1027 corrigaf.

2137 1067 2190 1120 Ι.
2214 1066 2362 1132 Quod
2394 1080 2523 1122 vero
2551 1066 2681 1122 dicit
2709 1067 2999 1135 Apostolus
3023 1067 3070 1139 (l
3105 1068 3248 1123 Petr.
3274 1086 3325 1135 v,
3350 1071 3431 1141 3),
3463 1080 3519 1126 ut
3548 1085 3645 1125 nos

2066 1162 2290 1215 formam
2318 1159 2608 1215 debeamus
2639 1160 2893 1216 exhibere
2920 1161 3198 1228 ﬁdelibus,
3240 1163 3368 1233 quid
3412 1164 3643 1229 valebit,

2067 1252 2111 1308 si
2137 1253 2180 1306 is
2210 1253 2295 1308 cui
2326 1253 2408 1308 vel
2438 1252 2762 1308 exhortandi
2792 1253 2997 1321 bonos,
3030 1255 3114 1310 vel
3156 1255 3447 1325 castigandi
3479 1256 3650 1310 malos

2066 1360 2193 1401 cura
2220 1346 2507 1402 commissa
2540 1356 2644 1411 est,
2668 1348 2806 1403 bene
2824 1348 3054 1403 vivendo
3078 1362 3137 1403 se
3160 1349 3472 1403 imitandum
3496 1348 3651 1402 bonis

2070 1436 2341 1502 exhibeat,
2399 1447 2455 1493 et
2485 1439 2653 1493 malos
2701 1438 2926 1494 tacendo
2951 1454 3057 1494 non
3105 1440 3373 1510 corrigat?
3418 1438 3497 1494 Ad
3549 1440 3652 1495 hoc

2070 1528 2210 1583 enim
2231 1572 2245 1595 ,
2273 1529 2371 1583 nisi
2416 1543 2503 1583 me
2532 1528 2662 1583 fallit
2692 1528 2891 1598 opinio,
2925 1539 3109 1586 sancte
3134 1530 3422 1586 vivendum
3454 1538 3539 1584 est
3566 1544 3654 1584 sa-

2071 1620 2297 1683 cerdoti,
2327 1634 2396 1674 ne
2420 1620 2560 1674 dicta
2588 1635 2681 1674 sua
2710 1623 3130 1690 repugnantibus
3151 1622 3303 1677 factis
3330 1629 3582 1685 evacuet;
3606 1620 3654 1674 si

2075 1710 2216 1779 quod
2239 1711 2491 1779 praedicat
2512 1711 2629 1765 ﬁeri
2649 1712 2845 1766 debere
2865 1727 2970 1766 non
2996 1712 3181 1777 faciat,
3204 1721 3295 1767 aut
3314 1714 3358 1767 si
3383 1711 3523 1782 quod
3546 1725 3656 1764 non

390 1789 713 1860 supplicium
767 1786 1123 1841 comminatus
1166 1787 1275 1851 sit,
1322 1795 1383 1841 et
1431 1785 1826 1841 adhaerentibus
1868 1783 1968 1839 sibi

2085 1802 2203 1857 facit
2233 1802 2525 1870 praedicare
2554 1804 2975 1873 praesumpserit.
3008 1811 3035 1838 ιι
3060 1801 3118 1856 Si
3148 1812 3324 1857 autem
3352 1769 3509 1856 aliter
3528 1816 3658 1871 ege-

394 1896 621 1951 regnum
652 1878 874 1935 cmleste
903 1878 1226 1948 promiserit.
1326 1924 1329 1925 ν

971 1968 1194 2024 CAPUT
1232 1967 1374 2023 XIX.

395 2064 474 2119 De
499 2064 831 2145 virtuteﬁdei
849 2102 867 2128 ,
895 2062 1135 2145 qudead
1161 2076 1275 2145 eam
1300 2075 1405 2112 non
1432 2059 1599 2139 solum
1633 2059 1834 2145 credere
1851 2098 1864 2121 ,
1896 2058 1974 2112 vel

550 2130 854 2203 intelligere,
884 2130 972 2186 sed
990 2132 1143 2184 etiam
1162 2132 1283 2183 bene
1308 2132 1508 2199 operari
1538 2130 1807 2199 pertineat.

463 2249 589 2304 lites
623 2259 646 2287 ο
675 2256 730 2303 et
758 2248 885 2313 alia,
916 2254 973 2301 et
992 2243 1241 2299 sacerdos
1269 2256 1428 2297 nosse
1453 2241 1631 2306 debet,
1663 2251 1721 2296 ut
1750 2241 1968 2306 doceat,

392 2350 447 2397 et
498 2339 727 2410 populus
767 2338 1011 2401 credere,
1043 2334 1151 2390 ιιιά
1199 2350 1318 2405 qua:
1370 2335 1623 2389 doceatur
1679 2333 1969 2402 intelligat;

394 2441 420 2470 ο
450 2431 664 2486 dicente
685 2430 940 2499 Apostolo
973 2445 987 2482 :
1016 2428 1135 2480 Nisi
1157 2427 1501 2489 credideritis,
1545 2444 1646 2480 non
1680 2426 1973 2497 intelligetis

396 2522 548 2597 (Isai.
581 2538 681 2586 vn,
714 2521 769 2587 9,
792 2524 944 2591 juxta
977 2517 1165 2589 LXX).
1214 2517 1364 2573 Unde
1389 2518 1545 2571 datur
1574 2517 1792 2585 intelligi
1832 2516 1973 2586 quod

396 2630 502 2673 non
534 2614 664 2671 ﬁdes
705 2628 771 2669 ex
812 2611 1117 2673 intellectu,
1154 2610 1250 2665 sed
1281 2625 1349 2663 ex
1385 2610 1489 2665 ﬁde
1524 2610 1826 2665 intellectus
1865 2609 1977 2663 exi-

398 2719 532 2775 stat;
558 2706 577 2746 ¹
608 2720 709 2762 nec
736 2707 823 2775 qui
856 2703 1104 2781 intelligit
1124 2702 1325 2776 credat,
1345 2701 1440 2763 sed
1469 2703 1559 2778 qui
1586 2702 1756 2756 credit
1780 2701 1976 2756 intelli-

400 2814 511 2877 gat,
552 2815 604 2859 et
632 2802 721 2874 qui
766 2804 1116 2865 intellexerit,
1146 2802 1281 2856 bene
1316 2810 1465 2870 agat;
1498 2800 1633 2853 sicut
1675 2793 1798 2852 alibi
1840 2792 1977 2850 scri-

401 2906 553 2967 ptum
576 2905 655 2951 est
676 2914 690 2949 :
714 2893 894 2949 Noluit
917 2892 1215 2964 intelligere,
1233 2902 1285 2945 ut
1299 2892 1419 2945 bene
1437 2898 1603 2962 ageret
1623 2888 1796 2959 (Psal.
1818 2902 1974 2952 xxxv,

403 2986 482 3059 ι).
512 2986 627 3042 Non
656 2986 795 3041 dixit
830 3004 841 3040 :
876 2985 990 3040 Non
1036 2985 1226 3055 potuit,
1254 2983 1347 3038 sed
1379 2983 1543 3035 noluit
1582 2980 1893 3050 intelligere;
1922 2989 1981 3033 ut

405 3078 538 3133 nihil
570 3079 714 3133 aliud
742 3078 881 3133 nolle
912 3077 1211 3146 intelligere
1240 3076 1467 3138 dictum,
1501 3089 1657 3145 quam
1690 3074 1832 3129 nolle
1857 3087 1979 3127 cre-

406 3168 536 3223 dere
563 3170 895 3231 noverimus;
929 3182 991 3221 ac
1019 3182 1108 3236 per
1139 3167 1243 3221 hoc
1267 3175 1325 3220 ut
1347 3167 1484 3221 bene
1512 3174 1632 3233 agat
1656 3164 1804 3235 quis},
1828 3166 1984 3220 intel-

407 3260 574 3328 ligere
595 3259 827 3327 studeat,
857 3268 912 3313 et
934 3269 989 3312 ut
1022 3258 1298 3327 intelligat,
1325 3257 1526 3312 credat.
1563 3257 1665 3312 Sed
1697 3259 1816 3325 quia
1842 3256 1981 3311 idem

402 3352 702 3419 Apostolus
724 3350 853 3405 dicit
879 3369 889 3402 :
922 3347 1082 3403 Fides
1108 3365 1171 3402 ea:
1192 3350 1403 3414 auditu;
1422 3350 1629 3402 auditus
1657 3358 1823 3402 autem
1847 3358 1871 3395 ε
1894 3364 1985 3419 per

409 3443 613 3496 rei-bum
643 3444 737 3496 Dei
763 3444 939 3513 (Rom.
972 3458 1025 3509 x,
1053 3439 1164 3510 l7),
1190 3441 1346 3497 debet
1361 3441 1549 3497 doctor
1570 3441 1823 3497 Ecclesiae
1844 3456 1985 3511 prte-

412 3533 629 3599 dicare,
659 3533 799 3602 quod
828 3534 1011 3587 audiat
1049 3533 1349 3589 crediturus
1385 3552 1396 3586 :
1437 3533 1559 3603 quia
1585 3534 1700 3589 sine
1731 3535 1987 3603 praedica-

415 3625 562 3679 tione
585 3624 759 3678 nullus
774 3625 876 3679 erit
899 3624 1140 3688 auditus;
1162 3624 1351 3679 eodem
1374 3625 1632 3694 Apostolo
1654 3624 1987 3694 h,‘atteSIante

414 3724 577 3782 atque
592 3714 800 3769 dicente
816 3732 829 3770 ;
848 3714 1115 3781 Quomodo
1136 3715 1344 3769 audient
1361 3716 1467 3769 sine
1481 3716 1787 3786 prwdicante
1800 3718 1961 3789 (Ibid.
1972 3760 1986 3783 ,

418 3808 550 3875 id)?
574 3808 626 3864 Si
650 3823 777 3877 ergo
803 3809 1025 3877 quilibet
1050 3809 1167 3863 sine
1198 3809 1521 3878 pradicante
1544 3824 1647 3865 non
1678 3812 1845 3874 audit,
1876 3813 1992 3867 sine

416 3902 604 3954 auditu
631 3915 734 3954 non
758 3901 948 3969 credit,
981 3901 1094 3955 sine
1126 3900 1229 3955 ﬁde
1259 3916 1364 3955 non
1396 3901 1662 3970 intelligit,
1694 3902 1811 3956 sine
1838 3902 1993 3957 intel-

419 3990 564 4045 lectu
613 3990 747 4046 bene
778 4007 879 4045 non
928 3992 1063 4061 agit;
1096 3993 1314 4046 verbum
1363 3990 1378 4027 ί
1430 3993 1551 4047 ﬁdei
1600 3993 1992 4061 przedicandum

419 4091 523 4150 est,
575 4085 588 4133 ἱ
642 4094 697 4137 ut
724 4084 944 4139 audiens
967 4085 1171 4151 credat,
1200 4085 1423 4140 credens
1452 4086 1735 4155 intelligat,
1768 4086 1822 4142 et
1845 4090 1997 4142 intel-

420 4173 597 4243 ligens
644 4173 842 4227 bonum
889 4189 1022 4243 opus
1080 4183 1487 4244 perseveranter
1525 4184 1818 4231 exerceat:
1868 4191 2002 4246 quo-

422 4268 569 4320 niam
600 4264 626 4303 ιι
656 4283 776 4321 eum
799 4266 902 4345 qui.
917 4274 1095 4337 potest
1120 4268 1195 4322 uti
1226 4268 1408 4323 libera:
1435 4267 1727 4323 voluntatis
1753 4270 1998 4338 arbitrio,

422 4372 527 4413 nec
554 4372 717 4428 opera
746 4358 863 4414 sine
891 4358 1022 4425 ﬁde,
1056 4375 1156 4415 nec
1185 4360 1301 4416 sine
1326 4360 1578 4430 operibus
1610 4361 1741 4417 ﬁdes
1770 4363 1881 4417 sola
1909 4363 2000 4432 ju-

503 4579 531 4641 ξ
560 4571 659 4626 Ms.
686 4584 840 4635 unus,
872 4571 934 4625 sit
958 4570 1255 4641 procedens,
1283 4586 1391 4641 nec.

501 4639 640 4764 ‘I’Sic
674 4658 803 4698 mss.
837 4650 944 4696 tres
961 4639 1122 4695 'Colb.
1152 4640 1316 4709 Editi,
1358 4640 1412 4694 in
1440 4640 1584 4695 caelo.
1635 4640 1735 4695 Ms.
1765 4639 1919 4710 alter,
1951 4641 2005 4694 in

501 4730 506 4760 .'
528 4730 593 4764 18.

429 4728 593 4767 εοεαε.

512 4794 532 4853 ς
565 4783 639 4839 Ita
672 4783 1088 4853 mss.'quinque.
1120 4782 1280 4849 Editi,
1312 4791 1358 4836 et
1384 4782 1507 4836 alia.

508 4850 533 4889 ά
564 4856 691 4909 Mss.
721 4850 865 4918 tres,‘
882 4865 937 4906 ut
963 4850 1022 4907 ea
1051 4868 1164 4920 qnte
1185 4853 1412 4906 docetur.

512 4934 535 4960 ο
568 4925 664 4980 Ms.
697 4938 858 4989 unus,
885 4925 1052 4977 dicam
1082 4924 1144 4976 de
1173 4923 1331 4993 (forte
1357 4920 1573 4993 dicente)
1604 4922 1883 4993 propheta,
1932 4920 2015 4977 vel

436 4997 729 5066 praphetia.
944 5032 952 5041 ι
1292 5066 1303 5076 ⁸
1435 5064 1447 5076 .

516 5066 533 5103 ι
558 5066 657 5120 Ms.
692 5066 820 5133 Reg.
850 5079 1008 5129 unus,
1033 5080 1122 5118 nec
1144 5067 1263 5133 quia
1285 5064 1518 5133 intelligit
1539 5064 1731 5130 credat,
1756 5066 1842 5119 sed
1871 5065 2012 5132 quia.

516 5080 528 5103 ι
558 5080 657 5120 ms.
693 5080 769 5119 ue
809 5103 820 5119 .
850 5080 1008 5129 unus,
1033 5080 1122 5118 nec
1144 5080 1263 5133 quia
1285 5080 1518 5133 intemgu
1539 5080 1731 5130 creaat,
1756 5080 1840 5119 sea
1871 5080 2012 5132 quia.

513 5146 538 5183 κ
568 5136 664 5191 Ms.
698 5080 850 5192 ϐοῇ).
882 5150 1052 5198 unus,
1088 5151 1177 5202 per
1224 5134 1425 5187 verbum
1460 5133 1668 5189 Christi.
1712 5135 1838 5189 Mss.
1886 5134 2016 5198 duo,

438 5222 532 5277 per
570 5207 799 5261 verbum.
828 5207 930 5261 Alii
958 5218 1077 5259 cum
1120 5204 1308 5271 editis,
1339 5221 1428 5274 per
1456 5204 1656 5259 verbum
1706 5204 1821 5270 Dei,
1864 5204 2015 5274 juxta

439 5280 619 5334 Graec.
651 5287 859 5332 textum
891 5276 1151 5346 Apostoli.

516 5346 541 5383 ’λ
572 5348 734 5414 Editi,
769 5358 1096 5403 contestante.
1120 5348 1219 5402 Ms.
1246 5362 1401 5411 unus,
1430 5355 1657 5401 testante.

522 5420 538 5456 ι
572 5419 703 5474 Mss.
729 5427 862 5487 tres,
890 5418 1093 5473 verbum
1123 5417 1238 5472 Dei.

517 5491 532 5539 ἰ
569 5490 670 5546 Ms.
702 5506 857 5555 unus,
892 5499 945 5543 ut
975 5490 1150 5542 audiat
1182 5499 1226 5542 et
1247 5491 1441 5544 credat.

516 5558 543 5597 ¹ι
576 5560 703 5616 Haec
730 5561 923 5626 verba,
964 5576 1077 5612 eum
1109 5561 1194 5628 qui
1241 5570 1401 5628 potest
1428 5561 1503 5614 uti
1533 5561 1703 5616 libera:
1747 5557 2026 5614 voluntatis

516 5579 540 5597 -
576 5579 703 5616 uase
730 5579 923 5626 verba,
964 5579 1077 5612 eum
1109 5579 1193 5628 qm
1279 5579 1401 5614 orest
1428 5579 1500 5614 un
1533 5579 1703 5616 ubera:
1747 5579 2026 5614 vOtuntatu

446 5630 683 5697 arbitrio,
708 5632 1084 5686 desiderantur
1105 5632 1158 5683 in
1183 5579 1314 5685 sciit.
1341 5630 1511 5702 Lugd.
1542 5633 1667 5687 Mss.
1694 5633 1819 5695 duo,
1850 5638 2029 5696 poten-

450 5713 520 5756 tes
547 5704 640 5755 uti.
679 5703 775 5755 Ms.
809 5703 961 5765 alter,
997 5703 1210 5770 potentis
1234 5704 1328 5755 uti.

526 5770 540 5808 ι
577 5772 673 5827 Ms.
701 5773 911 5839 Camh.,
952 5772 1192 5841 quoniam
1220 5774 1327 5840 qui.

2077 1893 2179 1958 rit,
2206 1892 2339 1947 nihil
2368 1893 2509 1961 apud
2541 1908 2635 1948 eos
2661 1895 2749 1962 qui
2781 1894 2897 1958 ejus
2930 1894 3093 1947 vitam
3118 1908 3320 1947 novere
3348 1932 3367 1960 ,
3414 1891 3656 1961 proﬁcit;

2076 1986 2199 2054 quia
2227 1985 2292 2039 ad
2323 1986 2423 2040 hoc
2451 1994 2533 2038 est
2560 1984 2816 2041 Ecclesiae
2843 1986 2938 2039 Dei
2970 1985 3319 2055 praepositus,
3353 1992 3412 2038 ut
3439 1998 3545 2039 non
3572 1998 3661 2038 so-

2076 2078 2184 2132 lum
2205 2079 2344 2132 bene
2374 2078 2608 2132 vivendo
2628 2118 2644 2143 ,
2670 2079 2803 2132 alios
2833 2080 3079 2146 exemplo
3100 2092 3211 2132 suae
3236 2076 3661 2133 conversationis

2075 2166 2348 2231 instituat,
2386 2168 2478 2221 sed
2509 2168 2669 2221 etiam
2694 2166 3007 2221 ﬁducialiter
3034 2167 3397 2236 praedicando,
3423 2175 3448 2202 θ
3475 2166 3661 2236 singu-

2074 2260 2139 2315 lis
2161 2269 2285 2314 ante
2315 2260 2498 2314 oculos
2522 2268 2738 2327 peccata
2766 2274 2860 2312 sua
2882 2259 3204 2314 constituat:
3224 2274 3345 2329 quae
3368 2273 3525 2328 poena
3548 2272 3662 2312 ma-

2078 2358 2203 2406 neat
2229 2351 2415 2415 duros,
2433 2366 2552 2419 quae
2571 2350 2736 2419 gloria
2764 2350 3077 2405 obedientes
3106 2350 3385 2414 ostendat;
3411 2360 3439 2399 P
3460 2348 3662 2403 nullius

2077 2442 2303 2496 salutem
2354 2440 2690 2510 deSperando
2740 2449 3079 2503 contemnat;
3121 2440 3328 2494 animas
3384 2438 3663 2495 emendari

2078 2533 2372 2588 nolentium
2423 2534 2673 2602 plangat,
2726 2532 2962 2587 imitatus
3017 2532 3366 2601 Apostolum,
3406 2532 3495 2599 qui
3543 2531 3660 2584 ait:

2084 2624 2153 2679 Ut
2182 2625 2383 2697 lugeam
2416 2625 2603 2677 multos
2634 2639 2695 2677 ex
2720 2624 2798 2676 his
2826 2624 2911 2693 qui
2937 2630 3053 2676 ante
3082 2628 3443 2693 peccaverunt,
3480 2628 3527 2673 et
3560 2634 3665 2672 non

2080 2724 2287 2787 egerunt
2317 2715 2659 2785 paenitentiam
2680 2712 2729 2784 (1
2759 2712 2877 2768 Cor.
2904 2729 3013 2777 xu,
3038 2712 3160 2781 2i);
3186 2720 3240 2768 et
3268 2712 3461 2766 iterum
3488 2725 3503 2764 :
3536 2710 3663 2777 Quis

2080 2808 2393 2879 inﬁrmatur,
2424 2815 2470 2861 et
2494 2822 2585 2876 ego
2615 2822 2715 2859 non
2743 2805 3016 2873 inﬁrmor?
3036 2806 3161 2870 Quis
3187 2803 3588 2867 scandalizatur,
3614 2808 3665 2854 et

2082 2902 2176 2973 ego
2208 2916 2308 2953 non
2339 2914 2460 2952 uror
2491 2896 2579 2967 (ll
2609 2895 2726 2950 Cor.
2759 2912 2835 2963 xl,
2858 2896 2989 2962 29)?

2153 2992 2209 3045 2.
2235 2992 2571 3059 Quapropter
2598 2989 2775 3043 sciens
2802 2985 2942 3056 quod
2974 2986 3018 3039 si
3064 2984 3386 3055 quibuslibet
3412 2981 3667 3037 divitibus

2088 3100 2151 3140 ac
2173 3083 2481 3155 potentibus
2504 3091 2532 3130 (ι
2554 3088 2759 3151 parcat,
2788 3079 2926 3133 male
2946 3078 3246 3133 viventibus
3266 3087 3445 3132 autem
3471 3075 3665 3137 faveat,

2084 3192 2181 3235 eos
2212 3176 2398 3247 perdat
2418 3173 2575 3228 simul
2603 3180 2657 3226 et
2688 3182 2711 3209 τ
2744 3180 2954 3241 pereat;
2988 3180 3043 3224 et
3080 3180 3263 3224 sancte
3293 3171 3476 3223 vivere
3507 3167 3670 3221 debet

2088 3275 2309 3338 propter
2335 3262 2641 3331 exemplum
2668 3302 2683 3326 ,
2736 3270 2789 3315 et
2832 3271 2853 3297 ι
2888 3261 3082 3315 docere
3109 3268 3325 3327 prepter
3352 3274 3463 3312 suae
3498 3255 3671 3311 admi-

2090 3355 2425 3413 nistrationis
2449 3353 2683 3408 ofﬁcium
2712 3370 2723 3403 ε
2753 3358 2932 3405 certus
2955 3349 3094 3419 quod
3118 3349 3166 3403 ei
3199 3348 3331 3402 nihil
3352 3363 3448 3402 sua
3466 3345 3671 3416 justitia

2091 3450 2432 3517 sull'ragetur,
2456 3445 2525 3500 de
2551 3443 2704 3513 cujus
2730 3456 2891 3497 manu
2924 3441 3099 3495 anima
3124 3439 3398 3508 pereuntis
3421 3436 3670 3506 exigitur.

2093 3543 2318 3614 Quando
2345 3542 2652 3613 quicunque
2679 3539 2817 3603 alius
2840 3536 3080 3608 perierit,
3100 3550 3256 3605 quem
3284 3534 3426 3588 nulla
3449 3531 3674 3587 docendi

2093 3636 2384 3693 necessitas
2428 3640 2640 3698 manet,
2680 3631 2827 3686 solus
2858 3644 3044 3700 poenas
3074 3628 3092 3663 ί
3124 3626 3347 3682 sceleris
3376 3624 3459 3680 sui
3490 3622 3673 3688 dabit;

2095 3728 2186 3783 ille
2207 3734 2383 3782 autem
2408 3726 2492 3781 cui
2515 3723 2840 3793 dispensatio
2856 3720 3001 3777 verbi
3027 3718 3312 3775 commissa
3335 3724 3441 3783 est,
3468 3712 3678 3771 etiamsi

2098 3828 2282 3876 sancte
2308 3819 2484 3883 vivat,
2535 3826 2591 3873 et
2620 3827 2797 3871 tamen
2837 3814 3043 3883 perdite
3073 3814 3313 3868 viventes
3342 3823 3566 3880 arguere
3590 3814 3682 3861 aut

2100 3911 2402 3975 erubescat,
2439 3917 2530 3963 aut
2559 3918 2783 3972 metuat,
2817 3922 2936 3961 cum
2969 3904 3239 3971 omnibus,
3266 3903 3356 3973 qui
3383 3918 3447 3959 eo
3474 3908 3684 3956 tacente

2102 4000 2384 4071 perierint,
2410 3999 2568 4068 perit.
2613 3998 2680 4051 Et
2705 3997 2830 4063 quid
2866 3998 2911 4051 ei
2946 3996 3189 4064 proderit
3217 4009 3321 4049 non
3353 3993 3531 4062 puniri
3562 4004 3683 4056 suo,

2104 4092 2195 4159 qui
2224 4089 2522 4158 puniendus
2551 4095 2634 4142 est
2660 4087 2833 4141 alieno
2859 4095 3075 4155 peccato
3090 4088 3119 4161 ?‘
3136 4086 3383 4147 Mentior,
3401 4092 3430 4119 ιι
3451 4083 3555 4136 nisi
3576 4081 3680 4135 hoc

2108 4182 2368 4236 Dominus
2408 4194 2502 4248 per
2543 4178 2881 4231 Ezechielem
2920 4176 3234 4245 prophetam
3277 4173 3376 4229 sub
3406 4170 3685 4240 cujusdam

2108 4271 2330 4329 terroris
2353 4270 2755 4335 denuntiatione
2778 4267 3034 4336 loquitur,
3056 4267 3240 4320 dicens
3262 4264 3327 4318 ad
3350 4278 3504 4318 eum:
3528 4260 3594 4314 Et
3612 4268 3687 4326 tu,

2113 4365 2191 4435 ﬁli
2220 4364 2459 4429 hominis,
2481 4366 2849 4433 speculatorem
2871 4360 2989 4413 dedi
3010 4369 3056 4414 te
3076 4360 3253 4413 domui
3284 4356 3447 4415 Israel
3477 4354 3688 4428 (Ezech.

2028 4570 2083 4631 Ι)
2180 4580 2216 4607 ω
2245 4570 2345 4625 Ms.
2378 4567 2530 4625 Colb.
2560 4582 2718 4630 unus,
2754 4582 2853 4619 non
2884 4571 3084 4633 arguat.
3117 4563 3243 4616 Mss.
3278 4562 3384 4616 duo
3409 4560 3566 4630 ἷξες..
3593 4558 3694 4615 Sa-

2113 4642 2401 4695 cerdotibus
2431 4639 2628 4693 etiamsi
2647 4644 2773 4689 bene
2800 4637 3062 4688 vivant....
3103 4633 3379 4699 corrigant.

2186 4720 2214 4777 ξι
2239 4712 2365 4767 Mss.
2399 4719 2600 4777 septem
2633 4715 2689 4761 et
2734 4706 2864 4777 edit.
2884 4704 3071 4777 _Lug_(l.
3096 4717 3203 4777 non
3234 4701 3440 4777 habent
3465 4701 3604 4777 haec,
3651 4701 3699 4751 si

2118 4773 2283 4835 autem
2305 4771 2655 4848 aliteregerit;
2684 4777 2736 4829 in
2766 4776 2845 4848 his
2868 4771 3063 4848 deinde
3095 4772 3288 4841 legitur
3309 4771 3566 4840 proﬁciat,
3595 4783 3699 4822 non

2116 4852 2335 4921 proﬁcit.
2373 4844 2655 4921 Msiunus,
2699 4844 2947 4921 proﬁciet.
3006 4913 3017 4921 _
3078 4912 3107 4921 ,ν
3318 4902 3321 4905 .

2193 4909 2221 4955 ά
2242 4921 2366 4976 Mss.
2398 4918 2552 4974 Colb.
2579 4909 2708 4978 duo,
2737 4909 2951 4983 singulis
2999 4912 3295 4966 imitabilem
3344 4926 3398 4964 se
3448 4909 3699 4979 prtebeat,

2120 5000 2270 5057 atque
2290 5001 2406 5044 ante
2433 4989 2627 5042 oculos.

2197 5072 2224 5111 P
2249 5062 2346 5116 Ms.
2380 5061 2511 5128 Reg.
2546 5058 2703 5121 unus,
2737 5055 2908 5128 nullus
2929 5055 3161 5128 salutem
3186 5050 3532 5128 desperando,
3579 5064 3703 5100 con-

2126 5141 2317 5186 temnat
2342 5123 2538 5184 animas
2568 5124 3150 5198 emendari_nolentium,
3174 5123 3525 5198 sed_pla_ngat_.
3670 5188 3682 5198 _

2199 5214 2223 5250 (ι
2255 5203 2380 5255 Mss.
2414 5202 2543 5264 Reg.
2578 5200 2705 5263 duo,
2736 5207 2790 5252 et
2815 5195 3003 5250 Camb.
3038 5188 3156 5249 cum
3203 5191 3332 5248 edit.
3375 5188 3568 5264 Lugd.,
3597 5188 3705 5255 qui-

2129 5272 2342 5326 buslibet
2389 5260 2623 5327 divitibus
2657 5260 2718 5322 ac
2763 5266 3046 5337 potentibus
3071 5265 3203 5318 male
3226 5260 3500 5337 viventibus
3532 5267 3707 5337 parcat

2127 5355 2217 5481 put
2246 5346 2430 5412 faveat.
2485 5342 2585 5395 Ms.
2625 5330 2779 5394 Colb'.
2821 5353 2981 5401 unus,
3004 5352 3064 5391 ac
3094 5330 3374 5405 potentibus
3401 5337 3577 5397 parcat
3618 5335 3709 5382 aut

2153 5423 2315 5470 aveat.
2696 5442 2699 5447 α

2153 5423 2315 5470 aveat.
2696 5442 2699 5447 ί

2204 5494 2227 5521 π
2258 5484 2356 5538 Ms.
2394 5496 2554 5547 unus,
2580 5484 2810 5553 perimat.

2206 5564 2228 5591 ³
2259 5554 2363 5609 Ms.
2392 5568 2548 5618 unus,
2581 5564 2626 5607 et
2656 5554 2738 5624 pie
2760 5554 2955 5624 docere.

2210 5626 2226 5660 ί
2257 5625 2381 5679 Mss.
2409 5616 2542 5694 Reg.
2576 5616 2701 5687 duo,
2736 5622 2841 5675 suis
2871 5616 3161 5694 sceleribus.

2209 5702 2236 5728 υ
2268 5696 2342 5748 Ita
2365 5680 2727 5763 mssfseptem
2749 5704 2869 5745 cum
2893 5688 3023 5741 edit.
3044 5682 3208 5754 Lugd.
3234 5681 3395 5739 Duae.
3422 5690 3477 5737 et
3496 5680 3710 5747 Colon.,

2137 5782 2181 5820 ﬂ
2209 5781 2333 5821 non.
