4124 6350
482 297 584 353 455

1802 289 2059 344 JULlANl
2100 288 2379 354 POMERH

3648 281 3750 349 £36

479 426 670 475 sunt,
688 409 764 478 7).
792 408 899 462 Nec
923 407 1023 461 hoc
1051 411 1382 468 transeunter
1411 400 1668 463 debemus
1699 400 1904 466 audire,
1931 401 2070 470 quod
2098 404 2151 463 Α
2177 400 2360 470 sequia
2376 401 2672 456 desiderata
2686 401 3012 458 subducant:
3039 418 3102 458 ac
3121 417 3198 459 etc
3217 404 3523 458 muneribus
3541 417 3747 468 eorum,

479 501 816 556 sacerdotem
842 497 1233 568 speculatorem
1249 492 1481 563 appellat
1501 511 1512 546 :
1532 493 1738 548 utsicut
1759 495 2065 562 Speculato-

477 593 561 648 ris
584 601 700 658 est,
733 591 799 646 de
835 591 956 644 loco
983 585 1192 643 editiori
1225 585 1553 654 proSpicere,
1589 593 1642 640 et
1675 584 1790 652 plus
1820 585 2068 639 omnibus

479 683 865 752 contemplari;
888 683 961 734 ita
984 678 1236 733 sacerdos
1257 677 1418 732 debet
1434 692 1552 731 esse
1581 686 1604 712 η
1625 678 1880 747 propositi
1908 677 2069 730 subli-

485 776 670 830 mitate
690 773 878 830 celsior
890 771 1120 838 cunctis,
1137 785 1198 824 ac
1217 769 1431 839 majoris
1445 769 1680 823 scientia:
1697 769 1953 838 prepositi
1979 769 2066 821 ha-

484 865 613 920 bere
659 865 884 932 gratiam
904 907 917 929 ,
952 877 1054 931 qua
1089 862 1256 930 possit
1288 860 1386 914 sub
1415 875 1473 914 se
1504 860 1748 914 viventes
1780 860 2066 916 instruere.

554 956 608 1009 5.
654 953 946 1008 Videamus
971 954 1080 1022 jam
1115 951 1240 1020 quid
1271 951 1477 1004 divinus
1507 965 1685 1003 sermo
1717 949 1740 987 ι)
1775 952 2069 1005 contineat.

488 1048 737 1113 Audiens,
785 1048 976 1116 inquit,
1026 1065 1088 1101 ex
1119 1065 1204 1101 ore
1240 1064 1346 1100 meo
1391 1063 1694 1106 sermonem,
1746 1045 2072 1098 annuntiabis

481 1139 555 1191 eis
587 1135 1002 1207 exnte(1bid.);
1060 1149 1114 1191 ut
1169 1138 1270 1191 hoc
1311 1136 1452 1190 dicat
1500 1135 1771 1201 sacerdos,
1822 1134 1962 1203 quod
2008 1150 2069 1190 ex

485 1229 668 1290 divina
693 1230 922 1286 lectione
949 1231 1217 1298 didicerit,
1245 1232 1384 1300 quod
1417 1231 1494 1285 illi
1527 1231 1666 1285 Deus
1709 1229 2067 1298 inSpitaverit,

481 1337 593 1378 non
621 1324 764 1392 quod
797 1335 818 1361 ο
854 1327 1274 1393 praesumptione
1316 1325 1531 1379 humani
1564 1339 1753 1379 sensus
1784 1325 2069 1380 invenerit.

487 1415 828 1470 Anuuntiabis
869 1418 961 1483 sis,
1005 1417 1199 1486 inquit,
1249 1433 1312 1470 ea:
1341 1435 1434 1470 me.
1475 1415 1554 1470 Ex
1587 1433 1694 1480 me;
1725 1413 1751 1452 ἀ
1789 1431 1894 1468 ιιοιι
1931 1431 1992 1473 ex
2024 1423 2074 1470 te

445 1494 460 1505 ’
486 1521 606 1563 mea
634 1507 795 1560 verba
825 1508 1078 1576 loqueris.
1109 1509 1224 1562 Non
1248 1519 1330 1564 est
1365 1518 1386 1545 ε
1412 1509 1549 1577 quod
1592 1523 1656 1562 ex
1686 1509 1786 1572 eis,
1818 1519 2073 1578 tanquam

487 1601 558 1655 de
583 1601 688 1656 tuis
711 1601 932 1656 inﬂeris.
969 1602 1047 1656 Ex
1077 1615 1186 1669 me,
1209 1601 1403 1672 inquit,
1437 1602 1514 1656 eis
1537 1601 1814 1664 annuntio.
1845 1601 2071 1670 Sedjam

489 1691 613 1758 Quid
633 1695 916 1748 annuntiat
945 1693 1224 1748 audiamus
1257 1711 1268 1745 :
1305 1693 1364 1747 Si
1393 1709 1469 1746 me
1491 1693 1688 1746 dicente
1729 1693 1794 1746 ad
1817 1693 2030 1764 impium
2053 1708 2072 1746 :

2175 503 2226 547 et
2252 493 2522 562 obsequiis
2549 494 2712 562 capti,
2744 494 2854 549 imo
2891 511 2986 565 per
3038 497 3154 550 haec
3199 497 3307 549 illis
3351 496 3568 563 addicti,
3610 496 3751 565 loqui

2173 583 2276 638 illis
2298 585 2364 639 de
2394 594 2613 654 peccato
2637 599 2734 640 suo
2760 595 2850 648 aut
2865 587 2933 642 de
2955 586 3132 642 futuro
3157 586 3360 655 judicio
3384 588 3750 641 formidamus.

2174 675 2239 740 Et
2269 675 2391 732 ideo
2417 677 2698 732 minaciter
2728 678 3032 746 superbiam
3065 688 3304 732 nostram
3337 678 3545 731 divinus
3576 693 3751 732 sermo

2174 767 2480 832 contundit;
2514 769 2606 823 sed
2637 778 2819 824 noster
2839 771 3053 825 auditus
3083 769 3214 824 nihil
3248 771 3386 823 unde
3413 769 3754 838 proliciamus

2176 860 2408 914 admittit
2437 878 2448 914 :
2479 863 2602 931 quia
2640 864 2919 930 praesentis
2968 865 3090 918 vita:
3126 864 3264 934 capti
3301 863 3605 927 dulcedine,
3639 881 3756 930 qua:

2175 965 2332 1018 ptena
2364 961 2386 984 ο
2419 952 2796 1022 negligentiam
2837 966 3072 1010 nosuam
3113 964 3329 1009 maneat
3376 954 3429 1008 in
3470 962 3752 1023 aeternum,

2171 1042 2422 1101 uolumus
2452 1044 2709 1111 cogitare.

2246 1135 2299 1188 2.
2333 1135 2389 1190 In
2423 1145 2664 1204 pastores
2689 1152 2818 1207 ergo
2848 1138 2946 1192 ista
2964 1137 3234 1205 dicuntur,
3266 1138 3332 1193 de
3351 1152 3577 1205 quorum
3605 1138 3757 1192 nobis

2179 1225 2320 1280 inani
2353 1226 2710 1294 appellatione
2740 1227 3042 1282 blandimur
3077 1245 3088 1280 :
3139 1227 3268 1281 Haec
3311 1229 3434 1280 dicit
3459 1227 3712 1281 Dominus
3741 1244 3759 1282 :

2184 1313 2274 1368 Va:
2303 1316 2586 1384 pastoribus
2617 1315 2805 1382 Israel,
2829 1318 2914 1386 qui
2937 1319 3205 1386 pascebant
3233 1319 3546 1386 semetipsos.
3579 1317 3762 1372 Nonne

2177 1424 2352 1480 greges
2402 1418 2683 1478 pascuntur
2726 1426 2757 1461 a
2805 1410 3137 1476 pastoribus?
3178 1411 3284 1463 Lac
3327 1410 3685 1475 comedebatis,
3717 1420 3761 1463 et

2179 1501 2310 1562 lanis
2352 1500 2760 1570 aperiebamini;
2812 1503 2950 1569 quod
2999 1519 3228 1556 crassum
3276 1515 3386 1556 erat
3433 1503 3759 1569 occidebatis,

2178 1608 2379 1662 gregem
2408 1603 2575 1648 autem
2609 1611 2776 1654 meum
2807 1613 2908 1652 non
2955 1597 3260 1664 poscebatis.
3305 1597 3456 1662 Quod
3503 1597 3761 1665 inﬁrmant

2179 1685 2278 1754 fuit
2311 1703 2412 1742 non
2437 1686 2814 1752 consolidastis,
2846 1697 2892 1742 et
2922 1690 3060 1757 quod
3085 1699 3334 1757 wgrotum
3362 1705 3463 1742 non
3505 1691 3764 1755 sarrastis;

489 1782 676 1852 Impia,
707 1794 866 1837 morte
895 1786 1162 1849 morieris;
1203 1783 1220 1822 ἲ
1248 1800 1348 1837 non
1379 1783 1537 1850 fueris
1569 1785 1785 1847 locutus,
1825 1794 1878 1836 ut
1907 1793 2075 1838 custo-
2106 1768 2154 1836 Β
2180 1781 2315 1849 quod
2343 1790 2369 1828 P
2399 1781 2619 1851 fractum
2646 1792 2754 1836 erat
2787 1797 2886 1836 non
2921 1781 3211 1852 alligastis,
3244 1791 3292 1836 et
3334 1781 3472 1852 quod
3515 1783 3764 1852 abjectum

489 1875 596 1932 sliat
623 1891 677 1928 se
703 1875 892 1944 impius
921 1877 953 1928 ti
974 1877 1054 1928 uia
1094 1893 1205 1942 sua,
1241 1876 1346 1945 ipse
1371 1876 1560 1944 impius
1589 1877 1643 1928 in
1671 1876 1939 1946 iniquitate
1981 1894 2074 1930 sua

491 1967 755 2033 morietur,
786 1970 1084 2038 sanguinem
1113 1985 1228 2022 vero
1265 1971 1376 2030 eius
1417 1969 1478 2021 de.
1507 1986 1660 2022 manu
1692 1976 1778 2021 tua
1820 1970 2074 2038 requiram

491 2055 680 2124 (ιιοιι,
711 2057 791 2128 8).
835 2058 973 2125 Quid
1020 2059 1187 2128 potuit
1230 2060 1560 2128 expressius,
1603 2068 1625 2105 ε
1669 2059 1794 2128 quid
1843 2060 2075 2128 apertius

491 2158 669 2216 potest
692 2149 796 2203 dici
824 2148 847 2201 ?
883 2149 940 2204 Si
969 2151 1152 2219 impio,
1186 2151 1376 2222 inquit,
1418 2153 1628 2206 locutus
1663 2168 1766 2205 non
1802 2151 1986 2218 fueris,
2020 2160 2077 2206 ut

490 2241 560 2295 ab
585 2240 861 2310 impietate
881 2256 975 2296 sua
1005 2258 1064 2297 se
1086 2225 1369 2305 custodiat,
1406 2240 1431 2279 δ
1464 2254 1514 2297 et
1550 2243 1639 2297 ille
1669 2243 1909 2313 perierit,
1955 2259 2076 2297 san-

489 2331 703 2400 guinem
717 2331 842 2400 eius
867 2331 932 2386 de
955 2346 1113 2386 manu
1135 2341 1225 2386 tua
1255 2331 1541 2399 requiram.
1599 2319 1711 2386 Hoc
1740 2342 1819 2387 est
1849 2334 2028 2388 dicere
2057 2349 2070 2386 :

493 2420 550 2477 Si
577 2423 626 2475 ei
651 2431 868 2490 peccata
901 2436 996 2477 sua
1026 2437 1130 2477 non
1152 2423 1575 2488 annuntiaveris,
1607 2423 1650 2476 si
1680 2439 1799 2477 eum
1846 2439 1950 2478 non
1989 2439 2076 2480 ar-

491 2511 692 2581 gueris,
723 2521 785 2565 ut
815 2513 881 2568 ab
907 2513 1182 2582 impietate
1221 2528 1312 2567 sua
1345 2523 1686 2567 convertatur
1719 2523 1773 2568 et
1813 2515 1987 2577 vivat;
2022 2523 2076 2568 et

490 2612 566 2670 te,
591 2604 678 2670 qui
701 2619 807 2662 non
838 2604 1151 2674 increpasti,
1181 2615 1234 2660 et
1263 2606 1457 2674 ipsum,
1496 2607 1584 2676 qui
1619 2616 1667 2660 te
1694 2615 1918 2668 tacente,
1949 2621 2075 2682 pec-

490 2696 650 2763 esurit,
683 2697 913 2752 ﬂammis
940 2699 1263 2767 perennibus
1292 2699 1533 2766 perdam.
1580 2701 1731 2765 Quis,
1773 2715 1924 2768 rogo,
1968 2709 2072 2753 tam

491 2788 636 2847 sani
665 2789 919 2854 pectoris,
949 2793 1070 2858 quis
1102 2799 1208 2844 tam
1240 2791 1442 2844 let-reus
1472 2793 1596 2851 erit,
1625 2806 1781 2857 quem
1809 2791 2074 2848 sententia

492 2879 592 2931 ista
623 2893 729 2931 non
747 2881 988 2933 terreat?
1015 2881 1132 2948 quis
1163 2890 1268 2933 tam
1292 2879 1496 2934 alienus
1528 2894 1556 2932 a
1584 2879 1712 2945 ﬁde,
1742 2883 1830 2950 qui
1859 2889 2076 2937 senten-

494 2969 578 3022 tia:
611 2968 695 3023 isti
724 2983 826 3022 non
859 2970 1082 3024 credat?

1086 3059 1310 3116 CAPUT
1350 3061 1490 3116 XXI.

533 3151 794 3205 .Luctuosa
822 3152 1095 3221 descriptio
1123 3153 1139 3190 ί
1175 3156 1450 3208 sacerdotis
1480 3157 1754 3220 carnaliter
1775 3158 2009 3212 viventis.

563 3246 615 3296 1.
650 3243 756 3300 Sed
787 3260 884 3299 nos
915 3248 1265 3314 pra-sentibus
1297 3248 1569 3313 delectati,
1603 3250 1725 3314 dum
1755 3251 1803 3304 in
1836 3251 1934 3306 hac
1964 3253 2067 3306 vita

491 3334 768 3390 etmnnoda
795 3345 996 3403 nostra,
1023 3346 1076 3393 et
1101 3338 1329 3394 honores
1352 3338 1700 3410 inquirimus;
1737 3357 1841 3402 non
1875 3353 1933 3400 ut
1959 3359 2074 3399 me.-

487 3427 671 3494 liores,
701 3429 792 3483 sed
825 3439 882 3484 ut
910 3431 1170 3496 ditiores;
1203 3447 1302 3486 nec
1333 3443 1386 3486 ut
1409 3435 1728 3502 sanctiores,
1763 3437 1857 3490 sed
1893 3446 1946 3490 ut
1976 3437 2072 3498 ho—

490 3521 787 3575 noratiores
829 3522 994 3576 simus
1029 3525 1044 3571 ι
1079 3523 1288 3578 caeteris
1339 3524 1655 3581 festinamus
1683 3545 1694 3578 :
1729 3544 1826 3583 nec
1853 3545 2068 3600 gregem

490 3610 827 3679 Domi-ni,qui
861 3613 1014 3668 nobis
1049 3615 1349 3684 pascendus
1388 3618 1724 3686 tucndusquc
1751 3623 2070 3680 eontmissus

484 3715 598 3766 est;
631 3703 734 3758 sed
769 3713 980 3758 nostras
1017 3704 1045 3742 κ
1084 3708 1403 3776 voluptates,
1453 3710 1901 3778 doutinatiOnem,
1937 3712 2062 3766 divi-

487 3792 612 3856 tias,
640 3802 695 3846 ot
723 3803 918 3848 caetera
959 3795 1323 3851 blandimenta
1359 3796 1375 3834 1
1408 3800 1694 3854 carnaliter
1733 3803 2064 3872 cogitamus;

486 3889 731 3950 pastores
755 3883 862 3938 dici
893 3885 1157 3953 volumus,
1187 3904 1282 3943 nec
1307 3899 1484 3945 tamen
1507 3906 1628 3946 esse
1652 3895 2024 3952 contendimus
2051 3913 2064 3960 ;

484 3971 645 4027 ofﬁcii
666 3975 834 4028 noStri
864 3976 1094 4031 vitamus
1115 3978 1374 4045 laborem,
1407 3984 1704 4051 appetitnus
1732 3984 2063 4054 dignitatem.

483 4061 884 4120 lmmundorum
932 4069 1213 4136 Spirituum
1259 4072 1400 4127 teras
1446 4089 1473 4127 a
1514 4091 1677 4148 grege
1725 4077 2066 4136 dilaceraudo

483 4171 592 4211 non
619 4159 886 4226 pellimus,
919 4169 958 4196 ω
988 4173 1041 4215 et
1075 4165 1218 4231 quod
1247 4165 1324 4218 eis
1356 4171 1675 4222 remanserit
1716 4169 1814 4238 ipsi
1860 4187 2062 4227 consu-

482 4251 712 4317 ωίωιιες
761 4254 979 4322 quando
1008 4268 1292 4322 peccantes
1329 4260 1543 4325 divites,
1599 4263 1682 4318 vel
1732 4274 1978 4332 potentes
2012 4276 2064 4335 ιι,

481 4360 590 4400 ιιοιι
617 4347 790 4402 solum
823 4365 930 4403 non
955 4352 1247 4419 arguimus,
1283 4353 1375 4408 sed
1419 4356 1578 4408 etiam
1612 4372 1962 4423 veneramur;
1997 4376 2066 4413 ne

2183 1887 2283 1922 non
2314 1872 2610 1924 reduxistis.
2646 1871 2793 1937 Quod
2824 1872 3040 1938 perierat
3081 1889 3183 1925 non
3212 1874 3489 1942 quaesistis,
3537 1874 3626 1924 sed
3655 1888 3766 1925 cum

2181 1962 2474 2014 austeritate
2499 1962 2821 2027 imperabatis
2843 1962 2935 2028 sis,
2965 1970 3148 2016 etcum
3164 1964 3388 2032 patentia
3414 1979 3430 2016 :
3458 1973 3504 2017 et
3527 1964 3766 2028 dispersa:

2182 2061 2307 2106 sunt
2338 2068 2384 2105 οι
2401 2068 2451 2107 es
2479 2068 2624 2120 nicas,
2652 2068 2714 2106 eo
2741 2055 2878 2122 quod
2901 2070 3004 2108 non
3033 2063 3161 2107 esset
3185 2061 3384 2122 pastor,
3415 2064 3462 2106 et
3499 2055 3624 2125 facti
3653 2066 3766 2107 sunt

2182 2144 2235 2196 in
2265 2144 2640 2199 deuorationem
2655 2146 2879 2199 omnium
2902 2146 3173 2200 bestiarum
3191 2146 3300 2214 agri
3331 2144 3538 2217 (Ezech.
3583 2161 3763 2212 χχχιιι,

2184 2236 2204 2288 1
2237 2236 2421 2304 seqq.).
2469 2235 2536 2290 Et
2571 2236 2728 2304 paulo
2769 2246 2931 2304 post:
2967 2235 3264 2305 Propterea,
3296 2244 3547 2303 pastores,
3593 2236 3764 2290 audite

2182 2329 2386 2382 uerbum
2431 2328 2684 2382 Domini:
2721 2327 2848 2382 Vivo
2905 2344 2999 2399 ego
3028 2369 3041 2393 ,
3097 2329 3220 2382 dicit
3268 2327 3519 2381 Dominus
3580 2327 3767 2380 Deus:

2179 2430 2210 2470 ιι
2230 2422 2350 2490 quia
2379 2437 2471 2490 pro
2497 2437 2555 2474 eo
2581 2421 2720 2490 quod
2745 2422 2868 2490 facti
2895 2431 3010 2476 sunt
3032 2436 3207 2491 greges
3237 2421 3336 2474 mei
3361 2421 3415 2473 in
3438 2421 3692 2491 rapinam,
3723 2428 3768 2471 et

2184 2530 2293 2567 oves
2323 2529 2443 2566 mea:
2471 2514 2522 2566 in
2563 2514 2936 2567 derorutionem
2966 2514 3189 2567 onmium
3221 2513 3493 2566 bestiarum
3539 2515 3671 2583 agri,
3714 2528 3770 2566 eo

2183 2610 2316 2674 quod
2341 2623 2441 2659 nou
2471 2615 2597 2658 esset
2628 2617 2837 2672 pastor;
2871 2622 3026 2671 neque
3047 2607 3180 2659 enim
3208 2606 3519 2674 quaesierunt
3541 2614 3768 2674 pastores

2183 2714 2385 2766 gregem
2420 2712 2618 2759 meum;
2657 2698 2746 2750 sed
2780 2698 3053 2767 pascebant
3092 2706 3316 2763 pastores
3365 2697 3682 2763 senmtipsos,
3726 2705 3771 2749 et

2183 2806 2382 2858 gregem
2411 2799 2429 2824 τ
2465 2805 2628 2841 meum
2659 2804 2756 2841 non
2787 2790 3058 2855 pascebant
3095 2805 3112 2843 :
3157 2788 3470 2858 PrOpterea,
3517 2799 3766 2859 pastores,

2183 2883 2357 2936 audite
2380 2881 2585 2936 verbum
2607 2881 2832 2936 Domini.
2892 2882 3014 2936 lla’c
3042 2883 3165 2940 dicit
3186 2882 3440 2936 Dominus
3463 2899 3480 2935 :
3517 2881 3651 2935 Ecce
3679 2898 3767 2951 ego

2185 2976 2293 3043 ipse
2321 2992 2474 3046 super
2499 2984 2758 3045 pastores;
2795 2977 3049 3044 requiram
3087 2993 3287 3047 gregem
3322 2991 3488 3029 meum
3516 2976 3582 3029 de
3616 2992 3768 3029 manu

2183 3084 2378 3132 eorum,
2409 3078 2456 3120 ct
2485 3085 2680 3122 cessare
2704 3085 2786 3122 eos
2815 3069 3027 3137 faciam,
3059 3077 3112 3122 ut
3144 3068 3281 3122 ultra
3305 3085 3405 3121 non
3427 3077 3638 3137 pascant
3660 3084 3768 3135 gre-

2185 3176 2298 3228 gem
2333 3176 2518 3227 meum,
2564 3177 2654 3213 nec
2700 3169 2924 3227 pastores
2959 3161 3181 3229 amplius
3227 3169 3438 3230 pascant
3474 3161 3767 3229 semetipsos

2187 3249 2376 3316 (lltid.,
2408 3251 2436 3302 7
2467 3263 2509 3302 et
2543 3250 2726 3320 seqq.).

2258 3344 2308 3397 5.
2351 3341 2479 3405 Quis
2510 3341 2575 3394 ad
2607 3340 2719 3394 haec
2745 3356 2852 3394 non
2875 3342 3284 3396 contremiscat?
3332 3341 3458 3408 Quis
3504 3341 3604 3394 ista
3651 3340 3764 3394 sine

2186 3434 2509 3507 intolerabili
2545 3443 2688 3488 metu
2721 3435 2908 3487 futura:
2938 3434 3349 3488 examinationis
3376 3432 3622 3500 accipiat,
3665 3433 3763 3486 nisi

2188 3530 2276 3596 qui
2325 3537 2416 3582 aut
2459 3543 2565 3580 non
2613 3527 2883 3593 intelligit,
2925 3533 3017 3580 aut
3059 3525 3230 3580 futura
3263 3541 3368 3580 non
3408 3525 3616 3579 credit?
3657 3524 3760 3578 Sed

2191 3631 2210 3656 δ
2245 3621 2364 3688 quia
2389 3620 2564 3674 omnia
2603 3633 2720 3686 qua:
2749 3618 2892 3672 Deus
2917 3617 3189 3672 observari
3230 3617 3415 3683 voluit,
3447 3627 3551 3670 tam
3584 3623 3763 3685 aperte

2184 3711 2379 3778 posuit,
2405 3711 2544 3764 ctita
2566 3709 2797 3764 nominis
2824 3709 2906 3770 sui
2931 3709 3250 3764 auctoritate
3274 3709 3525 3774 ﬁrmavit,
3561 3717 3618 3761 ut
3651 3709 3667 3741 ί
3700 3721 3758 3760 ea

2183 3804 2386 3858 facilius
2410 3803 2574 3872 (quod
2621 3802 2764 3858 dictu
2795 3817 3006 3870 quoque
3039 3804 3186 3857 nefas
3206 3802 3310 3871 est)
3333 3810 3756 3864 contemnamus,

2183 3902 2212 3929 ιι
2245 3910 2404 3962 quatn
2445 3909 2550 3948 non
2592 3894 2895 3963 intelligere
2934 3895 3019 3948 vel
3050 3909 3157 3947 non
3191 3893 3410 3949 credere
3439 3902 3544 3946 tam
3583 3900 3756 3960 aperta

2184 3997 2237 4042 et
2265 3988 2441 4042 divina
2467 3988 2724 4054 ﬁngamus
2756 4004 2766 4037 :
2799 3986 3010 4055 quando
3039 3987 3304 4052 audimus,
3348 3986 3474 4040 Haec
3500 3986 3621 4038 dicit
3654 3984 3758 4037 Do.

2183 4084 2351 4136 minus
2376 4128 2388 4147 ,
2415 4082 2583 4150 “quis
2626 4079 2862 4136 futurum
2899 4097 3021 4136 esse
3075 4096 3180 4134 non
3230 4079 3415 4133 credat
3452 4080 3595 4148 quod
3638 4078 3760 4132 dicit

2184 4185 2208 4210 ³
2230 4177 2506 4242 Dominus,
2534 4176 2634 4230 nisi
2657 4177 2746 4243 qui
2774 4176 2883 4230 Deo
2901 4189 3007 4228 non
3019 4174 3222 4229 credit?
3243 4173 3394 4241 Quod
3410 4181 3587 4226 autem
3601 4172 3758 4226 dicit:

2190 4268 2279 4322 Vw
2323 4269 2628 4338 pastoribus,
2682 4267 2819 4324 istud
2869 4283 2942 4321 va:
2983 4282 3081 4336 pro
3125 4265 3411 4334 maledieto
3451 4275 3476 4312 3'
3521 4264 3665 4333 poni,
3709 4273 3758 4317 et

2182 4372 2455 4427 pastorum
2489 4362 2706 4416 neruiue
2732 4375 2828 4414 nos
2858 4360 3144 4428 signiﬁcari
3174 4360 3292 4428 quis
3334 4374 3438 4412 non
3477 4358 3754 4427 intelligat,

481 4439 638 4493 nobis
661 4451 757 4496 aut
786 4455 1008 4496 munera
1038 4445 1194 4497 solita
1223 4445 1410 4498 oﬂ‘ensi
1437 4462 1540 4499 non
1565 4446 1816 4515 dirigant,
1849 4460 1939 4502 aut
1966 4452 2060 4506 oh-
2090 4438 2144 4497 D
2171 4451 2272 4505 nisi
2301 4453 2392 4520 qui
2422 4461 2442 4486 7-
2477 4452 2651 4505 l'utura
2692 4468 2796 4506 non
2826 4451 3065 4520 cogitat?
3094 4460 3150 4487 ολ
3193 4450 3392 4521 Gregcs
3426 4450 3636 4505 Domini
3668 4465 3757 4518 pa-

553 4622 579 4691 ξι
606 4613 684 4691 I_t_a
713 4626 844 4691 mss.
869 4628 1077 4668 omnes.
1111 4615 1252 4691 Editi
1285 4627 1486 4682 autem,
1517 4632 1801 4691 proposita.

549 4681 578 4719 δ
731 4681 883 4756 Celb.
915 4699 1073 4756 unus,
1105 4686 1346 4740 obtineat.
1397 4681 1876 4756 Altam—continuet.

555 4765 574 4825 ς
609 4754 738 4825 Mss.
771 4753 876 4825 duo
905 4754 1055 4809 Colb.
1081 4760 1429 4825 prresumptio.

551 4821 577 4858 ἀ
601 4821 725 4904 diss.
754 4823 879 4890 duo,
912 4840 1012 4880 non
1041 4821 1102 4880 ea:
1123 4836 1170 4880 te
1194 4821 1341 4882 verba
1378 4829 1618 4900 loqueris.
1664 4832 1762 4887 Ms.
1796 4835 1948 4908 alter,
1983 4837 2062 4891 lo-

475 4909 643 4964 queris
665 4910 758 4964 eis.

554 4975 576 5044 ς
791 4980 892 5044 quo
913 4966 965 5018 in
989 4965 1085 5044 eis.
1107 4966 1234 5044 dies.
1261 4971 1514 5042 quinque,
1548 4975 1684 5043 quod
1713 4991 1775 5028 ea:
1797 4977 1887 5030 eis.

549 5033 571 5070 τ
603 5031 765 5105 Eiditi,
796 5035 840 5086 si
868 5051 968 5088 non
999 5039 1177 5105 fueris.
1274 5033 1279 5093 ξ

549 5114 573 5152 s
605 5104 732 5185 b155,
777 5104 1043 5188 quatuor.
1081 5109 1208 5176 quid
1245 5114 1471 5180 apertius
1517 5116 1659 5168 dici?
1707 5116 1879 5186 Editi,
1925 5123 2054 5190 quid

549 5186 697 5228 rrttus
729 5183 889 5232 potest
913 5177 1056 5232 dict?

469 5189 697 5228 apertius
729 5189 889 5228 natast
913 5189 966 5228 αι

504 5192 697 5244 peritus
727 5192 889 5243 potest
913 5192 1056 5234 atcir

544 5244 569 5332 'f
727 5261 885 5332 illius.
915 5245 1004 5301 me
1021 5250 1227 5332 quidem
1247 5254 1708 5332 perit,sanguinem
1730 5268 1898 5312 autent
1920 5263 2046 5332 ejus.

548 5317 560 5392 ξ
753 5328 884 5382 tres,
913 5321 1190 5379 carnaliter
1211 5317 1482 5377 uiuentium
1504 5317 1838 5383 sacerdotum.

544 5385 558 5462 ξ
600 5385 696 5462 itis.
724 5403 882 5444 unus.
913 5392 1114 5445 steteris
1137 5409 1350 5460 privasse
1369 5397 1691 5462 festinamus.

540 5448 568 5531 ξι
601 5455 723 5531 Mss.
757 5465 986 5524 quatuor
1014 5448 1148 5515 cum.
1162 5464 1289 5517 edit.
1318 5448 1484 5531 Lugd.
1508 5509 1520 5531 ,
1553 5448 1817 5520 vanitates.

538 5509 556 5548 1
600 5509 890 5582 Abestjvox
922 5532 1198 5586 carnali.’er
1225 5509 1376 5589 a‘ms.

533 5592 571 5669 Τ
597 5592 706 5669 ᾖξε.
732 5611 884 5662 unus,
914 5602 1001 5652 sed
1022 5605 1180 5669 quod.

535 5658 561 5743 ξ
597 5660 698 5743 Ms.
731 5658 1403 5743 unus'addit'conspicimus

536 5732 560 5759 °
597 5731 694 5788 Ms.
717 5748 779 5787 ex
805 5737 958 5790 Colb.
985 5755 1140 5798 unus.
1177 5731 1228 5796 et
1261 5749 1467 5811 ::;:nth.,
1512 5748 1832 5811 negligentiae
1864 5763 2050 5806 nostrw

2178 4638 2464 4680 mtmtneat.

2250 4709 2276 4746 I‘
2309 4697 2433 4751 Mss.
2470 4706 2573 4751 tres
2605 4696 2779 4760 Colb.,
2811 4699 3028 4765 fractum
3060 4708 3153 4751 est.
3201 4697 3342 4752 Edit.
3387 4698 3577 4767 Lugd.,

2177 4773 2400 4836 fractum
2425 4785 2523 4819 non
2557 4769 2825 4837 alligastis.

2250 4850 2275 4886 ιι
2309 4839 2434 4891 Mss.
2464 4839 2569 4892 duo
2597 4855 2698 4890 non
2735 4837 2931 4892 habent
2959 4838 3043 4893 hic
3062 4840 3202 4909 quia.

2250 4919 2271 4944 τ
2312 4909 2472 4962 Abest
2502 4925 2598 4962 vox
2631 4926 2795 4963 meum
2823 4926 2848 4959 a
2871 4923 2998 4962 mss.
3023 4924 3146 4964 sex.

2251 4991 2270 5014 5
2306 4981 2436 5032 Mss.
2467 4989 2693 5051 quatuor
2724 4990 2908 5032 carent
2935 4979 3033 5034 hac
3063 4981 3314 5048 particula
3338 4982 3477 5051 quia.

2254 5053 2268 5084 ι
2311 5051 2433 5101 Mss.
2469 5050 2680 5115 Camb,
2711 5066 2770 5102 ea
2791 5067 2914 5102 nou.

2248 5129 2274 5154 ιι
2309 5120 2402 5172 Ms.
2428 5116 2637 5183 Catnb.,
2679 5131 2726 5173 et
2750 5137 3064 5190 nequaquam
3089 5139 3180 5176 nos
3213 5140 3314 5176 non
3345 5122 3630 5194 intelligam
3655 5133 3751 5175 tant

2171 5202 2368 5260 aperta.

2246 5261 2372 5334 Vglta
2404 5276 2531 5316 mss.
2587 5269 2832 5329 quatuor.
2881 5262 3038 5326 Editi,
3083 5264 3193 5331 quis
3231 5280 3334 5318 non
3383 5269 3613 5334 futurum
3647 5279 3754 5318 esse

2170 5332 2347 5384 credat
2365 5335 2388 5386 ?

2246 5413 2270 5437 π
2301 5403 2423 5456 Mss.
2448 5403 2570 5464 duo,
2608 5403 2758 5454 Dens.

2243 5484 2269 5518 Υ
2299 5474 2428 5525 Mss.
2454 5473 2579 5535 duo,
2613 5475 2772 5538 ponit.
2817 5473 2912 5526 Ms.
2949 5489 3107 5537 unus,
3132 5475 3360 5541 ponitur.

2246 5552 2266 5576 κ
2298 5543 2421 5596 Mss.
2455 5554 2698 5610 quatuor,
2729 5545 2980 5611 futurum.

2247 5623 2303 5648 διι
2341 5616 2413 5666 Ita
2446 5628 2572 5666 mss.
2598 5630 2815 5688 otnues;
2843 5627 2892 5668 at
2911 5615 3060 5688 editi,
3088 5614 3303 5685 Gregem
3321 5616 3528 5672 Domini
3547 5633 3770 5688 pascat--

2171 5685 2293 5736 dum
2324 5696 2551 5753 pastores
2584 5687 2705 5752 [acti
2731 5686 3063 5755 suscepimus.

3630 4700 3759 4767 quod
