4124 6350
307 350 413 407 ιδ’]

306 567 425 609 ntus
443 596 458 621 ,
480 553 702 620 quando
727 562 834 606 non
861 562 1083 620 gregum
1110 545 1319 605 utilitati
1356 545 1737 617 prospicimus,
1791 545 1886 600 sed

306 643 432 712 quid
464 641 644 697 foveat
685 650 738 697 et
778 649 971 711 atmeat
1012 648 1222 699 nostras
1253 647 1278 675 α
1313 638 1613 706 voluptates
1665 637 1893 693 attendi-

307 748 446 791 mus.
484 732 588 787 Lac
616 742 668 785 et
695 732 843 787 lanas
867 731 1043 787 ovium
1074 730 1267 785 Christi
1294 728 1345 797 ι),
1374 728 1733 784 oblationibus
1760 742 1890 798 quo-

310 822 522 879 tidianis
546 837 610 878 ac
630 821 853 878 decimis
874 821 1109 877 ﬁdelium
1143 821 1436 890 gaudentes
1478 819 1793 889 accipimus,
1839 828 1893 874 et

307 929 490 968 curam
512 912 901 982 pascendorum
922 928 1147 982 gregum
1168 927 1231 968 ac
1253 911 1687 978 reﬁciendorum,
1719 925 1747 964 a
1778 911 1895 979 qui-

307 1005 406 1059 bus
429 1021 682 1075 perverso
706 1006 895 1061 ordine
924 992 1168 1061 volumus
1196 1006 1367 1075 pasci,
1402 1005 1741 1073 deponimus.
1776 1002 1889 1057 Non

307 1113 561 1154 sanamus
588 1100 859 1168 spirituali
894 1100 1123 1159 consilio
1159 1099 1390 1169 peccatis
1440 1098 1739 1164 inﬁrmum,
1789 1112 1894 1152 non

306 1191 627 1249 sacerdotali
651 1207 752 1267 ope
780 1192 1176 1249 consolidamus
1204 1202 1225 1231 ε
1258 1200 1349 1246 aut
1372 1190 1648 1246 reﬁcimus
1668 1189 1897 1244 diversis

307 1284 741 1343 tribulationibus
766 1287 1017 1353 fractum,
1044 1301 1151 1342 nou
1181 1287 1247 1341 ad
1284 1288 1419 1341 viam
1462 1286 1650 1340 salutis
1680 1300 1898 1340 revoca-

307 1388 428 1430 mus
458 1372 484 1411 ἀ
510 1386 809 1443 errantem,
832 1392 947 1435 non
978 1378 1302 1449 requirimus
1332 1376 1692 1432 sollicitudine
1720 1386 1898 1444 pasto-

308 1464 405 1522 rali
449 1468 619 1523 venite
662 1468 1039 1539 desperatione
1063 1469 1173 1538 jam
1205 1468 1469 1537 perditum
1499 1483 1514 1523 :
1546 1467 1613 1521 ad
1644 1466 1747 1521 hoc
1782 1475 1899 1520 tan-

309 1565 421 1612 tum
451 1568 696 1628 potentes
727 1560 925 1625 ellecti,
956 1569 1016 1614 ut
1042 1559 1201 1615 nobis
1245 1561 1299 1615 in
1343 1560 1615 1627 subjectos
1658 1559 1900 1615 domina-

312 1650 514 1707 tionem
569 1653 902 1723 tyrannicam
964 1652 1340 1718 vindicamus;
1402 1666 1513 1706 non
1566 1660 1625 1706 ut
1674 1650 1904 1706 afﬂictos

311 1754 499 1801 contra
549 1746 862 1802 violentiam
913 1748 1235 1815 potentium,
1287 1746 1378 1816 qui
1423 1746 1476 1800 in
1525 1760 1621 1800 eos
1666 1743 1901 1799 ferarum

311 1851 464 1892 more
490 1838 742 1903 saeviunt,
780 1836 1149 1893 defendamus.

384 1926 433 1979 4.
478 1926 611 1981 lude
633 1936 716 1981 est
748 1926 896 1996 quod
931 1938 952 1965 θ
984 1938 1090 1981 tam
1122 1944 1151 1982 a
1180 1928 1489 1998 potentibus
1526 1928 1684 1997 hujus
1712 1927 1903 1983 mundi

311 2030 472 2083 quam
501 2031 532 2075 a
564 2016 735 2081 nobis,
761 2018 905 2086 quod
932 2021 1086 2087 pejus
1111 2027 1217 2083 est,
1250 2019 1488 2074 nonnulli
1517 2020 1752 2089 graviter
1775 2018 1900 2072 fati-

308 2106 417 2172 gati
466 2106 782 2173 depereunt,
834 2123 968 2176 quos
1007 2123 1068 2165 se
1119 2109 1187 2163 de
1233 2125 1394 2164 manu
1426 2118 1607 2164 nostra
1642 2110 1903 2164 Dominus

307 2195 691 2264 requisiturum
727 2198 1039 2255 terribiliter
1066 2200 1445 2265 comminatur,
1474 2199 1659 2254 dicens
1684 2216 1698 2252 :
1726 2199 1909 2269 Requi-

308 2300 421 2335 ram
443 2300 559 2337 oves
586 2300 725 2341 meas
748 2285 811 2341 de
825 2302 979 2341 manu
1001 2298 1348 2357 pastorum,et
1372 2305 1567 2343 cessare
1587 2306 1669 2343 eos
1691 2290 1903 2357 faciam,

312 2384 370 2427 ut
400 2376 537 2429 ultra
562 2394 661 2430 non
685 2391 897 2447 pascant
928 2379 1141 2450 (Ezecli.
1167 2396 1353 2445 xxstv,
1375 2381 1489 2449 20).
1514 2382 1665 2448 Quod
1680 2383 1804 2453 quid
1825 2393 1909 2437 est

310 2467 455 2522 aliud
469 2484 625 2536 quam
634 2480 899 2537 ,pastores
912 2473 1000 2541 qui
1014 2475 1355 2544 semetipsos,
1374 2490 1481 2530 non
1494 2491 1713 2545 gregem
1726 2491 1905 2530 meum

313 2570 561 2629 pascunt,
578 2562 906 2619 sublimitate
924 2580 1035 2621 sua:
1052 2567 1326 2636 dignitatis
1351 2568 1676 2635 exspoliem;
1702 2580 1753 2624 et
1772 2569 1909 2624 inter

313 2656 600 2725 reprobos,
632 2657 754 2725 quia
784 2658 1042 2713 honorem
1089 2674 1243 2715 suum
1286 2661 1573 2716 noluerunt
1614 2662 1907 2728 custodire,

316 2746 637 2816 projiciaml
701 2749 900 2821 llorum
949 2760 1005 2805 et
1042 2750 1125 2806 bis
1175 2751 1429 2806 similium
1470 2752 1904 2808 consideratione

321 2835 342 2873 ¹
374 2840 718 2907 perterritus:
739 2840 910 2896 Timor
938 2853 985 2897 et
1019 2854 1206 2898 tremor
1239 2846 1526 2897 ceciderunt
1551 2862 1704 2913 super
1732 2862 1831 2910 me,
1859 2856 1908 2897 et

316 2944 653 2991 contexerant
678 2954 759 2991 me
788 2939 1025 3005 tenebrat,
1058 2950 1106 2993 ct
1135 2941 1245 2995 dixi
1267 2957 1283 2992 :
1312 2940 1439 3007 Quis
1467 2942 1607 2995 dabit
1640 2944 1762 2996 milii
1788 2958 1911 3013 peu-

316 3042 413 3082 nas
435 3028 567 3083 sicut
592 3030 861 3096 cubitabat,
891 3040 939 3085 et
968 3033 1167 3097 volabo,
1197 3044 1244 3088 et
1262 3036 1575 3104 requiescam
1600 3035 1772 3105 (Psal.
1799 3052 1907 3100 ων,

319 3117 380 3184 6,
410 3120 505 3189 '7)?
530 3120 602 3174 Et
628 3121 727 3177 hoc
752 3131 835 3177 est
852 3131 1029 3179 totum
1061 3134 1281 3193 propter
1302 3127 1443 3195 quod
1474 3127 1751 3197 imperitiae
1775 3143 1910 3184 mea:

1339 341 1430 399 DE
1470 342 1631 399 VITA
1668 340 2247 400 CONTEMPLATIVA
2291 345 2417 401 LIB.
2461 346 2502 401 I.

307 457 535 521 scendos
556 464 804 528 pastores
823 454 948 513 facti
967 454 1322 525 suscipimus;
1348 463 1405 510 et
1422 468 1519 511 nos
1548 454 1691 522 ipsos
1715 453 1889 523 pasci-
1916 458 1969 529 Α
1998 453 2183 524 impius
2207 454 2258 506 in
2291 456 2557 524 iniquitate
2586 471 2681 509 sua
2716 455 2980 523 morietur,
3022 465 3071 511 st
3113 465 3167 510 tu
3194 458 3420 513 animam
3445 467 3589 515 tuam

1999 545 2225 599 liberasti
2258 544 2477 611 (Ezcclt.
2504 562 2684 612 tum,
2726 546 2807 616 9).
2849 546 2945 602 Hic
2977 558 3126 605 certe
3151 549 3282 605 satis
3311 550 3589 606 evidenter

3480 350 3587 407 ιω

1998 638 2323 703 ostenditur,
2351 640 2494 709 quod
2524 641 2638 695 sive
2667 642 2967 710 proﬁciant,
3011 644 3123 700 sive
3163 660 3269 701 non
3310 646 3590 715 proﬁciant

1998 729 2290 796 auditores,
2318 739 2491 785 tacere
2513 732 2591 785 eis
2610 748 2715 786 non
2732 733 2967 788 debeant
2988 736 3325 801 saoerdotes;
3357 752 3456 793 nec
3474 738 3592 794 ideo

2000 822 2075 879 rei
2102 822 2227 886 sint,
2251 820 2295 874 si
2320 820 2457 875 forte
2480 837 2665 877 eorum
2688 824 2851 878 verba
2876 826 3057 892 populi
3080 842 3185 883 non
3217 828 3233 865 ί
3264 828 3490 883 audiunt
3510 830 3592 884 vel

2000 914 2176 967 audita
2191 923 2570 976 contemnunt;
2600 914 2692 969 sed
2709 915 2754 967 si
2777 915 2844 969 ab
2855 918 2933 971 eis
2945 918 3279 988 corrigendis
3296 921 3592 976 absistunt:
3650 914 3660 967 ἒ

2000 1005 2122 1074 quia
2152 1004 2197 1057 si
2222 1019 2319 1061 nec
2349 1004 2602 1074 exemplo
2631 1006 2753 1059 vita:
2790 1008 3200 1075 prtepositorum
3227 1026 3469 1077 suorum,
3495 1026 3594 1067 nec

2000 1094 2166 1148 verbo
2178 1094 2438 1149 doctrina:
2451 1094 2633 1164 populi
2646 1104 2991 1151 contumaces
3005 1099 3271 1152 emendati
3288 1101 3594 1168 proﬁciunt,

2002 1185 2108 1255 ipsi
2153 1186 2252 1240 sibi
2294 1201 2451 1240 causa
2489 1201 2602 1241 sua:
2636 1186 2953 1255 perditionis
2982 1188 3238 1255 existunt,
3270 1198 3324 1243 et
3350 1190 3596 1245 doctores

2003 1294 2155 1344 suos,
2184 1294 2411 1347 quorum
2434 1279 2674 1349 exempla
2696 1281 2855 1334 simul
2880 1295 2941 1337 ac
2966 1280 3130 1336 verba
3159 1282 3480 1350 despiciunt,
3511 1282 3596 1337 in-

2008 1372 2227 1426 volvere
2260 1372 2574 1429 criminibus
2604 1372 2716 1427 suis
2741 1374 2959 1427 omnino
2982 1388 3088 1427 non
3111 1381 3379 1441 poterunt.

2075 1462 2129 1515 2.
2173 1463 2323 1529 Quod
2348 1462 2486 1517 idem
2512 1462 2768 1532 propheta
2791 1463 3090 1518 evidentius
3118 1464 3222 1517 alio
3254 1464 3373 1518 loco
3403 1478 3594 1531 prose-

2008 1554 2187 1623 quitur
2218 1554 2401 1609 dicens
2428 1573 2440 1607 :
2476 1554 2785 1624 Speculator
2818 1555 2830 1603 i
2869 1556 2912 1608 si
2936 1556 3117 1607 viderit
3144 1556 3374 1625 gladium
3398 1556 3600 1621 varien-

2012 1656 2110 1699 tem
2130 1663 2283 1715 super
2308 1657 2515 1715 terram,
2547 1656 2595 1699 et
2620 1649 2857 1701 cecinerit
2885 1649 3120 1714 buccina,
3148 1659 3195 1707 et
3226 1650 3601 1703 annuntiaverit

2012 1738 2237 1805 populo;
2260 1739 2476 1791 audiens
2506 1747 2693 1801 autent,
2723 1740 2949 1808 quisquis
2975 1740 3065 1793 ille
3087 1750 3178 1807 est,
3216 1755 3396 1794 sonum
3436 1741 3603 1794 bucci-

1940 1836 1991 1897 Β
2016 1844 2113 1893 me,
2151 1846 2253 1883 non
2296 1848 2348 1883 se
2380 1830 2731 1895 observaverit,
2768 1832 3057 1899 verteritque
3106 1832 3303 1901 gladius
3342 1841 3387 1883 et
3437 1830 3603 1885 tulerit

2016 1938 2154 1988 eum,
2184 1923 2395 1991 sanguis
2428 1923 2587 1990 ipsius
2618 1938 2771 1992 super
2794 1933 2945 1991 caput
2968 1923 3076 1992 ejus
3107 1923 3237 1985 erit;
3274 1936 3455 1981 sonum
3482 1923 3604 1974 buc-

2017 2014 2145 2067 cina:
2167 2012 2384 2079 audivit,
2409 2024 2455 2067 et
2484 2028 2536 2067 se
2558 2029 2661 2066 non
2686 2012 2987 2073 observavit,
3030 2012 3241 2082 sanguis
3270 2013 3377 2081 ejus
3411 2012 3464 2064 in
3494 2013 3606 2079 ipso

2015 2106 2129 2157 erit.
2179 2104 2241 2157 Si
2282 2116 2451 2156 autem
2489 2121 2543 2156 se
2587 2105 2904 2171 custodierit,
2936 2104 3164 2155 animum
3205 2118 3351 2155 suam
3392 2103 3606 2157 salvebis

2018 2194 2232 2265 (Ezech.
2261 2212 2453 2262 nam,
2478 2197 2510 2249 5
2531 2204 2575 2250 et
2603 2196 2756 2264 seq).
2811 2196 2908 2250 Hic
2939 2204 3116 2250 autem
3146 2195 3272 2264 quid
3307 2210 3468 2263 agere
3513 2194 3606 2247 de-

2016 2288 2139 2342 beat
2164 2289 2251 2357 qui
2282 2287 2517 2357 fungitur
2549 2286 2907 2356 Speculatoris
2927 2287 3105 2343 ofﬁcio
3135 2304 3146 2337 :
3181 2286 3398 2340 divinus
3426 2299 3605 2340 sermo

2015 2382 2144 2436 satis
2169 2382 2426 2447 ostendit,
2461 2381 2671 2437 scilicet
2704 2391 2761 2435 ut
2807 2382 3019 2450 quando
3067 2380 3257 2435 viderit
3300 2380 3605 2435 venientem

2014 2472 2248 2540 gladium
2276 2488 2438 2539 super
2463 2482 2688 2538 terram,
2712 2470 2740 2508 ¹ι
2763 2471 2898 2526 iram
2918 2471 3015 2530 Dei
3046 2470 3250 2525 scilicet
3270 2484 3434 2536 super
3477 2483 3604 2537 pec-

2017 2563 2276 2618 catores1
2329 2563 2582 2633 operibus
2636 2562 2864 2619 terrenis
2909 2561 3176 2624 addictos,
3226 2561 3447 2615 omnino
3497 2574 3604 2614 non

2018 2661 2225 2717 taceat,
2269 2662 2428 2723 atque
2467 2654 2546 2708 eis
2600 2651 2837 2722 quandiu
2884 2652 3192 2706 inhaeserint
3244 2650 3607 2718 iniquitatibus

2017 2747 2150 2811 suis,
2178 2753 2215 2780 ω
2239 2744 2548 2815 impendere
2576 2744 2772 2799 divina:
2801 2743 3179 2812 indignationis
3200 2743 3475 2797 interitum
3506 2742 3605 2797 de-

2017 2836 2264 2893 nuntiare
2291 2850 2397 2891 non
2427 2835 2669 2900 desinat;
2728 2834 2823 2889 sed
2862 2834 3005 2889 clare
3056 2844 3111 2888 et
3160 2834 3375 2901 publice
3421 2841 3607 2903 arguat

2021 2926 2167 2997 (quia
2189 2926 2291 2981 hoc
2320 2925 2558 2980 buccina:
2589 2941 2787 2981 nomen
2818 2924 3098 2994 insinuat),
3131 2936 3185 2978 ut
3210 2925 3288 2980 sic
3330 2939 3390 2980 se
3428 2940 3458 2979 a
3492 2924 3607 2982 suis

2017 3018 2329 3073 criminibus
2369 3018 2742 3081 emendantes,
2788 3018 3108 3086 supplicium
3154 3016 3348 3072 futura
3382 3018 3606 3071 damna-

2019 3111 2181 3167 tionis
2217 3104 2489 3180 emtgiant.
2522 3111 2674 3177 Quod
2704 3112 2746 3164 si
2772 3111 3179 3179 corripientem,
3211 3112 3258 3165 si
3289 3112 3423 3165 iram
3460 3110 3607 3165 futu-

317 3224 381 3264 ac
404 3210 565 3267 futuri
598 3212 719 3268 finis
764 3216 1077 3271 recordatus
1116 3217 1370 3285 ingemui,
1406 3228 1461 3272 et
1500 3219 1661 3286 volui,
1692 3219 1905 3274 sarcina

2015 3220 2150 3269 ram,
2184 3219 2305 3272 quae
2344 3202 2813 3271 contemptoribus
2840 3211 2867 3238 η
2900 3204 3008 3270 jam
3058 3204 3317 3266 imminet,
3359 3204 3609 3257 nuntian-

318 3302 663 3374 episcopatus
686 3308 791 3362 mei
820 3308 1085 3377 deposita,
1134 3311 1388 3380 elongare
1429 3312 1655 3381 fugiens,
1693 3324 1749 3367 et
1797 3329 1910 3368 ma-

318 3409 453 3451 nere
470 3398 524 3451 in
555 3399 873 3467 solitudine,
913 3413 968 3456 et
1018 3402 1089 3456 ibi
1120 3413 1435 3471 exspectare
1468 3403 1770 3470 Dominum,
1815 3406 1908 3474 qui

319 3502 410 3542 me
435 3488 639 3551 salvum
670 3493 921 3567 {secreta
954 3494 1393 3562 pusillanimitate
1421 3510 1563 3561 mea,
1594 3506 1653 3549 et
1688 3497 1755 3551 ab
1794 3496 1909 3564 ipsa

320 3578 733 3637 intolerabilium
764 3583 899 3639 mihi
934 3581 1337 3639 sollicitudinum
1377 3596 1713 3655 tempestate.

901 3694 1127 3749 CAPUT
1174 3694 1337 3749 XXII.

323 3780 479 3857 Quod
497 3784 777 3857 secundum
798 3799 1079 3857 sermonem
1100 3788 1378 3855 prophetia,
1393 3787 1545 3854 culpa
1564 3804 1660 3840 sua
1678 3799 1906 3857 pereant,

388 3852 479 3921 qui
504 3853 829 3930 sacerdotum
866 3852 1232 3923 increpationcs
1272 3857 1346 3911 vel
1385 3852 1756 3916 admonitiones
1785 3852 1910 3930 ρετ-ἓ,

394 3938 536 3976 versa
568 3924 821 3977 voluntate
849 3936 1190 3980 contemnunt.

397 4034 449 4088 l.
482 4034 565 4089 Ad
592 4034 704 4091 haec
730 4052 828 4106 ego
859 4046 883 4084 κ
914 4046 1044 4093 tunc
1070 4057 1079 4088 :
1103 4037 1212 4103 Sic,
1236 4039 1476 4109 inquam,
1504 4041 1603 4095 ista
1632 4042 1911 4097 invidiosis

322 4126 599 4194 questibus
644 4127 850 4196 iactis,
896 4137 954 4184 et
1000 4130 1054 4183 in
1103 4130 1529 4199 suggillationem
1574 4133 1908 4202 pontificum,

322 4216 407 4270 vel
440 4226 587 4273 certe
622 4220 791 4288 ipsius
834 4220 1176 4290 pontiﬁcatus
1214 4229 1503 4291 exaggera:
1528 4239 1541 4275 :
1570 4222 1721 4291 quasi
1748 4221 1770 4258 ιι
1804 4239 1912 4279 non

280 4296 288 4303 ’
323 4313 413 4374 ubi
447 4312 545 4373 ista
568 4313 770 4383 legisti,
801 4315 992 4384 quibus
1028 4315 1418 4369 rationabiliter
1448 4316 1806 4383 permoveris,
1840 4317 1911 4372 ibi

322 4412 377 4454 et
423 4402 510 4456 illa
550 4402 659 4458 sint
692 4419 832 4472 quae,
875 4420 904 4457 a
948 4404 1101 4459 vobis
1142 4405 1531 4472 praetermissa,
1574 4405 1811 4459 breviter
1856 4406 1911 4459 in

324 4495 729 4549 excusationem
770 4495 928 4550 officii
967 4496 1317 4551 sacerdotalis
1343 4495 1621 4566 attingam.
1667 4496 1916 4553 Postilla

2018 3308 2125 3350 tem
2168 3296 2416 3350 homines
2465 3295 2664 3350 terreni
2716 3295 3038 3362 despiciunt,
3085 3297 3300 3365 sanguis
3336 3311 3527 3349 eorum
3551 3296 3607 3349 itt

2016 3390 2149 3459 ipsis
2178 3389 2311 3453 erit;
2344 3397 2399 3442 et
2426 3386 2679 3442 sacerdos
2709 3388 2800 3455 qui
2822 3389 2900 3441 eis
2922 3399 3139 3457 peccata
3168 3403 3261 3442 sua
3290 3401 3397 3442 non
3421 3397 3609 3453 tacuit,

2017 3493 2190 3548 pinna:
2210 3494 2329 3547 qua:
2354 3494 2447 3533 eos
2477 3486 2753 3548 exspectat
2781 3476 3049 3547 particeps
3072 3493 3193 3534 esse
3215 3494 3321 3534 non
3354 3480 3570 3548 poterit.

2594 3631 2818 3688 CAPUT
2857 3633 3043 3699 XXIII.

2022 3746 2175 3814 Quod
2208 3747 2497 3801 sacerdotes
2520 3749 2669 3800 etiam
2691 3749 2777 3816 qui
2809 3748 2960 3801 aliter
2983 3759 3214 3816 possunt,
3232 3758 3333 3803 tam
3364 3745 3612 3817 simplici.

2068 3828 2139 3871 ter
2162 3817 2341 3872 docere
2362 3819 2597 3887 debeant,
2614 3827 2668 3872 ut
2687 3834 2861 3873 omnes
2882 3836 2964 3873 eos
2992 3819 3221 3875 docentes
3251 3820 3561 3890 intelligant.

2095 3952 2204 4007 Nec
2240 3968 2372 4008 vero
2409 3967 2468 4007 se
2519 3967 2613 4022 per
2670 3952 2988 4021 imperitiam
3039 3954 3275 4022 pontifex
3314 3954 3611 4014 etcuatbit,

2025 4044 2176 4112 quasi
2204 4053 2490 4113 propterea
2517 4045 2716 4098 docere
2744 4058 2849 4097 non
2875 4044 3073 4107 valeat,
3107 4044 3247 4111 quod
3270 4045 3317 4097 ei
3340 4043 3615 4098 sufficiens

2022 4146 2081 4190 et
2111 4135 2414 4191 luculentus
2443 4151 2625 4190 sermo
2654 4152 2759 4189 non
2788 4145 3035 4203 suppetat
3068 4152 3079 4185 :
3109 4135 3321 4202 quando
3347 4134 3489 4187 nulla
3511 4134 3615 4188 alia

2025 4226 2324 4285 sacerdotis
2378 4228 2620 4281 doctrina
2670 4227 2827 4281 debet
2881 4241 2999 4281 esse
3027 4240 3185 4293 quam
3216 4225 3343 4293 vita,
3380 4227 3615 4293 satisque

2028 4319 2301 4374 auditores
2330 4318 2537 4389 possint
2567 4316 2849 4387 proficere,
2877 4319 2917 4371 si
2948 4332 2975 4369 a
2998 4317 3311 4371 doctoribus
3334 4317 3445 4371 suis
3472 4314 3614 4384 quod

2030 4411 2216 4466 vident
2244 4412 2595 4480 spiritualiter
2621 4409 2761 4472 ﬁeri,
2814 4408 2915 4463 hoc
2952 4408 3050 4462 sibi
3094 4410 3250 4461 etiam
3299 4406 3615 4474 simpliciter

2030 4504 2249 4559 audiant
2280 4504 2575 4573 prtedicari,
2618 4502 2831 4557 dicente
2858 4501 3115 4568 Apostolo
3150 4518 3160 4552 :
3202 4499 3312 4553 Etsi
3350 4500 3617 4576 imperitus

322 4589 506 4653 verba,
534 4589 726 4657 quibus
754 4590 1133 4659 negligentium
1159 4590 1497 4646 sacerdotum
1531 4591 1651 4645 ﬁnis
1674 4592 1913 4647 ostendi-
1938 4578 1992 4638 D
2023 4613 2278 4660 sermone,
2307 4598 2394 4649 sed
2418 4613 2516 4649 non
2543 4596 2757 4650 scientia
2780 4593 2862 4663 (11
2892 4593 3008 4647 Cor.
3041 4610 3112 4656 ιι,
3147 4593 3223 4660 6).
3274 4589 3425 4645 Unde
3460 4590 3618 4643 datur

326 4689 436 4742 lttr,
467 4678 533 4733 de
563 4680 813 4749 pontiﬁce
840 4680 1074 4735 ofﬁcium
1108 4696 1260 4735 suum
1291 4691 1513 4735 curante
1545 4682 1802 4752 propheta
1832 4684 1910 4739 sic

324 4771 562 4839 loquitur
588 4791 598 4824 :
637 4773 697 4828 Si
724 4782 896 4828 autem
916 4775 1249 4831 annuntiante
1280 4784 1324 4828 te
1351 4775 1417 4827 ad
1444 4775 1653 4844 impium
1686 4787 1740 4829 ut
1767 4794 1797 4830 a
1824 4778 1915 4831 viis

324 4866 429 4917 suis
461 4875 803 4934 convertatur,
847 4883 949 4921 non
972 4869 1121 4937 fuerit
1145 4884 1413 4922 conversus
1454 4886 1485 4920 a
1528 4870 1608 4923 via
1649 4886 1764 4935 sua,
1805 4873 1917 4940 ipse

402 5026 425 5052 ει
455 5016 578 5070 Mss.
611 5026 860 5084 quatuor,
890 5020 1193 5073 voluntates.

327 5085 572 5210 de:_mMs.
617 5086 826 5156 Camb.,
873 5090 1105 5145 videlicet
1158 5091 1436 5146 oblationes
1476 5092 1803 5160 quotidianus
1854 5110 1915 5147 ac

425 5175 439 5209 I
500 5175 574 5210 08.

366 5174 574 5211 CCIMOS.

404 5240 426 5301 «ξ
461 5230 551 5301 _Sic
579 5245 707 5286 mss.
742 5232 993 5301 quinque.
1021 5230 1184 5299 Editi,
1210 5241 1362 5301 atque
1380 5233 1658 5299 reﬁcimus.

402 5296 429 5334 ἀ
462 5299 589 5354 Mss.
622 5296 1055 5367 tresferroneutn.

408 5379 431 5405 ι’
458 5371 557 5425 Ms.
589 5372 802 5435 Camb.,
826 5389 926 5426 non
946 5383 1070 5428 tant.

411 5440 550 5496 fSic
590 5444 719 5497 edit.
761 5442 892 5512 Lug.
944 5460 1064 5499 cum
1118 5458 1249 5499 mss.
1294 5442 1545 5511 quinque.
1597 5444 1699 5499 Alii
1761 5461 1910 5511 vero,

336 5512 529 5585 Dnac.,
554 5522 607 5567 et
628 5514 838 5575 Colum,
859 5517 1153 5583 perterritus
1184 5514 1619 5585 prapheta,timor
1640 5526 1684 5569 et
1712 5527 1921 5578 tremor,

330 5584 517 5655 inquit,
555 5585 843 5637 ceciderunt
873 5601 1025 5656 super
1055 5602 1153 5657 me,
1199 5596 1247 5638 et
1274 5584 1600 5657 contexerant
1634 5603 1712 5639 me
1743 5604 1924 5657 pecco--

334 5664 499 5706 torum
548 5671 775 5707 meorum
816 5655 1052 5711 tenebrw.
1108 5656 1233 5712 Mss.
1271 5655 1376 5713 duo
1423 5669 1490 5710 ex
1528 5657 1639 5721 Itis,
1681 5655 1923 5713 venerunt

332 5740 485 5794 super
516 5742 613 5778 me.
640 5746 645 5749 ·

409 5804 433 5842 ι
459 5796 561 5852 Ms.
596 5796 724 5866 Reg.
759 5814 923 5867 unus,
954 5810 1131 5855 tecum.

2028 4689 2251 4759 intelligi
2284 4688 2427 4758 quod
2458 4702 2561 4741 non
2595 4702 2651 4741 se
2682 4685 2875 4742 debeat
2906 4685 3156 4741 Ecclesiae
3196 4683 3383 4738 doctor
3422 4680 3491 4737 de
3521 4698 3584 4737 ac

2028 4780 2196 4835 curati
2257 4781 2522 4834 sermonis
2573 4780 2928 4833 ostentatione
2970 4778 3205 4845 jactare,
3263 4791 3330 4829 ne
3378 4774 3620 4828 videatur

2030 4881 2056 4906 ο
2093 4871 2384 4926 Ecclesiam
2422 4870 2513 4924 Dei
2564 4884 2669 4923 non
2715 4869 2851 4922 velle
2889 4868 3176 4929 mdlﬁcare,
3217 4866 3311 4921 sed
3363 4867 3528 4936 magis
3558 4881 3618 4920 se

2110 5022 2136 5057 ἰ
2167 5025 2265 5077 Ms.
2295 5023 2425 5091 Reg.
2458 5035 2614 5086 unus,
2652 5035 2755 5073 non
2794 5020 2878 5071 ubi
2908 5021 3005 5073 ista
3035 5035 3147 5091 qum
3175 5021 3256 5072 hic
3292 5021 3477 5089 legisti,
3506 5036 3619 5088 qut-

2034 5096 2148 5160 bus,
2179 5104 2282 5149 etc.
2338 5090 2431 5145 Ms.
2461 5092 2608 5147 Colb.
2643 5107 2802 5156 unus,
2840 5090 3277 5160 irrationabiliter,
3312 5090 3405 5145 sed
3447 5090 3619 5144 minus

2037 5166 2196 5219 bene.

2120 5236 2131 5269 ί
2172 5236 2295 5287 Mss.
2326 5244 2449 5296 tres,
2483 5233 2717 5297 audiant,
2752 5242 3145 5287 contemnant...
3174 5231 3441 5284 absistunt.

2116 5308 2129 5352 t'
2171 5306 2295 5359 Mss.
2322 5319 2437 5367 sex,
2464 5320 2576 5355 cum
2607 5303 2805 5356 viderit.

2115 5373 2139 5410 ¹ί
2170 5376 2242 5429 Ita
2278 5374 2365 5428 ed.
2395 5374 2523 5440 Lng.
2552 5384 2605 5426 et
2628 5387 2756 5427 mss.
2790 5381 3037 5442 quatuor.
3079 5370 3178 5426 Ed.
3224 5371 3383 5423 Duac.
3428 5375 3477 5421 et
3517 5368 3619 5423 Cm

2044 5449 2179 5505 l0n.,
2206 5451 2298 5498 hoc
2329 5453 2400 5497 est
2426 5446 2554 5496 iram
2582 5443 2697 5495 Dei.

2126 5514 2272 5581 lng.
2301 5530 2457 5578 unus,
2488 5514 2699 5565 terrenis
2723 5513 2916 5566 aclibus
2947 5512 3195 5567 addictos.

2116 5597 2153 5621 ιη
2187 5586 2283 5639 Ms.
2309 5599 2465 5648 unus,
2498 5584 2780 5638 imminere.

2114 5665 2141 5691 ιι
2176 5656 2333 5711 Deest
2354 5658 2468 5726 jam
2498 5656 2551 5709 in
2582 5669 2715 5726 mss.
2739 5654 2993 5726 quinque.

2115 5736 2137 5762 °
2169 5727 2292 5783 Mss.
2321 5721 2450 5793 duo,
2484 5739 2582 5781 non
2608 5721 2869 5793 aedificare
2901 5721 3183 5776 Ecclesium
3214 5722 3361 5777 velle.

3650 884 3659 925 ἴ
