4124 6350
1338 372 1422 428 DE
1465 372 1622 429 VI'I‘A
1664 369 2235 428 CONTEMPLATIVA
2274 372 2398 427 LIB.
2442 373 2504 427 Il.

3456 371 3557 427 ιη

1242 573 1716 688 LIBER
1792 569 2622 679 SECUNDUS.

896 744 1286 803 PIItEFATIO.

378 838 407 895 Ι
418 879 433 894 .
456 837 724 910 Superiori
740 840 868 894 libro
885 840 1130 893 rationem
1151 837 1550 907 contemplativa:
1566 834 1679 889 vitae
1695 843 1720 872 α
1735 847 1870 887 com-

307 930 506 997 plexus,
547 946 639 1001 pro
676 932 862 985 viribus
890 947 1014 1001 quas
1040 929 1290 984 Dominus
1331 929 1523 983 donare
1559 927 1868 998 dignabitur,

304 1021 371 1074 de
412 1022 600 1075 actuali
646 1022 785 1091 vita,
837 1024 966 1076 sicut
1013 1022 1259 1091 promisi,
1309 1020 1571 1090 disputare
1616 1019 1867 1073 constitui.

309 1111 629 1183 Quapropter
646 1110 675 1151 ὶι
697 1114 826 1166 sicut
854 1114 906 1166 in
932 1113 1233 1184 prcefatione
1268 1112 1419 1181 primi
1454 1110 1726 1165 voluminis
1752 1109 1870 1179 feci,

305 1202 387 1254 hic
430 1219 625 1272 quoque
670 1205 816 1274 officii
857 1205 959 1257 mei
994 1205 1384 1258 cnecessitatem
1432 1204 1609 1275 paucis
1652 1202 1826 1269 aperio
1851 1215 1872 1253 :

302 1294 426 1362 quia
454 1294 499 1348 si
526 1296 802 1365 potuissem
824 1296 935 1350 sine
959 1296 1253 1351 obedientite
1278 1310 1412 1349 noxa
1450 1293 1587 1364 quod
1615 1291 1873 1365 jubebatis

301 1388 542 1453 abnuere,
565 1404 821 1459 nunquam
842 1404 923 1443 me
940 1389 1162 1460 propria
1180 1388 1452 1442 voluntatis
1472 1386 1713 1440 instinctu
1735 1399 1874 1438 com-

301 1476 551 1531 mitterem
577 1478 971 1535 obtrectatorum
1010 1478 1256 1534 malevolo
1296 1478 1325 1514 ά
1346 1478 1496 1532 dente
1532 1476 1875 1546 carpendum;

300 1567 389 1634 qui
438 1568 668 1623 nolentes
717 1572 973 1625 advertere
1018 1568 1172 1641 quam
1221 1571 1411 1624 invitus
1458 1570 1565 1623 hate
1610 1566 1876 1621 scribenda

299 1663 635 1729 susceperim,
657 1671 818 1716 totum
836 1663 972 1732 quod
992 1672 1064 1717 est
1084 1671 1262 1717 vestrae
1277 1662 1547 1733 jussiouis,
1569 1658 1877 1730 applicaturi

299 1762 419 1805 sunt
445 1761 469 1788 °
494 1757 624 1822 forte
648 1754 772 1807 vitio
802 1756 1038 1808 vanitatis
1061 1770 1079 1809 :
1118 1755 1338 1807 maxime
1364 1755 1409 1807 si
1436 1754 1499 1807 de
1523 1752 1671 1806 rebus
1694 1750 1879 1804 talibus

299 1843 585 1909 locuturus,
624 1847 803 1913 quibus
844 1847 1298 1901 ecclesiasticarum
1339 1863 1464 1916 pene
1500 1845 1725 1899 omnium
1753 1859 1878 1898 con-

1905 742 1959 801 Α
1985 736 2155 791 tuerit.
2200 735 2439 792 Voluistis
2465 739 2637 809 itaque
2661 738 2800 795 vobis
2824 740 3183 818 proprietatem
3203 737 3318 793 vitte
3339 736 3556 792 actualis

1978 829 2193 898 exponi,
2238 837 2295 883 ut
2341 845 2427 884 vos
2472 846 2588 884 cum
2628 832 2805 884 vestris
2854 831 3134 885 secundum
3168 830 3334 901 ipsam
3370 830 3556 883 vixisse

1974 941 2189 995 semper,
2240 932 2286 978 et
2316 925 2477 980 vivere
2504 924 2824 994 probaretis;
2865 942 2967 980 non
2993 926 3213 995 qualiter
3239 926 3377 982 vobis
3418 932 3553 981 esset

1972 1020 2238 1073 vivendum
2278 1027 2303 1056 ο
2326 1020 2451 1073 meis
2486 1018 2912 1089 disputationibus
2954 1018 3234 1073 disceretis.
3296 1019 3560 1086 Siquidem

1988 1112 2305 1166 conversatio
2328 1112 2568 1183 religiosa
2595 1108 2814 1165 actualis
2842 1119 2915 1165 est
2940 1111 3062 1176 vita,
3089 1126 3206 1181 qua:
3255 1111 3401 1164 docet
3434 1128 3561 1180 quo-

1975 1206 2125 1260 modo
2163 1206 2424 1276 praepositi
2461 1205 2552 1259 sub
2583 1221 2636 1260 se
2672 1212 2847 1276 regant
2888 1204 3103 1258 viventes
3134 1214 3183 1258 et
3212 1204 3463 1274 diligant;
3500 1220 3562 1257 ac

1976 1313 2079 1352 non
2124 1298 2290 1353 minus
2338 1298 2401 1353 de
2447 1314 2643 1364 eorum,
2673 1313 2825 1368 quam
2874 1298 2937 1351 de
2984 1313 3079 1352 sua
3126 1298 3292 1351 salute
3327 1296 3559 1361 solliciti,

1977 1392 2110 1459 quod
2140 1392 2211 1446 eis
2235 1392 2472 1463 expedire
2496 1392 2684 1458 sciunt,
2728 1400 2942 1460 paterna
2977 1407 3104 1445 cura
3140 1390 3476 1461 provideant:
3514 1397 3562 1441 et

1956 1485 2195 1555 qualiter
2217 1485 2487 1556 praeposito
2508 1499 2602 1537 suo
2621 1482 2854 1554 subjecti,
2883 1491 3124 1552 tanquam
3154 1482 3308 1552 capiti
3335 1480 3558 1534 membra

1980 1577 2298 1643 deserviant,
2367 1592 2428 1628 ac
2478 1583 2730 1645 prazcepta
2784 1577 2895 1647 ejus
2945 1572 3077 1628 velut
3131 1573 3401 1641 imperium
3458 1570 3554 1625 Dei

1980 1682 2176 1722 summo
2216 1682 2389 1720 amore
2426 1665 2749 1730 custodiant;
2789 1666 2883 1718 hoc
2914 1681 3017 1719 esse
3049 1672 3302 1728 sanctum,
3336 1664 3432 1715 hoc
3468 1662 3561 1715 sibi

1981 1759 2187 1813 salubre
2224 1766 2270 1811 et
2312 1757 2645 1811 necessarium
2672 1756 2997 1825 judicantes,
3044 1754 3179 1823 quod
3233 1753 3419 1807 rectori
3463 1768 3560 1806 suo

1984 1852 2273 1923 placuerit;
2316 1866 2416 1904 non
2455 1848 2589 1920 quod
2627 1848 2697 1902 eis
2736 1848 2790 1901 in
2828 1846 3097 1917 perniciem
3143 1846 3225 1900 sui
3261 1845 3558 1915 arrogantia

301 1935 521 1988 νεηαιίο
549 1936 765 1990 tenenda
790 1936 1108 2002 describitur.
1131 1937 1327 2006 aliquid
1357 1936 1457 1991 ιαίε
1482 1951 1721 2006 posuero.
1744 1934 1881 2004 (Ιαοά
1983 1944 2167 1998 mentis
2207 1941 2400 1997 vitiosis
2438 1941 2725 1995 dictaverit.
2770 1936 2997 2005 Ideoque
3028 1937 3326 1992 obedientia:
3366 1953 3428 1991 ac
3468 1951 3561 2007 pa-

297 2029 616 2082 sceculariter
659 2030 928 2084 viventium
976 2040 1165 2085 mentes
1211 2030 1478 2097 offendat;
1524 2038 1569 2082 et
1608 2028 1628 2067 ί
1666 2029 1789 2082 dum
1826 2029 1880 2082 in

1985 2036 2176 2090 tientia:
2220 2034 2401 2088 virtute
2441 2032 2665 2103 fundati,
2707 2032 2965 2101 majorum
2999 2044 3214 2083 suorum
3248 2044 3350 2082 non
3388 2028 3562 2083 discu-

296 2118 638 2190 descriptione
657 2102 1011 2176 ecclesiastica:
1031 2124 1144 2176 vitae
1168 2137 1332 2176 mores
1356 2138 1475 2175 suos
1489 2125 1636 2191 (quos
1658 2130 1684 2167 8
1701 2120 1882 2175 nesciri
1908 2114 1958 2174 Β
1985 2126 2116 2179 tiunt
2157 2102 2455 2188 constituta,
2502 2125 2591 2177 sed
2631 2123 2861 2193 faciunt:
2905 2130 2951 2173 et
2989 2120 3193 2188 quando
3231 2118 3373 2190 rigor
3404 2118 3561 2189 exigit

294 2208 459 2278 magis
484 2225 634 2279 quam
661 2210 921 2264 emendari
938 2210 1137 2280 volunt)
1167 2212 1378 2265 viderint
1406 2210 1687 2281 publicari;
1715 2213 1768 2263 in
1793 2226 1874 2263 me

292 2305 539 2367 tanquam
565 2315 773 2354 suorum
810 2309 1016 2355 actuum
1054 2302 1393 2371 proditorem',
1436 2301 1711 2356 carnaliter
1732 2316 1875 2355 com-

292 2390 421 2443 moti
460 2390 754 2458 destcviant,
806 2404 955 2464 atque
999 2410 1056 2449 ea
1100 2410 1214 2465 qua:
1243 2395 1457 2464 fuerint,
1490 2395 1711 2449 donante
1738 2394 1868 2463 Deo,

291 2482 517 2551 prolata,
546 2485 638 2538 etsi
665 2484 1036 2539 rationabiliter
1063 2487 1199 2539 dicta
1219 2486 1522 2556 dijudicent,
1544 2503 1576 2539 a
1604 2502 1681 2540 me
1706 2495 1873 2540 tamen

290 2575 400 2629 dici
444 2591 545 2629 non
593 2576 822 2632 debuisse
867 2577 1217 2643 contendant;
1266 2579 1437 2648 sicque
1482 2588 1571 2633 aut
1613 2581 1876 2634 materiam

291 2666 680 2735 disputationis,
706 2680 792 2723 aut
826 2686 1093 2741 personam
1119 2671 1425 2740 disputantis
1452 2672 1723 2726 irrideant.
1770 2671 1875 2727 Sed

291 2759 537 2826 quoniam
553 2776 679 2814 sana
698 2777 837 2816 mens
854 2763 1317 2833 incomparabiliter
1336 2764 1558 2833 amplius
1579 2763 1877 2819 obedientite

286 2848 521 2918 fructum
554 2850 698 2905 debet
736 2863 971 2923 appetere
996 2870 1150 2924 quam
1188 2854 1346 2909 vitare
1386 2854 1593 2925 injustte
1625 2854 1877 2908 obtrecta-

291 2941 451 2997 tionis
480 2943 846 3014 Opprobrium;
889 2944 917 2981 ιι
938 2946 1097 3001 levius
1128 2946 1325 3000 credidi
1352 2962 1431 3000 me
1457 2949 1661 3017 gravari
1702 2962 1875 3017 repre-

292 3029 625 3087 hendentium
653 3035 791 3089 dicta
816 3052 927 3089 mea
964 3037 1186 3106 judicio,
1218 3052 1374 3107 quam
1402 3037 1673 3107 pertinacis
1702 3037 1877 3091 inobo-

293 3122 504 3177 dientite
522 3124 783 3196 subjacere
802 3125 1052 3197 periculo.
1086 3124 1311 3180 Proinde
1336 3142 1563 3193 securus,
1584 3128 1602 3164 ί
1628 3126 1763 3196 quod
1786 3142 1875 3181 vos

293 3213 427 3267 mihi
454 3215 753 3284 perﬁciendi
790 3216 1085 3285 facultatem
1125 3218 1359 3287 precibus
1396 3217 1676 3286 impetretis
1703 3232 1737 3270 a
1759 3214 1873 3270 Do-

294 3305 459 3372 mino,
476 3307 563 3376 qui
577 3308 802 3378 jussistis
822 3315 878 3361 ut
901 3310 1154 3378 loquerer,
1178 3317 1227 3363 et
1252 3308 1696 3377 praesumptionem
1710 3322 1876 3361 meam

295 3395 435 3465 apud
465 3412 549 3453 eos
568 3398 655 3469 qui
679 3414 760 3455 me
778 3398 1064 3469 judicaturi
1086 3409 1227 3470 sunt,
1251 3400 1531 3466 czcusetis;
1556 3415 1683 3471 opus
1703 3415 1876 3455 susce-

294 3496 442 3557 ptum
470 3492 483 3539 l
515 3490 651 3544 vobis
678 3491 939 3546 orantibus
966 3492 1294 3564 adjuvandus
1320 3493 1601 3565 expediam.

366 3576 424 3631 2.
464 3577 568 3634 Sed
610 3580 907 3651 priusquam
942 3582 1260 3638 membratim
1296 3585 1503 3656 singula
1540 3600 1654 3655 quae
1688 3600 1875 3656 propo-

293 3671 471 3725 suistis
495 3670 774 3740 absolvam,
815 3676 1165 3731 universaliter
1191 3676 1256 3731 de
1292 3678 1406 3746 ipsa
1445 3694 1501 3733 re
1538 3692 1651 3748 qua:
1689 3679 1743 3732 in
1778 3679 1874 3733 hoc

294 3760 473 3816 libello
504 3765 774 3819 tractanda
804 3775 878 3820 est
920 3784 1086 3836 pauca
1124 3768 1249 3822 mihi
1288 3769 1434 3824 video
1471 3785 1580 3825 esse
1613 3770 1872 3824 dicenda:

295 3854 479 3924 quibus
506 3856 755 3911 evidenter
779 3867 1023 3929 appareat
1058 3876 1160 3929 qua
1192 3861 1393 3914 ratione
1435 3861 1560 3916 mihi
1586 3863 1874 3916 succenseri

295 3966 446 4020 posse
472 3951 718 4020 prccfatus
742 3952 858 4017 sim,
889 3951 952 4004 ab
980 3954 1052 4006 eis
1080 3954 1167 4022 qui
1196 3953 1360 4024 magis
1379 3954 1491 4023 quis
1515 3954 1684 4023 dicat,
1716 3968 1873 4025 quam

294 4044 422 4114 quid
466 4044 605 4097 dicat
652 4044 961 4109 attendunt;
1019 4060 1109 4099 nec
1165 4044 1413 4099 rationem
1451 4045 1737 4111 dictorum,
1784 4047 1873 4101 sed

296 4138 599 4208 dignitatem
622 4138 897 4191 dicentium
916 4135 941 4174 ¹ί
964 4154 1119 4209 prava
1150 4137 1525 4192 examinatione
1561 4138 1873 4202 discutiunt;

296 4239 346 4282 et
371 4213 514 4297 quod.
534 4228 701 4297 facere
727 4236 817 4281 aut
844 4227 956 4297 ﬁeri
984 4230 1191 4293 nolunt,
1237 4228 1341 4282 dici
1380 4244 1575 4297 quoque
1608 4227 1627 4264 ι
1651 4228 1746 4282 sibi
1787 4233 1872 4299 fa-

298 4324 541 4389 stidiunt;
576 4322 856 4393 paratiores
881 4321 1075 4390 aliquid
1104 4320 1368 4388 doctrina,
1401 4323 1555 4375 etiam
1583 4322 1719 4391 quod
1745 4324 1874 4377 scire

298 4417 506 4487 cupiunt
524 4415 797 4485 ignorare;
819 4429 970 4483 quam
992 4430 1023 4466 a
1044 4429 1261 4483 persona
1282 4413 1526 4483 inferiore
1545 4428 1872 4486 cognoscere:

298 4523 411 4562 cum
436 4506 616 4561 veritas
647 4505 975 4575 undecunque
1000 4505 1275 4571 claruerit,
1308 4520 1409 4559 non
1434 4505 1501 4558 sit
1535 4506 1738 4574 ingenio
1776 4505 1874 4559 liu-

299 4615 446 4655 mano
466 4598 779 4671 deputanda,
801 4598 889 4652 sed
914 4598 1050 4664 Deo;
1080 4614 1171 4652 nec
1195 4598 1485 4669 aliquorum
1507 4599 1682 4653 debeat
1713 4600 1872 4665 credi,

299 4695 385 4749 sed
432 4693 678 4759 omnium,
708 4706 823 4763 qua:
863 4708 951 4762 per
976 4708 1029 4745 se
1057 4701 1097 4729 ιιι
1120 4701 1262 4746 tanta
1311 4701 1356 4746 et
1400 4692 1517 4747 talis
1545 4701 1638 4757 est,
1677 4701 1731 4747 ut
1773 4709 1876 4748 non

300 4796 415 4840 tunc
452 4786 520 4839 sit
548 4799 755 4855 magna,
796 4782 839 4836 si
883 4798 992 4837 eam
1031 4783 1202 4855 magni
1239 4783 1534 4849 docuerint;
1581 4784 1669 4837 sed
1710 4786 1875 4853 potius

1978 2213 2296 2286 disciplina,
2354 2223 2409 2268 ut
2442 2223 2469 2262 P
2502 2211 2740 2267 severiter
2780 2220 3086 2283 arguantur,
3136 2217 3397 2279 acceptam
3438 2225 3555 2263 cor-

1975 2307 2257 2378 reptionem
2298 2304 2694 2377 magnanimiter
2736 2303 2944 2372 ferunt;
2993 2316 3084 2355 nec
3126 2299 3344 2355 motibus
3383 2315 3555 2354 eorum

1978 2418 2010 2455 a
2051 2401 2231 2472 quibus
2275 2400 2465 2472 fuerint
2504 2397 2781 2475 objurgati,
2804 2395 2893 2451 sed
2918 2395 3025 2450 suis
3048 2394 3386 2466 negligentiis,
3413 2390 3552 2462 quod

1978 2496 2311 2564 castigantur,
2348 2490 2629 2545 ascribunt.
2673 2488 2815 2543 Cives
2854 2501 3050 2556 quoque
3087 2501 3208 2539 suos
3251 2486 3470 2556 plebeios
3508 2492 3555 2538 et

1978 2588 2190 2655 nobiles,
2232 2587 2409 2641 divites
2451 2602 2511 2639 ac
2549 2592 2797 2655 potentes,
2838 2580 3057 2653 qualiter
3078 2588 3296 2633 tractare
3320 2588 3369 2632 et
3391 2593 3560 2650 regere

1980 2682 2192 2737 debeant
2234 2680 2558 2746 sacerdotes,
2616 2676 2773 2749 hujus
2839 2673 2999 2729 libelli
3054 2673 3207 2728 series
3263 2671 3557 2726 continebit.

1983 2774 2111 2843 Qua:
2155 2788 2269 2847 ego,
2310 2772 2442 2826 sicut
2480 2785 2613 2840 stepe
2650 2770 2763 2840 jam
2802 2764 2947 2831 dixi,
2990 2763 3207 2819 scribere
3253 2778 3356 2816 non
3394 2760 3561 2814 aude-

1975 2880 2084 2919 rem
2133 2864 2179 2917 si
2234 2862 2372 2916 vobis
2412 2874 2598 2931 negare
2640 2856 2839 2927 aliquid
2881 2865 2907 2905 τι
2946 2854 3238 2926 potuissem.
3306 2850 3411 2907 Sed
3444 2852 3558 2920 jam

1978 2959 2207 3033 capitula
2255 2960 2371 3029 ipsa
2420 2954 2718 3011 disserenda
2758 2967 3031 3023 ponamus.
3088 2947 3355 3016 Qumistis
3402 2946 3559 3015 igitur

1977 3060 2151 3106 utrum
2186 3048 2544 3122 aequanimiter
2582 3044 2870 3100 sustinendi
2921 3042 3024 3097 sint
3076 3040 3248 3094 divina
3307 3043 3559 3107 praecepta

1976 3144 2259 3208 calcantes,
2307 3158 2375 3195 an
2413 3155 2507 3211 pro
2540 3138 2692 3193 modo
2727 3135 2916 3208 peccati
2952 3134 3164 3189 debeant
3201 3128 3550 3186 ecclesiastica

1977 3234 2241 3290 severitate
2280 3231 2511 3302 coargui.

2577 3313 2958 3373 ELENCHUS.

2048 3414 2228 3470 Cum
2255 3412 2298 3468 I.
2343 3410 2493 3479 Quod
2520 3423 2614 3479 pro
2638 3406 2926 3461 diversitate
2949 3400 3289 3475 peccantium,
3312 3397 3406 3452 alii
3434 3412 3557 3468 por-

1900 3481 1949 3547 C
1982 3507 2129 3562 tandi
2152 3513 2295 3572 sunt,
2321 3504 2414 3557 alii
2439 3498 2747 3572 castigandi.

2046 3598 2178 3654 CAP.
2210 3596 2271 3651 II.
2313 3594 2393 3649 De
2420 3592 2572 3647 laude
2600 3597 2895 3645 sanctorum
2925 3585 3264 3643 sacerdotum.

2048 3687 2176 3743 CAP.
2210 3685 2297 3742 Ill.
2337 3682 2418 3738 De
2447 3682 2748 3739 testimoniis
2773 3677 3103 3751 apostolicis,
3142 3676 3222 3731 vel
3257 3676 3320 3729 de
3356 3673 3556 3745 exposi-

1976 3782 2113 3835 tione
2139 3794 2334 3835 eorum.
2382 3786 2393 3796 ‘

2043 3871 2172 3927 CAP.
2204 3869 2292 3924 IV.
2337 3868 2590 3941 Objectto,
2622 3880 2782 3937 quare
2813 3864 3098 3919 sacerdotes
3125 3860 3307 3924 sancti,
3332 3872 3550 3927 quorum

1973 3978 2096 4016 cura
2124 3973 2195 4016 est
2224 3961 2419 4030 perdite
2448 3960 2664 4013 viventes
2686 3972 2922 4028 arguere,
2947 3952 3269 4008 simulatores
3289 3949 3551 4019 religionis

1976 4052 2330 4123 (equanimiter
2359 4051 2546 4120 ferant.

2046 4144 2175 4199 CAP.
2209 4142 2275 4197 ν.
2322 4140 2637 4210 Responsio,
2680 4138 2767 4192 ubi
2815 4137 3096 4191 ostenditur
3132 4133 3313 4204 quibus
3352 4131 3554 4200 exigen-

1977 4235 2106 4289 tibus
2130 4233 2298 4287 causis
2323 4230 2666 4303 quorumdam
2692 4226 2965 4295 inﬁrmitas
2995 4224 3178 4277 blande
3203 4228 3469 4275 tractetur.

2047 4327 2177 4383 CAP.
2202 4324 2289 4379 Vl.
2332 4322 2481 4391 Quod
2512 4321 2593 4376 illi
2622 4327 2828 4390 peccata
2851 4318 3025 4373 aliena
3053 4314 3375 4384 impatienter
3402 4326 3555 4365 accu-

1977 4428 2113 4484 sant,
2146 4418 2234 4489 qui
2262 4433 2358 4470 sua
2386 4431 2488 4469 non
2514 4414 2758 4484 cogitant.

2050 4510 2179 4567 CAP.
2205 4508 2318 4564 VII.
2363 4508 2623 4575 Quantum
2648 4503 2862 4559 remedii
2888 4501 3068 4557 habeat
3096 4498 3352 4571 confessio
3378 4512 3553 4569 pecca-

1981 4614 2167 4669 torum,
2189 4610 2235 4656 et
2258 4601 2410 4671 quale
2436 4608 2692 4654 mereatur
2720 4596 2994 4653 occultatio
3022 4596 3200 4650 dolosa
3227 4592 3554 4664 supplicium.

2048 4694 2176 4749 CAP.
2202 4692 2337 4748 VIII.
2380 4690 2531 4758 Quod
2557 4690 2756 4759 inique,
2797 4698 2845 4742 et
2882 4704 2985 4742 non
3012 4685 3311 4755 simpliciter
3339 4699 3551 4753 arguen-

1981 4799 2072 4857 tes,
2102 4786 2219 4841 vani
2248 4786 2372 4851 sint,
2400 4800 2459 4838 ac
2481 4784 2652 4837 divino
2670 4781 2871 4853 judicio
2896 4779 3289 4834 condemnandi.

300 4877 407 4967 ipsa
435 4892 642 4948 magnos
671 4875 825 4944 faciat
852 4891 959 4940 eos,
990 4891 1024 4930 a
1051 4876 1228 4945 quibus
1257 4876 1424 4929 doceri
1460 4876 1537 4930 vel
1556 4880 1582 4912 η
1601 4878 1733 4932 disci
1779 4896 1875 4945 po.
1903 4876 1957 4937 D
2050 4878 2181 4934 CAP.
2212 4876 2305 4932 IX.
2350 4876 2499 4941 Quod
2531 4874 2820 4929 sacerdotes
2847 4871 2979 4927 nihil
3011 4875 3209 4946 proprii
3247 4871 3423 4926 habere
3461 4867 3550 4923 de-

368 5047 395 5109 ἐι
418 5037 525 5109 Ms.
545 5036 761 5109 Camb.,
787 5034 1080 5109 complexus
1110 5051 1245 5103 sum,
1272 5052 1408 5089 nunc
1432 5052 1525 5106 pro
1552 5037 1761 5093 viribus.

364 5108 392 5147 δ
416 5108 543 5162 Mss.
574 5106 849 5177 sex,'quod
874 5106 949 5159 in.

367 5189 391 5219 ε
416 5178 547 5234 Mss.
574 5186 702 5243 tres,
726 5177 1039 5232 necessitate.

364 5246 391 5285 ἀ
414 5248 511 5304 Ms.
538 5248 695 5303 Colb.
717 5262 873 5313 unus,
899 5247 1147 5301 malevolo
1168 5249 1325 5301 denti.

366 5328 391 5356 ο
416 5319 515 5373 Ms.
537 5317 692 5375 Colb.
715 5331 854 5373 unus
865 5317 1073 5387 omittit
1101 5318 1251 5387 forte.

370 5387 390 5426 ί
419 5389 545 5459 Mss.
571 5390 825 5459 quinque,
853 5385 919 5440 Et
948 5403 1080 5441 cum.

364 5466 391 5530 ξ
414 5458 544 5530 Mss.
569 5458 816 5530 quatuor,
844 5459 1037 5530 nescire
1065 5459 1226 5529 magis
1253 5474 1407 5530 quam
1431 5460 1719 5516 emendare.

365 5526 393 5564 δ
413 5527 503 5585 Sic
524 5526 626 5584 ms.
644 5528 777 5601 Reg.
801 5541 959 5583 unus.
977 5526 1436 5601 Lugdfverocum
1459 5545 1559 5587 ms.
1582 5531 1687 5585 alio
1707 5529 1868 5601 R-eg.,

312 5601 449 5655 evius
482 5615 563 5655 me
584 5599 779 5654 credidi
806 5600 1005 5669 gravari
1032 5600 1506 5669 reprehendentium
1531 5602 1709 5665 dictis,
1755 5599 1919 5665 meo...

314 5673 507 5727 udicio.
550 5671 713 5725 Duae.
746 5678 803 5724 et
826 5669 1011 5739 Colon.
1049 5684 1168 5725 cum
1199 5671 1233 5726 4
1259 5669 1411 5725 Colb.
1444 5686 1569 5739 ms.,
1600 5671 1758 5724 levius
1788 5688 1867 5725 me

320 5743 487 5797 redidi
534 5741 737 5814 gravari
785 5738 1257 5814 reprehendentium
1310 5742 1443 5814 dicta
1493 5738 1603 5794 mea
1645 5741 1857 5807 judicio.

311 5814 477 5877 Sami).
503 5812 699 5882 autem,
730 5826 937 5883 gravare
968 5812 1439 5887 reprehendendum
1469 5813 1603 5866 dicta
1632 5826 1741 5865 meo
1768 5814 1853 5886 jtr

1982 5040 2137 5094 dicio.
3236 5080 3239 5083 η

2059 5110 2075 5147 ί
2103 5108 2201 5163 Ms.
2222 5106 2432 5168 Camb.,
2462 5121 2666 5159 securus
2694 5120 2869 5159 sum...
2901 5111 2954 5156 ut
2987 5118 3113 5172 Opus
3141 5107 3452 5172 susceptum.

2060 5180 2073 5229 ἱ
2108 5180 2208 5234 Ms.
2232 5191 2389 5243 unus,
2416 5176 2592 5230 vestris
2633 5174 2943 5229 orationibus
2979 5171 3356 5242 adjuvantibus.

2053 5247 2078 5287 ¹ι
2104 5249 2200 5303 Ms.
2226 5263 2289 5302 ex
2313 5246 2463 5301 Colb.
2490 5260 2646 5310 unus,
2671 5260 2828 5315 pravo
2856 5243 3105 5299 examine.

1972 5350 1977 5355 ~
2057 5320 2073 5355 ι
2106 5318 2203 5373 Ms.
2229 5333 2362 5371 unus
2392 5332 2497 5371 non
2528 5316 2686 5370 habet
2714 5316 2830 5371 sibi.

2056 5398 2095 5425 ω
2119 5388 2243 5442 Mss.
2266 5389 2521 5455 quinque.
2565 5388 2682 5440 talis
2722 5402 2781 5439 ac
2817 5392 2963 5438 tanta
2998 5391 3093 5436 est.

2051 5467 2075 5494 η
2101 5458 2188 5513 Sic
2217 5471 2347 5512 mss.
2371 5472 2485 5511 sex.
2512 5457 2674 5524 Editi,
2698 5456 2819 5510 dici.

2048 5537 2073 5565 ο
2101 5528 2240 5583 Edit.
2267 5528 2459 5597 Lugd.,
2500 5528 2553 5580 in
2588 5528 2679 5581 eis.
2736 5596 2747 5597 ί
2774 5594 2849 5597 ΑΗ
3072 5589 3105 5597 ,Α
3152 5596 3159 5597 ί
3254 5554 3264 5597 ;

2043 5609 2071 5647 P
2094 5598 2167 5653 Ita
2197 5585 2517 5654 mss.VCoIb.
2545 5606 2674 5653 tres.
2710 5594 2900 5659 Editi.,
2928 5589 3209 5648 severitate.
3254 5585 3381 5643 Mss.
3415 5593 3547 5643 tres.

1970 5670 2127 5725 severi
2149 5669 2349 5724 acriter.

2042 5752 2067 5794 εξ
2090 5740 2188 5795 Ms.
2216 5755 2375 5811 unus,
2403 5754 2622 5811 possem.
