4124 6350
560 366 666 426 “5

1913 357 2176 418 JULIANI
2209 357 2494 418 POMERII

3736 367 3842 424 446

515 513 526 522 .
562 481 737 548 beant,
781 490 824 536 ει
853 480 1097 536 Ecclesia;
1135 477 1405 549 facultates
1434 477 1580 548 quasi
1609 491 1919 541 communes,
1945 483 2001 529 ut
2027 481 2139 547 pote
2169 470 2220 532 Α
2247 480 2273 519 8
2295 473 2368 526 ita
2407 473 2639 540 peccatis
2669 472 2952 527 dissimilia
2986 481 3107 528 sunt
3138 473 3442 530 adhibenda
3475 477 3736 545 remedia,
3767 482 3839 534 si-

562 570 670 626 Deo
697 573 939 626 rationem
969 570 1238 635 reddituri,
1269 569 1573 638 suscipiant.

628 663 756 717 CAP.
788 663 854 718 Χ.
900 662 1025 716 Cum
1072 677 1170 729 quo
1213 661 1402 714 damno
1449 661 1632 714 anima:
1671 675 1778 713 sua:
1820 661 1886 713 ab
1916 659 2148 714 Ecclesia

562 769 671 823 quae
701 769 949 824 pauperes
975 753 1162 826 pascit,
1194 753 1451 821 accipiant
1490 751 1570 806 illi
1598 752 1686 822 qui
1710 751 1806 805 sibi
1831 752 1893 804 de
1919 769 2013 805 suo
2037 752 2150 820 suf-

564 843 765 909 ﬁciunt.
980 849 987 862 ‘

626 931 755 985 CAP.
780 931 871 985 XI.
915 933 1018 999 Qui
1039 933 1142 986 sint
1161 933 1248 1001 qui
1269 933 1420 987 etiam
1441 947 1557 985 cum
1581 931 1813 1001 profectu
1836 931 2020 985 anima
2042 947 2150 985 suat

561 1023 741 1092 apibus
767 1032 1118 1078 sustentantur
1149 1025 1412 1079 Ecclesiae.
1659 1037 1662 1040 ‘

627 1112 759 1169 ϐαρ.
792 1114 908 1169 XII.
955 1117 1092 1181 Quid
1117 1117 1292 1185 facere
1319 1115 1527 1170 debeant
1554 1115 1725 1169 clerici
1753 1131 1969 1186 quorum
1998 1116 2148 1183 infir—

563 1206 714 1258 mitas
743 1221 846 1259 non
874 1215 1034 1274 potest
1061 1223 1156 1260 sua
1183 1217 1524 1261 contemnere.

629 1294 760 1349 CAP.
792 1294 932 1350 "XIII.
977 1297 1105 1362 Quae
1132 1299 1234 1351 sint
1261 1298 1453 1366 gaudia
1480 1314 1628 1363 vera,
1669 1299 1744 1351 uel
1772 1313 1905 1352 uerte
1933 1297 2145 1364 diuitite,

566 1394 609 1438 ct
633 1394 658 1422 α
682 1387 806 1455 quid
837 1389 1186 1456 impedimenti
1219 1390 1438 1456 afferant
1476 1391 1608 1444 bona
1633 1392 1907 1462 praesentia
1936 1401 2148 1444 astato—

567 1477 706 1530 ribus
734 1478 1021 1546 futurorum
1033 1519 1046 1533 .

632 1567 760 1622 CAP.
794 1567 931 1624 XIV.
979 1571 1210 1634 Qualiter
1239 1573 1580 1642 intelligatur,
1611 1574 1754 1644 quod
1779 1575 1904 1628 dicit
1934 1576 2150 1643 Aposto-

567 1662 680 1716 lus:
713 1663 812 1729 Qui
844 1665 897 1717 in
927 1666 1154 1719 sacrario
1200 1675 1494 1735 operantur,
1530 1682 1645 1738 (μίας
1672 1668 1735 1720 de
1761 1669 1990 1720 sacrario
2030 1677 2149 1722 sunt

567 1754 744 1806 edunt.

2247 572 2342 624 .cut
2367 579 2432 619 ex
2461 565 2806 624 dissimilibus
2835 565 3010 620 causis
3038 567 3258 620 veniunt
3291 568 3402 635 ipsa
3434 579 3675 636 peccata.
3715 571 3837 625 I’lc-

2253 671 2449 725 rosque
2477 657 2619 711 enim
2653 656 2907 724 peccandi
2936 657 3267 712 consuetudo
3295 659 3556 724 delectat,
3599 662 3734 714 alios
3773 661 3838 715 ad

2254 747 2579 814 peccandum
2612 748 2822 801 occasio
2851 747 3078 814 alicujus
3107 748 3238 803 lucri
3274 750 3584 818 temporalis
3627 751 3837 817 invitat,

2243 834 2513 906 fragilitas
2563 839 2847 896 nonnullos
2894 837 3161 903 inclinat,
3223 840 3486 909 quosdam
3540 842 3836 910 ignorantia

2253 926 2532 984 bouit'acit
2559 930 2768 985 nescire
2815 932 2956 1000 quod
3006 941 3264 998 peccant,
3311 939 3368 986 et
3416 931 3840 1002 impedithmali

2173 1043 2179 1049 -
2253 1015 2501 1086 dulcedo,
2517 1034 2586 1074 ne
2605 1023 2837 1090 correpti
2866 1021 3149 1091 aliquando
3171 1023 3382 1092 sapiant
3401 1025 3544 1093 quod
3570 1026 3836 1095 ignorant.

2253 1107 2432 1164 Taceo
2449 1109 2516 1165 de
2539 1111 2646 1167 illis
2668 1127 2808 1181 quos
2841 1114 3014 1170 aliena
3031 1115 3229 1171 delicta
3252 1116 3446 1186 quibus
3474 1119 3838 1186 consentiunt,

2253 1199 2582 1256 deeoiorant.
2631 1204 2755 1258 Illos
2781 1205 2946 1259 etiam
2992 1208 3349 1275 praetermitto
3394 1210 3508 1278 qui,
3557 1212 3836 1279 cupientes

2253 1295 2477 1364 adipisci
2521 1297 2662 1366 quod
2711 1298 2982 1367 diligunt,
3038 1301 3121 1354 vel
3170 1301 3502 1370 refugientes
3547 1304 3657 1372 pati
3701 1303 3839 1370 quod

2252 1396 2519 1449 metuunt,
2554 1396 2646 1441 aut
2673 1387 2832 1443 ﬁdem
2859 1390 3180 1446 catholicam
3209 1392 3476 1460 produnt,
3515 1393 3531 1430 ί
3567 1403 3660 1446 aut
3687 1409 3839 1447 men-

2252 1478 2408 1533 dacio
2459 1481 2821 1548 praestantiam
2864 1483 3106 1537 veritatis
3150 1483 3422 1538 addicunt.
3472 1484 3486 1532 i
3535 1483 3669 1538 Illud
3715 1500 3841 1540 vero

2253 1566 2374 1623 dico
2430 1586 2443 1624 :
2491 1569 2621 1635 Quis
2671 1572 2880 1626 nesciat
2933 1570 2958 1608 ιε
3008 1571 3164 1626 aliter
3221 1572 3466 1627 homines
3518 1573 3841 1642 cogitatione

2253 1661 2426 1716 subita
2450 1700 2466 1725 ,
2526 1662 2680 1717 aliter
2725 1663 3038 1719 deﬁnitione
3090 1663 3441 1733 delinquere,
3501 1663 3664 1718 aliter
3714 1679 3830 1718 scr-

2253 1769 2435 1820 mone,
2455 1754 2616 1810 aliter
2643 1771 2827 1826 opere,
2859 1756 3016 1811 aliter
3044 1755 3388 1820 necessitate,
3419 1755 3576 1810 aliter
3603 1753 3622 1794 ι
3648 1757 3839 1812 volun-

631 1845 762 1902 ϐυ».
791 1846 904 1901 ιγ.
947 1845 1024 1902 De
1046 1847 1342 1918 cupiditate,
1382 1849 1604 1918 qualiter
1625 1850 1700 1906 eis
1728 1865 1853 1904 auos
1885 1850 2040 1904 semel
2065 1851 2149 1903 ia-
2177 1837 2227 1899 Β
2256 1855 2367 1903 tate
2395 1862 2618 1916 peccare

570 1941 746 1994 raserit
773 1940 1084 1995 dominetur.

631 2028 762 2083 CAP.
787 2031 923 2084 XVI.
955 2032 1110 2099 Quod
1136 2032 1296 2087 Deum
1324 2026 1594 2101 perfectius
1615 2033 1699 2086 illi
1730 2034 2152 2105 possideant,'qui

571 2123 783 2176 terrenis
815 2125 1216 2192 possessionibus
1245 2142 1308 2180 ea:
1333 2126 1483 2179 corde
1514 2126 1828 2179 renuntiant.

638 2217 768 2271 CAP.
807 2216 968 2273 XVII.
1011 2220 1164 2286 Quod
1199 2220 1329 2274 nihil
1378 2222 1669 2290 proﬁciant,
1703 2223 1812 2292 qui,
1845 2222 2150 2278 abstinentes

573 2323 604 2359 a
641 2308 785 2373 cibis,
818 2310 950 2362 vitiis
990 2311 1252 2376 seruiunt;
1279 2327 1370 2365 nec
1402 2313 1562 2380 prosit
1588 2311 1694 2366 illis
1723 2313 1993 2382 facultates
2019 2315 2152 2384 abji-

572 2413 701 2462 cere,
727 2401 816 2470 qui
843 2417 962 2455 tuas
991 2404 1186 2472 faciunt
1213 2404 1512 2460 voluntates.

635 2488 766 2544 CAP.
809 2489 994 2546 XVIII.
1041 2495 1248 2560 Quanta
1295 2496 1424 2550 bona
1453 2499 1858 2566 primushomo,
1890 2499 2152 2554 abstinen—

573 2581 655 2635 tia:
680 2583 865 2636 bonum
893 2585 1190 2655 negligenda
1236 2588 1536 2657 perdiderit.

639 2673 766 2728 CAP.
805 2673 949 2729 XIX.
1000 2675 1078 2729 De
1115 2688 1320 2743 peccato
1372 2680 1522 2746 primi
1560 2679 1802 2746 hominis,
1835 2692 1883 2736 et
1912 2685 1976 2736 de
2003 2682 2154 2737 malis

573 2782 686 2835 qua:
710 2767 857 2820 illum
885 2777 1190 2836 peccantem,
1223 2767 1332 2823 Deo
1346 2772 1637 2840 judicante,
1664 2784 1838 2826 secuta
1868 2786 2008 2828 sunt.

643 2856 770 2911 CAP.
812 2859 930 2912 XX.
979 2861 1132 2924 Quod
1162 2863 1332 2915 omnia
1359 2863 1489 2916 bona
1515 2881 1630 2934 quae
1657 2867 1708 2918 in
1742 2868 1903 2919 Adam
1927 2870 2156 2939 corrupti

573 2948 908 3016 perdidimus,
936 2951 988 3003 in
1009 2950 1212 3004 Christo
1238 2954 1464 3021 reparati
1490 2952 1517 2993 δ
1545 2955 1867 3024 recipiemus.

639 3038 767 3091 CAP.
809 3039 948 3094 XXI.
994 3041 1226 3106 Qualiter
1267 3044 1429 3099 viuere
1467 3046 1686 3101 debeant
1741 3049 1828 3118 qui
1881 3048 2145 3104 Christum

576 3129 769 3184 imitari
796 3132 1110 3187 desiderant.

2323 1941 2393 1993 2:
2422 1939 2554 1994 Cum
2599 1941 2760 2008 igitur
2807 1947 2913 1993 tam
2962 1939 3339 2006 multiplicibus
3364 1977 3380 2003 ,
3425 1952 3490 1994 ac
3518 1939 3745 1994 multum
3777 1940 3843 1994 ab

2259 2029 2486 2084 invicem
2515 2040 2552 2066 ω
2585 2029 2904 2086 distantibus
2937 2030 3112 2084 modis
3143 2030 3392 2085 homines
3433 2041 3694 2099 peccent,
3727 2033 3842 2101 quis

2259 2136 2366 2176 non
2398 2121 2659 2191 intelligat
2681 2138 2790 2178 uno
2819 2122 2980 2177 modo
3009 2123 3088 2177 eis
3117 2136 3222 2176 non
3255 2136 3410 2191 posse
3429 2105 3612 2192 utique
3639 2124 3843 2180 mederi

2255 2228 2482 2283 quorum
2513 2222 2622 2267 tam
2650 2213 2847 2268 diversi
2879 2223 3003 2268 sunt
3040 2214 3211 2268 morbi
3241 2214 3264 2266 7
3309 2214 3377 2268 Et
3417 2215 3538 2269 ideo
3561 2215 3845 2286 dupliciter

2257 2303 2468 2373 quidem
2521 2303 2780 2373 fragilitas
2825 2304 3056 2359 humana
3100 2305 3190 2360 Dei
3224 2316 3487 2374 praecepta
3525 2313 3837 2365 contemnit.

2257 2402 2350 2448 aut
2397 2393 2640 2449 faciendo
2684 2395 2825 2463 quod
2856 2403 2885 2432 η
2917 2395 3120 2461 vetuit,
3159 2405 3250 2450 aut
3283 2411 3389 2451 non
3431 2396 3674 2452 faciendo
3703 2400 3842 2468 quod

2253 2491 2418 2560 jussit
2439 2507 2454 2545 :
2475 2492 2570 2546 sed
2599 2503 2624 2527 υ
2653 2491 2920 2560 quomodo
2951 2506 3056 2546 non
3087 2491 3260 2545 solum
3290 2507 3357 2547 ex
3384 2491 3488 2546 illis
3515 2494 3692 2548 causis
3713 2509 3842 2562 quas

2257 2583 2667 2638 commemoravi
2691 2623 2704 2648 ,
2733 2582 2829 2638 sed
2867 2583 3029 2637 etiam
3055 2597 3120 2637 ex
3149 2583 3270 2637 aliis
3309 2598 3442 2653 quas
3470 2597 3577 2637 non
3603 2599 3840 2638 comme-

2258 2676 2485 2741 moravi,
2521 2675 2574 2729 in
2606 2675 2886 2744 prwceptis
2913 2674 3027 2730 suis
3052 2690 3172 2729 cura
3203 2683 3583 2740 contemnunt,
3613 2677 3706 2745 qui
3730 2677 3842 2743 ejus

2259 2777 2522 2834 prtecepta
2549 2781 2658 2821 non
2697 2760 2940 2828 licium;
2991 2767 3069 2819 sic
3109 2765 3307 2821 debent
3341 2779 3532 2820 omnes
3562 2764 3723 2819 modo
3746 2765 3841 2842 do-

2258 2857 2430 2912 cendo
2452 2897 2467 2921 ,
2499 2857 2661 2912 modo
2698 2842 3036 2912 exhortando
3060 2897 3076 2922 ,
3105 2857 3266 2912 modo
3301 2856 3616 2912 sustinendo
3640 2898 3656 2920 ,
3688 2856 3844 2910 modo

2259 2949 2583 3019 increpando
2605 2961 2632 2999 P
2657 2951 2858 3015 curari,
2881 2959 2939 3004 ut
2963 2949 3066 3004 sub
3085 2964 3186 3019 ope
3201 2948 3404 3004 Christi
3428 2960 3456 3000 «ι
3483 2949 3682 3004 nullius
3703 2949 3843 3003 salus

2259 3042 2312 3096 in
2343 3041 2442 3096 hac
2470 3043 2577 3096 vita
2604 3041 2797 3098 debeat
2817 3042 3114 3110 desperari.
3139 3042 3255 3096 Jam
3291 3056 3434 3096 nunc
3455 3041 3501 3096 si
3526 3041 3660 3095 satis
3687 3056 3841 3111 appa~

2261 3135 2366 3188 ruit
2393 3134 2534 3203 quod
2561 3134 2738 3189 divina
2776 3143 3038 3204 pracepta
3075 3133 3345 3189 calcantes
3377 3147 3485 3188 non
3515 3133 3689 3187 solum
3720 3147 3840 3202 por-

645 3220 771 3275 CAP.
803 3221 962 3278 XXII.
993 3235 1014 3263 ο
1047 3225 1160 3290 Qua
1187 3230 1519 3297 temperantia
1549 3232 1622 3284 uti
1641 3231 1862 3285 debeant
1888 3235 1977 3301 qui
2002 3251 2035 3286 a
2061 3249 2154 3288 νο-
2185 3204 2231 3266 c
2266 3226 2406 3280 tondi
2431 3236 2572 3292 sunt,
2597 3227 2690 3281 sed
2711 3227 2869 3282 etiam
2891 3226 3181 3296 castigandi
3204 3243 3217 3290 ;
3247 3241 3278 3278 a
3296 3225 3489 3295 quibus
3518 3225 3570 3279 id
3595 3224 3710 3290 ﬁat,
3732 3224 3840 3294 qui.

578 3313 772 3382 luptate
800 3316 1193 3387 delectabilium,
1235 3321 1313 3375 uel
1351 3320 1412 3374 ab
1453 3321 1790 3376 immoderata
1838 3327 2156 3394 perceptione

573 3404 794 3458 ciborum
822 3410 1186 3476 communium,
1219 3418 1368 3481 atque
1387 3428 1420 3464 a
1443 3413 1547 3467 bini
1580 3415 1913 3493 immoderato
1933 3432 2032 3470 usu
2065 3432 2155 3470 cu-

572 3499 716 3567 piunt
745 3499 1019 3559 abstinere.

640 3589 768 3644 CAP.
811 3591 998 3646 XXIII.
1047 3595 1197 3659 Quod
1237 3605 1432 3650 utentes
1471 3596 1710 3651 cornibus
1749 3601 2156 3666 concupiscentia

574 3682 802 3734 carnium
829 3685 1050 3751 polluat,
1079 3702 1183 3739 non
1211 3696 1414 3742 natura.

646 3771 772 3825 CAP.
803 3772 989 3828 XXIV.
1037 3776 1202 3840 Quam
1235 3778 1358 3830 utile
1383 3777 1446 3830 sit
1468 3780 1675 3848 jejunio
1702 3779 1777 3832 υιιι
1815 3781 2151 3850 abstinentia,

577 3858 949 3916 advenientium
975 3864 1235 3918 caritatem
1263 3866 1556 3936 plerumque
1577 3866 1603 3906 δ
1627 3871 1882 3940 praeferre.

1089 3976 1314 4034 CAPUT
1355 3977 1635 4036 PRIMUM.

577 4064 727 4130 Quod
773 4083 865 4137 pro
909 4068 1556 4145 diversitatepeccantium
1587 4073 1680 4126 alii
1721 4075 1958 4142 partandi
1996 4087 2146 4145 sunt,

1138 4141 1233 4194 alii
1267 4142 1572 4212 castigandi.

649 4229 696 4283 l.
737 4228 791 4284 Si
822 4245 927 4286 una
957 4245 1146 4288 omnes
1176 4235 1492 4305 mgritudine
1525 4238 1783 4291 laetitiam
1817 4238 2146 4309 laborarent,

575 4335 636 4375 ac
663 4323 871 4389 paribus
900 4326 1200 4382 animorum
1225 4328 1430 4383 morbis
1448 4328 1647 4395 allecti,
1673 4330 1804 4385 nihil
1827 4333 1893 4386 ab
1917 4331 2147 4389 invicem

575 4409 974 4482 discreparent,
1021 4427 1112 4471 aut
1139 4427 1161 4454 ε
1186 4421 1438 4473 sustineri
1477 4435 1668 4474 omnes
1711 4436 1931 4477 necesse
1973 4435 2146 4492 esset,

576 4511 666 4556 aut
696 4507 865 4574 argui.
908 4507 1057 4564 Nunc
1082 4524 1233 4575 vero,
1264 4521 1546 4578 propterea
1581 4512 1676 4566 alii
1715 4514 1959 4581 portaudi
1999 4524 2146 4582 sunt,

575 4597 663 4650 alii
689 4599 999 4670 castigandi,
1031 4603 1154 4672 quia
1180 4601 1278 4674 pro
1301 4604 1610 4660 diversitate
1641 4607 1997 4675 peccantium,
2027 4624 2144 4663 mo-

575 4689 674 4744 dus
703 4707 911 4763 quoque
957 4693 1201 4750 diversus
1247 4702 1332 4751 est
1359 4695 1375 4734 τ
1403 4706 1810 4767 ormceptorum.
1866 4699 1932 4756 Et
1963 4701 2144 4772 utique

646 4881 671 4946 ξ
700 4872 821 4946 _M_ss.
834 4883 973 4946 tres,
1005 4876 1141 4945 quod
1175 4876 1612 4946 impedimentum.

649 4942 674 4980 δ
819 4942 1028 5009 Camh.,
1053 4942 1341 5016 recipimus.

652 5022 673 5050 ε
701 5014 879 5079 Editi.,
911 5017 1084 5079 Quali.

643 5079 669 5119 ἀ
691 5083 789 5158 bis.
811 5086 1022 5158 Camb,
1051 5089 1299 5158 μνείαν-ἱ.

645 5164 667 5191 ο
693 5155 790 5210 Ms.
812 5153 968 5213 Colb.
993 5153 1168 5225 unus,
1196 5160 1441 5215 sustinere
1459 5177 1637 5216 onanes
1673 5176 1874 5216 necesse
1905 5170 2034 5216 esset
2056 5171 2145 5216 aut

571 5241 629 5278 ar
665 5242 801 5281 uere.

693 5299 817 5372 mss.
841 5298 993 5354 Colb.
1031 5308 1159 5366 tres,
1203 5311 1260 5356 ct
1295 5302 1425 5372 Reg.
1454 5317 1610 5369 unus,
1643 5313 1988 5372 peccatorum.
2042 5302 2162 5356 Ms..

569 5367 706 5433 alter
737 5369 890 5438 licg.,
920 5373 1284 5440 paenitentiam.

643 5449 666 5483 ε
694 5440 981 5524 bisLColh.
1021 5457 1174 5506 unus,
1209 5446 1527 5524 impacatis
1552 5443 1883 5498 dissimilibus
1913 5443 2142 5497 dissimi-

572 5507 642 5560 lia
669 5509 955 5563 adhibenda
985 5524 1098 5566 sunt
1130 5507 1371 5566 remedia.

639 5576 671 5616 ³
698 5577 795 5631 Ms.
815 5595 977 5646 unus,
1005 5583 1142 5640 male
1163 5582 1408 5640 dulcedo.

618 5683 622 5686 ν
649 5647 664 5684 ί
711 5646 852 5719 Editi
878 5660 1069 5716 pratter
1092 5653 1282 5719 Lugd.,
1309 5671 1368 5706 ac
1391 5654 1670 5708 mendacio.
1696 5655 1790 5709 Ms.
1816 5654 1966 5709 Colb.
1991 5669 2144 5719 uotis,

570 5727 659 5772 aut
680 5718 1290 5793 mendaciumprwferunt
1318 5726 1534 5778 veritati.

645 5803 660 5842 t
707 5787 848 5844 Edit.
874 5787 1039 5857 Lugd.
1076 5787 1196 5848 cum
1235 5810 1364 5850 mss.
1411 5797 1666 5864 quiaque,
1709 5797 1838 5851 illud
1871 5797 2002 5850 dico.
2049 5795 2143 5850 '.\Is.
2205 5793 2231 5830 ⁸

2261 3320 2342 3374 vel
2374 3333 2479 3388 quo
2501 3318 2709 3386 ordine,
2734 3327 2787 3372 et
2811 3318 3046 3388 quandiu
3077 3317 3295 3372 curandi
3317 3317 3426 3370 sint
3444 3316 3535 3384 qui
3571 3324 3839 3376 curantur,

2261 3412 2630 3482 adjuvantibus
2653 3427 2745 3466 me
2774 3423 2797 3450 τ
2827 3411 3034 3467 meritis
3057 3420 3116 3466 et
3137 3411 3471 3466 orationibus
3500 3409 3716 3477 vestris,
3749 3409 3841 3463 de-

2261 3504 2361 3560 beo
2388 3504 2682 3559 declarare.

2895 3597 3120 3652 CAPUT
3157 3597 3221 3651 II.

2583 3689 2658 3744 0e
2687 3689 2838 3743 laude
2864 3697 3154 3742 sanctorum
3183 3689 3519 3744 sacerdotum.

2331 3780 2382 3834 I.
2425 3780 2499 3833 Ac
2541 3795 2608 3834 ne
2645 3779 2801 3833 ﬁdem
2837 3793 2988 3832 meus
3013 3793 3193 3833 sermo
3218 3780 3361 3834 velut
3391 3781 3624 3834 humana
3664 3780 3840 3849 conje-

2259 3881 2408 3926 ctura
2437 3885 2541 3924 non
2577 3869 2801 3935 haheat,
2831 3870 3186 3940 ell'ectumque
3209 3915 3222 3938 ,
3265 3872 3390 3926 dum
3421 3872 3469 3926 ei
3503 3886 3691 3940 parum
3721 3885 3838 3926 cre-

2256 3962 2421 4028 ditur,
2455 3960 2670 4028 perdat;
2718 3975 2780 4015 ea
2805 3977 2926 4027 quae
2951 4003 2965 4026 ,
2994 3961 3286 4030 adjuvante
3317 3961 3543 4017 Domino
3567 4002 3583 4028 ,
3613 3962 3839 4018 demon-

2255 4066 2427 4110 strare
2445 4053 2722 4118 constitui,
2747 4068 2873 4108 vera
2899 4069 3019 4108 esse
3043 4055 3240 4110 divinis
3266 4055 3586 4110 testimoniis
3608 4055 3838 4110 conabor

2254 4147 2558 4213 ostendere,
2589 4147 2630 4201 si
2663 4146 2809 4216 prius
2833 4161 3002 4216 pauca
3026 4147 3094 4201 de
3120 4147 3276 4202 laude
3307 4162 3557 4202 verorum
3585 4148 3834 4203 sacerdo-

2255 4250 2388 4304 tum,
2419 4241 2507 4309 qui
2537 4249 2660 4294 sunt
2689 4238 3046 4293 Ecclesiarutn
3076 4239 3344 4310 magistri,
3377 4240 3674 4310 protulero.
3707 4240 3836 4310 Ipsis

2251 4334 2394 4388 enim
2420 4333 2632 4402 proprie
2653 4333 2948 4387 animarum
2975 4331 3333 4387 curandarum
3363 4332 3673 4388 sollicitudo
3694 4347 3835 4387 com-

2252 4427 2410 4480 missa
2441 4433 2554 4489 est;
2579 4429 2669 4494 qui
2703 4424 2908 4493 pondus
2935 4423 3113 4493 populi
3147 4423 3246 4477 sibi
3276 4424 3546 4479 commissi
3581 4431 3602 4458 ⁸
3638 4424 3836 4478 utiliter

2251 4517 2597 4583 sustinentes,
2614 4529 2710 4585 pro
2727 4517 2956 4585 peccatis
2981 4515 3218 4570 omnium
3240 4515 3382 4570 velut
3403 4530 3501 4584 pro
3527 4516 3640 4569 suis
3669 4513 3838 4569 inlati-

2253 4611 2500 4682 gabiliter
2525 4608 2962 4678 supplicant-Deo,
2983 4623 3044 4663 ac
3058 4608 3202 4664 velut
3227 4606 3438 4676 quidam
3454 4607 3634 4662 Aaron
3661 4607 3837 4662 incen-

2256 4717 2373 4757 sum
2419 4700 2632 4756 contriti
2661 4699 2841 4755 cordis
2864 4740 2878 4766 ,
2909 4707 2966 4754 et
2993 4698 3258 4753 bumiliati
3287 4699 3509 4767 spiritus
3536 4697 3834 4758 oll'erentes,

2255 4891 2414 4940 unus,
2436 4878 2570 4932 illud
2591 4876 2811 4942 quidem.
2839 4875 2938 4930 Ms.
2967 4875 3125 4942 alter,
3145 4874 3314 4928 adhuc
3333 4873 3469 4928 illud
3489 4873 3623 4927 dico.

2327 4949 2352 4986 ¹ί
2390 4948 2486 5002 Ms.
2508 4945 2661 5000 Colb.
2688 4961 2843 5009 unus,
2877 4943 3022 4997 aliter
3052 4945 3269 4999 hominis
3293 4945 3624 5015 cogitationes
3655 4957 3833 5013 super-

2256 5021 2301 5072 bi
2309 5036 2358 5082 a,
2392 5018 2561 5080 aliter,
2593 5027 2695 5070 etc.

2328 5089 2345 5126 1
2399 5088 2493 5141 Ms.
2521 5083 2673 5141 Colb.
2714 5101 2872 5150 unus,
2899 5086 3170 5150 voluptate.

2325 5160 2360 5180 ¹¹³
2395 5159 2490 5212 Ms.
2531 5170 2682 5221 unus,
2712 5157 3131 5226 discrepantibus.

2323 5239 2348 5266 η
2390 5229 2490 5283 Ms.
2521 5241 2679 5292 unus,
2702 5227 2837 5296 quod
2857 5223 3012 5292 uetat,
3035 5238 3118 5282 aut
3143 5227 3241 5284 non
3275 5225 3506 5295 faciendo
3526 5223 3777 5296 quodjubt
3794 5233 3833 5275 t.

2323 5310 2346 5335 ο
2388 5299 2512 5352 Mss.
2548 5312 2756 5363 omnes,
2787 5298 3045 5367 quoniam,
3082 5305 3135 5352 et
3179 5300 3331 5366 paulo
3373 5305 3493 5364 post
3523 5311 3653 5350 mss.
3707 5303 3835 5355 tres,

2251 5369 2528 5424 Dominum
2551 5378 2896 5421 Contemnunt.

2322 5450 2348 5489 P
2395 5441 2520 5494 Mss.
2571 5438 2677 5493 duo
2706 5438 2857 5507 Regii
2895 5453 3014 5492 cum
3052 5438 3239 5503 editis,
3277 5452 3474 5492 curare.
3515 5434 3638 5492 Mss.
3683 5433 3837 5488 Colb.

2254 5519 2482 5582 quatuor
2509 5517 2563 5582 et
2589 5509 2813 5582 _Camh.,
2851 5510 3040 5582 curari.

2322 5590 2349 5629 ιι
2390 5580 2488 5634 Ms.
2511 5577 2662 5636 Colb.
2688 5593 2845 5644 unus,
2869 5578 3043 5632 nullus
3066 5578 3230 5632 malus
3257 5577 3305 5632 in
3334 5580 3430 5630 hac
3459 5577 3580 5640 vita,
3605 5584 3707 5632 etc.
3737 5573 3834 5627 lle.

2233 5649 2386 5718 'lieg.
2413 5664 2568 5712 unus,
2606 5648 2800 5702 nullius
2829 5651 2968 5704 salut
2990 5648 3167 5701 debeat
3198 5647 3477 5718 desperari.

2328 5717 2354 5756 ί
2391 5719 2535 5781 Haec,
2570 5721 2760 5772 meritis
2793 5729 2857 5783 et,
2882 5719 3075 5774 absunt
3095 5735 3123 5772 a
3146 5734 3274 5775 mss.
3300 5717 3567 5775 omnibus.

2327 5800 2348 5827 ν
2392 5790 2520 5847 Mss.
2546 5805 2660 5854 sex,
2690 5789 2901 5844 viriliter
2919 5791 3213 5847 sustinentes
