4124 6350
231 376 328 431 Hii

1231 381 1319 436 DE
1360 380 1511 435 VlTA
1552 377 2125 435 CONTEMPLATWA
2164 381 2293 437 LIB.
2337 384 2399 438 ll.

3366 384 3467 439 μϐ

234 500 255 527 ο
284 503 389 559 quo
418 489 658 557 placathr
690 490 826 544 Deus
844 532 856 554 ,
900 497 1141 547 avert'uht
1171 493 1300 548 iram
1334 494 1519 548 futuro:
1549 493 1789 548 animad-
1819 496 1871 556 Α
1895 496 1996 559 die,
2023 495 2146 565 'quia
2172 497 2393 550 mundus
2418 513 2531 551 sum
2557 498 2619 551 ab
2643 498 2866 550 omnium
2892 493 3154 567 sanguine.
3189 494 3309 548 Non
3335 496 3471 551 enim

230 583 483 636 versionis
528 597 557 637 a
604 585 795 653 populo
854 585 1061 653 (Exod.
1098 603 1205 641 xxx
1230 629 1242 651 ,
1277 587 1369 651 lO;
1414 586 1527 641 Lev.
1572 603 1686 651 xvi,
1714 586 1752 639 9..
1779 604 1806 650 ;.

230 672 385 726 Num.
433 690 540 739 xvr,
574 676 686 739 $6);
714 676 801 745 qui
832 692 921 744 per
938 677 1028 731 Dei
1065 681 1287 748 gratiam
1329 681 1457 733 tiunt
1484 680 1677 733 divina:
1707 694 1797 733 vo-

227 768 441 821 luntatis
478 769 680 823 indices
706 810 718 832 ,
765 770 1116 825 Ecclesiarum
1155 770 1351 826 Christi
1382 782 1499 841 post
1529 771 1796 840 apostolos

226 859 551 924 fundatores,
573 859 598 897 ι’
618 862 783 916 ﬁdelis
808 864 981 931 p0puli
1005 862 1190 929 duces,
1218 866 1454 921 veritatis
1478 874 1794 926 assertores,

225 967 401 1021 pravte
435 952 688 1007 doctrinae
729 954 938 1021 hostes,
971 958 1215 1011 omnibus
1245 957 1400 1013 bonis
1431 958 1710 1023 amabiles,
1746 966 1799 1011 ct

225 1042 359 1095 male
390 1042 487 1095 sibi
518 1046 743 1097 consciis
769 1045 927 1099 etiam
956 1045 1072 1116 ipso
1100 1049 1212 1103 visu
1245 1049 1535 1111 terribiles,
1564 1048 1798 1102 vindices

224 1147 617 1201 oppressorum,
646 1143 822 1207 patres
851 1137 900 1189 in
930 1137 1030 1191 fide
1056 1138 1314 1192 catholica
1342 1149 1794 1209 regeneratorum,

222 1222 597 1291 prmdicatorcs
635 1225 962 1291 cuclestium,
995 1228 1148 1296 primi
1191 1229 1343 1299 [forte
1375 1229 1580 1303 primm]
1617 1240 1637 1265 α
1672 1229 1799 1298 pha-

220 1312 402 1382 langes
451 1315 789 1370 invisibilium
840 1318 1141 1385 praeliorum
1176 1361 1189 1384 ,
1238 1321 1480 1388 exempla
1539 1322 1795 1374 bonorum

220 1420 469 1471 operum,
503 1409 817 1471 documenta
856 1410 1149 1479 virtutum,
1194 1422 1247 1469 et
1277 1410 1302 1449 ἀ
1339 1414 1503 1471 forma
1538 1415 1793 1470 ﬁdelium.

220 1494 322 1561 Ipsi
350 1508 472 1551 sunt
502 1508 524 1535 θ
557 1498 811 1554 Ecclesia:
842 1502 1003 1561 decus
1023 1547 1035 1567 ,
1068 1503 1120 1556 in
1154 1505 1345 1572 quibus
1383 1505 1607 1572 amplius
1636 1505 1800 1574 fulget

216 1584 487 1650 Ecclesia;
521 1589 617 1658 ipsi
647 1591 906 1646 columna:
937 1593 1255 1648 firmissima:
1283 1594 1472 1662 quibus
1504 1597 1553 1648 in
1586 1593 1798 1647 Christo

215 1671 453 1729 fundatis
494 1680 734 1733 innititur
762 1680 931 1734 omnis
975 1684 1257 1737 multitudo
1295 1684 1654 1751 credentimn;
1699 1686 1796 1751 ipsi

212 1762 393 1831 ianua:
418 1767 647 1822 civitatis
677 1778 909 1834 aeternte,
944 1787 1039 1847 per
1069 1789 1203 1841 quos
1230 1790 1416 1829 omnes
1448 1777 1534 1843 qui
1574 1776 1800 1829 crcdttttt

1901 584 2203 655 subterfugi,
2226 587 2495 653 quominus
2516 590 2872 642 annuntiarem
2889 587 3025 641 vobis
3043 602 3189 640 omne
3208 586 3472 639 consilium

1901 675 2016 730 Dei.
2044 677 2296 731 Attendite
2328 678 2463 732 vobis
2497 686 2542 731 et
2569 679 2801 732 universo
2829 679 2999 748 gregi,
3034 679 3087 730 in
3110 693 3208 747 quo
3232 693 3318 729 vos
3346 674 3472 745 Spl-

1898 768 2025 820 ritus
2054 777 2256 821 sanctus
2302 770 2468 834 posuit
2507 771 2795 840 episcopos,
2832 785 3003 839 regere
3039 769 3313 822 Ecclesium
3360 768 3474 830 Dei,

1900 875 2051 927 quam
2089 857 2103 895 ι
2138 861 2400 928 acquisivit
2426 863 2673 931 sanguine
2698 878 2791 913 suo
2840 862 2978 929 (Act.
3010 875 3078 915 xx
3101 902 3114 924 ,
3152 860 3222 914 25
3257 857 3473 927 θυαμ).
3510 860 3515 865 “

1902 949 2138 1020 Regnum
2173 951 2295 1018 Dei,
2330 951 2537 1020 inquit,
2574 953 2716 1006 inter
2745 964 2842 1004 vos
2864 951 3140 1004 ambulans
3166 951 3473 1019 prmdicsvi,

1902 1047 1959 1093 ut
1987 1054 2071 1094 me
2101 1039 2332 1094 alienum
2362 1040 2430 1095 ab
2456 1040 2694 1095 omnium
2722 1040 3019 1108 perditione
3054 1052 3324 1093 servarem
3346 1078 3360 1103 ,
3388 1040 3477 1109 qui

1902 1134 2067 1187 verbo
2091 1133 2347 1189 doctrinm
2375 1134 2622 1187 salutaris
2642 1132 2843 1196 audito,
2865 1132 2997 1186 nihil
3020 1141 3062 1168 ω
3094 1140 3480 1200 promoventur

1901 1223 1965 1277 ad
1996 1224 2242 1279 salutem.
2279 1226 2514 1294 Regnum
2548 1224 2641 1279 Dei
2670 1223 2942 1294 praedicat,
2969 1225 3057 1291 qui
3076 1223 3148 1277 de
3173 1224 3275 1277 vita
3306 1222 3479 1276 futura

1900 1331 2019 1383 qutc
2047 1332 2150 1370 non
2177 1316 2337 1371 habet
2364 1316 2554 1379 linem;
2586 1316 2650 1370 de
2670 1314 3115 1383 contemplatione
3134 1312 3338 1378 divina,
3363 1327 3480 1380 qua:

1902 1420 2006 1459 non
2038 1406 2196 1461 habet
2218 1406 2549 1461 fastidiosam
2578 1406 2905 1468 satietatem;
2934 1405 3005 1459 de
3029 1412 3328 1459 sanctorum
3354 1404 3480 1457 bea-

1902 1498 2151 1563 titudine,
2182 1514 2298 1566 quae
2327 1515 2430 1552 non
2464 1498 2620 1552 habet
2646 1498 2998 1553 defectionem
3024 1514 3039 1561 ;
3080 1496 3145 1552 de
3172 1497 3478 1565 angelorum

1902 1591 2247 1645 similitudine
2289 1592 2660 1660 conseqneuda
2704 1589 2991 1659 praedicare
3030 1605 3133 1643 non
3163 1603 3334 1643 cessat
3366 1608 3375 1640 :
3410 1592 3477 1641 ita

1903 1687 1962 1731 ut
1987 1688 2011 1713 υ
2039 1680 2085 1732 si
2115 1680 2178 1733 ad
2209 1681 2320 1735 hmo
2346 1682 2632 1734 inell'ahilia
2661 1681 2796 1734 bona
2820 1680 2910 1748 qui
2940 1680 3180 1744 audiunt,
3208 1684 3480 1748 provocari

1906 1769 2203 1835 noluerint,
2235 1772 2506 1826 absolutus
2546 1771 2614 1825 sit
2650 1771 2740 1825 ille
2768 1770 2858 1839 qui
2887 1771 2965 1825 eis
3006 1770 3341 1840 pradicando
3379 1785 3481 1824 non

218 1850 239 1889 ί
278 1854 332 1906 in
366 1856 634 1911 Christum
665 1859 1034 1928 ingrediuntur
1062 1862 1128 1916 ad
1157 1864 1455 1928 Christum;
1493 1864 1590 1933 ipsi
1613 1865 1804 1932 janito-
1836 1862 1881 1921 Β
1908 1861 2091 1913 tacuit.

213 1956 310 1996 res
346 1944 536 2012 quibus
582 1947 762 2003 claves
811 1950 947 2006 datae
993 1962 1119 2007 sunt
1173 1957 1321 2024 regni
1368 1957 1655 2013 cmlorum;
1706 1957 1805 2025 ipsi

212 2032 381 2085 etiam
426 2034 823 2103 dispensatores
863 2042 1020 2110 regite
1066 2043 1256 2097 domus
1284 2088 1297 2112 ,
1331 2060 1552 2113 quorum
1586 2046 1804 2101 arbitrio

211 2120 267 2174 in
300 2125 417 2175 aula
447 2127 586 2195 regis
615 2131 800 2185 aeterni
832 2131 1141 2187 dividuntur
1165 2134 1381 2203 gradus,
1414 2146 1467 2190 et
1492 2135 1667 2190 officia
1696 2137 1803 2191 sin-

211 2214 484 2280 gulorum.

283 2306 343 2357 ‘2.
385 2304 446 2357 Hi
499 2317 625 2360 sunt
668 2309 756 2376 qui
803 2325 911 2365 non
957 2312 1242 2368 ambiendo
1271 2357 1285 2379 ,
1326 2316 1419 2369 sed
1459 2316 1801 2386 Spiritualitcr

210 2399 444 2452 vivendo
473 2402 833 2459 sacerdotium
862 2418 1210 2473 meruerunt;
1243 2410 1438 2478 quique
1468 2426 1573 2464 non
1604 2411 1801 2467 favoris

212 2490 434 2545 humani
464 2494 733 2565 suffragio,
766 2498 859 2552 sed
891 2498 1069 2553 divino
1098 2516 1322 2556 munere
1352 2503 1613 2558 sublimati
1647 2548 1659 2569 ,
1725 2506 1802 2557 ni-

212 2580 286 2634 hil
322 2582 421 2635 sibi
453 2582 519 2637 de
552 2595 573 2627 ει
608 2588 915 2655 praestantia
957 2589 1038 2642 sui
1079 2591 1403 2660 principatus
1443 2593 1797 2659 applaudunt;

210 2688 350 2741 quos
378 2690 482 2727 non
517 2676 540 2709 ἱ·
573 2677 720 2731 inﬂat
750 2678 920 2734 honor
958 2690 1243 2751 acceptus,
1279 2684 1370 2737 sed
1411 2695 1624 2739 exercet
1653 2686 1802 2741 labor

210 2763 534 2832 impositus;
590 2766 603 2802 ί
646 2769 731 2837 qui
772 2784 877 2823 non
920 2772 1289 2827 excellentiam
1330 2774 1341 2822 i
1381 2789 1531 2827 suam
1570 2777 1802 2844 cogitant

208 2857 457 2922 provecti
483 2897 498 2921 ,
531 2858 622 2910 sed
650 2861 953 2925 sarcinam;
994 2878 1091 2917 nec
1118 2863 1411 2931 gloriantur
1442 2864 1507 2919 de
1538 2865 1695 2919 ofﬁcii
1722 2866 1801 2919 di-

209 2944 434 3011 gnitate,
465 2946 557 2999 sed
586 2948 777 3003 sudant
807 2951 984 3018 potius
1006 2954 1278 3007 constituti
1306 2957 1408 3009 sub
1433 2970 1613 3010 onere.
1643 2956 1801 3012 Tales

210 3036 393 3091 divina
418 3039 687 3108 Scriptura
710 3043 1074 3110 speculatores
1097 3046 1331 3115 appellat
1352 3046 1559 3115 (Ezech.
1589 3064 1663 3111 tn,
1686 3048 1797 3117 l7),

208 3128 300 3196 qui
335 3130 679 3196 speculantur
710 3141 858 3188 actus
888 3136 1147 3199 omnium,
1180 3146 1234 3190 et
1264 3138 1488 3205 qualiter
1511 3140 1795 3209 unusquis-

1980 1951 2034 2003 2.
2075 1950 2225 2015 Quod
2255 1960 2429 2006 autem
2458 1961 2670 2006 secutus
2694 1952 2936 2021 adjunglt
2960 1971 2971 2005 :
3000 1952 3120 2005 Non
3144 1953 3275 2004 enim
3293 1952 3483 2004 subter.

1908 2042 2019 2109 fugi
2045 2043 2312 2110 quominus
2350 2044 2705 2096 annantt'arem
2744 2043 2879 2097 vobis
2918 2058 3063 2097 0mm
3101 2043 3362 2095 consilium
3394 2042 3484 2096 De;

1908 2131 2070 2199 (Ibid.
2093 2172 2107 2195 ,
2134 2132 2229 2201 27)
2268 2151 2276 2183 :
2310 2133 2433 2200 quid
2462 2132 2598 2186 aliud
2632 2134 2754 2187 facit
2791 2134 3014 2203 intelligi
3037 2174 3054 2199 ,
3094 2133 3195 2187 nisi
3236 2145 3291 2187 ut
3317 2135 3485 2187 eccle-

1904 2220 2147 2272 siasticus
2172 2221 2361 2274 doctor
2403 2222 2807 2289 dispositionem
2850 2221 2945 2276 Dei
2999 2223 3179 2291 (quod
3206 2223 3483 2277 consilium

1906 2312 1999 2366 Dei
2032 2323 2187 2367 vocat
2212 2313 2517 2381 Apostolus)
2557 2316 2635 2368 eis
2666 2330 2799 2381 quos
2824 2315 2983 2370 docet
3010 2315 3254 2384 aperiat?
3304 2317 3484 2384 Aperit

1907 2420 2033 2473 ergo
2062 2406 2423 2475 dispositionis
2454 2404 2644 2459 divina:
2692 2406 2970 2461 consilium
3009 2408 3222 2475 quando
3248 2407 3405 2461 docet
3431 2416 3485 2461 ut

1904 2508 2083 2567 patres
2112 2500 2356 2565 pietatem
2382 2500 2505 2552 ﬁliis
2535 2500 2643 2552 suis
2674 2498 3028 2566 impendendo
3056 2542 3069 2565 ,
3102 2513 3218 2554 eam
3248 2514 3484 2553 merean-

1905 2598 1991 2643 tur
2014 2605 2040 2641 a
2070 2590 2295 2643 Domino
2319 2632 2332 2653 ,
2366 2592 2454 2658 qui
2482 2601 2560 2643 est
2589 2590 2825 2643 omnium
2857 2590 3031 2655 Pater,
3056 2569 3084 2625 ἶ)
3117 2600 3171 2643 ut
3200 2592 3288 2643 lilii
3320 2591 3486 2643 hono-

1905 2696 2015 2735 rem
2043 2681 2276 2734 debitum
2310 2683 2337 2728 P
2366 2681 2604 2748 patribus
2632 2681 2743 2734 suis
2771 2681 3074 2745 exhibeant,
3106 2697 3209 2734 non
3238 2681 3483 2736 exlimre~

1904 2771 2134 2824 dationis
2172 2783 2315 2826 metu
2352 2770 2592 2825 deterriti
2618 2810 2633 2835 ,
2672 2771 2766 2825 sed
2813 2771 3005 2824 futurae
3048 2770 3485 2825 remunerationis

1904 2864 2168 2919 desiderio
2209 2865 2483 2932 provocati
2520 2882 2531 2916 ε
2564 2866 2684 2933 quia
2728 2871 3049 2931 praeceptum
3079 2874 3107 2912 ει
3140 2863 3347 2916 Domini
3380 2872 3483 2915 tam

1904 2966 2082 3026 patres
2110 2958 2247 3010 ﬁlios
2276 2956 2564 3025 diligendo,
2589 2969 2746 3025 quam
2775 2954 2870 3009 filii
2902 2954 3353 3009 honoriﬁcentiam
3373 2954 3484 3007 suis

1903 3048 2205 3102 exhibendo
2232 3047 2465 3115 patribus
2492 3048 2786 3115 complent,
2817 3048 2906 3116 qui
2936 3056 3219 3116 utrumque
3244 3046 3398 3114 jussit
3426 3054 3484 3099 ut

1905 3137 2088 3200 fieret;
2135 3148 2156 3174 ι
2186 3137 2343 3191 docet
2374 3146 2433 3191 ut
2475 3136 2648 3191 mariti
2688 3137 2848 3191 ﬁdem
2878 3136 3170 3206 conjngalis
3199 3136 3335 3189 thori
3375 3137 3485 3189 suis

209 3234 317 3286 que
340 3234 463 3273 cum
493 3222 603 3275 suis
630 3224 685 3276 in
712 3225 872 3280 domo
891 3267 905 3291 ,
934 3226 1161 3294 qualiter
1192 3228 1245 3282 in
1278 3230 1495 3282 civitate
1522 3245 1641 3283 cum
1673 3232 1801 3286 civi-
1828 3218 1875 3281 C
1906 3229 2160 3282 uxoribus
2188 3238 2425 3292 servent;
2457 3238 2477 3263 ³
2507 3238 2562 3282 ut
2586 3244 2777 3282 uxores
2799 3229 3015 3283 maritos
3037 3244 3162 3281 suos
3186 3243 3287 3281 non
3311 3229 3483 3282 studio

209 3309 315 3365 bus
341 3314 505 3378 vivat,
530 3315 823 3372 intentione
850 3318 1116 3388 religiosae
1140 3321 1460 3376 curiositatis
1482 3323 1760 3390 explorant
1784 3343 1798 3389 ;

209 3418 349 3471 quos
415 3406 585 3461 honos
648 3410 1027 3478 probaverim,
1085 3413 1395 3467 honorando
1440 3415 1798 3483 confirmant;

211 3509 350 3563 quos
382 3498 839 3565 deprehenderint
869 3501 1120 3567 vitiosos,
1164 3513 1447 3573 arguentes
1475 3506 1799 3572 emendant;

214 3595 307 3637 aut
338 3588 383 3640 si
414 3589 687 3644 emendari
719 3591 1007 3660 noluerint,
1038 3596 1406 3661 aequanimiter
1438 3606 1669 3665 portant,
1702 3600 1802 3651 ha-

210 3676 373 3732 bituri
410 3681 733 3735 uberrimum
768 3683 1015 3749 fructum,
1048 3696 1139 3739 aut
1165 3686 1230 3741 de
1256 3702 1348 3741 sua
1376 3687 1726 3751 districtione,
1756 3688 1801 3743 si

212 3771 446 3837 correpti
475 3771 838 3839 prolecerint;
890 3785 980 3828 aut
1020 3776 1088 3831 de
1140 3792 1235 3830 sua
1270 3781 1548 3847 patientia,
1593 3781 1803 3835 etiamsi

213 3859 290 3913 illi
318 3875 456 3930 quos
484 3864 782 3931 sustinent,
809 3867 1081 3919 emendari
1125 3870 1411 3923 voluerint.

833 3956 1060 4011 CAPUT
1096 3957 1185 4011 lll.

326 4044 401 4096 De
432 4045 727 4099 testimoniis
749 4047 1061 4115 apostolicis,
1092 4058 1139 4102 et
1160 4052 1471 4121 expositione
1501 4067 1693 4105 eorum.

285 4136 341 4190 1.
373 4135 478 4190 Sed
502 4136 795 4203 jamdivina
812 4139 1136 4206 testimonia,
1157 4141 1290 4193 sicut
1307 4142 1667 4209 promisimus,
1687 4158 1807 4211 pro-

212 4224 475 4279 feramus.
496 4226 548 4278 in
579 4226 695 4279 Act.
730 4228 1091 4295 apostolorum
1109 4228 1301 4281 Paulus
1331 4231 1599 4296 apostolus
1624 4245 1804 4283 sacer-

209 4316 432 4369 dotibus
460 4316 614 4369 tlicit:
648 4316 774 4370 Ecce
804 4334 895 4387 ego
923 4320 1025 4372 scio
1056 4320 1191 4388 quod
1213 4320 1433 4389 amplius
1456 4337 1554 4372 non
1580 4321 1807 4374 videbitis

208 4406 402 4473 faciem
430 4422 708 4472 meam,ros
738 4410 1074 4473 omnes,inter
1099 4426 1221 4478 quos
1248 4412 1499 4464 ambulavi
1526 4412 1807 4480 prendimus

209 4493 232 4532 ⁸
269 4514 488 4567 regnum
520 4497 642 4552 Jesu
679 4498 889 4554 Christi.
921 4499 1146 4571 Ideoque
1173 4512 1421 4558 contestor
1447 4520 1529 4558 vos
1560 4506 1805 4558 hodierna

1904 3319 2091 3372 ieram
2116 3318 2468 3373 lenocinantis
2493 3318 2751 3382 adhibito,
2779 3327 2868 3372 aut
2896 3319 3236 3373 accuratione
3260 3319 3483 3371 vestium

1906 3411 2232 3465 diversarum
2256 3456 2268 3478 ,
2298 3412 2394 3465 sed
2422 3412 2678 3481 gravitate
2706 3426 2914 3464 morum
2945 3411 3241 3473 delectent,
3270 3418 3324 3464 et
3354 3424 3484 3479 ope-

1906 3517 2023 3556 rum
2071 3502 2397 3564 sanctitate;
2449 3510 2505 3554 ut
2547 3502 2747 3555 domini
2788 3516 2970 3557 servos
3017 3501 3159 3555 velut
3198 3515 3383 3555 eorum
3428 3502 3484 3554 in

1906 3592 2121 3647 Christo
2148 3593 2392 3647 conservi
2418 3591 2835 3648 misericorditer
2862 3598 3112 3654 tractent,
3139 3598 3191 3642 et
3218 3592 3354 3643 servi
3387 3590 3483 3642 do-

1906 3687 2063 3740 minis
2108 3686 2181 3739 ita
2227 3701 2296 3740 ex
2341 3685 2502 3740 corde
2542 3684 2885 3752 deserviant,
2936 3692 2996 3737 ut
3022 3682 3349 3737 voluntatem
3380 3696 3483 3737 non

1906 3777 2078 3832 solum
2101 3776 2439 3830 dominorum
2468 3791 2715 3839 suorum,
2748 3774 2840 3829 sed
2867 3775 3027 3828 etiam
3062 3772 3152 3827 Dei
3181 3771 3283 3826 hoc
3311 3771 3484 3840 ipsu-

1902 3867 2155 3936 jubentis,
2183 3868 2441 3930 eliieiant;
2472 3875 2527 3919 ut
2550 3864 2690 3921 inter
2708 3881 2771 3919 se
2794 3866 2939 3919 cives
2962 3878 3080 3918 eum
3108 3862 3336 3926 civibus,
3365 3876 3485 3916 casu

1906 3960 2092 4013 amicis
2130 3958 2283 4011 amici
2310 3998 2325 4022 ,
2366 3973 2485 4011 cum
2518 3957 2825 4024 parentibus
2871 3964 3117 4025 parentes
3147 3968 3323 4008 veram
3355 3967 3485 4007 con-

1886 4049 2141 4104 cordiam
2192 4058 2431 4112 teneant;
2478 4058 2532 4100 ut
2562 4049 2613 4100 in
2656 4047 2799 4101 nullo
2847 4046 3056 4112 negotio
3087 4044 3223 4096 alter
3260 4042 3485 4095 alterum

1908 4139 2099 4193 callida
2128 4138 2310 4191 fraude
2336 4138 2599 4205 decipiat,
2634 4138 2650 4174 ⁸
2680 4146 2773 4189 aut
2800 4150 2868 4189 ue
2896 4135 2947 4187 iu
2977 4132 3247 4187 coruinuai
3272 4143 3485 4184 centra-

1910 4236 1997 4282 ctu
2027 4227 2220 4289 ﬁdem,
2250 4240 2408 4294 quam
2436 4226 2540 4279 sibi
2564 4226 2766 4279 servari
2795 4224 2986 4292 aliquis
3006 4222 3182 4289 cupit,
3218 4220 3332 4287 ipse
3361 4232 3482 4273 cor-

1910 4327 2142 4386 rumpat.

1979 4410 2033 4463 5.
2076 4407 2167 4461 His
2210 4414 2233 4441 ιι
2263 4415 2315 4460 et
2351 4406 2543 4459 talibus
2588 4413 2642 4459 et
2688 4403 2937 4458 sacerdos
2988 4400 3266 4455 annuntiat
3294 4398 3485 4467 prndi-

1911 4501 2082 4556 cando
2110 4538 2123 4563 ,
2171 4506 2225 4552 et
2254 4496 2551 4552 obediendo
2581 4494 2806 4565 populus
2834 4491 3027 4563 accipit
3054 4491 3149 4547 Dei
3179 4488 3481 4557 consilium,

285 4682 315 4708 ἰ
357 4673 456 4727 κε.
479 4673 688 4738 Camb,
719 4691 821 4743 quo
854 4676 1087 4745 placatus
1125 4676 1279 4741 Deus,
1304 4679 1501 4730 avertit.
1540 4678 1634 4732 Ms.
1671 4678 1798 4747 Reg.
1830 4678 1882 4738 D
1978 4675 2005 4747 ξι
2048 4677 2147 4730 Ms.
2179 4675 2334 4730 Colb.
2358 4689 2525 4737 unus,
2556 4674 2732 4729 Iesum
2752 4672 3025 4730 Christum.

204 4757 377 4816 unus,
403 4760 501 4816 quo
527 4747 756 4813 placatus
793 4747 948 4811 Deus,
976 4748 1154 4800 avertit
1184 4749 1311 4800 iram
1341 4749 1530 4816 furoris
1563 4758 1609 4803 et
1637 4750 1802 4802 unint-

204 4813 552 4888 atlversionis.
596 4816 689 4869 Ms.
718 4818 846 4886 lleg.
875 4817 1033 4881 alter,
1060 4836 1159 4886 quo
1192 4813 1422 4888 placatus
1463 4822 1637 4872 avertit
1674 4823 1799 4875 iram

202 4882 408 4950 futurw
439 4882 906 4944 animadversionis.

288 4953 318 4989 ¹³
360 4955 457 5008 Ms.
487 4956 614 5023 lteg.
639 4971 793 5019 unus,
820 4958 992 5024 ﬁdeles
1018 4958 1239 5011 veritatis
1270 4968 1562 5023 assertores,
1588 4960 1797 5013 omissis

202 5024 442 5077 vocibus
468 5026 813 5079 intermediis.

290 5104 315 5130 ε
342 5094 473 5167 diss.
504 5105 607 5148 tres
625 5096 771 5161 juxta
796 5106 1031 5149 veterum
1056 5097 1295 5167 codicum
1319 5099 1619 5167 lectionem,
1645 5101 1795 5167 primi

200 5162 543 5285 prazliantes,
567 5180 659 5219 seu
682 5166 1009 5234 prwliatores.
1053 5166 1149 5231 Ms.
1174 5166 1321 5220 Colb.
1348 5184 1504 5233 unus,
1532 5162 1681 5237 pruni
1711 5187 1799 5238 pa-

224 5243 475 5285 wstrttes.
1420 5274 1421 5277 η

224 5243 475 5287 wslrtles.
1420 5274 1421 5277 η

284 5303 314 5339 ιι
512 5304 615 5356 duo
639 5305 815 5369 Colb.,
844 5310 1007 5374 forma
1033 5307 1161 5359 vitaz.

291 5384 318 5410 ο
362 5373 456 5425 Ms.
483 5374 691 5437 Camb.,
717 5378 867 5427 duces
892 5374 1149 5430 Ecclesiae.

293 5443 314 5480 ί
365 5443 490 5515 Mss.
520 5457 613 5497 sex
635 5459 754 5499 cum
780 5447 944 5515 Lugd.
982 5461 1082 5501 non
1109 5446 1305 5501 habent
1330 5450 1389 5501 in
1412 5447 1685 5503 Christum.

290 5524 319 5585 ξιτ
367 5513 491 5585 Mss.
514 5515 669 5568 Colb.
697 5519 820 5579 duo,
846 5513 908 5568 de
928 5520 1213 5585 pru'sentia.

288 5580 319 5617 ιι
364 5584 437 5635 ita
470 5600 595 5637 mss.
624 5586 750 5655 lleg.
792 5580 938 5638 ιΙυο.⁷
963 5580 1064 5639 Alii
1090 5603 1215 5640 vero
1238 5605 1355 5644 cum
1379 5590 1535 5645 editis
1556 5631 1569 5658 ,
1596 5592 1796 5660 iit/iatn-

194 5662 488 5774 mai'OMss.
514 5722 661 5777 Colb.
694 5733 804 5776 tres
825 5764 836 5785 ,
870 5726 1128 5790 quianon.

293 5798 311 5844 i
372 5793 467 5846 Ms.
501 5793 652 5847 Colb.
689 5808 842 5859 unus,
866 5796 943 5846 sui
966 5797 1183 5864 cogitant
1206 5807 1486 5866 provectus.

1984 4746 1998 4782 ι
2046 4748 2171 4799 Mss.
2200 4761 2311 4811 sex,
2336 4748 2599 4814 acquisivit
2628 4747 2743 4799 sibi.

1975 4826 2013 4851 ιη
2044 4817 2174 4891 _ll_lss.
2209 4816 2335 4879 duo,
2366 4827 2676 4891 promovent.

1973 4894 1999 4921 ⁸³
2044 4886 2138 4939 Ms.
2178 4885 2434 4949 unus,'si
2467 4885 2574 4939 hwt‘
2604 4886 2914 4953 ineffabilia,-
2959 4896 3068 4940 tum
3108 4886 3291 4954 paucis
3318 4886 3483 4944 inter-

1896 4958 2078 5025 jcctis,
2104 4971 2229 5009 mss.
2256 4963 2497 5023 quatuor,
2533 4958 2857 5022 pra't/icanda
2882 4974 2981 5010 non
3004 4958 3180 5009 (aruit.

1973 5037 1996 5061 ο
2042 5027 2115 5078 ita
2156 5039 2282 5077 mss.
2308 5036 2508 5092 septem
2534 5042 2652 5079 cum
2676 5026 2805 5078 edit.
2832 5026 2999 5095 Lugd.
3032 5027 3087 5081 lu
3111 5028 3228 5081 aliis
3250 5041 3375 5082 vero
3397 5028 3481 5081 hic

1896 5097 2206 5219 ipseruntur
2241 5095 2339 5149 ista
2364 5112 2378 5148 t
2402 5096 2573 5163 Aperit
2601 5097 2785 5149 divinat
2805 5100 3071 5151 consilium
3105 5098 3337 5165 pictatis,
3367 5114 3481 5151 cum

1906 5185 1923 5219 t
1944 5177 2068 5219 acet.

1906 5177 2068 5220 (Ιοοει.

1977 5248 2003 5285 ρ
2167 5236 2315 5291 Colb.
2344 5250 2498 5315 unus,
2535 5238 2844 5315 parentibus.
3329 5262 3335 5271 ·

1976 5318 2003 5355 ιι
2046 5310 2165 5360 .‘ilss.
2198 5316 2421 5373 septem,
2452 5304 2575 5370 Dei;
2615 5324 2837 5374 quorum
2879 5323 3013 5363 unus
3041 5315 3157 5377 post
3186 5320 3349 5376 pauca
3382 5304 3460 5356 hat

1822 5436 1828 5442 ,
1902 5378 1992 5432 bet
2016 5380 2121 5431 suis
2147 5376 2428 5429 exhibendo
2454 5379 2763 5444 parentibus.

1976 5459 1996 5485 τ
2042 5448 2218 5500 Editio
2256 5442 2602 5501 Lovani‘ensis
2639 5450 2763 5502 anni
2807 5450 2966 5514 1565,
2998 5449 3161 5501 Duae.
3195 5453 3253 5497 ct
3286 5442 3474 5497 Colon.

1906 5517 1991 5570 hic
2012 5526 2067 5570 et
2090 5526 2205 5583 post
2234 5531 2456 5585 quatuor
2481 5518 2646 5571 lineas
2668 5519 2869 5573 addunt
2892 5519 3043 5571 Docet
3074 5532 3091 5569 :
3115 5530 3272 5585 quam
3296 5529 3479 5569 vocem

1905 5588 2155 5663 omittunt
2183 5602 2307 5663 mss.
2336 5602 2522 5641 omnes
2541 5602 2662 5641 cum
2686 5589 2850 5663 Lugd.

1980 5668 2000 5693 ⁸
2044 5659 2169 5711 Mss.
2199 5658 2325 5721 duo,
2352 5667 2397 5710 et
2428 5674 2623 5710 uxores.

1982 5730 1998 5762 ί
2047 5728 2169 5781 Mss.
2200 5739 2450 5795 quatuor,
2483 5737 2533 5779 ut
2561 5744 2640 5779 ne.

1976 5803 2003 5837 ν
2038 5797 2135 5852 Ms.
2162 5812 2317 5867 unus,
2342 5798 2469 5853 licet:
2493 5808 2538 5849 et
2568 5798 2691 5849 talia
2721 5796 2975 5850 sacerdos.
