4124 6350
634 345 731 401 M7

1960 335 2219 392 JULIANI
2259 334 2531 391 POMERII

3778 334 3878 390 “8

634 465 746 518 sine
786 477 893 535 quo
932 475 1034 517 non
1072 458 1375 531 pervenitur
1413 458 1479 512 ad
1518 471 1771 528 regnum;
1812 457 1865 511 in
1908 471 2012 526 quo
2040 465 2065 491 α
2093 454 2207 507 solo
2234 451 2450 529 Aunde
2470 452 2622 521 plura
2649 452 2826 507 dicere
2851 451 3100 515 conabar,
3126 449 3489 520 impleveram,
3515 464 3635 505 cum
3664 456 3790 505 ecce
3816 453 3879 505 ad

634 563 972 612 cxsecutores
1014 552 1174 608 divini
1204 551 1409 608 consilii
1437 593 1452 619 ,
1484 551 1795 621 participes,
1830 551 1937 605 Deo
1965 558 2199 613 auctore,

632 646 793 703 futuri
814 652 936 701 sunt
956 643 1249 699 cmlestium
1282 643 1644 713 prtemiorum.
1681 642 1882 697 Deinde
1909 644 2047 711 quod
2077 640 2206 695 dicit

632 735 913 805 Apostolus
944 752 957 786 :
991 734 1245 787 Attendite
1271 734 1405 787 vobis
1431 742 1477 788 et
1504 736 1734 788 universo
1754 734 1892 806 gregi
1917 734 1969 787 in
1995 750 2091 803 quo
2121 749 2205 786 vos

631 826 857 896 Spiritus
877 833 1081 879 sanctus
1110 824 1278 893 posuit
1304 825 1565 894 episcopos
1585 840 1754 894 regere
1776 823 2057 877 Ecclesium
2088 823 2203 887 Dei,

628 932 781 987 quam
799 915 827 954 δ
848 915 1111 986 acquisivit
1138 915 1382 986 sanguine
1405 930 1499 969 suo
1526 914 1660 986 (Act.
1684 930 1774 980 xx,
1795 912 1889 984 28)
1916 930 1930 969 :
1953 913 2072 984 quis
2100 927 2209 968 non

592 1008 807 1087 [videat
834 1008 977 1078 quod
1013 1016 1140 1063 tunc
1166 1008 1268 1063 sibi
1298 1006 1603 1062 sacerdotes
1640 1006 1955 1072 attendunt,
1999 1006 2208 1075 quando

630 1112 814 1158 sancte
842 1100 1101 1166 vivendo,
1131 1114 1193 1155 ac
1230 1100 1553 1155 voluntatem
1587 1110 1609 1138 ο
1647 1100 1854 1154 Domini
1893 1099 2209 1154 fiducialiter

630 1194 1009 1265 praedicando,
1044 1191 1295 1247 Ecclesia:
1325 1191 1417 1246 Dei
1472 1190 1836 1260 prospiciunt,
1888 1197 1947 1243 ut
1988 1188 2065 1242 eis
2098 1192 2207 1257 jam

633 1299 796 1354 grave
824 1298 929 1340 non
955 1283 1024 1338 sit
1052 1283 1288 1338 infirmos
1309 1281 1563 1337 Ecclesiae
1587 1281 1871 1345 sustinere,
1896 1295 1991 1349 pro
2020 1279 2209 1349 quibus

633 1375 959 1431 redimendis
980 1390 1041 1430 se
1067 1374 1310 1443 dignatus
1335 1382 1415 1428 est
1438 1373 1596 1428 morti
1628 1374 1746 1427 vitae
1767 1380 1955 1427 auctor
1978 1371 2209 1426 offerre?

633 1465 740 1521 Sed
763 1476 817 1522 et
838 1466 938 1536 ipsi
967 1466 1057 1536 qui
1086 1466 1363 1529 docentur,
1387 1473 1445 1518 ut
1468 1464 1704 1533 sapiant;
1733 1464 1818 1532 qui
1850 1465 2207 1532 increpantur,

634 1567 691 1611 ut
712 1557 902 1612 saltem
931 1556 1191 1625 objurgati
1220 1555 1531 1625 proficiant;
1565 1555 1655 1624 qui
1677 1555 2029 1619 sustinentur,
2060 1563 2117 1607 ut
2143 1554 2209 1608 de

634 1651 745 1704 suis
773 1649 1058 1719 aliquando
1104 1649 1415 1704 criminibus
1461 1648 1819 1717 erubescant,
1869 1656 1923 1703 et
1958 1647 2206 1717 gaudium

633 1741 745 1796 suis
774 1741 1101 1811 doctoribus,
1131 1756 1355 1811 quorum
1386 1742 1637 1822 patientia
1670 1740 2201 1811 blandeJractantur,

2309 561 2394 599 me
2415 545 2627 614 quidam
2657 544 2725 600 de
2755 545 2951 600 nostris
2982 544 3268 614 ingressus,
3292 543 3420 613 quid
3447 544 3703 599 dictarem
3742 544 3757 582 ι
3793 560 3879 600 cu-

2308 637 2480 692 riosus
2508 638 2820 707 interrogat.
2850 635 2945 691 Cui
2968 652 3087 691 cum
3117 637 3327 693 recitari
3358 636 3597 692 fecissem
3621 651 3637 691 :
3660 636 3879 704 Omnes,

2309 731 2518 799 inquit,
2569 731 2848 800 episcopos
2915 730 3047 785 tales
3110 743 3229 785 esse
3276 730 3473 784 debere
3520 728 3705 799 quales
3764 738 3881 785 tuus

2309 834 2487 877 sermo
2516 822 2825 891 descripsit,
2857 832 2909 877 et
2948 837 3088 877 nunc
3122 836 3241 877 esse
3271 822 3451 892 plures
3479 827 3617 892 apud
3646 836 3746 877 nos
3777 822 3884 892 ple-

2311 926 2410 967 nos
2430 912 2847 968 sacerdotalibus
2870 912 3049 979 bonis,
3076 912 3250 979 qualia
3275 912 3535 968 veraciter
3562 912 3880 981 praedicasti,

2310 1000 2529 1056 dubium
2569 1017 2674 1057 non
2715 1012 2827 1068 est;
2875 1002 2970 1059 sed
3000 1017 3118 1057 cum
3154 1001 3220 1057 ad
3249 1017 3433 1057 eorum
3474 1003 3731 1071 probetur
3773 1002 3885 1056 olli-

2310 1091 2451 1145 cium
2480 1091 2747 1162 pertinere
2772 1133 2787 1159 ,
2829 1101 2885 1146 ut
2924 1093 3185 1162 inquietos
3220 1091 3534 1147 sacerdOtali
3572 1091 3886 1147 auctoritate

2311 1182 2633 1252 corripiant,
2663 1183 2824 1238 rudes
2866 1182 3121 1247 doceant,
3153 1183 3577 1238 contradicentes
3607 1197 3755 1238 sana:
3794 1184 3886 1237 do-

2312 1275 2499 1326 ctrina
2539 1272 2857 1343 redarguant
2881 1318 2896 1341 ,
2932 1274 2945 1322 l
2984 1272 3112 1343 quid
3164 1282 3245 1329 est
3288 1273 3429 1344 quod
3482 1288 3584 1328 non
3618 1274 3673 1328 in
3702 1288 3885 1329 omnes

2313 1363 2427 1418 haec
2456 1380 2640 1419 eorum
2683 1381 2809 1420 cura
2850 1366 3167 1436 porrigitur;
3212 1381 3308 1420 cur
3341 1381 3446 1420 non
3484 1375 3538 1422 et
3566 1366 3699 1420 alios
3729 1367 3886 1422 simili

2311 1455 2627 1510 auctoritate
2654 1456 2943 1526 castigant?
2990 1455 3113 1509 llios
3140 1456 3294 1521 dico,
3326 1456 3415 1524 qui
3445 1457 3588 1511 velut
3622 1458 3883 1523 conversi,

2310 1561 2378 1603 ex
2406 1549 2645 1618 pristinis
2676 1549 2913 1604 moribus
2953 1548 3082 1602 nihil
3109 1548 3395 1616 abjiciunt,
3428 1563 3534 1604 non
3565 1558 3751 1604 mente
3778 1566 3887 1605 mu-

2312 1641 2430 1707 tati,
2459 1641 2555 1697 sed
2584 1649 2763 1706 veste;
2808 1655 2905 1695 nec
2934 1650 3075 1707 actu,
3109 1640 3202 1695 sed
3226 1639 3427 1694 habitu.

2380 1730 2434 1783 2.
2477 1731 2541 1785 Hi
2566 1740 2687 1785 sunt
2713 1723 2800 1800 q'ui
2829 1745 3073 1785 sermone
3099 1738 3325 1796 tantum,
3356 1745 3460 1784 non
3484 1745 3671 1801 opere,
3693 1733 3887 1787 saeculo

634 1830 659 1869 ἀ
691 1832 758 1887 de
798 1833 1024 1887 utilitate
1077 1847 1189 1887 sua;
1227 1817 1899 1889 correctionis'exhibeant
1930 1850 1944 1899 ;
1992 1841 2047 1888 et
2085 1832 2208 1903 ipsi,
2240 1817 2290 1879 B
2314 1823 2652 1879 renuntiasse
2679 1824 2912 1878 contenti
2951 1822 3281 1877 sacculariter
3313 1822 3525 1887 vivunt,
3557 1832 3612 1878 et
3641 1824 3767 1879 vitia
3798 1839 3886 1880 sua

632 1923 845 1993 inquam
868 1963 885 1987 ,
936 1923 1165 1978 libenter
1208 1923 1465 1991 audiant,
1496 1923 1623 1993 quid
1669 1924 1747 1979 eis
1783 1923 2077 1993 apostolico
2113 1938 2208 1979 ore

636 2024 660 2051 θ
690 2014 902 2069 divinus
925 2029 1103 2071 sermo
1130 2014 1401 2085 praecipiat
1430 2031 1445 2069 :
1483 2013 1712 2081 Ubedite,
1744 2015 1931 2084 inquit,
1964 2017 2208 2085 prteposi-

633 2108 696 2161 tis
723 2109 895 2163 vestris
932 2116 979 2162 et
1007 2108 1219 2181 subjecti
1245 2117 1399 2163 estote
1427 2109 1519 2162 eis.
1572 2106 1681 2177 Ipsi
1715 2111 1847 2162 enim
1887 2110 2205 2179 pervigilant,

632 2199 776 2262 quasi
803 2199 1048 2253 rationem
1076 2214 1170 2268 pro
1199 2199 1467 2252 animabus
1499 2200 1673 2253 vestris
1698 2200 1946 2253 reddituri
1970 2215 1988 2253 :
2008 2208 2063 2252 ut
2093 2217 2209 2253 cum

633 2290 818 2360 gaudio
847 2289 942 2343 hoc
971 2290 1164 2360 faciant
1184 2300 1231 2344 et
1251 2306 1353 2345 non
1373 2298 1662 2362 gementes;
1691 2290 1785 2344 hoc
1805 2291 1937 2344 enim
1962 2288 1982 2328 ί
2007 2292 2210 2361 expedit

635 2379 768 2433 vobis
799 2378 982 2451 (Hebr.
1020 2395 1059 2446 ι,
1090 2381 1145 2445 5,
1173 2379 1283 2450 l7).

702 2470 757 2525 ι.
800 2470 942 2540 Ergo
985 2470 1292 2526 doctoribus
1337 2471 1447 2527 suis
1486 2471 1684 2528 debent
1721 2472 1937 2528 obedire
1980 2472 2070 2542 qui
2116 2486 2210 2527 au-

634 2560 788 2617 diunt
811 2602 827 2627 ,
864 2570 1022 2633 atque
1046 2555 1123 2618 eis
1152 2577 1272 2618 cum
1302 2565 1599 2619 reverentia
1631 2579 1749 2620 esse
1780 2565 2025 2634 subjecti.
2057 2565 2204 2631 Quod

634 2651 833 2707 faciunt
860 2653 931 2707 illi
955 2695 971 2719 ,
1002 2654 1092 2723 qui
1128 2655 1370 2725 castigati
1401 2656 1629 2711 libenter
1653 2656 1958 2725 accipiunt,
2001 2670 2101 2710 nec
2128 2656 2209 2709 in-

632 2744 971 2812 crepantibus
1007 2746 1397 2801 contradicunt.
1436 2747 1588 2813 Quod
1632 2762 1759 2801 vcro
1786 2746 1860 2801 ait
1890 2766 1901 2799 :
1931 2745 2043 2814 Ipsi
2077 2749 2207 2801 enim

634 2835 973 2905 pervigilant,
1010 2839 1154 2905 quasi
1192 2837 1438 2889 rationem
1486 2838 1737 2895 reddituri
1790 2853 1881 2910 pro
1944 2838 2209 2897 animabus

636 2926 811 2983 vestris
851 2924 1072 3000 (ibim);
1121 2927 1505 2987 sacerdmalem
1547 2948 1728 2987 curam
1762 2948 1857 3002 pro
1888 2935 2081 3004 pOpulo
2108 2935 2209 2991 sibi

635 3021 922 3075 commisso
947 3023 1075 3076 satis
1100 3023 1350 3089 ostendit,
1375 3024 1464 3093 qui
1491 3035 1596 3079 tam
1619 3026 1673 3079 in
1693 3027 1803 3081 suis
1824 3028 2028 3083 actibus
2048 3043 2206 3098 quam

636 3109 690 3195 in
724 3112 1185 3179 przedicationibus
1211 3113 1517 3185 vigilantes,
1548 3117 1775 3173 sollicite
1812 3120 1980 3176 hostis
2005 3122 2207 3191 antiqui

636 3192 896 3256 rimantur
924 3203 1160 3270 insidias,
1183 3220 1251 3260 ne
1280 3221 1453 3276 quem,
1478 3207 1623 3263 velut
1646 3208 1945 3265 dormiente
1970 3222 2200 3282 pastore,
2231 3192 2278 3254 (ἶ

636 3293 792 3364 lupus
823 3305 847 3342 8
878 3295 1122 3352 diabolus
1148 3305 1319 3354 astuta
1351 3301 1534 3355 fraude
1562 3302 1853 3372 subripiat,
1895 3314 1949 3359 et
1978 3306 2029 3360 in
2056 3306 2206 3361 dam-

578 3426 579 3429 η
635 3401 761 3439 num
800 3389 1030 3456 pastoris
1066 3390 1339 3459 abreptum
1366 3432 1382 3458 ,
1413 3406 1592 3448 secum
1623 3409 1788 3465 usque
1836 3397 1900 3450 ad
1946 3398 2204 3467 supplicia

633 3480 956 3551 sempiterna
983 3483 1255 3552 perducat.
1286 3485 1480 3540 Verum
1512 3488 1632 3556 quia
1661 3503 1726 3543 ex
1755 3487 1835 3543 his
1860 3491 1946 3559 qui
1976 3504 2204 3561 arguun-

633 3580 753 3639 tur,
796 3573 958 3643 aliqui
1006 3589 1065 3630 se
1111 3576 1420 3634 obcdientes
1465 3580 1788 3647 emendant,
1836 3581 1995 3651 aliqui
2026 3582 2079 3637 in
2108 3598 2203 3638 sua

634 3656 984 3733 perversitate
1015 3668 1322 3737 perdurant,
1354 3668 1473 3723 ideo
1505 3670 1570 3724 de
1598 3672 1960 3726 sacerdotibus
1989 3671 2060 3725 ait
2090 3690 2101 3723 :
2140 3671 2206 3725 Ut

632 3768 747 3806 mni
773 3754 959 3823 gaudio
986 3757 1078 3808 hoc
1105 3757 1317 3825 faciant,
1349 3770 1393 3810 et
1421 3774 1522 3812 non
1549 3769 1797 3830 gementes
1828 3759 2038 3830 (Ibid).
2070 3760 2203 3816 Cum

632 3842 825 3911 gaudio
854 3843 1159 3901 sacerdotes
1186 3842 1215 3881 ¹ι
1250 3852 1504 3917 arguunt,
1546 3849 1756 3916 quando
1784 3850 2013 3918 correpti
2044 3851 2205 3919 proti-

635 3933 813 3999 ciunt;
838 3941 891 3989 et
909 3935 1089 3991 tristes
1111 3936 1212 3991 hoc
1239 3937 1455 4006 faciunt,
1480 3939 1689 4008 quando
1712 3953 1770 3993 se
1792 3939 1921 3994 nihil
1947 3940 2203 4010 proficere

635 4026 689 4080 in
720 4026 833 4081 suis
862 4030 1318 4097 contemptoribus
1346 4030 1727 4101 ingemiscunt;
1760 4046 1821 4087 ac
1850 4034 1926 4087 sic
1956 4032 2055 4090 hoc
2077 4035 2204 4090 dicit

631 4116 735 4172 illis
764 4106 1017 4189 expedire
1037 4160 1052 4185 .
1084 4129 1142 4175 ut
1164 4136 1281 4176 cum
1308 4121 1519 4190 gaudio,
1553 4136 1657 4177 non
1687 4134 1978 4192 gementes,
2006 4138 2099 4179 eos
2122 4126 2204 4179 in-

632 4220 852 4281 crepent
876 4212 1202 4279 sacerdotes,
1227 4213 1316 4284 qui
1342 4213 1584 4269 doctores
1604 4228 1731 4269 suos
1750 4230 1844 4270 sua
1872 4217 2202 4272 correctione

630 4300 918 4367 lmtificant,
949 4310 1003 4357 et
1035 4316 1217 4359 eorum
1247 4304 1436 4374 gaudia
1465 4304 1793 4361 incremento
1818 4305 1902 4361 sui
1932 4306 2201 4376 profectus

629 4394 983 4448 accumulant.

1242 4486 1463 4542 CAPUT
1501 4488 1586 4542 IV.

626 4569 879 4648 Omscrto
912 4573 1131 4648 :_Quare
1169 4578 1453 4631 sacerdotes
1483 4580 1673 4643 sancti,
1714 4595 1927 4648 quorum
1964 4598 2087 4637 cura
2123 4595 2195 4640 est
2220 4554 2275 4616 D

692 4644 888 4724 perdite
909 4646 1378 4724 viventes'arguere,
1400 4644 2000 4720 simulatores'religionis
2025 4670 2194 4724 requa-

694 4712 895 4767 nimiter
914 4712 1097 4782 ferant.

695 4847 747 4902 l.
805 4845 1040 4903 Necdum
1088 4862 1389 4905 sermonem
1436 4847 1505 4905 de
1551 4850 1914 4907 sacerdotibus
1970 4858 2188 4929 sanctis,

692 5014 717 5043 ³
755 5007 881 5062 Mss.
910 5007 1037 5072 duo,
1064 5008 1159 5061 soli
1186 5012 1516 5063 exsecutor'es.

689 5075 717 5115 δ
753 5078 881 5155 Mss.
906 5081 1446 5155 'quatuor,_acquisivit
1474 5078 1568 5133 sibi
1595 5081 1837 5151 sanguine
1862 5098 1975 5138 suo.

691 5159 713 5218 ς
753 5148 879 5218 Mss.
902 5148 1129 5218 septem,
1163 5149 1270 5202 Dei.

618 5292 645 5358 Γ
686 5214 714 5343 εἰ
753 5216 828 5273 lta
850 5214 979 5274 mss.
1011 5234 1218 5274 omnes.
1251 5219 1387 5273 Editi
1409 5234 1553 5285 vero,
1587 5222 1651 5276 de
1678 5224 1910 5302 utilitatis
1936 5240 2042 5279 sua:
2063 5242 2183 5294 pro-

640 5304 693 5342 ec
717 5305 771 5343 κ.

640 5298 771 5343 'ectu.
1686 5298 1691 5302 ’

689 5370 712 5431 εξ
748 5360 839 5415 Ms.
875 5377 1031 5431 unus,
1076 5360 1298 5430 Spiritus
1326 5372 1557 5427 sanctus,
1590 5364 1645 5416 id
1673 5372 1745 5417 est
1767 5366 1964 5419 divinus
1994 5382 2178 5419 sermo.

619 5502 656 5555 Α
688 5429 708 5468 ί
751 5431 933 5555 llnltns.
970 5429 1077 5488 uno
1107 5433 1389 5501 corrigitur
1413 5449 1511 5485 non
1542 5435 1771 5503 expedit,
1806 5435 1954 5503 juxta
1982 5444 2177 5490 textum

664 5514 758 5555 nos
784 5519 814 5553 ο
842 5522 876 5555 ι.

664 5504 851 5568 postoli
863 5543 876 5557 .

684 5578 710 5641 β
748 5570 848 5641 Ms.
882 5574 1027 5628 (3011).
1062 5587 1195 5626 unus
1214 5613 1228 5636 ,
1254 5573 1427 5641 lupus,
1455 5572 1507 5624 id
1527 5582 1597 5627 est
1623 5573 1872 5628 diabolus.

684 5635 710 5673 ἰ
746 5639 845 5692 Ms.
872 5656 1003 5693 uuiis
1024 5643 1169 5696 addit
1189 5635 1368 5695 sancti.

689 5705 706 5779 ἕ
750 5707 873 5779 Mss.
897 5711 1045 5766 Coifi.
1069 5714 1195 5779 duo,
1224 5713 1491 5766 curiosius.

688 5777 702 5829 i
750 5777 844 5831 Ms.
868 5779 1016 5833 Coll).
1043 5777 1197 5842 unus,
1229 5800 1380 5849 quare
1410 5799 1508 5835 non
1545 5783 1611 5835 ad
1654 5798 1823 5839 omnes
1862 5783 1969 5838 haec
2004 5798 2174 5837 eorum

2313 1916 2453 1969 inani
2486 1913 2816 1981 professione
2853 1914 2974 1967 vita:
3019 1913 3257 1968 melioris
3285 1913 3644 1980 abscondunt,
3678 1929 3743 1968 ac
3770 1917 3887 1970 reli-

2309 2006 2482 2077 gionis
2503 2006 2831 2076 imaginariae
2859 2008 3071 2060 nomine
3096 2006 3317 2075 palliati,
3347 2006 3649 2076 opinionem
3678 2008 3887 2061 virtutis

2311 2112 2408 2166 pro
2427 2099 2617 2154 virtute
2632 2100 2929 2169 suscipiunt
2949 2117 2961 2153 :
2987 2100 3277 2170 praedicant
3294 2116 3506 2171 magna,
3531 2117 3631 2157 nec
3656 2103 3885 2166 faciunt;

2309 2198 2557 2244 accusant
2584 2190 2743 2256 vitia,
2776 2204 2876 2246 nec
2904 2190 3205 2257 deponunt;
3238 2192 3447 2262 publice
3475 2194 3576 2248 sibi
3606 2194 3889 2264 displicere

2308 2282 2592 2348 simulant,
2634 2282 2776 2351 quod
2806 2283 3013 2339 occulte
3041 2285 3415 2349 committunt;
3468 2288 3637 2354 magni
3669 2287 3889 2342 Student

2305 2374 2502 2440 videri,
2531 2390 2635 2428 non
2666 2376 2809 2441 fieri;
2841 2374 2865 2413 ιε
2894 2376 3114 2431 laudant
3140 2392 3234 2433 eos
3258 2392 3482 2447 quorum
3508 2378 3727 2448 cupiunt
3746 2393 3889 2449 prte-

2309 2465 2575 2521 dicatione
2623 2467 2871 2533 laudari;
2922 2468 3162 2537 jejunant
3203 2478 3259 2523 ut
3300 2471 3473 2525 vultus
3511 2471 3590 2524 sui
3628 2470 3883 2540 pallorem

2312 2557 2624 2625 perniciosis
2673 2558 2918 2613 laudibus
2962 2560 3211 2616 vendant.
3284 2560 3365 2615 Ad
3420 2562 3887 2633 reprehendendos

2309 2649 2442 2703 alios
2484 2651 2753 2717 prompti,
2798 2665 2857 2705 se
2908 2666 3012 2705 non
3062 2653 3333 2720 patiuntur
3375 2668 3405 2707 a
3450 2654 3775 2721 quibuslibet
3804 2657 3883 2711 vel

2320 2738 2333 2776 ι
2370 2739 2558 2795 leviter
2585 2742 2926 2811 reprehendi.
2955 2743 3035 2796 Ad
3064 2742 3253 2797 faciem
3286 2743 3550 2812 publicam
3578 2746 3882 2813 patientiam

2311 2830 2541 2906 fingunt,
2571 2833 2704 2892 etin
2736 2833 2913 2890 animo
2940 2834 3227 2893 iracundiae
3264 2835 3408 2894 virus
3434 2836 3790 2906 abscondunt,
3819 2818 3882 2894 ad

2311 2928 2608 2982 nocendum
2644 2932 2846 2997 parati,
2878 2943 2997 2985 cum
3029 2931 3253 2985 nocendi
3295 2939 3504 2999 tempus
3538 2932 3837 2987 invenerint
3866 2950 3879 2986 :

2309 3030 2527 3071 suorum
2576 3027 2786 3074 actuum
2840 3020 3205 3090 negligentes,
3252 3021 3385 3077 ﬁunt
3419 3022 3641 3077 aliorum
3676 3024 3877 3093 procaci

2312 3106 2555 3164 libertate
2582 3125 2855 3167 censores.
2886 3110 3228 3179 lmpudenter
3256 3125 3314 3166 se
3341 3122 3562 3167 assuunt
3589 3114 3877 3183 virginibus

2307 3207 2474 3260 sacris
2501 3220 2562 3260 ac
2591 3206 2784 3273 viduis,
2812 3205 3003 3276 quibus
3032 3214 3179 3260 tanto
3204 3207 3645 3276 minglutinantur
3669 3208 3875 3271 affectu,

2306 3306 2363 3353 ut
2392 3297 2597 3353 facilius
2623 3298 2690 3352 ab
2717 3297 2971 3353 Ecclesia:
3010 3296 3173 3367 (quod
3199 3297 3340 3352 dictu
3364 3312 3575 3369 quoque
3602 3298 3755 3354 nefas
3780 3300 3877 3369 est)

2306 3403 2461 3458 quam
2485 3389 2553 3443 ab
2574 3403 2756 3443 earum
2783 3389 3159 3443 communione
3187 3388 3480 3444 discedant.
3513 3389 3612 3456 Qui
3642 3392 3740 3445 etsi
3763 3405 3876 3445 cum

2306 3479 2410 3533 illis
2438 3479 2573 3535 forte
2600 3494 2703 3535 non
2726 3487 2755 3515 ιι
2784 3488 3037 3548 peccant,
3075 3490 3254 3536 tamen
3284 3482 3435 3535 malae
3466 3482 3792 3551 suspicionis
3815 3482 3878 3537 de

2305 3584 2364 3626 se
2393 3571 2677 3640 praebendo
2704 3572 2999 3639 materiam,
3028 3571 3190 3627 vitam
3222 3586 3370 3627 suam
3400 3573 3624 3628 maculis
3653 3574 3877 3629 sinistras

2305 3662 2567 3731 opinionis
2597 3661 2869 3716 infamant.

2376 3753 2429 3807 5.
2468 3752 2643 3809 Taceo
2671 3752 2739 3806 de
2765 3752 2870 3807 illis
2896 3753 3005 3822 qui,
3034 3740 3268 3808 undante
3299 3763 3323 3790 ο
3354 3754 3667 3823 iapsabundi
3691 3771 3875 3827 corpo-

2305 3844 2380 3898 ris
2409 3851 2575 3909 motu,
2608 3843 2964 3899 defluentibus
2996 3846 3048 3899 in
3082 3846 3216 3900 talos
3243 3847 3572 3900 veSIimentis
3603 3848 3875 3914 incedunt,

2304 3942 2359 3989 et
2383 3934 2531 4003 vagis
2565 3934 2787 3990 laterum
2835 3934 3061 3990 ﬂexibus
3102 3935 3493 4005 quodammodo
3540 3937 3874 4006 fluctuantes,

2305 4027 2601 4081 animorum
2632 4027 3034 4082 dissolutionem
3065 4027 3302 4096 vestigiis
3340 4028 3552 4083 sinuosa
3582 4029 3874 4084 mobilitate

2304 4118 2613 4172 nutantibus
2634 4117 2881 4187 produnt.
2904 4117 3023 4173 lilos
3050 4119 3167 4187 quis
3199 4118 3332 4173 ferat
3357 4119 3466 4188 qui,
3497 4129 3524 4167 Ρ
3549 4119 3870 4174 adumbrata:

2303 4208 2697 4280 praetendentes
2730 4208 3021 4265 honestatis
3063 4209 3374 4277 imaginem,
3416 4208 3481 4263 ad
3525 4209 3627 4264 hoc
3656 4211 3872 4281 pupillo.

2302 4317 2416 4358 rem
2451 4316 2513 4357 ac
2540 4302 2815 4357 viduarum
2845 4316 3055 4371 causas,
3079 4301 3221 4356 velut
3247 4302 3469 4356 tuendas
3495 4301 3739 4356 simulata
3768 4304 3871 4372 pie-

2305 4403 2413 4450 tate
2439 4394 2757 4463 suscipiunt,
2786 4402 2843 4448 ut
2869 4408 3049 4449 earum
3083 4393 3361 4448 facultates
3389 4394 3499 4447 suis
3528 4392 3799 4463 adiiciant,
3821 4402 3871 4449 et

2302 4488 2495 4545 divites
2523 4502 2585 4543 ex
2617 4486 2933 4558 pauperibus
2963 4486 3107 4552 facti,
3137 4486 3218 4542 vel
3251 4501 3316 4541 ex
3344 4485 3603 4541 divitibus
3632 4486 3866 4551 ditiores,

2301 4588 2510 4636 tenuem
2539 4592 2756 4634 censum
2784 4587 2812 4626 ιι
2838 4592 2929 4647 per
2948 4577 3098 4633 nefas
3123 4578 3456 4632 accumulent
3487 4596 3499 4630 :
3530 4587 3587 4632 ut
3614 4592 3735 4632 cum
3763 4577 3868 4633 fue-

2300 4676 2409 4730 rint
2470 4672 2772 4728 exundante
2828 4670 3145 4739 patrimonio
3204 4670 3629 4740 sumptuosiores
3681 4670 3867 4733 effecti,

2300 4779 2567 4835 nunquam
2593 4773 2615 4800 τ
2638 4762 2856 4817 materia
2880 4762 3166 4830 voluptatis
3193 4762 3328 4832 gula:
3350 4776 3460 4817 sua:
3490 4762 3738 4817 deficiat?
3766 4762 3868 4816 flos

2299 4860 2460 4930 igitur
2485 4856 2616 4911 tales
2640 4868 2802 4924 quare
2833 4870 2935 4908 non
2966 4863 3211 4924 arguunt,
3240 4855 3326 4924 qui
3358 4855 3612 4924 arguendi
3641 4863 3857 4925 potesta~

2295 5014 2538 5070 correctio
2564 5012 2859 5082 porrigitur.

2366 5085 2389 5122 ¹ί
2429 5084 2526 5138 Ms.
2554 5097 2706 5147 unus,
2731 5082 3016 5136 laudantes.

2366 5154 2381 5192 ¹
2426 5154 2567 5209 Edit.
2594 5153 2783 5221 Lugd.,
2810 5154 3005 5206 leniter.

2359 5235 2396 5263 πυ
2441 5225 2562 5279 Mss.
2591 5231 2838 5291 quatuor,
2860 5223 3259 5293 agglutinantur.

2357 5304 2383 5330 η
2419 5296 2547 5350 Mss.
2584 5304 2691 5348 tres
2717 5333 2731 5354 ,
2764 5309 2866 5347 non
2896 5304 3119 5363 pereant.

2360 5374 2383 5399 °
2428 5366 2553 5420 Mss.
2583 5373 2827 5435 quatuor,
2853 5365 3166 5417 lassabundi.

2359 5445 2384 5483 Ρ
2427 5436 2518 5490 Hae
2556 5444 2785 5505 quatuor
2811 5448 2966 5505 voces
2987 5475 3000 5498 ,
3041 5435 3356 5505 adumbratae
3380 5436 3741 5505 prmtendenles
3764 5436 3863 5491 lio-

2286 5511 2493 5560 nestatis
2522 5504 2810 5574 imaginem,
2833 5504 3023 5558 absunt
3048 5519 3077 5557 a
3107 5519 3208 5559 ms.
3230 5504 3665 5561 Camberonensi.

2356 5586 2383 5625 (ι
2422 5576 2549 5631 Mss.
2570 5583 2815 5643 quatuor,
2840 5574 2969 5643 proli
2997 5575 3171 5645 nefas!

2282 5650 2285 5659 '
2311 5717 2314 5718 ν
2356 5656 2377 5718 Υ
2420 5645 2544 5718 Mss_.
2569 5645 2731 5718 Colb._
2748 5659 2903 5707 unus,
2942 5646 3169 5718 materia:
3192 5646 3459 5718 voluptatis
3486 5648 3620 5718 901ιο
3648 5666 3739 5701 sua
3769 5650 3869 5702 de-

2283 5716 2473 5855 ﬁciant.
2506 5714 2656 5769 Colb.
2688 5715 2850 5781 alter,
2886 5716 3097 5771 materia
3122 5714 3365 5786 voluptati
3391 5734 3451 5771 ac
3478 5714 3612 5790 gula?
3641 5735 3746 5773 sum
3774 5721 3869 5777 de-

2324 5795 2442 5841 crat.

2324 5788 2420 5841 cial
2431 5824 2442 5838 .
