4124 6350
225 388 325 444 H9

1226 390 1313 443 DE
1358 390 1512 443 VITA
1552 387 2124 448 CONTEMPIATIVA
2168 392 2295 446 LIB.
2342 394 2400 449 ΙΙ.

3382 394 3490 452 450

224 506 325 552 tcm
355 494 608 550 divinitus
638 497 1001 566 acceperunt?
1042 505 1067 534 ⁸
1106 496 1221 561 Non
1252 507 1535 564 verentur,
1570 513 1635 551 ne
1663 500 1801 556 forte
1828 509 1880 566 Α
1908 502 2307 571 perpetrabunt,
2344 504 2395 559 in
2439 514 2641 561 tantam
2671 506 2943 562 vesaniam
2960 506 3273 576 reparandae
3300 507 3483 566 salutis

222 602 336 643 cum
389 595 496 640 tam
547 586 805 657 flagitiose
849 587 1152 643 viventibus
1204 598 1463 657 parcunt,
1523 588 1803 643 videantur

220 680 447 749 probare
466 694 585 748 qua:
606 678 838 734 faciunt?
861 678 995 747 Quid
1017 679 1157 750 quod
1182 694 1276 735 eos
1296 680 1453 735 etiam
1476 679 1542 734 ad
1567 679 1799 735 officium

218 771 497 826 clericatus
526 770 901 837 adutittunt,et
922 773 1077 841 (proh
1107 770 1310 842 nefas!)
1340 772 1490 841 quasi
1517 786 1702 840 parum
1733 773 1803 826 sit

217 863 357 933 quod
394 864 526 919 tales
554 864 888 919 dissimulata
928 867 1215 922 severitate
1257 880 1361 920 non
1394 866 1691 936 increpant,
1723 868 1803 921 in-

216 972 377 1028 super
414 966 470 1013 et
498 956 801 1013 honorant?

851 1049 1076 1106 CAPUT
1119 1051 1179 1103 ν.

212 1138 502 1196 Responsw
551 1156 563 1191 :
612 1139 707 1193 Ubi
746 1140 1023 1193 ostenditur
1062 1140 1239 1209 quibus
1283 1140 1594 1210 exigentibus
1634 1142 1800 1196 causis

386 1278 389 1281 _
422 1211 765 1279 quorumdam
793 1211 1063 1278 inﬁrmitas
1103 1211 1283 1265 blande
1315 1221 1579 1264 tractetur.

284 1327 337 1380 1.
384 1326 496 1395 Ego
526 1340 653 1381 vero
681 1341 696 1379 :
726 1326 785 1382 Si
820 1326 1036 1395 recolis,
1067 1328 1304 1397 inquam,
1335 1326 1460 1395 quid
1498 1326 1566 1381 de
1602 1328 1800 1382 sanctis

204 1417 577 1472 sacerdotibus
622 1416 783 1473 fuerit
826 1417 1190 1487 disputatum,
1229 1417 1501 1473 sufficiens
1544 1417 1800 1489 accepisti

202 1531 546 1586 responsum.
590 1516 847 1571 Ecclesiae
877 1516 1074 1586 quippe
1107 1514 1438 1579 doctoribus,
1470 1515 1611 1569 sicut
1638 1529 1799 1585 supra

198 1606 311 1674 jam
341 1608 598 1673 diximus,
620 1617 675 1663 et
703 1622 931 1663 censura
956 1608 1134 1662 inesse
1159 1606 1342 1671 debet,
1369 1615 1427 1660 ut
1451 1614 1713 1676 arguant;
1746 1614 1802 1660 et

198 1702 467 1767 patientia
493 1740 508 1765 ,
542 1710 599 1754 ut
627 1700 903 1755 emendari
944 1700 1189 1755 nolentes
1217 1698 1422 1753 fortiter
1451 1697 1647 1762 ferant,
1675 1711 1802 1765 apo-

195 1790 395 1845 stolico
420 1789 809 1845 satisfacientes
839 1790 1088 1857 imperio,
1118 1788 1206 1857 qui
1233 1788 1516 1842 Timotheo
1540 1784 1569 1824 b
1594 1800 1799 1855 praece-

1906 594 2278 664 desperatione
2301 597 2554 668 prolapsi,
2592 598 2611 637 ί
2643 610 2701 653 ιιι
2727 601 2867 656 seria
2898 600 3061 656 verba
3083 601 3481 672 corripientium

1908 688 1959 741 in
1984 687 2136 757 jocos
2158 688 2464 746 exitiabiles
2496 691 2789 761 impudenti
2812 692 3115 750 urbanitate
3148 703 3481 762 convertant,

1907 789 1932 827 δ
1955 794 2017 834 ac
2043 783 2182 835 male
2208 768 2421 837 dicaces
2448 783 2501 837 in
2530 797 2590 839 se
2626 798 2690 839 ex
2739 784 2851 853 ipsa
2876 784 3167 853 jactatione
3196 784 3483 854 turpitudi-

1906 874 1987 928 nis
2026 889 2160 939 sum,
2208 874 2433 943 turpiter
2461 876 2756 932 viventium
2787 878 3077 934 malevolas
3104 878 3315 935 ltetitias
3363 892 3481 948 pas-

1820 973 1834 987 '
1903 977 2046 1020 cant.
2092 966 2118 1002 ιι
2164 966 2388 1037 Pr0pter
2437 968 2539 1023 hoc
2574 984 2723 1039 ergo,
2776 969 2968 1024 blanda
2996 971 3193 1040 pietate
3240 960 3483 1040 portandi

1902 1069 2045 1125 sunt,
2073 1057 2161 1127 qui
2189 1058 2452 1127 increpari
2483 1074 2579 1128 pro
2603 1074 2700 1114 sua
2729 1058 3041 1116 infirmitate
3082 1074 3187 1115 non
3237 1072 3481 1129 possunt,

1904 1150 1969 1205 Et
1992 1165 2199 1218 revera,
2250 1150 2297 1205 si
2338 1152 2578 1221 peccauti
2608 1152 2879 1208 salubrem
2911 1152 3193 1221 pudorem,
3230 1151 3355 1207 dum
3385 1166 3481 1223 pro

1903 1256 1970 1297 eo
2004 1242 2300 1306 erubescis,
2352 1242 2601 1309 incutias,
2654 1258 2718 1299 ac
2771 1243 3150 1299 verecundiam
3195 1257 3353 1313 quam
3385 1258 3481 1313 pro

1902 1334 2133 1404 peccatis
2162 1334 2278 1403 ejus
2299 1335 2548 1400 assumis,
2573 1335 2625 1389 in
2647 1350 2770 1390 eum
2814 1336 2896 1405 pia
2927 1334 3091 1390 animi
3112 1334 3481 1404 compassione

1902 1424 2279 1491 transfundas;
2305 1425 2461 1481 facile
2492 1426 2547 1479 in
2575 1425 2671 1480 illo
2701 1424 2717 1462 ί
2754 1425 3001 1496 reprimis
3023 1439 3235 1481 omnem
3258 1438 3480 1494 peccan-

1901 1516 1954 1572 di
1978 1517 2271 1585 licentiam,
2288 1527 2446 1589 atque
2471 1518 2521 1573 ei
2542 1526 2705 1573 totam
2730 1517 3112 1588 impudentiam
3126 1517 3297 1572 demis
3314 1516 3479 1572 licen-

1902 1610 2051 1665 tiosae
2082 1610 2427 1679 turpitudinis
2458 1610 2821 1665 hortatricem.
2847 1609 2997 1665 Tunc
3019 1624 3198 1665 mores
3228 1611 3345 1680 ejus
3392 1625 3480 1664 ve~

1905 1701 2162 1755 recundia
2212 1712 2393 1758 custos
2450 1702 2771 1772 integritatis
2810 1702 3043 1769 ornabit,
3098 1711 3156 1757 ut
3181 1704 3231 1757 ei
3272 1704 3481 1773 placeat

1904 1793 2044 1863 quod
2098 1802 2221 1847 ante
2262 1793 2535 1859 sordebat,
2588 1793 2838 1862 quandoi
2872 1792 3123 1848 sordidus
3168 1804 3313 1859 erat;
3345 1791 3369 1830 ι
3429 1802 3482 1849 et

194 1877 304 1945 pit,
337 1879 523 1933 dicens
558 1896 571 1929 :
602 1878 792 1949 Argue,
820 1878 1045 1942 obsecra,
1073 1878 1278 1946 increpa
1308 1876 1361 1929 in
1391 1877 1528 1929 omni
1550 1874 1797 1945 patientia
1823 1880 1873 1941 Β
1901 1882 2115 1937 sordeat
2142 1883 2283 1953 quod
2314 1893 2438 1939 ante
2467 1883 2732 1953 placebat,
2764 1883 2976 1953 quando
3022 1886 3137 1952 ipse
3168 1882 3324 1937 bonis
3362 1898 3480 1938 om.

193 1978 245 2022 et
270 1969 504 2023 doctrina
527 1967 581 2038 (ι
613 1967 744 2022 Tim.
774 1983 847 2035 tv,
877 1967 955 2039 2).
989 1968 1151 2035 Quasi
1177 1966 1379 2022 diceret
1412 1984 1424 2019 :
1453 1966 1631 2036 Argue
1660 1980 1798 2020 coas-

189 2060 411 2126 quales,
444 2059 666 2114 obsecra
695 2059 958 2123 seniores,
991 2059 1206 2126 increpa
1234 2057 1501 2127 juniores.
1536 2056 1643 2113 Sed
1671 2072 1797 2127 pro-

187 2161 386 2220 pterea
428 2151 633 2205 addidit
666 2168 679 2204 :
714 2150 782 2205 In
815 2152 954 2204 omni
988 2152 1236 2218 patientia
1270 2162 1317 2204 et
1348 2150 1579 2203 doctrina
1615 2165 1634 2203 :
1670 2151 1792 2218 quia

187 2242 395 2296 leniter
438 2243 727 2311 castigatus
774 2240 1000 2296 exhibet
1060 2238 1417 2294 reverentiam
1466 2239 1786 2308 castiganti;

187 2327 493 2403 asperitate
535 2344 713 2387 autem
764 2332 943 2387 nimia:
981 2332 1364 2401 increpationis
1408 2332 1645 2387 offensus
1690 2346 1791 2387 nec

185 2424 619 2494 increpationem
650 2424 879 2493 recipit,
924 2438 1023 2479 nec
1051 2423 1298 2478 salutem.
1351 2423 1483 2478 item
1524 2423 1628 2477 alio
1672 2423 1791 2477 loco

186 2518 341 2573 idem
369 2518 642 2587 apostolus
668 2517 800 2572 dicit
830 2536 842 2571 :
886 2517 983 2571 Vos
1016 2519 1106 2587 qui
1135 2517 1387 2586 ﬁrmiores
1408 2517 1546 2582 estis,
1568 2516 1792 2570 imbecil-

185 2611 365 2665 litates
391 2620 413 2648 ε
436 2608 780 2677 in/irntiorum
808 2610 1049 2663 sustinete
1088 2607 1263 2677 (Rom.
1292 2623 1381 2675 xv,
1407 2604 1483 2677 l).
1515 2608 1791 2662 Sustinent

186 2714 326 2771 ergo
372 2700 743 2769 aequanimiter
771 2707 829 2753 ut
858 2692 1099 2753 infirmos
1124 2740 1138 2765 ,
1187 2712 1323 2769 quos
1364 2698 1651 2753 emendare
1682 2712 1789 2752 non

183 2792 471 2861 p0tuerint
518 2791 827 2859 castigatos.
880 2789 1110 2844 Proinde
1156 2792 1280 2860 quia
1327 2804 1424 2846 nec
1460 2785 1486 2825 ἀ
1518 2788 1787 2858 objurgari

185 2898 387 2940 omnes
423 2884 671 2954 expedit,
717 2898 817 2939 nec
858 2898 1045 2939 omnes
1074 2884 1267 2938 blande
1298 2884 1515 2941 tractari
1548 2900 1563 2949 ;
1614 2884 1790 2939 sciunt

183 2979 369 3034 sancti
416 2978 722 3033 sacerdotes
768 2985 926 3047 atque
981 2977 1329 3045 discernunt,
1378 2993 1512 3053 quos
1557 2978 1788 3033 debeant

185 3079 495 3140 temperata
532 3070 820 3125 severitate
872 3072 1145 3139 corripere
1166 3113 1179 3135 ,
1223 3080 1277 3125 et
1306 3085 1440 3140 quos
1468 3071 1787 3128 sacerdotali

183 3162 637 3233 magnanimitate
659 3170 908 3232 portare;
939 3171 993 3217 et
1013 3161 1133 3217 ideo
1153 3162 1394 3217 omnium
1416 3178 1551 3234 quos
1577 3179 1669 3234 per
1691 3165 1786 3219 Dei

1903 1975 2057 2029 nibus
2097 1974 2433 2045 displicebat.
2482 1975 2711 2031 Sanctos
2737 1976 2881 2031 viros
2908 1974 3139 2030 amando
3168 1974 3480 2040 sectabitur,

1898 2078 1954 2121 et
2009 2068 2267 2122 seclando
2321 2073 2369 2121 in
2401 2083 2585 2123 eorum
2616 2068 3017 2123 similitudinem
3048 2067 3303 2138 paulatim
3358 2068 3482 2124 vitas

1897 2159 2095 2227 prioris
2124 2160 2502 2215 emendatione
2538 2160 2871 2228 formabitur,
2904 2170 2961 2214 ut
2986 2160 3035 2215 ei
3062 2175 3221 2231 quam
3250 2160 3481 2216 laborio-

1893 2264 2009 2304 sum
2040 2250 2138 2304 fuit
2166 2251 2220 2305 in
2253 2250 2638 2307 sublimitatem
2665 2250 2876 2307 virtutis
2895 2251 3152 2317 evadere,
3171 2262 3279 2307 tam
3300 2252 3479 2309 defor-

1894 2356 1982 2395 me
2003 2341 2075 2395 sit
2104 2342 2156 2395 in
2189 2342 2316 2396 vitia
2346 2355 2530 2397 rursus
2561 2342 2755 2412 quibus
2781 2356 2841 2399 se
2860 2343 3055 2413 gaudet
3079 2345 3338 2411 caruisse,
3380 2344 3476 2401 de-

1893 2432 2172 2490 scendere.
2207 2434 2339 2501 Quia
2368 2434 2505 2490 sicut
2549 2436 2717 2491 virtus
2765 2450 2994 2492 onerosa
3041 2446 3124 2493 est
3149 2437 3364 2503 vitioso,
3405 2437 3477 2493 ita

1893 2523 2108 2579 virtutis
2157 2524 2331 2580 amico
2370 2523 2383 2561 ι
2421 2524 2611 2580 vitiosa
2665 2527 2911 2596 voluptas
2951 2540 3131 2580 amara
3188 2535 3290 2582 est.
3342 2527 3478 2584 Ecce

1893 2610 2162 2687 quomodo
2192 2626 2477 2687 peccantes
2497 2632 2685 2673 omnes
2712 2617 2909 2673 blande
2940 2626 3133 2672 tractat
3172 2627 3264 2673 aut
3305 2618 3477 2674 incre-

1894 2721 2003 2778 pat,
2044 2712 2133 2779 qui
2163 2708 2295 2764 nihil
2340 2710 2483 2765 aliud
2529 2710 2632 2766 nisi
2664 2725 2850 2766 eorum
2880 2709 3110 2767 salutem
3136 2710 3329 2781 quibus
3364 2712 3478 2768 vult

1892 2802 2165 2871 prodesse,
2198 2802 2523 2858 considerat.

2505 2892 2734 2949 CAPUT
2784 2893 2869 2949 Vl.

1894 2986 2044 3052 Quod
2063 2986 2143 3039 illi
2164 2995 2370 3058 peccata
2390 2986 2559 3041 aliena
2583 2986 2910 3057 impatienter
2942 2995 3220 3058 accusant,
3252 2986 3337 3058 qui
3383 3003 3477 3042 sua

2498 3074 2600 3111 non
2619 3060 2867 3129 cogitant.

1961 3170 2169 3225 Tandiu
2193 3181 2231 3208 ιιι
2256 3172 2403 3228 enim
2431 3173 2552 3242 quis
2592 3180 2812 3242 peccata
2841 3187 2958 3239 sua,
3009 3188 3130 3245 quae
3178 3188 3358 3238 nosse,
3386 3185 3476 3232 aut

185 3258 426 3327 gratiam
459 3266 681 3323 curant,
722 3272 827 3311 non
869 3258 1163 3320 voluntati,
1202 3256 1296 3311 sed
1338 3258 1549 3312 utilitati
1583 3260 1787 3327 prospi-
1816 3258 1863 3322 C
1893 3263 2092 3319 deflere
2121 3264 2301 3329 debet,
2351 3264 2593 3333 ignorat;
2636 3264 2871 3334 quandiu
2910 3265 3123 3321 curiose
3147 3266 3321 3321 aliena
3345 3280 3477 3321 con-

186 3348 363 3404 ciunt.
392 3347 633 3418 Denique
663 3346 758 3421 [al.
786 3346 1009 3419 Deinde]
1036 3348 1169 3402 alios
1200 3348 1451 3403 honorari
1476 3348 1788 3405 deformiter

186 3448 523 3513 ambientes,
556 3447 750 3517 quibus
778 3462 883 3501 non
914 3444 1165 3515 expedire
1195 3455 1497 3511 noverunt,
1524 3460 1628 3500 non
1659 3446 1789 3501 vitio

186 3542 422 3611 alicujus
448 3540 682 3607 invidias,
712 3541 807 3595 sed
838 3541 959 3595 alta:
986 3539 1286 3609 prudentiae
1314 3538 1539 3593 consilio
1571 3548 1789 3608 prietero

188 3637 456 3699 mittunt,
488 3641 543 3688 et
572 3634 705 3687 alios
743 3633 909 3689 latere
954 3632 1231 3703 cupientes
1263 3632 1526 3685 honorant
1549 3672 1563 3697 ,
1617 3639 1675 3685 ut
1712 3630 1790 3686 eis

188 3726 397 3781 aditum
446 3724 515 3779 ad
559 3724 789 3794 majores
844 3724 1118 3794 profectus
1166 3724 1430 3794 aperiant.
1466 3733 1488 3760 ο
1522 3724 1628 3778 Eos
1655 3739 1791 3795 quos

188 3818 431 3887 probant
460 3815 879 3886 increpationem
906 3832 1064 3886 posse
1099 3818 1207 3885 pati
1234 3818 1517 3887 castigant,
1541 3826 1594 3872 et
1622 3818 1791 3887 impa-

192 3911 396 3964 tientes
444 3907 827 3977 objurgationis
858 3917 915 3962 ut
954 3908 1232 3977 languidos
1263 3893 1516 3977 palpant;
1574 3923 1678 3963 non
1710 3910 1789 3964 eis

191 3999 501 4065 adulando,
529 4000 669 4068 quod
699 4000 833 4055 tales
860 4009 1016 4063 sunt,
1048 4000 1144 4055 sed
1175 4000 1573 4055 infirmitatibus
1604 4001 1788 4055 talium

192 4090 604 4162 wmpatiendo,
635 4092 679 4146 si
705 4092 845 4148 forte
868 4093 1025 4147 aliter
1054 4094 1233 4147 sanari
1265 4109 1369 4147 non
1400 4101 1646 4164 possunt.

263 4187 323 4241 2.
351 4186 621 4241 Cteterum
650 4186 696 4240 si
728 4187 984 4242 Ecclesia:
1012 4188 1395 4242 communione
1423 4188 1793 4256 priventurin-

192 4280 362 4346 firmi,
392 4279 485 4349 qui
518 4280 695 4334 curari
724 4279 962 4334 adhibita
995 4279 1361 4349 increpatione
1398 4294 1504 4334 non
1545 4289 1787 4350 possunt,

192 4381 289 4426 aut
317 4370 674 4426 intolerabilis
701 4371 841 4427 mole
872 4371 1105 4425 tristitiae
1134 4386 1295 4440 supra
1328 4371 1543 4426 modum
1585 4369 1793 4440 gravati

194 4464 583 4530 succumbunt,
617 4473 671 4519 et
698 4474 1005 4519 sanctorum
1031 4466 1268 4533 omnium
1291 4464 1488 4530 vultus,
1521 4479 1616 4534 per
1659 4477 1795 4533 quos

190 4567 424 4625 possent
452 4556 663 4612 restitui
693 4556 825 4621 Deo,
866 4555 1163 4626 refugiunt;
1193 4565 1285 4609 aut
1310 4566 1458 4611 certe
1485 4555 1551 4609 ad
1578 4570 1792 4609 omnem

1891 3355 2113 3410 siderat.
2145 3364 2171 3390 η
2203 3354 2357 3421 Quod
2382 3356 2425 3409 si
2454 3368 2633 3410 mores
2662 3369 2791 3410 suos
2831 3355 2898 3410 ad
2928 3356 3161 3426 seipsum
3190 3371 3478 3413 conversus

1891 3446 2137 3514 aspiciat,
2171 3460 2278 3501 non
2304 3446 2703 3516 requiretquod
2734 3446 2787 3501 in
2816 3446 2937 3501 aliis
2962 3447 3265 3516 specialiter
3294 3463 3478 3517 reprc-

1894 3538 2115 3607 hendat,
2135 3538 2227 3594 sed
2243 3538 2295 3593 in
2315 3540 2492 3606 seipso
2511 3538 2654 3608 quod
2670 3538 2867 3607 lugeat.
2885 3538 3113 3593 Proinde
3139 3538 3360 3594 fratrum
3388 3555 3478 3594 no-

1892 3640 2123 3689 strorum
2136 3631 2261 3687 vitia
2276 3647 2380 3687 non
2395 3630 2547 3685 facile
2562 3630 2819 3686 debemus
2832 3644 3108 3696 accusare,
3127 3629 3220 3686 sed
3233 3644 3479 3701 gemere:

1896 3737 1955 3782 ut
1982 3728 2212 3784 invicem
2265 3742 2430 3783 onera
2480 3735 2658 3781 nostra
2718 3736 3020 3797 portantes,
3063 3726 3235 3797 legem
3282 3726 3479 3793 Christi

1900 3824 2170 3894 possimus
2200 3822 2426 3893 implere
2457 3821 2601 3892 (Gal.
2630 3836 2702 3887 vt,
2722 3821 2814 3890 ‘2);
2840 3822 2929 3891 qui
2966 3822 3150 3892 utique
3181 3837 3287 3877 non
3321 3836 3481 3877 accu-

1893 3916 2033 3969 savit
2061 3925 2277 3985 peccata
2307 3923 2517 3989 nostra,
2548 3912 2644 3969 sed
2685 3913 2825 3981 tulit,
2851 3914 3193 3985 Evangelista
3222 3914 3431 3969 dicente
3464 3932 3477 3967 :

1896 4006 2031 4059 Ecce
2052 4007 2227 4076 Agnus
2247 4006 2361 4071 Dei,
2385 4022 2499 4060 ecce
2522 4008 2610 4076 qui
2637 4006 2769 4061 tollit
2794 4015 3000 4076 peccata
3026 4008 3207 4060 mundi
3232 4006 3416 4077 (Joan.
3444 4024 3482 4071 I,

1892 4098 2009 4166 29).
2042 4098 2227 4167 Itaque
2256 4097 2300 4151 si
2334 4097 2425 4151 ille
2445 4096 2536 4165 qui
2560 4098 2678 4150 sine
2699 4096 2810 4150 ullo
2833 4106 3053 4165 peccato
3083 4096 3202 4163 fuit,
3228 4110 3329 4150 nos
3357 4112 3483 4164 ρεστ

1895 4198 2106 4243 catores
2160 4187 2416 4243 ineffabili
2457 4188 2655 4257 pietate
2694 4187 2967 4251 sustinuit,
2999 4197 3053 4241 et
3087 4186 3349 4241 sustinere
3378 4201 3483 4241 non

1896 4282 2112 4348 desinit,
2144 4297 2250 4338 non
2277 4278 2551 4335 interitum
2598 4288 2841 4334 nostrum
2872 4277 3207 4341 desiderans,
3243 4276 3335 4331 scd
3365 4291 3483 4345 pro-

1898 4373 2118 4442 fectum,
2140 4388 2238 4429 nec
2260 4380 2489 4429 mortem
2520 4370 2876 4441 peccantium,
2908 4370 3003 4426 sed
3032 4368 3296 4434 salutem;
3320 4383 3484 4438 quare

1899 4483 1996 4523 nos
2036 4466 2288 4537 exemplo
2330 4465 2500 4521 nostri
2529 4464 2828 4520 Salvatoris
2862 4473 2917 4517 et
2944 4461 3156 4517 Domini
3186 4476 3290 4516 non
3321 4462 3484 4516 susti-

1900 4574 2122 4615 neamus
2167 4558 2431 4624 infirmos,
2463 4572 2586 4612 cum
2612 4566 2665 4612 et
2709 4555 2811 4626 ipsi
2843 4562 2936 4609 aut
2963 4553 3163 4609 infirmi
3193 4568 3400 4618 sumus,
3432 4563 3484 4609 et

193 4646 464 4716 peccandi
495 4646 900 4715 impudentiam,
934 4646 978 4701 si
1010 4646 1211 4703 fuerint
1250 4647 1582 4713 exacerbati,
1618 4647 1795 4715 prosi-
1822 4634 1878 4697 D
1902 4650 2148 4705 volumus
2173 4665 2202 4703 a
2233 4649 2343 4705 Deo
2356 4647 2591 4719 portari;
2623 4656 2717 4703 aut
2738 4648 2784 4703 si
2813 4646 2931 4703 sani
2960 4660 3167 4711 sumus,
3197 4660 3482 4715 possumus

189 4726 468 4807 liunt,'et
513 4739 772 4811 quidquid
824 4740 949 4794 mali
999 4741 1207 4797 occulte
1257 4740 1521 4796 faciebant
1584 4740 1797 4799 oublice

273 5021 305 5089 ἦ
345 5011 448 5089 Ms:
474 5008 629 5065 Colb.
661 5022 828 5075 unus,
864 5023 955 5061 nec
985 5017 1329 5063 verentur.....
1373 5008 1658 5089 approbare
1685 5024 1797 5079 qua:

187 5084 402 5155 faciunt
416 5083 441 5135 ?

272 5152 301 5192 δ
328 5152 429 5208 Ms.
461 5165 620 5217 unus,
651 5150 818 5221 Lugd.
850 5159 902 5204 et
931 5150 1085 5217 Lov.,
1119 5151 1367 5221 prcecipit.

279 5236 302 5263 ε
336 5224 467 5278 Mss.
498 5236 613 5287 sex,
637 5222 985 5290 inﬁrmorum.

273 5293 303 5332 τι
334 5295 461 5349 Mss.
495 5293 622 5358 duo,
653 5296 1039 5365 (ξηαπ-σανα...
1064 5300 1303 5345 tractare.

279 5377 305 5402 ι’
335 5366 437 5420 Ms.
471 5379 628 5419 unus.
653 5361 723 5417 Et
750 5361 876 5432 quos
901 5363 1136 5431 probant.

282 5435 302 5473 τ
338 5437 439 5516 Ms.
473 5434 625 5516 Colb.
648 5450 802 5499 unus,
835 5450 1039 5499 severa;
1077 5435 1231 5502 alter,
1273 5450 1464 5489 serena.
1514 5434 1615 5490 Alii
1647 5436 1792 5491 codi-

186 5523 323 5573 ces,
353 5506 625 5561 salutaria.
1144 5550 1155 5560 .

281 5588 307 5625 8
339 5577 439 5633 Ms.
470 5577 683 5642 Camb.,
715 5577 949 5631 maledici
977 5578 1028 5631 in
1072 5593 1144 5631 se.
1179 5577 1277 5631 Ms.
1312 5577 1461 5632 Colb.
1491 5592 1646 5643 unus,
1681 5596 1790 5633 ma-

188 5651 397 5706 ledicas
427 5651 481 5702 in
511 5663 583 5714 se,
619 5656 724 5703 etc.
761 5650 860 5703 Ms.
886 5649 1034 5703 Colb.
1062 5648 1217 5712 alter,
1244 5658 1296 5703 ct
1326 5648 1454 5719 Reg.
1480 5648 1607 5713 duo,
1633 5652 1790 5705 malc—

186 5724 325 5777 dica
354 5721 408 5773 in
433 5736 505 5781 se,
536 5732 640 5775 ctc.
673 5720 758 5773 Sic
784 5728 837 5774 et
862 5720 989 5773 edit.
1025 5719 1191 5789 Lugd.

284 5792 309 5828 ιι
341 5791 436 5845 Ms.
467 5806 624 5856 unus,
659 5790 936 5860 Propterea
959 5806 1096 5859 ergo.

289 5861 424 5919 iMs.
466 5877 620 5929 unus,
654 5864 1033 5931 rrp:intes......
1068 5866 1252 5917 demes.

1902 4741 2075 4799 adhuc
2100 4748 2162 4797 ut
2190 4739 2403 4810 fragiles
2422 4737 2699 4829 infirmari.

1979 5014 1991 5060 ξ
2031 5010 2120 5066 Sic
2170 5022 2301 5063 mss.
2333 5019 2541 5069 omnes,
2590 5012 2646 5059 et
2691 5002 2823 5058 edit.
2865 5002 3060 5072 Lugd.,
3103 5003 3303 5059 Lovan.
3334 5019 3483 5068 vero,

1903 5082 2068 5137 Duae.
2100 5088 2156 5135 et
2177 5077 2389 5144 Colon.,
2429 5075 2638 5145 quando
2682 5074 2735 5127 in
2760 5074 2999 5129 sordibus
3019 5083 3149 5143 erat,
3180 5084 3226 5129 et
3246 5075 3485 5129 sordidus

1899 5162 2030 5207 erat.

1973 5222 1999 5259 ιι
2032 5220 2194 5288 Editi,
2228 5230 2284 5273 ut
2312 5219 2537 5273 sordeat.

1976 5291 1995 5330 ι
2026 5286 2279 5347 ΑΙίεςεὶο
2308 5289 2602 5357 legebatur,
2618 5286 2705 5340 Ita
2734 5296 2807 5341 est
2836 5302 3015 5341 amara
3034 5287 3217 5340 vitiosa
3247 5286 3505 5339 voluntas

1899 5366 2099 5419 uirtutis
2126 5362 2309 5416 amico.
2358 5356 2485 5413 Mss.
2520 5357 2625 5413 duo
2646 5358 2822 5422 Colb.,
2842 5356 3281 5421 vitiosapoluntas
3305 5370 3484 5407 amara

1898 5444 1995 5490 est.
2028 5435 2160 5502 Reg.
2190 5431 2605 5502 unus,uit_iorum
2626 5429 2888 5502 voluntas;
2911 5436 2965 5482 et
2988 5427 3055 5481 ab
3075 5426 3178 5479 alia
3202 5439 3382 5502 manu,
3413 5424 3483 5477 vi-

1902 5494 2312 5577 tiosaioovluptas.
2332 5500 2485 5556 Colb.
2517 5500 2677 5577 alter,
2704 5494 2891 5577 uitiosa
2919 5506 2991 5551 est
3021 5510 3199 5577 amara
3228 5494 3479 5577 uoluptas.

1973 5586 2012 5614 ω
2039 5576 2137 5633 Ms.
2165 5566 2320 5631 Colb.
2351 5586 2509 5639 unus,
2543 5571 2785 5639 Quandiu
2811 5571 2943 5622 enim
2978 5566 3253 5636 quis.......
3303 5566 3482 5622 tandiu

1900 5664 2120 5774 αιξῖἶέ
2151 5718 2280 5788 Reg.
2305 5731 2468 5788 unus,
2493 5714 2795 5788 adseipsum
2826 5722 3093 5762 conversus
3116 5708 3349 5788 aspiciat.
3378 5710 3475 5765 Ms.

1903 5792 2033 5862 Reg.
2062 5780 2401 5855 alter.'Quod
2429 5787 2471 5841 si
2501 5785 2568 5838 ad
2596 5785 2818 5852 seipsum
2842 5793 3107 5835 conversus
3139 5780 3375 5851 aspiciat.
