4124 6350
294 367 397 423 455

1348 355 1436 410 DE
1479 352 1631 411 νιτΑ
1674 351 2246 411 CONTEMPLATIVA
2284 351 2414 409 LIB.
2457 350 2519 407 ll.

3466 350 3574 409 454

292 475 608 545 impunitum
660 473 916 539 futurum,
948 472 1072 542 quia
1110 472 1448 527 innocentem
1481 468 1646 524 nullis
1681 483 1873 538 provo-
1900 471 1955 534 Α
1981 466 2097 538 (qui
2126 466 2365 521 volentes
2399 463 2418 504 ι
2454 479 2575 521 esse
2601 463 2802 521 Christi
2835 461 3107 543 discipuli,
3138 461 3576 520 renuntiaverunt

291 566 535 622 cantibus
591 564 800 620 meritis
862 563 1168 634 arguendo,
1229 573 1253 601 α
1301 561 1467 617 videri
1529 559 1640 616 vult
1701 578 1870 616 reum.

288 657 318 697 δ
351 657 503 726 Quod
533 666 713 712 autem
743 655 870 711 dicit
900 657 966 711 de
996 672 1062 711 eo
1089 656 1177 727 qui
1201 656 1381 726 inique
1408 654 1605 724 arguit,
1627 670 1728 708 non
1751 650 1877 719 eﬁ'u-

291 748 562 823 giet;quid
595 748 737 803 aliud
762 747 922 803 debet
949 747 1196 817 intelligi,
1222 747 1321 801 nisi
1346 747 1468 815 quia
1496 746 1627 801 iram
1657 736 1751 801 Dei
1771 761 1877 799 non

291 840 528 911 eﬁ'ugiet,
578 839 667 909 qui
697 838 929 909 aliquem
959 852 1065 892 non
1094 839 1171 892 sie
1201 837 1445 907 corripit,
1501 845 1558 890 ut
1604 835 1873 900 emendet,

291 932 382 987 sed
420 941 478 985 ut
510 945 568 986 se
598 930 897 1000 procaciter
921 929 1118 998 jactet?
1150 927 1256 983 Sed
1308 928 1372 981 de
1418 926 1879 997 contemptoribus

291 1031 681 1094 praeceptorum
732 1021 846 1087 Dei,
880 1028 934 1075 et
984 1020 1050 1075 de
1098 1019 1453 1090 correptionis
1505 1034 1566 1073 ac
1610 1019 1879 1089 patientia:

295 1116 510 1180 virtute,
540 1110 808 1169 sufﬁciant
840 1114 939 1167 ista
966 1129 1085 1182 quae
1107 1112 1340 1167 diximus
1372 1130 1383 1163 :
1411 1127 1480 1166 ne
1509 1112 1560 1165 in
1598 1126 1706 1165 uno
1735 1110 1881 1181 capi-

291 1207 402 1261 tulo
426 1208 570 1275 justo
592 1206 824 1275 amplius
848 1204 1140 1271 immorati,
1170 1212 1465 1259 autcaetera
1490 1203 1703 1258 brevius
1719 1218 1879 1273 quam

292 1312 513 1353 necesse
544 1298 613 1351 sit
639 1304 1090 1363 transeurramus,
1121 1306 1212 1352 aut
1257 1297 1607 1352 intentionem
1648 1306 1880 1351 vestram

295 1388 631 1458 longitudine
682 1389 907 1443 nimium
940 1390 1195 1459 proteiati
1234 1390 1525 1444 voluminis
1570 1404 1877 1445 oneremus.

296 1479 582 1533 Videamus
611 1481 793 1549 itaque
806 1481 933 1551 quid
951 1495 1049 1536 nos
1071 1482 1235 1537 etiam
1262 1482 1594 1537 continentia
1626 1492 1651 1521 ο
1676 1481 1884 1551 capitu-

296 1574 329 1625 ii
373 1574 646 1643 sequentis
677 1573 919 1629 edoceat.
951 1573 1168 1642 Utrum,
1197 1572 1223 1610 ά
1256 1576 1448 1645 inquit,
1490 1574 1884 1645 congregandis

293 1663 570 1733 fratribus,
612 1676 704 1721 aut
742 1668 948 1722 alendis
989 1668 1243 1737 expediat
1286 1669 1567 1723 facultates
1620 1662 1880 1723 Ecclesia:

295 1759 581 1828 possideri,
604 1774 667 1813 an
692 1757 1039 1828 perfectionis
1060 1776 1243 1815 amore
1274 1761 1561 1816 contemni.

920 1870 1147 1927 CAPUT
1186 1872 1275 1925 IX.

301 1953 454 2023 Quod
482 1961 771 2015 sacerdotes
800 1972 822 1999 °
854 1960 982 2015 nihil
1020 1964 1215 2032 praprii
1241 1962 1423 2017 habere
1455 1962 1688 2027 debeant,
1722 1972 1768 2016 et
1810 1979 1890 2017 ec-

371 2032 539 2104 clesia:
583 2032 848 2104 facultates
883 2034 1041 2104 quasi
1079 2048 1367 2104 communes
1393 2075 1407 2095 ,
1450 2049 1541 2104 pro
1568 2032 1749 2103 quibus
1785 2032 1890 2087 Deo

368 2102 615 2155 I'atitmem
642 2102 891 2155 reddituri
912 2108 1049 2167 sunt,
1085 2103 1385 2173 suscipiant.

365 2215 419 2269 1.
463 2214 699 2285 Expedit
741 2214 1020 2269 facultates
1061 2215 1301 2269 ecclesiae
1346 2214 1641 2285 possideri,
1679 2226 1731 2271 et
1762 2232 1885 2285 pro-

288 2304 437 2375 prias
485 2304 831 2374 perfectionis
878 2318 1059 2359 amore
1088 2306 1386 2359 contemni.
1438 2304 1553 2359 Non
1580 2306 1723 2361 enim
1759 2320 1883 2376 pro-

288 2398 426 2467 priae
454 2406 600 2465 sunt,
628 2398 720 2452 sed
746 2412 1057 2454 communes
1082 2398 1321 2453 ecclesia:
1352 2397 1657 2466 facultates;
1690 2409 1743 2454 et
1766 2399 1886 2454 ideo

289 2489 536 2559 quisquis
566 2489 815 2544 omnibus
859 2502 977 2557 (μιςο
1018 2489 1202 2545 habuit
1238 2490 1474 2545 dimissis
1512 2498 1601 2545 aut
1633 2490 1884 2557 venditis,

290 2579 349 2633 fit
378 2581 454 2635 rei
487 2594 597 2635 sua:
626 2588 999 2649 contemptor;
1040 2596 1161 2635 cum
1192 2583 1508 2651 prmpo‘situs
1536 2581 1692 2636 fuerit
1718 2582 1886 2637 factus

289 2672 560 2739 ecclesiae,
580 2672 819 2727 omnium
850 2688 968 2742 qum
998 2672 1156 2729 habet
1182 2674 1405 2729 ecclesia
1426 2672 1657 2727 efﬁcitur
1676 2672 1891 2743 dispen-

286 2770 459 2818 sator.
501 2762 518 2801 ³
560 2764 761 2819 Deinde
789 2770 1003 2819 sanctus
1035 2764 1291 2819 Paulinus
1324 2765 1411 2835 (ut
1440 2766 1537 2837 ipsi
1570 2766 1761 2821 melius
1787 2781 1887 2820 no-

287 2857 436 2927 stis)
485 2857 714 2926 ingentia
748 2856 944 2925 praedia
972 2898 984 2920 ,
1022 2863 1047 2901 8
1075 2871 1193 2926 quae
1242 2854 1456 2910 fuerunt
1504 2874 1596 2911 sua
1626 2904 1639 2925 ,
1674 2856 1891 2913 vendita

286 2948 615 3020 pauperibus
655 2948 933 3019 erogavit;
983 2948 1077 3003 sed
1126 2964 1246 3003 cum
1299 2959 1482 3018 postea
1534 2950 1703 3005 factus
1749 2960 1892 3006 esset

288 3042 577 3109 episcopus
602 3080 615 3103 ,
654 3052 759 3093 non
797 3039 1119 3107 contempsit
1166 3039 1407 3093 ecclesia:
1436 3038 1715 3095 facultates
1741 3082 1754 3105 ,
1794 3040 1891 3095 sed

287 3131 604 3185 ﬁdelissime
632 3130 993 3198 ldispensavit.
1046 3129 1162 3195 Quo
1200 3127 1338 3183 facto
1377 3130 1505 3185 satis
1559 3131 1792 3185 ostendit
1838 3138 1895 3185 et

1982 558 2231 612 omnibus
2267 572 2385 626 quae
2418 555 2720 626 habebant)
2760 572 2867 611 non
2897 564 2953 609 ut
2984 564 3320 625 possessores
3341 596 3357 622 ,
3392 554 3487 609 sed
3518 563 3576 611 ut

1979 659 2360 723 procuratores
2402 648 2682 704 facultates
2709 649 2948 705 ecclesiae
2984 648 3347 718 possidebant.
3396 648 3461 703 Et
3490 648 3574 702 id-

1980 744 2125 798 circo
2155 742 2384 797 scientes
2414 740 2547 795 nihil
2575 740 2721 795 aliud
2753 755 2874 796 esse
2904 756 2991 796 res
3018 740 3258 795 ecclesiae
3277 780 3291 805 ,
3325 740 3426 795 nisi
3452 746 3576 795 vota

1984 830 2235 898 ﬁdelium,
2268 832 2434 901 pretia
2467 842 2829 901 peccatorum,
2856 841 2909 887 et
2936 841 2974 867 ιη
3002 831 3322 902 patrimonia
3367 846 3569 901 paupe-

1982 940 2133 989 rum;
2182 938 2286 978 non
2322 937 2413 978 eas
2452 922 2857 977 vindicaverunt
2904 921 2955 976 in
2998 935 3125 977 usus
3166 938 3329 990 suos,
3363 932 3421 977 ut
3451 937 3574 992 pro-

1984 1019 2129 1087 prias
2155 1062 2167 1083 ,
2203 1017 2293 1071 sed
2336 1025 2394 1070 ut
2439 1015 2839 1070 commendatas
2887 1014 3211 1084 pauperibus
3257 1002 3583 1075 diviserunt.-

1984 1112 2097 1167 lloc
2124 1123 2205 1167 est
2238 1113 2379 1165 enim
2412 1108 2735 1179 possidendo
2774 1117 3119 1162 contemnere
3142 1151 3156 1173 ,
3186 1122 3291 1161 non
3320 1109 3453 1177 sibi,
3483 1109 3577 1164 sed

1984 1205 2104 1259 aliis
2137 1202 2449 1273 possidere;
2497 1217 2594 1256 nec
2634 1201 2858 1256 habendi
2894 1198 3187 1269 cupiditate
3219 1199 3460 1253 ecclesiae
3495 1199 3579 1253 fa-

1985 1298 2212 1352 cultates
2240 1295 2442 1349 ambire
2471 1336 2484 1355 ,
2527 1292 2620 1349 sed
2649 1309 2739 1349 eas
2785 1293 2982 1362 pietate
3021 1289 3374 1346 subveniendi
3404 1289 3578 1344 susci-

1989 1403 2135 1458 pere.
2188 1386 2342 1454 Quod
2389 1386 2549 1441 habet
2576 1385 2803 1439 ecclesia
2830 1428 2843 1451 ,
2885 1398 3006 1438 eum
3039 1381 3289 1436 omnibus
3319 1372 3453 1435 nihil
3486 1381 3581 1436 ha-

1989 1478 2241 1533 bentibus
2286 1477 2443 1531 habet
2484 1491 2801 1539 commune,
2844 1489 2943 1529 nec
2981 1474 3177 1543 aliquid
3224 1473 3346 1528 inde
3383 1471 3462 1528 eis
3490 1472 3580 1542 qui

1988 1571 2088 1624 sibi
2122 1570 2188 1623 de
2226 1583 2323 1622 suo
2364 1568 2637 1623 sufﬁciunt
2681 1567 2841 1621 debet
2888 1580 3150 1636 erogare,
3195 1565 3405 1637 quando
3449 1563 3581 1620 nihil

1990 1662 2136 1717 aliud
2164 1662 2233 1715 sit
2261 1660 2575 1714 habentibus
2603 1660 2735 1713 dare
2758 1673 2916 1729 quam
2948 1656 3195 1729 perdere.

2623 1773 2851 1830 CAPUT
2890 1773 2961 1828 Χ.

1918 1848 1970 1911 Β
1996 1870 2125 1926 Cum
2158 1886 2257 1940 quo
2293 1869 2479 1922 damno
2498 1869 2821 1940 animaesuat
2850 1864 3169 1940 alrecclesia,
3196 1880 3324 1940 qu_a_
3342 1879 3586 1933 pauperes

2140 1934 2323 2009 pascit,
2346 1939 2595 2007 accipiant
2623 1936 2702 1989 illi
2725 1936 2809 2005 qui
2838 1934 2934 1988 sibi
2964 1935 3025 1987 de
3052 1950 3145 1988 suo
3166 1935 3442 2003 stt/ﬁcium.

2066 2036 2119 2089 1.
2144 2032 2255 2089 Nec
2282 2032 2357 2087 illi
2376 2032 2463 2101 qui
2491 2046 2584 2085 sua
2620 2028 2957 2098 possidentes
2986 2028 3099 2083 dari
3131 2027 3231 2082 sibi
3261 2027 3461 2097 aliquid
3491 2041 3585 2083 vo-

1996 2127 2111 2182 lunt
2134 2169 2148 2193 ,
2182 2125 2297 2180 sine
2324 2123 2512 2195 grandi
2546 2131 2763 2193 peccato
2789 2136 2923 2187 suo,
2952 2130 2979 2156 ιι
3011 2118 3153 2175 unde
3180 2134 3381 2190 pauper
3413 2122 3585 2175 victu-

1991 2234 2087 2274 rus
2109 2227 2225 2273 erat
2245 2217 2531 2285 accipiunt.
2567 2214 2642 2272 De
2669 2212 2881 2267 clericis
2906 2210 3119 2281 quidem
3144 2210 3272 2263 dicit
3304 2219 3327 2245 ο
3354 2210 3585 2278 Spiritus

1990 2319 2208 2365 sanctus
2245 2326 2258 2362 :
2292 2307 2511 2362 Pccrata
2540 2302 2718 2377 pepuli
2741 2304 2835 2358 mei
2867 2314 2892 2351 Ρ
2918 2304 3187 2357 comedunt
3219 2300 3372 2374 (Osee
3396 2316 3469 2367 tv,
3499 2300 3581 2371 8).

1991 2401 2093 2457 Sed
2119 2400 2259 2455 sicut
2289 2399 2420 2454 nihil
2452 2398 2710 2453 habentes
2740 2398 3010 2466 proprium
3035 2440 3050 2464 ,
3082 2409 3187 2450 non
3218 2402 3455 2464 peccata,
3487 2391 3582 2448 sed

1995 2494 2245 2549 alimenta
2271 2493 2462 2562 quibus
2486 2490 2722 2559 indigere
2744 2489 3010 2554 videntur,
3035 2487 3336 2555 accipiunt;
3363 2487 3430 2539 ita
3460 2500 3585 2556 pos-

1995 2597 2236 2638 sessores
2264 2625 2280 2650 ,
2314 2596 2418 2636 non
2451 2580 2705 2636 alimenta
2737 2579 2928 2649 quibus
2966 2577 3257 2643 abundant,
3289 2574 3383 2632 sed
3413 2577 3586 2635 aliena

1995 2685 2211 2747 peccata
2244 2676 2563 2744 suscipiunt.
2613 2673 2718 2743 ipsi
2749 2688 2960 2743 quoque
2987 2686 3269 2742 pauperes,
3299 2672 3343 2725 si
3372 2686 3430 2727 se
3464 2686 3587 2741 pos-

1996 2778 2122 2825 sunt
2152 2770 2263 2824 suis
2294 2767 2535 2823 artiﬁciis
2565 2775 2656 2822 aut
2684 2760 2959 2821 laboribus
2984 2762 3239 2833 expedire
3264 2808 3280 2832 ,
3312 2778 3418 2817 non
3451 2768 3588 2833 prat-

1996 2874 2212 2919 sumant
2238 2864 2379 2934 quod
2426 2864 2587 2919 debet
2612 2861 2803 2917 debilis
2831 2870 2921 2915 aut
2950 2860 3190 2915 inﬁrmus
3221 2860 3489 2930 accipere,
3519 2875 3588 2919 ne

1999 2956 2137 3010 forte
2166 2954 2415 3021 ecclesia,
2449 2969 2569 3023 qua:
2595 2962 2769 3023 potest
2794 2951 2939 3006 omni
2967 2951 3157 3005 solatio
3186 2950 3458 3008 destitutis
3489 2966 3589 3008 ne-

1998 3047 2229 3102 cessaria
2260 3047 2565 3101 ministrare
2589 3087 2603 3109 ,
2635 3045 2679 3099 si
2720 3059 2907 3100 omnes
2930 3046 3092 3100 etiam
3125 3044 3256 3099 nihil
3289 3046 3588 3114 indigentes

2000 3137 2289 3206 accipiant,
2320 3144 2535 3205 gravata
2561 3177 2575 3203 ,
2606 3135 2711 3190 illis
2738 3133 2931 3205 quibus
2956 3134 3137 3201 debet,
3169 3136 3455 3192 subvenire
3482 3151 3589 3196 non

284 3222 513 3293 propria
558 3222 755 3276 debere
804 3231 1019 3290 propter
1059 3218 1438 3290 perfectionem
1485 3225 1795 3289 contemni,
1838 3232 1892 3279 et
1918 3227 1965 3293 ε
1997 3228 2193 3282 valeat.

286 3316 411 3369 sine
441 3311 825 3383 impedimento
848 3309 1189 3381 perfectionis
1216 3324 1373 3381 posse
1398 3311 1421 3348 δ
1450 3328 1568 3383 qua:
1593 3322 1717 3368 sunt
1740 3329 1888 3369 com-

287 3406 476 3461 munia
534 3404 775 3460 ecclesia:
828 3403 1112 3473 possideri.
1168 3404 1305 3471 Quid
1356 3415 1573 3459 sanctus
1615 3405 1894 3460 Hilarius?

289 3511 477 3552 nonne
504 3504 559 3551 et
587 3496 700 3565 ipse
725 3498 903 3550 omnia
938 3493 951 3530 ί
990 3495 1126 3548 bona
1158 3509 1252 3549 sua
1293 3503 1384 3549 aut
1416 3498 1439 3545 t
1470 3496 1779 3564 parentibus
1808 3510 1894 3551 re-

272 3589 491 3659 liquit,
524 3595 614 3641 aut
653 3586 867 3641 vendita
918 3586 1237 3656 pauperibus
1288 3586 1567 3656 erogavit?
1616 3587 1663 3640 is
1714 3596 1890 3642 tamen

290 3696 420 3737 cum
467 3682 658 3735 merito
708 3678 1050 3749 perfectionis
1097 3694 1208 3733 suae
1252 3677 1401 3734 ﬁeret
1440 3680 1680 3734 ecclesia:
1708 3679 1893 3734 Arela-

290 3774 469 3831 tensis
494 3774 775 3844 episcopus
795 3815 809 3839 ,
839 3772 976 3842 quod
1002 3772 1089 3826 illa
1122 3781 1247 3827 tunc
1278 3773 1507 3829 habebat
1533 3776 1756 3829 ecclesia
1786 3790 1891 3830 non

292 3869 479 3924 solum
517 3866 788 3934 possedit,
828 3865 923 3919 sed
961 3866 1120 3919 etiam
1152 3867 1384 3935 acceptis
1430 3866 1663 3921 fidelium
1706 3882 1893 3924 nume-

292 3961 438 4015 rosis
478 3957 883 4013 haarcditatibus
928 3958 1221 4026 ampliavit.
1265 3957 1360 4011 isti
1387 3975 1515 4029 ergo
1565 3971 1669 4014 tam
1698 3964 1887 4031 sancti,

292 4063 351 4109 et
379 4062 486 4106 tam
524 4049 749 4121 perfecti
783 4049 1060 4130 pontifices
1098 4050 1251 4105 factis
1290 4052 1622 4109 evidentibus
1661 4054 1893 4109 clamant

292 4160 461 4218 posse
482 4154 537 4200 et
565 4144 763 4200 debere
788 4143 899 4197 ﬁeri
924 4143 1063 4213 quod
1094 4144 1353 4197 fecerunt.
1387 4146 1485 4210 Qui
1517 4147 1696 4217 utique
1722 4148 1895 4202 homi-

296 4252 396 4293 nes
421 4248 528 4292 tam
558 4236 893 4292 saecularium
926 4249 1083 4305 quam
1115 4235 1415 4289 divinarum
1448 4237 1744 4291 litterarum
1778 4241 1894 4294 sine

293 4329 648 4398 ambiguitate
676 4326 990 4391 doctissimi,
1021 4326 1067 4380 si
1094 4328 1289 4380 scirent
1318 4342 1403 4382 res
1424 4330 1667 4383 ecclesia:
1696 4329 1894 4386 debere

295 4422 571 4479 contemni
601 4460 615 4485 ,
664 4432 934 4488 nunquam
974 4432 1066 4473 eas
1097 4416 1119 4454 ³·
1154 4417 1445 4473 debuerant
1477 4420 1565 4489 qui
1596 4422 1770 4476 omnia
1800 4432 1893 4477 sua

295 4515 637 4583 reliquerant
665 4512 917 4565 retinere.

2066 3323 2125 3378 2.
2157 3322 2256 3389 Qui
2282 3330 2456 3375 autem
2488 3319 2727 3375 ecclesiae
2751 3320 3011 3387 serviunt,
3038 3329 3090 3374 et
3124 3320 3291 3374 labori
3315 3334 3413 3376 suo
3440 3308 3586 3377 velut

1996 3412 2173 3469 debita
2202 3413 2351 3468 reddi
2374 3420 2626 3483 oportere
2657 3410 2961 3477 credentes,
2993 3426 3052 3465 ea
3086 3411 3278 3481 quibus
3308 3426 3442 3482 opus
3479 3428 3588 3470 non

1996 3506 2232 3573 habent,
2265 3515 2356 3559 aut
2385 3506 2653 3573 accipiunt
2697 3503 2941 3569 libenter,
2992 3513 3083 3559 aut
3121 3504 3384 3575 exigunt;
3427 3506 3589 3563 nimis

1996 3600 2283 3655 carnaliter
2313 3599 2563 3669 sapiunt,
2596 3600 2639 3653 si
2665 3606 2878 3667 putant,
2920 3596 3062 3668 quod
3092 3598 3333 3653 ecclesia:
3358 3598 3588 3656 ﬁdeliter

1996 3691 2294 3746 servientes
2323 3688 2588 3759 stipendia
2627 3699 2839 3743 terrena
2865 3731 2878 3755 ,
2921 3703 2983 3744 ac
3014 3704 3118 3743 non
3151 3690 3325 3756 potius
3370 3689 3586 3759 prmmia

1996 3793 2198 3839 aeterna
2228 3782 2548 3852 percipiant.
2586 3779 2869 3835 Saecularis
2891 3780 3087 3850 quippe
3119 3777 3305 3834 militia
3327 3779 3447 3851 quia
3478 3793 3586 3838 cm-
3669 3828 3680 3839 .

1998 3875 2149 3930 lestia
2170 3890 2273 3927 non
2295 3872 2479 3938 habet,
2513 3880 2722 3925 terrena
2743 3882 2961 3925 strenue
2976 3869 3329 3925 militantibus
3349 3880 3587 3939 praestat.

2001 3964 2148 4020 Unde
2176 3964 2306 4017 satis
2337 3963 2611 4031 indignum
2636 3973 2738 4029 est,
2769 3961 2812 4015 si
2842 3960 3043 4027 ﬁdelis,
3079 3970 3132 4016 et
3164 3975 3391 4030 operosa
3422 3960 3587 4018 devo-

1998 4055 2073 4109 tio
2112 4054 2463 4119 clericorum,
2494 4062 2716 4121 propter
2747 4051 3072 4121 stipendium
3116 4054 3409 4121 temporale
3445 4067 3588 4122 prae-

2000 4144 2105 4199 mia
2130 4142 2457 4212 sempiterna
2483 4149 2811 4196 contemnat.
2840 4141 2995 4207 Quod
3023 4142 3067 4195 si
3089 4140 3317 4207 quilibet
3347 4142 3589 4198 minister

2000 4235 2243 4291 ecclesia:
2275 4248 2380 4288 non
2424 4233 2620 4287 habeat
2649 4233 2789 4286 unde
2831 4232 3011 4286 vivat:
3044 4243 3069 4279 τι
3102 4246 3204 4284 non
3238 4232 3286 4285 ei
3310 4235 3589 4301 praemium

2004 4327 2194 4383 reddat
2218 4327 2333 4392 hic;
2366 4326 2459 4381 sed
2485 4323 2786 4379 necessaria
2811 4322 3273 4392 praestetecclesia
3307 4342 3317 4375 :
3348 4335 3405 4377 ut
3434 4325 3485 4378 in
3511 4323 3589 4382 fu-

2001 4429 2120 4476 turo
2151 4421 2426 4491 praemium
2460 4418 2658 4474 laboris
2680 4417 2761 4471 sui
2794 4416 3053 4486 recipiat,
3081 4414 3223 4487 quod
3254 4417 3305 4471 in
3342 4416 3440 4473 hac
3481 4420 3589 4477 vita

1995 4516 2105 4584 jam
2136 4529 2230 4585 spe
2272 4514 2555 4568 dominicae
2600 4511 2975 4581 promissionis
3008 4519 3031 4549 τ
3064 4519 3245 4565 certus
3283 4520 3587 4580 exspectat.

270 4646 289 4656 -
372 4607 431 4661 2.
472 4603 628 4660 Unde
674 4601 830 4657 datur
879 4602 1099 4673 intelligi
1140 4602 1281 4671 quod
1327 4602 1458 4677 tanti
1507 4617 1568 4657 ac
1620 4604 1751 4658 tales
1797 4607 1893 4662 viri
1922 4599 1973 4663 Ι)
2000 4608 2077 4663 illi
2105 4620 2320 4677 quoque
2347 4614 2367 4641 ³
2402 4606 2491 4675 qui
2530 4603 2681 4658 velut
2708 4602 2884 4657 idonei
2916 4600 3049 4657 nihil
3076 4602 3295 4673 quidem
3332 4601 3437 4658 sibi
3473 4604 3588 4663 dari

375 4785 404 4814 ι
436 4775 513 4829 Ita
550 4786 683 4828 mss.
712 4783 918 4824 omnes.
950 4768 1088 4823 Editi
1121 4783 1267 4833 vero,
1298 4768 1405 4821 vult
1428 4784 1534 4822 esse
1571 4786 1731 4823 reum.

373 4846 402 4886 δ
431 4847 531 4900 Ms.
554 4858 713 4908 unus,
740 4842 841 4908 Qui
863 4850 1055 4895 autem.
1088 4841 1188 4895 Ms.
1217 4842 1372 4905 alter,
1402 4842 1517 4893 dico
1539 4841 1599 4893 de
1628 4858 1757 4895 eo...
1787 4842 1886 4896 nisi

296 4918 603 4990 quiairam.
844 4985 853 4990 _
922 4984 950 4990 η
1191 4982 1200 4990 _
1336 4938 1353 4950 -

379 4999 402 5026 ο
429 4987 525 5041 Ms.
559 4998 716 5052 unus,
741 4984 950 5052 capituli
977 4982 1226 5049 sequentis
1245 4983 1521 5035 auctoritas
1554 4983 1779 5036 edoceat.

376 5058 401 5094 ἀ
433 5058 736 5126 Legendum
763 5057 897 5109 forte
918 5055 1143 5126 inquam.

382 5138 405 5165 ⁸
438 5122 565 5182 Mss.
598 5127 703 5181 duo
730 5126 885 5196 Reg.,
907 5125 1035 5177 nihil
1067 5122 1328 5191 praprium
1350 5123 1529 5176 habere
1550 5124 1779 5196 debeant,
1806 5126 1890 5177 sed

304 5201 535 5254 ecclesia:
561 5195 830 5266 facultates
857 5204 1101 5265 tanquam
1130 5207 1436 5259 communes,
1462 5204 1643 5265 utpote
1661 5195 1763 5249 Deo
1781 5211 1870 5247 ra-

302 5272 496 5325 tionem
522 5268 794 5331 reddituri,
818 5268 1114 5336 suscipiant.

388 5341 408 5380 ί
453 5340 582 5394 Mss.
615 5349 743 5402 tres,
781 5330 1037 5405 Denique,
1065 5349 1185 5390 cum
1213 5334 1341 5388 edit.
1370 5330 1536 5402 Lugd.

388 5422 413 5459 8
446 5410 584 5464 Edit.
612 5409 805 5479 Lugd.,
836 5407 974 5475 quia.

386 5480 412 5519 ιι
437 5481 561 5536 Mss.
586 5476 818 5549 quinque
844 5492 963 5531 cum
988 5477 1110 5532 edit.
1130 5476 1322 5549 Lugd,
1349 5491 1492 5549 posse
1519 5476 1758 5549 ecclesia’,
1789 5491 1901 5544 qua:

311 5562 433 5609 sunt
480 5547 706 5622 profecto
734 5547 1060 5622 communia,
1106 5548 1375 5617 possideri.
1421 5548 1495 5599 Ex
1534 5547 1683 5600 Colb.
1736 5561 1894 5622 unus,

310 5640 464 5696 posse
478 5618 705 5696 ecclesia:
732 5621 1018 5696 facultates,
1038 5634 1153 5688 quin
1172 5628 1293 5671 sunt
1312 5630 1603 5671 communes
1623 5618 1891 5686 possideri.

394 5695 410 5732 ί
446 5693 571 5746 Mss.
605 5708 719 5755 sex,
756 5693 924 5744 omnia
964 5706 1078 5743 sua.

396 5763 409 5813 i
448 5764 544 5817 Ms.
575 5777 728 5826 unus,
757 5760 1077 5831 pauperibus.

390 5834 417 5872 ι
448 5835 572 5888 Mss.
611 5832 759 5887 Coll).
794 5832 900 5885 duo
929 5844 977 5885 et
1006 5832 1134 5900 Reg.
1170 5844 1325 5897 unus,
1361 5845 1618 5899 nunquam
1661 5846 1743 5885 ens
1802 5831 1889 5884 Ita-

1987 4772 2229 4825 buissenc.
2262 4770 2362 4825 Alii
2384 4768 2499 4824 duo
2516 4782 2637 4823 cum
2659 4767 2873 4833 Camb.,
2904 4766 3162 4820 haberent.
3195 4766 3395 4833 [legitis
3420 4768 3583 4833 alter,

1991 4845 2241 4904 suscipere
2261 4842 2535 4895 debuerant
2556 4858 2573 4904 ;
2601 4850 2655 4896 et
2677 4841 2729 4896 in
2755 4838 3120 4895 tineomittunt
3135 4851 3321 4893 vocem
3342 4840 3587 4893 retinere.

2076 4912 2090 4949 ι
2124 4912 2253 4967 Mss.
2282 4912 2410 4976 duo,
2445 4913 2576 4978 ﬁeri.

2068 4994 2105 5019 τη
2152 4983 2279 5036 Mss.
2331 4992 2578 5051 quatuor,
2627 4980 2991 5051 patrimonium
3020 4992 3329 5048 pauperum;
3361 4995 3585 5048 quorum

2069 4999 2105 5019 ¹¹¹
2152 4999 2279 5036 MSS.
2331 4999 2578 5051 quatuor,
2663 4999 2991 5033 atrmtomum
3020 4999 3329 5048 pauperum;
3361 4999 3579 5048 quorum

2001 5068 2156 5115 unus,
2198 5065 2245 5105 et
2277 5054 2503 5105 omnium
2546 4999 2856 5119 deﬁnsabile
2884 5051 3249 5120 patrimonium
3277 5066 3579 5121 pauperum.

2076 5134 2099 5159 η
2125 5124 2221 5178 Ms.
2252 5122 2465 5188 Camb.,
2495 5138 2554 5174 ea
2579 5123 2731 5174 unde.

2076 5206 2098 5229 ο
2124 5196 2252 5249 Mss.
2281 5204 2407 5257 tres,
2443 5192 2568 5263 dicit
2591 5193 2855 5263 propheta.

2073 5277 2098 5314 r
2136 5266 2259 5319 Mss.
2298 5272 2406 5319 tres
2430 5261 2604 5328 Colb.,
2629 5261 2909 5317 comedent.

2075 5347 2099 5385 τι
2132 5336 2267 5390 Editi
2297 5333 2459 5404 Lugd.
2496 5342 2549 5387 et
2586 5332 2809 5403 Lovan.,
2839 5349 2939 5387 non
2971 5344 3016 5404 et
3054 5333 3323 5404 ριίιίηἱιιηιΔ
3346 5330 3455 5404 hic,
3480 5332 3576 5404 sed

2006 5409 2287 5461 necessaria
2336 5399 2540 5472 prastat
2571 5399 2804 5458 ecclesia.
2828 5403 2951 5458 Mss.
2985 5399 3120 5465 duo,
3153 5418 3251 5455 non
3276 5399 3323 5453 ei
3361 5400 3587 5455 reddidit

2005 5481 2087 5533 hic
2109 5519 2123 5542 ,
2167 5479 2253 5531 sed
2286 5478 2567 5531 necessaria
2593 5484 2800 5547 prazstat
2830 5475 3059 5529 ecclesia.
3094 5473 3219 5547 Mss.
3251 5480 3387 5547 tres,
3413 5473 3586 5547 non

2006 5539 2187 5602 reddat
2217 5548 2327 5614 hic,
2351 5548 2439 5601 sed
2457 5539 2739 5602 necessaria
2772 5552 2973 5615 praZstet
3001 5540 3231 5597 ecclesia.
3256 5539 3453 5598 Omnes
3474 5543 3586 5599 edi-

2005 5621 2066 5684 ti,
2098 5630 2325 5690 prirstat.

2076 5688 2105 5728 ’⁷
2130 5690 2254 5745 Mss.
2287 5706 2377 5747 sex
2401 5704 2506 5745 non
2539 5688 2737 5743 habent
2764 5694 2946 5739 certus.

2076 5770 2095 5796 '
2131 5762 2292 5827 Editi,
2320 5763 2403 5828 qui
2422 5762 2496 5815 vel
2522 5760 2711 5813 idonei.
2745 5756 2867 5811 Mss.
2894 5754 3149 5827 quinque,
3178 5756 3333 5812 velut.
