4124 6350
565 350 684 436 458

1906 365 2167 422 JULIANI
2205 364 2487 422 POMERII

3725 363 3834 422 £56

567 489 714 545 velut
740 483 974 543 debitum
997 489 1240 554 poscunt,
1262 480 1355 535 sed
1375 486 1549 534 tamen
1578 477 1820 535 ecclesia:
1843 477 2142 546 sumptibus
2171 479 2228 539 Α
2251 476 2505 542 ferenda,
2548 476 2665 530 sine
2707 484 2926 544 peccato
2969 472 3245 544 possident
3275 485 3371 527 sua
3405 489 3418 526 :
3463 474 3588 542 quia
3635 482 3691 530 et
3736 477 3833 547 ipsi

569 583 788 643 vivunt,
839 591 944 632 non
990 584 1071 631 est
1117 588 1297 629 meum
1327 572 1537 637 dicere,
1577 571 1721 640 quali
1753 579 1968 641 peccato
1999 568 2144 624 cibos

569 686 858 743 pauperum
919 666 1293 738 praesumendo
1345 664 1670 733 suscipiant,
1728 662 1818 730 qui
1865 659 2145 716 ecclesiam

567 779 723 834 quam
750 763 936 831 juvare
963 759 1030 814 de
1055 758 1286 830 propriis
1313 756 1657 812 facultatibus
1687 754 2007 819 debuerunt,
2036 751 2146 806 suis

565 854 814 923 expensis
864 852 1081 920 insuper
1125 857 1376 919 gravant;
1429 857 1646 916 propter
1683 846 1786 900 hoc
1828 843 2067 899 fortassis
2093 843 2146 896 in

565 938 978 1014 Congregatione
999 942 1259 1008 viventes,
1290 955 1356 995 ne
1378 939 1584 1010 aliquos
1614 951 1874 1008 pauperes
1901 942 2144 1005 pascant,

534 1033 632 1091 "ne
677 1034 1021 1090 advenientes
1053 1041 1078 1069 ει
1107 1032 1427 1101 suscipiant,
1479 1038 1572 1084 aut
1614 1043 1683 1084 ne
1726 1042 1881 1082 suum
1927 1039 2146 1081 censum

567 1129 819 1197 expensis
851 1125 1175 1196 quotidianis
1197 1123 1536 1178 imminuant.
1562 1120 1588 1159 ι)
1613 1120 1763 1187 Quod
1792 1119 1836 1174 si
1853 1115 2053 1188 aliquid
2081 1115 2150 1171 de

567 1220 824 1274 fructibus
865 1218 974 1272 suis
1019 1217 1262 1272 ecclesiae
1283 1255 1298 1280 ,
1331 1214 1477 1269 velut
1508 1229 1604 1281 pro
1641 1214 1755 1282 ipsa
1787 1224 2024 1280 expensa
2052 1222 2148 1264 sua

565 1311 920 1373 contulerint;
967 1322 1073 1363 non
1122 1321 1182 1362 se
1231 1305 1520 1376 praeferant
1555 1304 1698 1358 inani
1724 1301 1978 1372 iactantia
2010 1300 2146 1379 illis,

565 1420 702 1475 quos
751 1402 881 1457 nihil
930 1402 1189 1457 habentes
1236 1399 1404 1469 pascit
1446 1408 1500 1453 et
1538 1397 1695 1452 vestit
1723 1396 1948 1451 ecclesia
1978 1410 1993 1448 :
2025 1395 2148 1465 q‘uia

565 1492 857 1562 perfectior
887 1500 972 1546 est
1001 1490 1088 1544 ille
1118 1490 1207 1559 qui
1245 1503 1306 1543 se
1337 1486 1520 1541 mundi
1549 1488 1710 1542 rebus
1733 1485 1992 1555 exspoliat
2012 1525 2029 1552 ,
2059 1493 2151 1539 aut

565 1586 656 1655 qui
689 1601 808 1639 cum
841 1583 970 1637 nihil
1002 1582 1282 1650 habuerit,
1317 1595 1417 1636 nec
1445 1581 1644 1635 habere
1671 1578 1960 1640 desiderat,
1991 1590 2147 1646 quam

565 1677 653 1732 ille
675 1676 764 1746 qui
792 1691 856 1730 ex
889 1674 1072 1729 multis
1100 1687 1218 1742 qua:
1247 1671 1503 1742 possidet,
1529 1671 1768 1727 ecclesiae
1789 1669 1990 1739 aliquid
2013 1682 2150 1737 prte-

563 1776 688 1832 stat,
718 1782 780 1822 ac
803 1781 863 1823 se
892 1766 958 1822 de
987 1781 1052 1821 eo
1081 1765 1222 1835 quod
1247 1764 1558 1834 praestiterit
1587 1763 1806 1817 forsitan
1832 1762 2017 1831 jactat.

2229 569 2646 638 .quodammodo
2690 582 2786 624 sua
2828 568 3169 638 relinquunt,
3201 565 3415 636 quando
3444 568 3674 639 propriis
3716 585 3840 628 con-

2250 662 2383 716 tenti
2413 661 2605 728 rebus,
2639 659 2772 714 nihil
2802 674 2987 714 eorum
3033 673 3154 729 quae
3193 657 3386 725 labori,
3421 657 3506 713 vel
3537 659 3713 715 ordini
3739 674 3837 716 suo

2251 755 2436 810 deberi
2485 754 2812 809 arbitrantur
2860 753 3152 821 accipiunt.
3193 751 3347 819 Quod
3385 751 3430 805 si
3483 761 3672 822 putant
3716 753 3839 811 ideo

2253 855 2278 894 ε
2300 845 2467 915 accipi
2493 845 2693 900 debere
2721 858 2905 898 eorum
2929 858 3049 913 quae
3069 840 3421 897 conferuntur
3443 843 3688 896 ecclesiae
3716 858 3840 913 por-

2252 938 2486 1004 tionem,
2534 951 2603 992 ne
2641 952 2760 991 eam
2813 935 3094 992 videantur
3130 934 3390 1004 abjicene,
3444 949 3504 989 se
3555 949 3685 990 vero
3731 951 3838 990 non

2255 1045 2412 1101 posse
2454 1044 2549 1084 sua
2600 1028 2942 1097 relinquere,
2977 1026 3119 1098 quod
3167 1026 3249 1082 eis
3295 1024 3538 1080 deforme
3584 1025 3656 1080 sit
3701 1025 3842 1083 inter

2251 1138 2402 1190 suos,
2431 1137 2693 1194 pauperes
2723 1121 2913 1187 reddi;
2946 1119 3201 1175 noverint
3228 1133 3348 1175 esse
3376 1118 3673 1176 deformius
3719 1133 3842 1190 pos«

2255 1229 2496 1272 sessores
2526 1215 2594 1270 de
2621 1212 2983 1284 eleemosynis
3012 1225 3305 1283 pauperum
3332 1210 3496 1280 pasci.

2850 1345 3076 1403 CAPUT
3115 1345 3255 1402 Xlll.

2259 1446 2384 1510 Qua!
2413 1445 2510 1498 εἱηε
2539 1442 2731 1514 gaudia
2769 1457 2906 1514 vera,
2947 1440 3024 1496 vel
3055 1455 3185 1494 vera:
3213 1439 3436 1514 divitiae;
3467 1448 3513 1493 et
3537 1440 3661 1514 quid
3687 1439 3844 1514 impe-

2324 1510 2795 1581 dimenti'a/ferant
2835 1511 2967 1565 bona
3013 1511 3284 1582 prwsentia
3336 1510 3650 1564 amtoribus
3707 1512 3844 1582 [utu-

2326 1601 2523 1639 τοττιηι.

2328 1679 2382 1732 i.
2424 1678 2536 1733 Heu
2579 1690 2739 1748 quam
2781 1674 3047 1731 subtiliter
3068 1689 3164 1730 nos
3197 1673 3285 1729 ille
3308 1673 3608 1744 decipiendi
3653 1674 3840 1730 artifex

2256 1772 2415 1840 fallit,
2437 1779 2634 1840 quanta
2679 1769 2919 1824 caecitate
2943 1769 3126 1823 oculos
3154 1776 3352 1824 nostra:
3381 1770 3575 1824 mentis
3605 1769 3843 1834 obducit,

539 1889 545 1896 ι
637 1860 690 1914 3.
725 1858 866 1912 Dura
910 1866 1036 1911 sunt
1075 1871 1192 1927 quae
1237 1855 1391 1922 dico,
1444 1870 1542 1909 nec
1589 1869 1687 1924 ego
1715 1852 1968 1908 diffiteor.
2005 1852 2146 1907 Dura

2258 1881 2325 1921 ne
2348 1864 2716 1920 discernamus
2736 1861 3001 1933 gaudendi
3027 1860 3200 1927 avidi,
3231 1861 3370 1916 unde
3391 1860 3588 1929 justius
3614 1862 3845 1929 gaudea-

563 1959 714 2018 sunt,
765 1949 859 2004 sed
912 1950 1198 2004 observare
1228 1947 1554 2004 nolentibus.
1588 1946 1854 2002 Caeterum
1891 1958 1912 1984 ε
1947 1947 1994 2000 si
2025 1946 2154 2000 ﬁant

562 2047 702 2110 ista;
736 2059 854 2114 quae
880 2043 1117 2098 difficilia
1146 2059 1252 2098 non
1283 2043 1599 2098 facientibus
1627 2051 1774 2108 sunt,
1806 2043 1988 2097 statim
2020 2042 2152 2096 faci-

563 2137 635 2192 lia
665 2135 983 2190 facientibus
1013 2136 1164 2189 fiunt.
1196 2134 1312 2190 Non
1343 2150 1470 2205 ergo
1502 2150 1564 2190 ea
1605 2149 1724 2206 qua:
1765 2136 2018 2189 nolumus
2059 2135 2154 2190 ob-

565 2241 804 2293 servare,
838 2226 1243 2294 impossibilitas
1274 2227 1430 2281 nobis
1456 2227 1582 2281 facit
1611 2228 1765 2294 dura,
1800 2227 1896 2282 sed
1926 2227 2151 2281 novitas.

567 2321 627 2378 In
677 2336 829 2376 usum
874 2319 1122 2388 veniant,
1171 2330 1226 2376 et
1271 2320 1540 2375 neminem
1585 2321 1911 2390 frequentata
1942 2328 2156 2374 contur-

564 2414 715 2470 bant.
745 2411 876 2466 Nam
896 2455 911 2480 ,
937 2427 1142 2482 quatro,
1166 2410 1291 2482 quid
1315 2412 1385 2466 sit
1410 2425 1595 2467 eorum
1623 2426 1740 2480 qua:
1763 2409 1878 2465 dixi
1903 2409 2155 2464 difﬁcile?

567 2516 625 2563 ut
653 2508 814 2564 homo
846 2509 898 2563 id
930 2508 1073 2579 quod
1114 2523 1248 2578 opus
1293 2523 1400 2563 non
1443 2507 1634 2572 habet,
1681 2507 1748 2560 ab
1778 2507 2001 2561 ecclesia
2050 2519 2154 2561 non

567 2601 811 2670 accipiat,
845 2615 910 2654 an
943 2609 1001 2654 ut
1030 2599 1172 2669 quod
1199 2599 1361 2654 habet
1389 2599 1506 2654 sine
1547 2613 1706 2653 causa
1733 2597 2074 2654 contemnat?
2100 2595 2157 2651 Si

568 2703 786 2764 propter
826 2694 928 2749 hoc
959 2709 1064 2765 npn
1090 2696 1200 2749 vult
1229 2707 1324 2748 sua
1368 2693 1677 2763 relinquere
1702 2700 1757 2746 ut
1781 2691 1975 2746 habeat
2015 2689 2158 2744 unde

569 2788 744 2854 vivat,
774 2796 830 2842 ut
849 2785 976 2857 quid
1004 2787 1197 2856 accipit
1226 2785 1366 2840 unde
1407 2787 1672 2840 rationem
1697 2784 1922 2840 reddat?
1949 2792 2005 2839 ut
2032 2783 2157 2854 quid

567 2874 593 2914 ¹¹
619 2878 693 2934 de
712 2879 944 2948 peccatis
970 2878 1160 2932 alienis
1189 2892 1284 2933 sua
1309 2876 1663 2946 multiplicat?

1172 2989 1397 3045 CAPUT
1441 2990 1530 3044 XI.

612 3082 710 3150 Qui
740 3090 859 3135 sunt
891 3083 978 3152 qui
1014 3083 1167 3136 etiam
1199 3099 1313 3135 cum
1341 3083 1573 3152 profectu
1600 3098 1785 3137 anima:
1815 3099 1922 3138 sua:
1949 3083 2125 3152 apibus

1051 3163 1404 3206 sustentantur
1425 3154 1669 3208 ecclesiw.

2258 1972 2408 2024 mus;
2452 1963 2544 2011 aut
2593 1970 2661 2010 ne
2710 1953 2988 2024 cupientes
3024 1955 3206 2024 augeri
3251 1953 3486 2019 divitiis,
3542 1956 3845 2009 noverimus

2257 2065 2390 2120 quas
2417 2048 2613 2119 quibus
2642 2045 3130 2116 incomparabiliter
3159 2045 3527 2114 praeferamus.
3556 2043 3692 2100 Nam
3719 2062 3849 2116 gau-

2256 2141 2387 2196 dere
2414 2139 2632 2209 quidem
2659 2139 2857 2193 bonum
2880 2147 2994 2204 est;
3026 2135 3121 2193 sed
3146 2136 3237 2207 qui
3265 2137 3490 2207 gaudet,
3522 2137 3565 2191 si
3594 2152 3699 2192 non
3727 2137 3849 2193 inde

2259 2231 2491 2304 gaudeat
2521 2230 2665 2286 unde
2694 2230 2893 2298 debet,
2925 2245 3031 2284 non
3071 2238 3248 2299 potest
3298 2227 3496 2284 bonum
3545 2243 3665 2284 esse
3708 2228 3850 2299 quod

2259 2324 2473 2395 gaudet.
2514 2322 2790 2393 Siquidem
2822 2322 3018 2392 gaudet
3043 2330 3097 2376 et
3122 2330 3326 2390 raptor,
3375 2335 3497 2375 cum
3542 2319 3851 2375 desiderata

2263 2419 2537 2490 rapuerit;
2569 2418 2764 2489 gaudet
2800 2427 2856 2472 et
2890 2417 3167 2486 ebriosus,
3198 2432 3318 2471 cum
3350 2414 3378 2452 ιι
3400 2425 3666 2486 exoptatze
3697 2431 3851 2472 occa-

2262 2511 2470 2567 sionem
2503 2509 2789 2580 potationis
2828 2509 3131 2575 invenerit;
3163 2507 3359 2578 gaudet
3387 2518 3442 2562 et
3471 2507 3702 2574 adulter,
3730 2522 3849 2562 cum

2261 2605 2328 2660 ad
2351 2604 2764 2659 delectationem
2796 2600 3004 2656 fruendi
3031 2598 3274 2669 corporis
3295 2598 3566 2669 concupiti
3589 2612 3851 2668 pervene-

2261 2696 2333 2751 rit
2361 2714 2375 2750 :
2406 2695 2503 2751 sed
2527 2709 2649 2750 cum
2672 2695 2742 2748 sit
2763 2692 2997 2763 gaudere
3027 2692 3256 2756 bonum,
3285 2691 3353 2746 de
3380 2691 3464 2745 his
3488 2692 3650 2762 atQue
3672 2689 3851 2760 hujus-

2266 2787 2413 2842 modi
2440 2785 2673 2856 gaudere
2698 2784 2901 2854 grande
2931 2791 3015 2839 est
3044 2784 3259 2838 malum.
3291 2783 3417 2838 llazc
3451 2791 3504 2837 et
3534 2782 3617 2836 his
3661 2781 3852 2838 similia

2263 2889 2386 2934 sunt
2413 2879 2555 2933 unde
2585 2877 2821 2947 gaudere
2847 2891 2948 2930 nos
2989 2875 3100 2929 vult
3126 2873 3378 2942 mundus,
3411 2889 3532 2930 cum
3565 2873 3679 2928 shis
3705 2888 3854 2928 ama-

2265 2971 2470 3025 toribus
2510 2969 2519 3006 ί
2559 2971 2851 3040 periturus.
2903 2968 3028 3023 Haec
3070 2979 3196 3023 sunt
3221 2983 3340 3038 qua:
3380 2966 3667 3037 repudiare
3694 2966 3852 3022 debe~

2264 3079 2383 3120 mus
2406 3106 2421 3132 ,
2450 3073 2507 3118 ut
2529 3063 2594 3117 de
2622 3063 2756 3118 bona
2800 3062 3129 3118 conscientia
3150 3103 3165 3126 ,
3197 3061 3265 3117 de
3295 3062 3581 3117 sanctitate
3611 3077 3852 3129 morum,

2264 3159 2332 3214 de
2379 3158 2736 3228 acquisitione
2782 3158 3037 3212 virtutum
3065 3201 3078 3225 ,
3122 3155 3188 3210 de
3218 3155 3360 3210 dono
3392 3155 3519 3220 Dei,
3550 3163 3606 3211 et
3636 3154 3705 3212 de
3735 3169 3855 3226 pro-

647 3245 827 3315 ltaque
865 3244 1119 3300 sacerdos
1144 3245 1228 3299 cui
1257 3245 1679 3315 dispensationis
1712 3259 1839 3300 cura
1875 3246 2160 3301 commissa
2189 3234 2236 3297 C
2269 3250 2529 3304 missione
2555 3249 2716 3304 futuri
2746 3249 2895 3319 regni
2928 3247 3269 3304 inefi‘abiliter
3288 3248 3638 3318 gaudeamus.

578 3351 678 3409 est,
710 3358 815 3398 non
847 3343 1018 3397 solum
1047 3343 1163 3398 sine
1185 3343 1476 3413 cupiditate
1499 3386 1513 3409 ,
1547 3343 1639 3398 sed
1667 3345 1826 3397 etiam
1854 3357 1973 3398 cum
2005 3342 2160 3398 laude

569 3433 784 3505 pietatis
805 3433 999 3504 accipit
1023 3450 1053 3488 a
1076 3434 1271 3504 p0pulo
1291 3435 1646 3504 dispensanda
1664 3475 1677 3500 ,
1707 3442 1762 3489 et
1793 3433 2020 3490 fideliter
2047 3434 2161 3490 dis-

568 3535 760 3595 pensat
783 3535 1032 3597 accepta,
1063 3529 1152 3598 qui
1181 3529 1360 3584 omnia
1389 3542 1484 3583 sua
1511 3539 1532 3566 ε
1565 3538 1655 3582 aut
1682 3529 1991 3599 parentibus
2035 3528 2161 3583 reli-

569 3621 715 3690 quit,
766 3630 857 3675 aut
903 3621 1228 3690 pauperibus
1265 3620 1568 3687 distribuit,
1605 3629 1694 3676 aut
1721 3620 1963 3675 ecclesia:
2005 3620 2160 3674 rebus

569 3712 852 3782 adjunxit,
903 3723 956 3768 et
1004 3728 1064 3768 se
1112 3715 1163 3766 in
1216 3729 1440 3768 numero
1489 3729 1783 3783 pauperum
1834 3713 2161 3782 paupertatis

569 3818 753 3857 atnore
781 3804 1102 3857 constituit:
1135 3804 1207 3858 ita
1253 3813 1309 3859 ut
1352 3805 1490 3860 unde
1533 3806 1856 3875 pauperibus
1903 3805 2162 3860 submini-

568 3899 703 3947 strat
724 3932 738 3957 ,
782 3892 904 3946 inde
933 3902 988 3947 et
1017 3894 1130 3962 ipse
1165 3893 1183 3931 ί
1218 3905 1465 3966 tanquam
1498 3911 1698 3966 pauper
1725 3898 2055 3952 voluntarius
2078 3899 2159 3951 vi-

570 3992 679 4037 vat.
711 3983 902 4039 Clerici
932 4001 1145 4056 quoque
1181 4002 1314 4057 quos
1355 4003 1615 4058 pauperes
1645 3999 1737 4043 aut
1762 3990 2036 4058 voluntas,
2070 4000 2162 4045 aut

569 4077 820 4132 nativitas
844 4077 991 4143 fecit,
1019 4095 1140 4133 cum
1173 4081 1499 4149 perfectione
1530 4081 1742 4137 virtutis
1765 4083 1885 4137 vita:
1909 4097 2162 4138 necessa-

567 4169 646 4224 ria
674 4210 689 4235 ,
720 4170 834 4226 sive
865 4170 915 4225 in
942 4170 1190 4228 domibus
1220 4173 1364 4238 suis,
1409 4173 1523 4228 sive
1553 4172 1606 4227 in
1637 4175 2052 4246 congregatione
2083 4177 2160 4232 vi-

568 4275 753 4319 ventes
793 4265 1064 4336 accipiunt
1119 4283 1132 4319 :
1185 4267 1309 4336 quia
1357 4266 1422 4320 ad
1472 4282 1530 4322 ea
1578 4267 1888 4338 accipienda
1928 4284 2035 4323 non
2065 4282 2160 4324 eos

569 4354 800 4412 habendi
829 4357 1091 4426 cupiditas
1114 4359 1282 4423 ducit,
1315 4358 1409 4413 sed
1441 4359 1582 4428 cogit
1605 4360 1818 4415 vivendi
1845 4360 2157 4418 necessitas.

1181 4472 1408 4528 CAPUT
1451 4472 1566 4527 XII.

645 4559 782 4625 Quid
809 4561 975 4630 facere
998 4562 1210 4614 debeant
1235 4562 1405 4616 clerici
1427 4581 1642 4631 quarunt
1681 4567 1953 4635 inﬁrmitas
1983 4585 2082 4624 non

1037 4642 1199 4702 potest
1225 4650 1321 4687 sua
1342 4644 1679 4690 contemnere.

643 4723 724 4778 llli
747 4735 924 4780 autem
951 4727 1040 4796 qui
1071 4737 1177 4782 tam
1209 4728 1407 4783 infirmi
1438 4739 1591 4796 sunt,
1639 4741 1696 4785 ut
1728 4719 2155 4802 possessionibus

571 4818 686 4874 suis
732 4822 1039 4876 renuntiare
1081 4835 1187 4877 non
1244 4823 1476 4892 possint,
1525 4825 1570 4879 si
1612 4840 1674 4879 ea
1714 4841 1835 4896 qua:
1891 4829 2155 4897 accepturi

575 4922 744 4983 erant,
778 4913 1133 4984 dispensatori
1161 4915 1484 4988 relinquant,
1517 4918 1646 4974 nihil
1681 4919 1998 4977 habentibus
2019 4936 2153 4979 con-

644 5140 669 5216 ξ
695 5131 816 5216 ρεδε.
849 5147 966 5200 sex,
998 5134 1272 5216 efcipiant.

649 5205 671 5239 δ
700 5202 796 5257 Ms.
829 5219 984 5267 unus,
1014 5202 1118 5271 Qui
1140 5205 1204 5260 si.

646 5285 666 5348 ς
693 5275 783 5348 _Sic
812 5290 942 5330 mss.
973 5285 1100 5331 tres.
1130 5277 1236 5331 Alii
1259 5291 1378 5348 cum
1410 5278 1585 5343 editis,
1617 5281 1658 5332 si
1688 5279 1898 5348 faciant.

599 5420 606 5428 .
643 5341 666 5379 ἀ
695 5345 770 5399 lla
799 5361 930 5402 mss.
959 5362 1166 5416 omnes,
1200 5357 1255 5402 et
1295 5346 1463 5418 Lugd.
1497 5341 1716 5404 At'edil'i
1738 5349 1860 5412 alii,
1885 5351 1946 5404 de
1974 5367 2154 5421 pecca-

573 5429 654 5471 188.

645 5501 668 5522 υ
701 5488 866 5557 Lugd.
912 5490 1042 5545 edit.
1076 5503 1194 5544 cum
1226 5506 1325 5544 ms.
1361 5489 1544 5544 Camb.
1577 5489 1689 5544 hmc
1717 5499 1918 5543 tantum
1958 5489 2158 5546 habent

572 5568 659 5629 aut
702 5562 960 5629 relinquit,
989 5571 1075 5612 aut
1100 5562 1324 5615 ecclesim
1347 5560 1495 5613 rebus
1515 5562 1751 5629 adjungit
1777 5605 1789 5627 ,
1832 5571 1878 5612 et
1921 5578 1991 5614 se.
2024 5562 2150 5615 Mss.

576 5628 704 5699 lteg.
735 5627 875 5691 duo,
904 5639 958 5683 et
984 5641 1210 5699 quatuor
1230 5631 1406 5697 Colb.,
1440 5641 1525 5683 aut
1563 5627 1782 5698 reliquit,
1815 5643 1902 5682 aut
1932 5634 2154 5686 ecclesiae

574 5698 724 5751 rebus
745 5698 1014 5767 adjunmit,
1034 5711 1080 5754 et
1111 5718 1180 5767 se,
1211 5713 1315 5757 etc.

653 5768 670 5805 τ
704 5769 797 5842 Ms.
833 5784 988 5842 unus,
1022 5783 1065 5822 et
1098 5774 1205 5838 ipse
1223 5777 1331 5842 jam
1363 5785 1620 5842 tanquam.

651 5851 674 5884 κ
717 5839 809 5894 Ms.
855 5840 1009 5909 “38.,
1041 5857 1100 5896 ne
1131 5839 1336 5900 earMs.
1369 5839 1576 5910 Camb,
1628 5844 1737 5898 ideo
1784 5855 1953 5910 partes
1991 5845 2153 5913 accipi

2333 3345 2388 3400 ‘2.
2430 3345 2594 3400 Ditari
2623 3359 2834 3413 quoque
2863 3343 3063 3398 divitiis
3084 3343 3288 3413 grande
3308 3350 3392 3398 est
3411 3343 3645 3408 bonum;
3691 3343 3704 3392 i
3759 3342 3855 3400 sed

2263 3438 2388 3493 inde
2417 3438 2573 3492 ditari
2617 3435 2759 3491 unde
2781 3450 2895 3506 non
2927 3435 3146 3504 debeas,
3175 3434 3282 3490 non
3308 3443 3394 3490 est
3413 3434 3662 3491 habenda
3691 3435 3857 3490 facul-

2262 3541 2375 3596 tas,
2407 3531 2503 3586 sed
2534 3529 2847 3585 detestanda
2880 3527 3180 3583 calamitas.
3222 3527 3363 3582 Nihil
3403 3539 3487 3582 est
3527 3527 3673 3584 enim
3716 3516 3857 3584 cale:

2265 3624 2541 3688 mitosius,
2569 3622 2807 3690 nihilque
2834 3619 3085 3676 miserius
3114 3635 3178 3675 eo
3208 3620 3299 3690 qui
3323 3619 3519 3690 iniquis
3550 3619 3859 3690 acquisitio-

2264 3717 2420 3770 nibus
2450 3714 2676 3781 crescit,
2711 3727 2869 3782 quem
2915 3711 3230 3781 locupletem
3275 3710 3494 3766 fraudes
3542 3709 3748 3766 faciunt
3792 3723 3859 3764 ac

2264 3806 2486 3876 rapinae.
2533 3805 2641 3858 Illae
2670 3804 2823 3859 nobis
2855 3795 2981 3858 sunt
3007 3800 3308 3858 ambiendo:
3335 3800 3566 3866 divitias,
3593 3815 3713 3870 quae
3757 3816 3862 3856 nos

2269 3913 2462 3953 ornare
2492 3895 2517 3933 ¹ί
2546 3897 2751 3966 possint
2783 3897 2981 3966 pariter
3025 3905 3078 3950 et
3121 3895 3357 3961 munire,
3391 3908 3525 3964 quas
3552 3908 3647 3948 nec
3672 3895 3862 3964 aequi.

2265 4005 2388 4046 rere
2428 4004 2713 4060 possumus
2740 3989 2924 4055 inviti,
2971 4004 3069 4044 nec
3108 3987 3354 4058 perdere,
3388 4003 3508 4058 quae
3535 4001 3632 4042 nos
3671 3997 3862 4046 contra

2267 4081 2491 4137 hostiles
2520 4082 2751 4152 impetus
2771 4091 3003 4148 armant,
3033 4097 3062 4135 a
3091 4080 3291 4136 mundo
3320 4079 3723 4146 disterminant,
3745 4080 3862 4137 Deo

2265 4175 2673 4239 commendant,
2707 4174 2880 4229 ditant
2931 4173 2942 4210 ¹
2988 4177 3194 4230 animas
3224 4183 3438 4228 nostras
3472 4182 3637 4242 atque
3672 4173 3863 4229 nobili-

2269 4279 2381 4326 tant
2402 4312 2416 4336 ,
2452 4270 2728 4326 nobiscum
2767 4277 2922 4334 sunt,
2959 4269 3096 4323 intra
3127 4283 3225 4324 nos
3252 4277 3396 4323 sunt.
3424 4268 3633 4324 Divitiae
3661 4277 3863 4323 nostra:

2266 4363 2550 4420 credendze
2578 4372 2699 4417 sunt
2736 4360 2990 4432 pudicitia
3010 4401 3026 4428 ,
3057 4376 3176 4432 qua:
3206 4375 3303 4416 nos
3326 4360 3549 4430 pudicos
3575 4376 3589 4426 ;
3623 4361 3859 4430 iustitia,

2266 4472 2385 4527 qua:
2407 4457 2613 4526 justus;
2649 4454 2838 4524 pietas,
2861 4468 2981 4522 qua:
3010 4452 3154 4522 pios;
3187 4451 3491 4516 humilitas,
3525 4467 3648 4522 quas
3687 4450 3863 4506 humi-

2267 4547 2378 4612 les;
2408 4546 2764 4602 mansuetudo
2785 4588 2799 4612 ,
2839 4560 2959 4616 qua:
2985 4552 3330 4608 mansuetos;
3368 4543 3712 4608 innocentia,
3739 4557 3864 4612 qua:

2180 4607 2235 4668 D
2262 4641 2610 4703 innocentes;
2636 4607 2873 4708 purita‘s;
2892 4651 3011 4707 qua:
3034 4650 3224 4705 puros;
3251 4634 3554 4704 prudentia,
3589 4648 3710 4704 qua:
3733 4607 3863 4702 pru-

2260 4735 2482 4799 dentes;
2532 4732 2916 4802 temperantia,
2949 4744 3070 4800 quze
3115 4737 3508 4798 temperantes;
3542 4737 3598 4783 et
3627 4726 3862 4791 caritas,

2261 4841 2381 4897 quin
2425 4841 2523 4880 nos
2564 4825 2688 4879 facit
2726 4824 2837 4878 Deo
2865 4831 2921 4878 et
2949 4821 3257 4876 hominibus
3285 4835 3462 4886 caros,
3517 4829 3554 4856 ιιι
3602 4819 3864 4874 virtutum

2264 4930 2539 4991 potentes,
2570 4917 2754 4975 saeculi
2779 4925 3210 4987 contemptores,
3235 4931 3296 4971 ac
3325 4916 3587 4972 bonorum
3617 4914 3865 4970 omnium

2259 5139 2434 5192 debere
2474 5153 2648 5191 earum
2673 5152 2784 5205 quae
2815 5137 3144 5207 conferuntur
3171 5134 3397 5190 ecclesiw
3423 5137 3722 5205 porticuum
3741 5176 3753 5200 ,
3800 5153 3866 5190 ne

2261 5225 2344 5263 eas
2377 5208 2645 5262 videantur
2675 5207 2915 5278 abjicere.

2335 5278 2360 5316 ιι
2389 5279 2488 5334 Ms.
2523 5294 2681 5343 unus,
2714 5289 3023 5349 exaptatam.

2345 5349 2358 5386 ί
2395 5351 2491 5403 Ms.
2527 5367 2683 5415 unus,
2717 5352 2989 5418 perituros.

2339 5421 2351 5469 i
2395 5421 2519 5475 Mss.
2551 5420 2704 5476 Colb.
2738 5421 2877 5485 duo,
2907 5419 2994 5474 sed
3023 5435 3123 5473 non
3155 5419 3273 5471 inde
3303 5417 3456 5470 ditari
3501 5419 3634 5473 unde
3671 5417 3861 5473 debea-

2267 5508 2392 5544 ntus.
2425 5491 2522 5546 Ms.
2550 5494 2707 5556 alter,
2741 5491 2832 5544 sed
2850 5506 2947 5544 non
2970 5490 3126 5544 ditari
3151 5491 3284 5544 unde
3302 5489 3502 5542 debeas.

2338 5560 2361 5597 k
2395 5561 2489 5614 Ms.
2520 5579 2677 5628 unus,
2703 5573 2934 5629 possunt.

2344 5631 2355 5667 ι
2397 5632 2521 5687 Mss.
2551 5644 2659 5688 tres
2680 5633 2859 5699 Colb.,
2889 5634 3087 5686 animos
3116 5642 3332 5686 nostros.

2339 5713 2374 5738 ἠ
2409 5703 2531 5759 Mss.
2557 5715 2683 5771 tres,
2710 5705 2946 5757 vitiorum
2985 5705 3312 5774 impotentes,
3344 5703 3517 5756 surculi
3539 5710 3863 5772 contempto-

2271 5790 2365 5828 res.
2398 5774 2490 5829 Ms.
2519 5774 2932 5852 allcrkvitiorum
2960 5774 3246 5846 impotentis
3268 5775 3441 5830 sa’ruli
3462 5784 3861 5844 contemptores.
