4124 6350
206 429 222 447 ο
293 402 393 456 457

1320 399 1405 452 DE
1447 397 1604 451 VITA
1642 394 2213 453 CONTEMPLATIVA
2258 398 2383 452 LIB.
2427 399 2489 452 ll.

3438 402 3542 460 458

292 520 603 567 sectatores.
642 509 766 567 llaec
810 519 932 566 sunt
984 525 1087 566 non
1133 510 1367 563 omnium
1387 554 1399 575 ,
1429 507 1522 562 sed
1554 517 1860 561 sanctorum
1888 507 1939 568 Α
1966 504 2242 576 Evangelia
2262 509 2423 563 vivere
2444 506 2629 575 (Ibid.,
2658 506 2772 578 ll).
2808 508 2879 563 De
2916 508 3206 579 Evangelio
3246 511 3429 567 vivunt
3453 517 3545 583 qui

293 613 489 658 sancta:
513 604 769 669 virtutes;
794 620 897 659 non
922 604 1141 658 divitum
1172 602 1546 671 superborum,
1577 599 1671 654 sed
1695 598 1867 653 humi-

295 699 422 754 lium
474 713 761 768 pauperum
813 699 1117 762 facultates;
1168 695 1548 766 patrimonium
1587 693 1867 757 cordium,

1973 600 2105 654 nihil
2127 602 2397 670 proprium
2429 600 2627 657 habere
2668 602 2882 669 volunt,
2914 602 3003 673 qui
3033 618 3132 658 nec
3179 604 3396 672 habent,
3445 622 3546 663 nec

1975 692 2173 749 habere
2199 693 2397 763 aliquid
2427 696 2840 766 concupiscunt;
2864 712 2970 753 non
3002 712 3240 763 suorum,
3273 700 3365 755 sed
3396 716 3549 754 com-

295 791 495 847 divitiaa
525 790 953 860 incorruptibiles
983 805 1214 858 morum,
1249 788 1440 858 quibus
1464 802 1570 842 non
1598 785 1873 840 abundant
1973 787 2212 841 munium
2262 800 2620 854 possessores.
2670 788 2805 854 Quid
2858 797 2941 843 est
2989 790 3131 845 aliud
3162 790 3227 846 de
3258 789 3550 863 Evangelio

298 893 323 921 ο
358 884 457 939 nisi
488 884 577 953 qui
612 883 718 937 illis
746 882 1049 938 carnalibus
1092 897 1159 938 ex
1181 880 1343 937 corde
1384 880 1709 935 renuntiant.
1742 878 1874 945 Quae
1976 879 2186 944 vivere,
2215 878 2317 933 nisi
2348 879 2674 934 laborantem
2707 879 2831 934 inde
2872 879 2963 935 ubi
2993 880 3205 937 laborat
3248 884 3552 938 necessaria

299 972 545 1044 quamvis
570 982 625 1027 et
651 972 765 1042 ipsa
798 982 904 1027 sunt
932 976 1099 1038 bona,
1130 981 1311 1041 utpote
1350 987 1381 1025 a
1417 970 1556 1025 bono
1588 970 1696 1024 Deo
1720 983 1873 1024 crea-

1979 971 2103 1027 vitae
2127 973 2439 1041 percipere?
2471 972 2758 1042 Apostolus
2785 983 2995 1037 tamen,
3044 974 3134 1042 qui
3184 975 3261 1029 sic
3305 975 3550 1047 Evange-

301 1072 385 1129 ta;
419 1074 593 1118 tamen
622 1064 745 1132 quia
776 1071 902 1117 sunt
932 1063 1085 1118 bonis
1113 1062 1377 1131 malisque
1414 1061 1734 1126 communia,
1766 1069 1878 1113 stu-
1978 1065 2106 1121 lium
2138 1065 2472 1135 praedicavit,
2529 1074 2587 1119 ut
2630 1080 2728 1120 nec
2773 1065 2840 1120 de
2887 1066 3175 1137 Evangelia
3201 1072 3425 1137 viveret,
3459 1072 3555 1127 sed

298 1156 428 1211 dent
456 1170 519 1211 ea
548 1155 848 1225 spirituales
875 1156 973 1209 viri
1004 1164 1374 1219 contemnere,
1422 1169 1529 1223 quo
1558 1152 1765 1221 possint
1811 1149 1878 1206 ad

303 1248 389 1303 illa
417 1246 899 1316 incomparabiliter
921 1247 1160 1314 meliora,
1183 1261 1303 1316 quae
1324 1254 1453 1300 sunt
1477 1244 1738 1299 bonorum
1764 1258 1879 1297 om-

304 1342 446 1395 nium
474 1341 705 1410 propria,
734 1340 1012 1410 pervenire
1041 1357 1056 1394 :
1082 1341 1335 1410 quoniam
1380 1354 1483 1393 non
1512 1347 1597 1394 est
1636 1338 1741 1392 tale
1787 1336 1881 1391 bo-

307 1450 436 1489 num
459 1434 602 1505 quod
632 1435 829 1489 habent
858 1444 911 1489 et
945 1433 1094 1501 mali,
1120 1434 1278 1504 quale
1304 1433 1430 1489 illud
1472 1442 1552 1488 est
1582 1430 1721 1501 quod
1777 1443 1881 1483 non

305 1527 506 1583 habent
539 1526 569 1565 ι»
600 1527 701 1581 nisi
735 1527 880 1581 boni.

1983 1157 2283 1212 necessaria
2314 1157 2415 1212 sibi
2442 1157 2554 1212 suis
2581 1156 2826 1211 manibus
2855 1157 3198 1224 ministraret,
3228 1159 3294 1214 de
3334 1176 3393 1216 se
3430 1176 3558 1217 con-

1984 1247 2208 1303 ﬁdenter
2242 1250 2256 1298 l
2295 1249 2604 1317 eloquitur:
2648 1246 2760 1317 Ego
2806 1255 2973 1302 autem
3028 1246 3169 1302 nullo
3215 1248 3398 1304 horum
3441 1268 3560 1306 usus

1985 1358 2117 1396 sum.
2151 1341 2215 1395 Et
2240 1356 2403 1409 quare
2429 1340 2530 1395 hoc
2572 1340 2795 1407 dixerit,
2840 1348 3054 1395 secutus
3092 1342 3302 1412 aperuit
3323 1341 3508 1399 dicens
3540 1362 3560 1399 τ

1988 1432 2210 1503 Expedit
2233 1434 2359 1487 mihi
2381 1436 2541 1505 magis
2570 1434 2698 1488 mori
2722 1451 2875 1504 quam
2916 1443 2972 1488 ut
2998 1436 3214 1505 gloriam
3247 1453 3412 1491 meam
3450 1441 3565 1507 quis

1988 1534 2190 1580 evacuet
2219 1525 2404 1597 (lbid.,
2444 1526 2554 1597 15).
2588 1526 2615 1564 ιι
2646 1526 2904 1581 Evacuari
2950 1527 3079 1582 dicit
3121 1530 3343 1599 gloriam
3386 1547 3561 1599 suam,

381 1620 432 1673 ὅ.
457 1617 746 1685 Corporale
777 1618 972 1672 bonum
1003 1617 1215 1687 quando
1254 1616 1451 1671 habent
1492 1618 1679 1687 iniqui,
1728 1617 1888 1687 ipso-
1991 1617 2037 1670 si
2068 1617 2135 1670 ab
2177 1616 2255 1670 eis
2284 1617 2476 1686 quibus
2504 1617 2829 1686 praedicabat
2865 1618 3123 1674 voluisset
3164 1622 3403 1691 accipere
3442 1625 3566 1679 vitm

306 1725 423 1765 rum
454 1716 536 1764 est
562 1709 861 1777 praemium,
898 1720 920 1746 ο
955 1710 1168 1778 quando
1216 1708 1412 1762 habent
1447 1708 1599 1775 justi,
1652 1722 1756 1761 non
1808 1715 1891 1761 est

311 1817 494 1857 corum
528 1800 825 1866 premium,
858 1800 951 1853 sed
984 1799 1275 1865 temporale
1304 1800 1576 1853 solatium.
1605 1798 1731 1852 Item
1764 1796 1887 1851 boni

1998 1705 2017 1744 ι
2049 1708 2340 1777 corporalis
2368 1722 2700 1777 expensam;
2734 1709 2949 1765 nolebat
2984 1712 3180 1782 quippe
3220 1713 3271 1768 in
3313 1715 3569 1784 praesenti

1998 1798 2192 1854 laboris
2220 1799 2301 1853 sui
2324 1798 2573 1867 fructum,
2606 1800 2699 1855 sed
2728 1803 2778 1855 in
2809 1802 2983 1857 futuro
3023 1804 3280 1873 recipere.
3335 1807 3389 1863 Si
3438 1824 3567 1879 ergo

314 1893 621 1967 temporalis
672 1892 891 1948 amissio
942 1892 1001 1946 tit
1046 1892 1358 1947 exercitium
1395 1892 1558 1961 justi,
1609 1899 1664 1945 et
1705 1890 1885 1957 injusti
1915 1883 1965 1943 B
1991 1889 2078 1943 ille
2109 1890 2199 1959 qui
2228 1890 2356 1943 nihil
2390 1890 2637 1957 habebat,
2687 1892 2853 1947 noluit
2879 1893 2947 1949 de
2986 1894 3274 1966 Evangelio
3302 1899 3391 1953 ubi
3422 1899 3571 1957 labo-

314 1985 628 2056 supplicium
660 1984 821 2053 :quia
849 1994 901 2038 et
938 1982 1113 2051 justus
1153 1983 1420 2038 desiderio
1467 1983 1761 2037 caelestium
1805 1998 1893 2038 ca-

315 2076 687 2147 ptus,‘omnia
735 2076 1047 2143 temporalia
1100 2075 1215 2129 sive
1256 2076 1468 2141 habeat,
1514 2077 1624 2131 sive
1663 2077 1891 2141 amittat,

313 2170 532 2223 omnino
557 2184 661 2222 non
690 2169 877 2231 sentit;
913 2178 967 2222 et
987 2168 1198 2236 iniquus
1221 2167 1361 2236 quod
1396 2182 1516 2221 cum
1536 2167 1894 2223 “delectatione

314 2256 340 2295 ά
360 2258 537 2323 habet,
554 2260 668 2313 sine
692 2259 879 2313 dolore
908 2274 1010 2313 non
1040 2259 1229 2328 perdit.
1250 2260 1471 2328 Propter
1504 2260 1601 2315 hoc
1629 2262 1787 2330 igitur
1815 2262 1894 2317 eis

313 2353 402 2423 qui
431 2352 654 2405 militant
682 2350 793 2406 Deo
818 2349 1082 2420 fugiendae
1110 2362 1315 2407 suntex
1349 2361 1460 2406 toto
1484 2353 1645 2407 corde
1671 2353 1892 2420 divitiae,

314 2458 447 2515 quas
466 2444 555 2513 qui
580 2442 776 2497 habere
826 2442 1029 2506 volunt,
1086 2442 1205 2499 sine
1251 2443 1434 2499 labore
1482 2460 1585 2499 non
1631 2456 1895 2514 quaerunt,

314 2538 434 2593 sine
475 2535 786 2613 difﬁcultate
808 2552 913 2592 non
950 2536 1225 2591 inveniunt
1258 2580 1273 2604 ,
1313 2538 1431 2591 sine
1457 2552 1583 2591 cura
1633 2552 1739 2591 non
1780 2551 1899 2593 ser-

314 2636 465 2694 vant,
522 2627 638 2682 sine
666 2628 822 2681 anxia
868 2626 1224 2682 delectatione
1271 2642 1375 2681 non
1422 2628 1736 2697 possident,
1779 2630 1901 2685 sine

316 2720 507 2775 dolore
547 2734 653 2773 non
694 2719 940 2789 perdunt.
965 2720 1252 2788 Apostolus
1280 2728 1459 2775 autem
1491 2721 1685 2776 Christi
1717 2722 1900 2777 militi-

317 2812 423 2867 bus
452 2820 475 2848 °
502 2810 630 2866 dicit
678 2828 691 2864 :
748 2809 878 2864 Volo
916 2826 1003 2865 vos
1030 2812 1139 2866 sine
1167 2812 1513 2867 sollicitudine
1561 2830 1669 2867 esse
1699 2814 1750 2883 (1
1782 2814 1899 2870 Cor.

318 2919 421 2970 vn,
446 2902 538 2973 52)
566 2920 579 2967 ;
612 2912 700 2972 et,
748 2902 917 2957 Radix
958 2906 1182 2958 omnium
1231 2907 1483 2959 mulorum
1534 2917 1605 2962 est
1647 2910 1903 2971 avaritia:

319 3011 475 3066 quam
503 2994 704 3064 quidam
729 3002 1019 3062 appetentes
1049 3005 1337 3050 erraverunt
1378 3015 1409 3050 a
1434 2999 1553 3067 ﬁde,
1587 3010 1633 3053 et
1673 3001 1904 3055 inserue-

320 3095 447 3141 runt
476 3100 528 3139 se
548 3085 807 3139 doloribus
829 3086 1002 3141 multis
1024 3084 1075 3156 (Ι
1103 3086 1232 3140 Tim.
1266 3102 1337 3152 vt.
1364 3087 1477 3157 l0).
1503 3093 1579 3143 Ac
1607 3091 1683 3144 sic
1712 3073 1936 3147 census.

1997 1982 2169 2047 rabat,
2200 1982 2295 2037 sed
2321 1983 2431 2038 suis
2475 1983 2717 2039 manibus
2758 1985 2973 2051 vivere,
3002 1996 3039 2023 ω
3081 2003 3150 2043 ne
3196 1990 3416 2059 gloriam
3459 2008 3572 2048 sua:

1997 2075 2265 2131 mercedis
2292 2076 2593 2140 amitteret;
2626 2075 2749 2146 quid
2782 2092 2897 2143 nos,
2933 2079 3023 2147 qui
3062 2088 3116 2135 et
3159 2082 3373 2151 propria
3420 2086 3575 2140 nolu-

1996 2180 2115 2221 mus
2142 2180 2324 2221 amore
2351 2166 2681 2235 possidendi,
2717 2183 2821 2222 non
2862 2170 3071 2225 vivendi
3104 2173 3440 2242 necessitate,
3486 2191 3575 2232 re-
3634 2238 3637 2241 ,

1997 2258 2273 2328 linquere,
2320 2268 2376 2315 et
2412 2259 2655 2328 accipere
2696 2260 2914 2331 insuper
2955 2266 3230 2333 volumus,
3278 2281 3383 2321 non
3431 2269 3573 2325 unde

1997 2350 2280 2414 vivamus,
2338 2349 2434 2405 sed
2483 2350 2625 2407 unde
2677 2366 2894 2407 censum
2934 2365 3174 2410 nostrum
3230 2356 3576 2417 incrementis

2000 2441 2393 2497 damnabilibus
2424 2445 2747 2513 augeamus?

2597 2536 2823 2592 CAPUT
2876 2538 2989 2593 XV.

2004 2626 2082 2681 De
2104 2626 2404 2697 cupiditate,
2427 2627 2644 2697 qualiter
2665 2629 2735 2681 eis
2770 2626 2898 2695 quas
2936 2634 3090 2686 semel
3129 2634 3365 2687 invaserit
3410 2636 3580 2707 domi:

2709 2708 2872 2782 netttr.

2026 2832 2031 2833 ί
2076 2813 2132 2871 l.
2152 2812 2313 2869 Iubet
2340 2821 2369 2849 ιι
2398 2827 2525 2868 ecce
2554 2812 2707 2868 nobis
2740 2812 3025 2882 imperiosa
3051 2816 3331 2885 cupiditas,
3362 2827 3416 2872 ut
3440 2827 3464 2855 ο
3494 2819 3578 2874 di-

2007 2906 2125 2961 vina
2155 2905 2620 2977 parvipendentes,
2640 2906 3039 2975 possessionum
3070 2910 3400 2964 terrestrium
3429 2911 3581 2966 dam-

2009 3015 2138 3056 nosa
2168 3000 2479 3069 compendia
2501 3000 2815 3069 cogitemus,
2850 3010 2879 3049 Ρ
2919 3009 2978 3055 ut
3007 3000 3060 3055 in
3090 3002 3167 3057 eis
3194 3012 3357 3057 totam
3386 3004 3584 3060 sollici-

2012 3097 2247 3149 tudinem
2274 3109 2562 3163 curamque
2590 3108 2869 3161 ponamus,
2903 3104 2931 3143 ίι
2960 3103 3017 3149 ut
3046 3095 3166 3150 inde
3201 3112 3299 3149 nos
3345 3098 3584 3153 morbida

330 3174 349 3214 π
386 3175 489 3232 ista
511 3185 753 3231 terrenus
780 3177 859 3233 eis
884 3191 914 3230 a
940 3177 1133 3247 quibus
1162 3178 1351 3234 vitiose
1382 3178 1639 3247 diligitur,
1681 3198 1785 3237 non
1825 3192 1909 3238 est
1956 3253 1977 3255 _
2012 3187 2241 3240 vanitate
2274 3185 2556 3254 jactemus,
2588 3193 2647 3239 ut
2688 3185 3038 3252 amplitudine
3089 3187 3393 3255 patrimonii
3433 3190 3591 3245 dill‘u-

260 3307 268 3315 .
324 3269 659 3339 voluptatum
707 3270 952 3335 materia,
993 3269 1088 3324 sed
1135 3270 1401 3324 dolorum.
1444 3270 1786 3341 Quapropter
1814 3289 1907 3328 ex-
1935 3253 1984 3317 ο
2013 3279 2170 3333 sioris
2200 3253 2346 3343 elati,
2400 3276 2512 3330 ﬁeri
2555 3289 2814 3343 pauperes
2856 3275 3045 3343 spiritu
3090 3253 3435 3346 negligamus.
3478 3290 3498 3315 τ
3544 3281 3588 3333 0

328 3361 484 3433 pedit
507 3361 780 3417 facultates
807 3362 1047 3417 ecclesias
1078 3371 1103 3409 Β
1128 3363 1421 3431 possideri,
1469 3373 1526 3417 ut
1566 3364 1689 3418 inde
1731 3367 1913 3419 vivant

328 3456 429 3526 qui
475 3471 580 3512 non
623 3456 857 3521 saeculo,
900 3457 1052 3525 cujus
1101 3457 1291 3526 gaudia
1344 3457 1560 3527 fugitiva
1610 3459 1911 3529 repudiant,

327 3550 429 3605 sed
461 3551 571 3608 Deo
597 3550 627 3589 ¹¹
670 3553 954 3620 serviunt,
1000 3552 1150 3621 cujus
1192 3550 1472 3607 ineffabilia
1514 3551 1652 3607 bona
1701 3551 1913 3609 deside-

329 3650 479 3698 rant.

923 3733 1145 3792 CAPUT
1186 3735 1325 3791 XIV.

337 3824 575 3892 Qualiter
612 3826 921 3897 intelligatur
946 3830 1083 3897 quod
1111 3828 1234 3881 dicit
1273 3830 1579 3898 Apostolus,
1617 3831 1713 3895 Qui
1744 3833 1797 3885 in
1824 3848 1913 3888 sa-
1954 3822 1961 3823 ί

483 3898 647 3950 crario
668 3908 962 3973 operantur,
984 3913 1096 3968 qua:
1122 3899 1186 3952 de
1205 3903 1429 3954 sacrario
1450 3912 1564 3955 sunt
1596 3904 1770 3956 edunt.

413 4010 491 4065 De
511 4010 703 4067 talibus
730 4010 907 4067 dicere
928 4012 1139 4068 videtur
1169 4014 1455 4083 Apostolus
1482 4033 1491 4067 :
1530 4017 1628 4080 Qui
1662 4019 1714 4070 in
1749 4002 1907 4071 sacra.

338 4106 422 4158 rio
450 4114 741 4175 operantur,
769 4121 880 4172 qua:
900 4106 961 4159 de
991 4107 1217 4159 sacrario
1236 4116 1356 4161 sunt
1383 4108 1559 4172 edunt,
1591 4120 1637 4163 et
1664 4111 1751 4178 qui
1781 4111 1920 4163 alta-

340 4197 422 4249 rio
444 4196 745 4261 deserviunt,
780 4194 797 4232 ί
825 4212 942 4249 cum
963 4198 1149 4250 altario
1169 4199 1473 4267 participant
1498 4198 1547 4269 (Ι
1574 4200 1914 4271 (.‘or.tx,15).

341 4286 449 4355 Qui
503 4288 605 4343 nisi
634 4288 733 4343 hoc
756 4288 823 4343 de
857 4289 1312 4359 contemptoribus
1358 4290 1659 4345 facultatum
1704 4307 1919 4349 suarum

344 4381 511 4436 vellet
535 4382 774 4452 intelligi,
804 4396 1073 4451 nunquam
1104 4391 1319 4437 secutus
1360 4382 1717 4453 adjungeret:
1750 4382 1838 4437 Ita
1873 4393 1921 4439 et

348 4470 491 4526 Deus
531 4470 782 4526 ordinavit
818 4472 896 4528 his
945 4474 1031 4543 qui
1080 4472 1415 4544 anngelium
1468 4475 1814 4543 annuntiant,
1860 4477 1925 4531 de

2017 3369 2217 3423 facinus
2259 3362 2587 3421 inauditum!
2637 3365 2796 3421 Suavi
2836 3366 2964 3434 jugo
3010 3364 3208 3420 Christi
3262 3378 3587 3440 contempto,

2018 3461 2247 3516 ferreum
2300 3458 2602 3529 cupiditatis
2651 3458 2932 3527 imperium
2988 3458 3286 3515 voluntaria
3333 3464 3590 3518 mentium

2018 3554 2361 3609 inclinatione
2409 3550 2776 3620 suscipimus;
2832 3560 2885 3606 et
2936 3551 3144 3606 Domini
3192 3555 3362 3609 nostri
3414 3563 3434 3589 ·
3488 3556 3593 3610 levi

2019 3661 2221 3712 onere,
2269 3644 2412 3717 quod
2457 3643 2726 3713 subjectos
2771 3656 2877 3697 non
2924 3652 3145 3710 onerat,
3194 3644 3289 3701 sed
3328 3647 3590 3715 sublevat,

2018 3735 2352 3810 posthabito,
2404 3734 2710 3805 plumbeum
2765 3734 2972 3804 pondus
3038 3736 3233 3791 nostris
3296 3739 3595 3795 cervicibus

2025 3832 2043 3865 ι
2073 3842 2409 3899 aggeramus,
2435 3825 2577 3895 quod
2608 3824 2764 3879 citius
2794 3834 2966 3893 potest
2995 3826 3189 3895 deponi
3219 3842 3379 3897 quam
3426 3828 3551 3884 ferri
3578 3848 3593 3883 :

2023 3922 2144 3991 quia
2173 3929 2226 3974 et
2252 3921 2363 3988 ipsa
2390 3916 2673 3987 cupiditas,
2704 3932 2822 3986 qua:
2853 3917 3005 3973 nobis
3031 3918 3219 3988 subjici
3247 3920 3387 3975 ultro
3407 3921 3595 3975 volen-

2026 4017 2165 4072 tibus
2194 4015 2293 4068 hoc
2319 4012 2524 4081 pondus
2553 4010 2808 4079 imponit,
2859 4011 3127 4065 contemni
3176 4019 3351 4078 potest
3390 4010 3599 4067 facilius

2026 4124 2181 4180 quam
2210 4106 2527 4175 expleri;et
2552 4104 2671 4157 ideo
2699 4102 2788 4171 qui
2840 4116 2901 4156 se
2947 4102 3022 4155 illi
3063 4102 3303 4156 volentes
3352 4103 3599 4158 dederint

2022 4197 2372 4269 expugnanti,
2413 4196 2737 4249 voluntatem
2786 4190 3067 4246 resistendi
3118 4191 3342 4245 ulterius
3370 4206 3476 4245 non
3507 4192 3601 4246 ha-

2024 4293 2224 4349 bebunt
2262 4287 2534 4359 tyrannice
2562 4283 2878 4339 dominanti.
2913 4283 2978 4337 Et
3001 4283 3099 4337 hoc
3129 4282 3185 4337 ﬁt
3207 4283 3353 4353 justo
3380 4286 3475 4339 Dei
3506 4286 3599 4355 ju-

2026 4385 2189 4451 dicio,
2225 4392 2285 4437 ut
2311 4381 2401 4451 qui
2429 4378 2709 4447 cupiditati
2748 4375 2999 4431 resistere
3028 4386 3056 4414 ιι
3085 4375 3351 4433 noluimus
3386 4377 3593 4448 ingres-

2028 4492 2188 4545 surte,
2216 4474 2326 4545 jam
2355 4472 2607 4527 resistere
2642 4483 2968 4539 nequeamus
3005 4470 3277 4540 ingressa.

428 4666 458 4695 '|
478 4656 820 4731 ⁸ξῦάἰιξη-ηἱιὶ
867 4656 945 4710 illi
984 4656 1071 4725 qui
1112 4658 1237 4713 illis.
1270 4657 1394 4731 Mss.
1422 4664 1648 4728 quatuor
1673 4657 1925 4713 omittunt
1950 4662 2004 4724 D
2100 4666 2123 4695 ο
2152 4658 2248 4731 Ms.
2273 4657 2400 4726 Reg.
2434 4618 2591 4731 unus,
2623 4616 2797 4731 divina
2824 4659 3077 4723 praecepta
3103 4651 3544 4731 parvipendentes.

342 4729 450 4785 illi.
477 4728 572 4783 Ms.
609 4728 764 4783 Colb.
797 4742 965 4792 unus,
994 4743 1107 4794 qua:
1135 4746 1237 4783 non
1260 4728 1377 4782 aliis
1407 4733 1615 4795 dantur,
1640 4731 1737 4781 nisi
1764 4732 1871 4797 qui.

419 4799 450 4837 δ
480 4800 605 4855 Mss.
632 4799 761 4867 duo,
792 4798 971 4867 iniqui.
996 4798 1093 4852 Ms.
1127 4800 1283 4865 alter,
1312 4800 1447 4866 quod
1476 4799 1659 4853 habent
1681 4800 1815 4852 boni.

423 4880 448 4909 θ
480 4870 576 4925 Ms.
617 4884 782 4935 unus,
808 4867 1013 4940 quando
1042 4878 1231 4925 autem.
1278 4869 1412 4924 Tum
1456 4886 1557 4925 ms.
1604 4870 1740 4924 alter
1778 4878 1926 4925 caret

345 4942 453 4997 hac
479 4956 642 5008 voce,
670 4956 865 4995 eorum.

420 5010 450 5049 ἀ
482 5011 608 5065 Mss.
642 5020 866 5080 septem,
892 5012 1090 5066 habuit.

427 5090 453 5119 ο
482 5082 584 5135 Ms.
620 5096 774 5147 unus,
806 5081 953 5135 dixit.

427 5150 449 5191 ί
482 5151 579 5205 Ms.
611 5167 769 5217 unus,
794 5166 973 5206 census
999 5152 1297 5221 aestimatus,
1325 5152 1418 5206 iste
1448 5160 1691 5207 terrenus.

426 5232 453 5293 ξ
481 5221 606 5293 Mss.
640 5232 886 5293 quatuor,
913 5224 1191 5293 possidere.

424 5288 603 5363 1sts.
634 5288 878 5360 quatuor,
911 5288 1219 5347 deserviunt.

430 5360 450 5400 ί
486 5360 612 5435 Mss.
643 5372 776 5435 tres,
806 5376 925 5435 cum
965 5366 1150 5419 altario
1190 5364 1577 5435 participantur.
1621 5362 1747 5418 Mss.
1799 5361 1931 5427 duo,

346 5450 469 5491 cum
499 5434 653 5488 altari
680 5433 1072 5504 participantur.
1193 5433 1199 5435 ⁷
1398 5456 1407 5465 ί

430 5504 447 5577 ξ
482 5504 609 5577 Mss.
632 5503 737 5558 duo
763 5503 919 5577 Beg.,
952 5507 1195 5577 loquitur.

429 5573 457 5647 ¹ξ
488 5575 562 5647 ita
588 5590 715 5630 mss.
747 5573 866 5639 duo
883 5573 1025 5647 Heg.
1047 5577 1147 5631 Alii
1174 5592 1294 5632 cum
1322 5575 1498 5644 editis,
1531 5591 1789 5630 evacuare.

434 5644 455 5682 ι
487 5645 615 5700 Mss.
636 5647 898 5716 quinque,
930 5644 1245 5714 temporalis.

433 5726 473 5753 ω
502 5716 598 5790 Ms.
626 5716 782 5772 Colb.
804 5732 968 5790 Aunus,
997 5734 1060 5773 ne
1086 5720 1264 5790 gloria:
1292 5735 1399 5774 sua:
1419 5718 1713 5773 mercedem.
1765 5716 1935 5783 Alter,

356 5788 608 5841 mercedis
629 5803 735 5842 sua:
762 5786 996 5858 gloriam.

438 5870 460 5893 "
496 5859 620 5913 Mss.
655 5857 901 5927 quatuor,
932 5857 1063 5912 Ecce
1093 5862 1225 5915 enim
1240 5862 1384 5934 jubet
1415 5860 1575 5915 nobis.

649 5955 917 6015 Pas-non.
968 5952 1137 6015 LIX.

2103 4740 2129 4777 P
2158 4730 2252 4783 Ms.
2288 4725 2444 4790 unus,
2476 4738 2520 4778 et
2544 4727 2595 4778 in
2624 4725 2713 4778 eis.

2020 4852 2023 4855 ,
2102 4809 2129 4847 (ι
2153 4800 2249 4855 Ms.
2278 4797 2486 4861 Camh.,
2510 4797 2645 4849 unde
2666 4811 2776 4848 nos.

2108 4880 2136 4952 τ’
2163 4871 2287 4924 Mss.
2317 4866 2569 4937 qumque,
2596 4872 2641 4919 et
2669 4883 2696 4919 ο
2724 4865 2916 4935 facinus
2933 4881 2953 4930 ;
2981 4879 3207 4933 quorum
3239 4864 3365 4934 duo,
3414 4876 3463 4920 et
3510 4868 3608 4922 hoc

2057 4956 2255 4993 acinus.

2035 4944 2259 5063 [πείηέξῖ
2287 5009 2497 5071 Camb.,
2528 5008 2618 5061 levi
2641 5008 2781 5060 oneri
2812 5005 2968 5075 (quod
2996 5007 3246 5078 subjectos
3275 5023 3373 5059 non
3408 5020 3604 5075 onerat,

2035 5081 2122 5135 sed
2152 5081 2387 5141 honorat,
2419 5094 2505 5131 nec
2544 5078 2780 5148 deprimit
2819 5078 3046 5139 omnino,
3099 5078 3185 5129 sed
3212 5078 3455 5147 sublevat)
3485 5080 3607 5131 sub-

2027 5153 2123 5223 jici
2148 5151 2545 5223 contemnimus;
2592 5150 2686 5201 hoc
2725 5163 2842 5217 ergo
2873 5150 2966 5199 levi
2986 5164 3150 5223 oncreﬂ
3164 5148 3469 5223 posthabito,
3498 5157 3604 5223 etc.

2039 5216 2117 5275 Ad
2179 5222 2317 5275 hunc
2362 5220 2623 5274 accedunt
2665 5216 2793 5273 mss.
2842 5228 3066 5284 quatuor
3112 5218 3266 5271 Colb.
3314 5227 3363 5271 et
3411 5216 3608 5284 Regius

2036 5306 2196 5358 unus,
2227 5300 2447 5359 excepto
2473 5292 2609 5359 quod
2638 5304 2772 5344 unus
2793 5304 2857 5359 es
2881 5288 3032 5359 Colb.
3063 5287 3220 5359 habet
3239 5288 3327 5359 sed
3346 5286 3608 5359 sublimat.

2040 5356 2237 5429 Regius
2265 5356 2399 5415 alter
2420 5356 2502 5415 sic
2529 5361 2685 5414 habet
2711 5376 2723 5411 :
2750 5368 2795 5411 et
2829 5358 3034 5409 Domini
3055 5358 3215 5429 nostri
3235 5357 3343 5429 leve
3364 5370 3490 5407 onus
3518 5356 3606 5423 {u-

2043 5425 2228 5503 ginius,
2260 5432 2392 5499 quod
2415 5433 2665 5503 subjectos
2705 5445 2804 5503 non
2851 5436 3043 5503 onerat,
3086 5425 3176 5476 sed
3225 5425 3610 5503 honorat;__nec

2044 5492 2281 5574 "deprimit-
2307 5492 2531 5563 omnino',
2553 5503 2641 5554 sed
2660 5498 2903 5574 subleuat,
2942 5496 3037 5574 (ξος
3078 5508 3215 5562 ergo.
3267 5492 3368 5574 Alii
3397 5496 3611 5574 codices

2047 5566 2327 5638 habebant,
2360 5574 2463 5625 lere
2491 5588 2618 5625 onus
2646 5569 2854 5640 superbe
2878 5566 3166 5636 reficimus;
3193 5571 3385 5620 caetera
3434 5575 3490 5622 ut
3533 5567 3613 5623 illi

2044 5644 2133 5715 qui
2163 5658 2285 5697 mox
2310 5643 2558 5697 citantur.

2120 5715 2136 5748 ί
2172 5714 2296 5768 Mss.
2325 5714 2452 5768 duo.
2484 5712 2766 5768 auaerimus

2123 5731 2136 5748 ι
2172 5731 2296 5768 mss.
2325 5731 2452 5777 auo,
2484 5731 2786 5783 aggerrmus.

2115 5792 2142 5820 “
2171 5784 2297 5840 Mss.
2327 5786 2583 5853 quinque,
2616 5780 2869 5835 nolumus.

3152 5940 3225 6003 15
