4124 6350
441 341 607 443 μεθ

1830 334 2088 425 tumul
2125 335 2405 394 POMEltli

453 471 455 474 ‘
571 458 629 511 2.
663 456 707 511 0
729 436 1083 526 plangendum
1107 452 1481 508 miserabiliter
1528 450 1724 509 mentis
1768 461 2082 524 expugnata:
2108 452 2161 515 Δ
2187 462 2335 522 nuat,
2372 453 2591 510 virtutes
2618 464 2842 526 augeat,
2872 463 2926 512 et
2965 470 3067 526 pro
3111 456 3435 523 carnalibus,
3488 471 3609 526 quae
3636 473 3762 514 con-

504 559 533 589 ι
563 546 871 607 servitium!
902 548 946 602 0
974 543 1364 601 intolerandum
1390 542 1417 583 b
1449 545 1792 602 daemoniaem
1816 544 2081 615 cupidita~

505 643 570 698 tis
603 640 911 712 imperium!
946 646 1086 695 utex
1111 636 1355 694 hostibus
1400 637 1517 695 suis
1537 651 1672 707 quos
1699 646 1878 707 potest
1905 648 1929 678 ο
1964 637 2081 693 vin-

502 749 646 800 cere,
677 732 909 789 victores
928 730 1086 789 faciat
1111 744 1263 797 suos,
1296 729 1557 801 promittit
1595 729 1853 800 ingentia,
1898 738 1952 788 et
1993 729 2083 787 ho-

500 840 690 881 norum
720 822 1094 894 temporalium
1125 822 1507 901 pollicitatione
1548 821 1825 892 deceptus,
1857 821 2081 891 impellit

495 917 609 988 :am
649 916 877 977 miseros
916 930 979 973 ac
1030 914 1365 983 miserandos
1394 916 1446 971 in
1485 915 1683 985 turpia.
1709 912 1738 957 ἀ
1773 914 1940 975 Tenet
1981 928 2081 973 nos

496 1009 767 1066 lucrorum
795 1008 1079 1081 pmnaliter
1112 1007 1347 1064 dulcium
1376 1007 1579 1065 catenis
1619 1006 1881 1072 addictos,
1926 1015 1981 1062 et
2023 1006 2078 1064 in

496 1115 595 1159 sua
622 1098 825 1157 ditione
851 1099 1129 1172 captivos;
1156 1112 1257 1159 nec
1295 1095 1462 1154 trahit
1510 1097 1728 1163 invitos,
1777 1096 1894 1167 sed,
1936 1096 2078 1167 quod

494 1200 581 1249 est
618 1189 875 1258 deterius,
909 1198 1269 1261 °quocuuque
1319 1189 1569 1257 voluerit,
1620 1189 1862 1247 volentes
1907 1188 2074 1249 ducit.

496 1281 682 1339 Vastat
717 1279 739 1320 ί
765 1283 819 1343 in
848 1282 1001 1338 nobis
1030 1281 1285 1355 quidquid
1309 1282 1640 1341 verecundia
1665 1297 1728 1339 ac
1757 1282 1973 1352 pudoris
2003 1282 2079 1338 in-

507 1375 751 1453 venerit;
782 1382 837 1430 et
859 1389 994 1447 quos
1013 1373 1125 1444 jam
1158 1374 1267 1431 suis
1295 1374 1576 1444 triumphis
1622 1374 1847 1441 addixit,
1904 1372 2078 1433 adhuc

497 1478 751 1539 tanquam
795 1476 821 1515 δ
861 1466 1212 1537 resipiscendi
1265 1474 1546 1537 suspectos
1584 1466 1832 1525 omnibus
1873 1466 2077 1522 viribus

493 1559 792 1619 honestatis
816 1568 1056 1617 exarmat
1084 1574 1099 1613 :
1125 1573 1199 1617 ue
1224 1558 1436 1630 quando
1461 1566 1649 1617 contra
1673 1572 1792 1614 eam
1822 1556 1914 1627 qui
1964 1557 2073 1613 bel~

493 1650 607 1705 lare
651 1649 940 1716 noluimus,
971 1649 1318 1706 rebellemus.
1341 1650 1499 1719 Rapit
1520 1664 1638 1717 nos,
1673 1664 1736 1704 ac
1757 1649 1956 1718 passim
1978 1664 2075 1719 per

494 1742 670 1801 omnia
700 1741 1107 1812 acquisitionum
1136 1756 1335 1813 genera
1364 1741 1589 1811 cupidos
1637 1740 1947 1812 acquirendi
1992 1740 2074 1797 di-

2188 543 2428 611 tempsii,
2473 544 2769 614 spiritualia
2810 547 2947 602 bona
2982 546 3299 616 possideat!
3328 549 3381 603 in
3425 547 3509 602 bis
3535 562 3597 603 se
3629 547 3762 604 divi-

2186 633 2330 693 nitus
2355 633 2571 704 adjutus
2594 646 2883 705 exerceat,
2937 652 3001 695 ea
3046 653 3258 710 semper
3300 639 3657 710 amplectatur
3697 654 3761 697 ac

2182 723 2403 795 diligat;
2432 734 2487 782 et
2510 741 2618 783 non
2646 728 2821 785 solum
2876 730 3125 785 omnibus
3152 729 3276 785 aliis
3312 730 3759 788 delectationibus

2180 818 2315 885 suis,
2346 820 2441 877 sed
2468 822 2627 878 etiam
2657 822 2790 892 ipsis
2817 837 2930 878 suae
2974 824 3159 879 carnis
3187 823 3513 881 cruciatibus
3539 834 3759 896 «Repo-

2181 912 2311 971 nat?
2340 920 2396 967 ut
2420 913 2511 981 qui
2532 913 2661 969 nihil
2688 914 2795 969 sibi
2821 914 3037 986 reliquit
3066 915 3211 986 quod
3259 914 3570 973 formidaret
3598 918 3756 973 amit-

2182 1009 2313 1069 tere,
2344 1016 2411 1059 ea
2434 1018 2539 1073 pro
2562 1004 2757 1073 quibus
2778 1008 2956 1062 omnia
2978 1023 3103 1078 qua
3128 1007 3357 1065 habebat
3374 1007 3587 1079 abjeeit,
3613 1018 3757 1067 tanta

2182 1094 2305 1154 fidei
2332 1095 2584 1153 ﬁrmitate
2604 1099 2853 1165 retineat,
2884 1107 2945 1155 ut
2967 1101 3012 1156 si
3041 1114 3262 1159 necesse
3308 1100 3491 1169 fuerit,
3540 1117 3639 1173 pro
3679 1104 3757 1160 eis

2179 1185 2412 1244 libenter
2434 1203 2590 1244 suum
2621 1204 2819 1260 corpus
2848 1190 3139 1260 impendat.

2246 1276 2302 1335 9.
2355 1279 2587 1337 Proinde
2626 1296 2785 1351 quem
2828 1281 3137 1352 possidendi
3166 1292 3207 1321 ιι
3233 1283 3467 1339 deiectat
3508 1287 3749 1353 ambitio,

2180 1368 2376 1439 Deum,
2414 1373 2502 1440 qui
2560 1372 2797 1439 possidet
2841 1374 3023 1429 omnia
3062 1388 3185 1443 quae
3220 1374 3457 1440 creavit,
3505 1374 3753 1443 expedita

2178 1471 2356 1517 mente
2380 1463 2674 1532 possideat,
2706 1476 2760 1520 et
2792 1465 2844 1519 in
2876 1479 2941 1519 eo
2960 1465 3174 1520 habebit
3201 1479 3530 1535 quacunque
3556 1464 3754 1520 habere

2175 1561 2357 1609 sancto
2386 1553 2677 1611 desiderat.
2710 1554 2814 1613 Sed
2836 1556 3086 1627 quoniam
3116 1571 3274 1611 mmo
3301 1556 3540 1626 possidet
3561 1555 3745 1624 Deum,

2176 1647 2275 1703 nisi
2303 1648 2395 1716 qui
2421 1648 2727 1717 possidetur
2751 1664 2781 1703 a
2811 1650 2946 1715 Deo,
2974 1650 3046 1704 sit
3081 1650 3195 1719 ipse
3230 1649 3473 1718 primitus
3501 1649 3597 1704 Dei
3628 1663 3751 1718 pos-

2175 1739 2368 1804 sessio,
2395 1747 2449 1795 et
2478 1749 2506 1776 τι
2537 1740 2803 1797 efficietur
2823 1742 2873 1795 ei
2904 1741 3046 1797 Deus
3074 1756 3351 1812 possessor
3381 1750 3436 1796 et
3460 1741 3655 1811 portio.
3684 1741 3749 1796 Et

491 1834 713 1906 spergit.
746 1832 865 1887 Non
888 1831 1149 1904 permittit
1173 1832 1409 1889 animum
1458 1832 1707 1898 liberum,
1746 1848 1851 1889 non
1881 1833 2073 1890 stabile
2104 1837 2151 1898 Β
2175 1827 2301 1896 quid
2334 1838 2507 1897 potest
2532 1843 2599 1885 eo
2624 1840 2747 1887 esse
2772 1828 2986 1888 felicius
3005 1831 3092 1887 cui
3119 1830 3350 1886 efficitur
3376 1846 3505 1905 suus
3545 1829 3746 1885 Caudio

493 1939 711 1999 corpus,
740 1920 768 1961 ιι
796 1932 1019 1995 vagante
1043 1924 1223 1983 animo
1270 1923 1559 1992 mobiliter,
1594 1935 1685 1979 aut
1712 1925 1982 1996 quietum;
2011 1932 2073 1981 et

492 2017 640 2077 velut
669 2015 915 2087 quaedam
942 2014 1201 2071 cadavera
1230 2015 1285 2070 in
1330 2025 1545 2085 pastum
1584 2014 1713 2071 feris
1755 2014 1941 2072 avibus
1978 2016 2070 2073 be-

491 2106 716 2177 stiisque
743 2107 1000 2178 proiecta,
1028 2105 1269 2175 captivos
1321 2120 1450 2162 suos
1471 2106 1766 2163 immundis
1793 2108 2072 2178 spiritibus

494 2198 511 2236 ί
545 2196 703 2253 tradit
737 2212 844 2253 non
894 2197 1227 2264 lacerandos,
1271 2196 1367 2252 sed
1395 2196 1720 2253 avidissimis
1756 2198 2068 2256 mortifero-

488 2304 605 2346 rum
634 2289 915 2347 criminum
941 2289 1183 2345 faucibus
1213 2289 1581 2357 devorandos;
1637 2305 1737 2348 nec
1786 2300 1965 2348 tamen
2011 2304 2069 2349 ut

489 2388 611 2438 esse
630 2382 737 2451 jam
762 2382 1028 2448 desinant,
1062 2381 1154 2435 sed
1183 2390 1241 2436 ut
1268 2382 1547 2451 pmnaliter
1581 2382 1780 2438 vivant.
1826 2383 2067 2455 Denique

485 2477 540 2531 in
577 2476 712 2531 vivis
753 2476 925 2531 adhuc
967 2484 1181 2545 portant
1219 2475 1407 2532 funera
1436 2492 1529 2533 sua
1568 2476 1906 2546 corporibus,
1940 2476 1953 2525 i
2010 2477 2064 2531 id

486 2579 569 2624 est
597 2569 701 2627 vivi
729 2567 888 2625 simul
917 2576 973 2625 et
1002 2568 1219 2646 mortui.
1259 2568 1396 2624 Hinc
1434 2569 1682 2639 estquod
1726 2577 1945 2638 peccato
1987 2568 2067 2623 vi-

484 2672 671 2719 ventes
700 2671 957 2735 quantum
1008 2678 1106 2718 nos
1158 2673 1529 2733 congestarum
1588 2679 1747 2734 opum
1778 2663 1801 2699 ¹ί
1831 2663 2063 2719 oblectet

485 2754 744 2822 accessio,
777 2756 891 2827 ipsa
920 2753 1129 2810 fruendi
1158 2754 1460 2811 carnalibus
1498 2754 1854 2811 delectatione
1897 2755 2064 2812 senti-

482 2862 649 2913 mus;I
691 2856 746 2903 et
796 2856 1050 2917 quantam
1099 2848 1354 2909 virtutum
1398 2850 1758 2907 sustineamus
1804 2851 2061 2923 inopiam,

482 2939 635 3005 velut
662 2939 857 2995 mortui
885 2938 1168 2996 virtutibus
1197 2940 1523 3012 ignoramus.

1056 3052 1281 3110 CAPUT
1338 3053 1475 3109 XVI.

457 3138 461 3145 ’
483 3139 635 3215 Quod
661 3143 828 3200 Deum
855 3142 1131 3217 perfectius
1158 3142 1240 3197 illi
1265 3144 1562 3217 possideant
1588 3146 1677 3215 qui
1700 3150 1911 3201 terrenis
1939 3163 2059 3217 pes-

811 3212 1116 3270 sessionibus
1137 3229 1199 3268 ea:
1217 3212 1371 3273 corde
1397 3212 1714 3272 renuntiant.

546 3310 601 3364 1.
630 3307 759 3369 Haec
779 3314 904 3362 sunt
924 3302 943 3342 1
974 3314 1190 3376 propter
1214 3320 1357 3378 quae,
1379 3322 1485 3363 non
1508 3308 1790 3378 explendis
1814 3311 2053 3381 volupta-

477 3400 616 3459 tibus
650 3414 715 3456 ac
753 3397 1029 3463 fovendis,
1076 3396 1172 3453 sed
1221 3398 1607 3469 congregandis
1655 3399 1908 3456 fratribus
1960 3410 2055 3457 aut

475 3491 682 3548 alendis
703 3489 921 3559 expedit
942 3486 1222 3544 facultates
1248 3489 1493 3545 ecclesiae
1515 3490 1791 3559 possidere
1823 3509 1835 3543 :
1869 3499 1924 3547 ut
1950 3507 2053 3550 uno

477 3582 868 3643 sollicitudines
914 3581 1153 3637 omnium
1198 3580 1253 3636 in
1322 3595 1416 3635 sua
1460 3582 1714 3639 societate
1768 3583 2053 3641 viventium

473 3679 795 3745 sustinente,
826 3689 1015 3735 omnes
1044 3674 1135 3743 qui
1178 3672 1278 3729 sub
1316 3688 1381 3728 eo
1429 3682 1556 3731 sunt
1598 3677 1865 3732 fructuosa
1902 3690 2054 3733 veos»

472 3769 618 3824 tione
645 3768 915 3838 potiantur
942 3764 1291 3834 spiritualiter
1308 3772 1362 3818 et
1383 3765 1582 3837 quiete.
1609 3765 1736 3823 ideo
1758 3766 2055 3837 interposui

472 3856 617 3913 istud
645 3855 977 3923 adverbium,
1009 3854 1260 3925 quoniam
1289 3854 1384 3927 qui
1407 3855 1574 3911 otiosa
1603 3856 1782 3926 quiete
1814 3857 2047 3927 perfrui-

472 3953 583 4019 tur,
616 3948 719 4007 nisi
746 3947 1095 4021 spiritualiter
1142 3947 1355 4016 vixerit,
1396 3964 1546 4005 more
1592 3949 1855 4020 pecudum
1900 3951 2047 4008 vivit.

471 4042 542 4101 Et
571 4043 692 4101 ideo
722 4043 766 4098 is
787 4056 945 4114 quem
966 4041 1115 4097 nulla
1140 4056 1416 4123 corporeae
1441 4044 1774 4100 necessitatis
1793 4059 1922 4101 cura
1940 4046 2049 4102 sol-

471 4135 662 4200 licitat,
692 4136 835 4190 nulla
861 4135 1139 4204 occupatio
1174 4133 1482 4195 domestica
1536 4136 1917 4195 sollicitudinis
1966 4138 2049 4195 in:

444 4268 454 4309 λ
479 4230 711 4301 quietat,
737 4226 915 4283 bullus
943 4226 1176 4296 litigator
1210 4225 1447 4295 infestat,
1477 4228 1656 4285 nullus
1683 4228 2049 4287 calumniosus

470 4322 734 4395 exagitat;
764 4320 892 4395 quid
918 4319 1061 4377 aliud
1090 4334 1285 4379 curare
1323 4320 1503 4391 debet,
1556 4321 1748 4378 harum
1777 4324 2047 4381 molestia-

450 4400 591 4468 rum
620 4422 675 4469 et
699 4413 782 4468 his
808 4412 1062 4469 similium
1092 4412 1251 4481 liber,
1281 4412 1387 4468 nisi
1408 4414 1549 4470 unde
1577 4415 1645 4470 ad
1673 4415 1893 4479 meliora
1926 4433 2047 4487 prn-

472 4506 636 4575 flciat,
661 4506 803 4562 unde
840 4505 966 4561 vitia
1007 4520 1102 4561 sua
1146 4505 1474 4575 profectibus
1509 4507 1831 4595 quotidianis
1874 4509 2044 4566 immi-

541 4682 570 4713 ι
595 4672 695 4729 Ms.
726 4684 884 4735 unus,
918 4669 1116 4725 vitium.

446 4808 690 4872 'domina:
715 4808 1027 4883 cupiditatis.

543 4896 565 4925 ε
591 4884 716 4941 Mss.
758 4898 944 4939 omnes
970 4898 1075 4966 non
1098 4883 1302 4940 habent
1339 4883 1536 4940 vincere
1558 4885 1804 4951 victores;
1833 4886 1928 4942 sed
1962 4886 2042 4943 ie-

467 4964 599 5031 gunt
595 4971 752 5083 1gnos
772 4963 932 5025 potest
960 4954 1115 5025 faciat
1140 4972 1277 5011 suos.

536 5026 565 5065 ά
651 5041 693 5081 s.
726 5039 897 5097 unus,
913 5033 1041 5079 tenet
1072 5042 1163 5081 nos
1199 5028 1458 5097 poenaliter
1496 5029 1758 5085 lucrorum
1789 5027 2039 5085 dulcium.

540 5107 564 5136 ο
591 5097 731 5152 Edit.
756 5094 947 5165 Lugd.,
978 5094 1321 5167 quoscunque.

538 5166 560 5206 ¹
596 5168 761 5238 Alias,
784 5170 918 5238 jam.

539 5247 565 5287 ις
596 5240 695 5313 Ms.
727 5236 859 5313 Reg.
884 5252 1038 5313 unus,
1064 5237 1393 5313 resipiscendi
1440 5241 1546 5295 sint
1592 5243 1891 5313 susceptos?
1936 5241 2034 5299 Ms.

445 5309 728 5383 ,Ca_mb.__et
752 5309 863 5374 alii,
885 5311 1002 5379 jam
1029 5309 1393 5378 resipiscendos
1416 5322 1692 5383 susceptos.

536 5377 565 5417 ιι
596 5380 761 5442 Alias,
792 5377 1019 5441 vacante.

539 5449 557 5485 ί
588 5450 712 5504 Mss.
744 5460 992 5518 quatuor,
1022 5450 1204 5504 tradet.

538 5517 551 5566 i
591 5519 715 5589 lists.
744 5517 873 5585 tres,
893 5521 947 5573 id
973 5529 1044 5574 est
1069 5522 1190 5575 vivis
1215 5523 1368 5579 simul
1393 5533 1442 5577 et
1466 5524 1705 5577 mortuis.
1743 5521 1842 5578 Ms.
1876 5538 2041 5589 unus,

444 5589 632 5663 idem,
644 5587 775 5642 forte
804 5589 977 5643 iidem.
1006 5590 1139 5663 Mss.
1170 5592 1298 5660 duo,
1328 5593 1417 5647 sed
1438 5593 1615 5658 iidem,
1646 5608 1765 5648 cum
1789 5594 1957 5663 Lugd.

445 5713 480 5780 ,Ι
531 5656 557 5780 Ill
586 5657 714 5783 ‘Mss.
742 5665 869 5727 tres,
900 5661 1180 5729 prolectet;
1205 5656 1307 5719 ms'.
1343 5679 1503 5731 unus,
1526 5656 1709 5734 λείπει.
1735 5656 1897 5741 Alias'
1924 5681 2039 5733 per-

484 5743 534 5781 sc
559 5745 581 5783 ρ
611 5769 625 5783 .

484 5743 625 5783 ectet.

543 5797 553 5833 ¹
593 5799 691 5853 Ms.
717 5796 848 5867 Reg.
880 5812 1015 5856 unus
1056 5801 1202 5858 addit
1243 5803 1327 5860 hic
1368 5806 1805 5877 prwcepta....Et
1847 5805 1912 5861 ah
1939 5806 2040 5860 alia

2176 1930 2258 1977 tor
2283 1936 2499 1988 census,
2545 1930 2602 1979 et
2648 1921 2932 1978 hacreditas
2961 1930 2986 1959 α
3012 1923 3131 1991 eius
3173 1922 3423 1992 dignatur
3469 1937 3592 1977 esse
3636 1922 3747 1992 ipsa

2174 2016 2450 2082 Divinitas,
2479 2019 2524 2072 si
2551 2016 2714 2075 modo
2732 2032 2853 2072 eum
2875 2016 3078 2072 sanctis
3104 2016 3354 2086 operibus
3375 2017 3539 2082 colat,
3561 2031 3749 2072 omnes

2170 2107 2376 2165 fructus
2404 2124 2471 2165 ex
2500 2109 2596 2165 illo
2628 2109 2909 2177 percipiat,
2950 2111 3007 2165 in
3049 2108 3161 2175 ille,
3212 2117 3267 2164 et
3312 2109 3383 2163 de
3420 2109 3516 2163 illo

2170 2200 2336 2266 vivat,
2367 2210 2422 2256 et
2466 2200 2598 2256 nihil
2642 2208 2915 2256 terrenum
2957 2214 3079 2256 eun
3124 2200 3216 2254 illo
3261 2198 3571 2269 possideat?
3609 2200 3741 2266 Quia

2169 2291 2409 2347 omnium
2436 2289 2715 2357 Conditor,
2739 2291 2825 2346 cui
2863 2291 2995 2346 nihil
3041 2305 3231 2349 eorum
3272 2306 3392 2361 qua:
3440 2290 3562 2346 fecit
3600 2292 3741 2349 valet

2168 2383 2391 2453 aequari,
2426 2394 2452 2433 Ρ
2482 2397 2588 2438 non
2618 2383 2865 2453 dignatur
2886 2398 3007 2451 cum
3030 2383 3117 2438 his
3143 2397 3261 2454 qua
3300 2381 3537 2438 condidit
3563 2382 3737 2452 possi-

2168 2475 2307 2532 deri.
2337 2485 2366 2525 ιι
2402 2475 2639 2545 Denique
2678 2476 2805 2546 quid
2848 2476 2989 2533 ultra
3020 2475 3233 2544 quatit,
3274 2475 3363 2530 cui
3392 2474 3577 2531 omnia
3615 2490 3746 2530 suus

2165 2566 2423 2624 Conditor
2452 2568 2550 2623 fit?
2598 2577 2690 2624 aut
2721 2578 2741 2606 τ
2768 2568 2894 2637 quid
2922 2568 2975 2624 ei
2998 2567 3216 2632 adﬁcit,
3245 2568 3329 2622 cui
3355 2567 3470 2637 ipse
3498 2582 3605 2622 non
3627 2567 3745 2622 snt-

2166 2660 2317 2717 ficit?
2359 2660 2510 2715 Hunc
2554 2660 2892 2730 possidebat,
2942 2660 3099 2717 etab
3133 2659 3224 2715 illo
3254 2658 3627 2730 pessidebatur
3653 2660 3743 2714 ille

2163 2751 2255 2822 qui
2287 2751 2499 2807 dicebat
2537 2752 2593 2806 in
2637 2750 2838 2820 Spiritu
2866 2769 2881 2804 :
2925 2749 3104 2807 Perlie
3127 2766 3239 2804 mea
3267 2758 3288 2786 ⁸
3318 2750 3590 2814 Dominus,
3634 2749 3745 2803 disi

2163 2845 2420 2899 custodire
2460 2846 2619 2915 legem
2655 2853 2797 2900 tuam
2843 2843 2965 2915 (Ps.
2986 2859 3168 2910 cum,
3196 2843 3308 2913 57).
3346 2844 3410 2897 Et
3443 2861 3456 2898 :
3489 2842 3744 2901 Dominus

2164 2954 2283 3006 pars
2311 2937 2620 2993 hwreditatis
2647 2953 2772 2992 nacte
2806 2941 2854 2991 et
2881 2936 3053 2991 salicis
3073 2936 3169 2990 mei
3194 2933 3364 3005 (Paul.
3399 2948 3490 3001 xv,
3520 2934 3598 3003 ὅ).
3630 2933 3736 2989 Sed

2152 3032 2218 3085 ἐι
2238 3033 2353 3098 ipse
2378 3043 2497 3085 cum
2549 3028 2721 3087 dicit:
2760 3029 2779 3065 ι
2815 3025 2972 3083 Filiis
3000 3026 3119 3081 Leni
3158 3042 3259 3080 non
3305 3025 3497 3079 dabitis
3540 3035 3736 3095 partem

2160 3121 2289 3175 inter
2312 3120 2496 3191 fratres
2522 3136 2683 3184 suos;
2709 3134 2803 3190 ego
2830 3115 3087 3175 Dominus
3119 3119 3286 3188 portio
3328 3132 3503 3171 serunt
3539 3115 3729 3185 (Nutu.

2079 3202 2129 3270 ϐ
2160 3227 2308 3278 xvnr,
2337 3211 2436 3276 Q5;
2466 3202 2620 3271 Deu't.
2650 3225 2800 3277 svnt,
2828 3208 2913 3277 l);
2937 3209 3069 3265 satis
3096 3207 3333 3265 os’tendit
3365 3208 3509 3277 qud
3548 3208 3605 3262 hi
3643 3207 3737 3277 qui

2158 3314 2383 3363 terrena
2410 3302 2734 3363 hereditatis
2761 3301 3183 3373 contempserint
3210 3302 3536 3372 portionem,
3564 3300 3727 3355 Deum

2156 3397 2503 3468 spiritualiter
2534 3404 2841 3457 mereantur
2878 3393 3158 3463 possidere
3198 3411 3211 3447 :
3244 3393 3398 3463 cuius
3422 3392 3578 3448 ditati
3618 3407 3731 3447 mu-

2156 3489 2395 3555 neribus,
2428 3489 2606 3545 omnia
2633 3502 2754 3557 quas
2770 3487 3023 3557 prmclara
3053 3486 3314 3549 habentur
3338 3486 3391 3543 in
3412 3484 3515 3541 hoc
3533 3483 3733 3542 munde

2156 3582 2457 3646 fastidiunt;
2488 3590 2543 3636 et
2572 3582 2745 3651 ipsum
2777 3580 3050 3650 possidere
3075 3579 3159 3634 vel
3199 3580 3265 3633 ab
3296 3579 3413 3648 ipso
3440 3578 3723 3646 possideri,

2153 3689 2217 3728 eo
2247 3673 2362 3728 solo
2389 3672 2610 3743 perfrui,
2657 3680 2817 3743 atque
2861 3672 2941 3733 illi
2986 3671 3259 3728 adurere
3305 3669 3725 3741 inseparabiliter

2153 3766 2556 3835 concupiscunt.

2221 3860 2274 3914 5.
2305 3858 2457 3913 Unde
2477 3858 2639 3913 datur
2664 3858 2887 3929 intelligi
2917 3857 3057 3927 quod
3092 3857 3184 3927 qui
3214 3855 3527 3927 temporalia
3556 3855 3714 3922 bona,

2153 3951 2245 4021 qui
2273 3951 2453 4006 seaculi
2482 3952 2675 4021 gaudia
2698 3952 2932 4021 peritura
2958 3951 3191 4008 sectatui
3216 3965 3281 4008 ae
3313 3950 3504 4021 diligit,
3525 3964 3647 4020 qua
3666 3957 3723 4005 et

2152 4053 2350 4114 quanta
2374 4044 2443 4099 sit
2466 4052 2493 4081 ιι
2522 4043 2714 4100 divinae
2752 4043 3052 4101 dulcedinis
3076 4042 3357 4101 multitudo
3382 4058 3488 4097 nou
3516 4042 3721 4097 didicit.

2151 4138 2281 4207 Quis
2304 4139 2445 4195 enim
2474 4140 2563 4195 cui
2593 4138 2735 4195 Deus
2756 4137 3007 4207 dignatur
3039 4152 3165 4194 esse
3200 4134 3489 4207 possessio,
3525 4134 3723 4203 aliquid

2150 4231 2293 4287 aliud
2313 4230 2536 4302 quaerit?
2559 4237 2655 4287 aut
2679 4228 2803 4300 quis
2824 4242 2932 4287 non
2966 4237 2992 4267 ν
3024 4242 3123 4300 pro
3164 4242 3345 4283 amore
3374 4226 3519 4282 illius
3544 4225 3725 4289 omnia

2150 4338 2268 4395 qua:
2325 4330 2577 4393 putantur
2635 4335 2826 4391 unum
2879 4318 3216 4379 contemnit?
3270 4317 3412 4387 Ergo
3458 4315 3550 4386 qui
3611 4313 3731 4371 vult

2150 4419 2319 4475 Deum
2365 4415 2661 4488 possidere,
2709 4413 2987 4473 renuntiet
3022 4411 3245 4477 mundo,
3285 4418 3345 4465 ut
3370 4409 3444 4465 sit
3478 4408 3557 4463 illi
3581 4405 3727 4463 Deus

2148 4511 2305 4568 beata
2335 4510 2628 4581 possessio.
2664 4507 2775 4565 Nec
2804 4506 3078 4565 renuntiat
3107 4502 3306 4561 mundo
3342 4502 3390 4558 is
3426 4514 3585 4573 quem
3619 4508 3723 4556 ter-

2068 4679 2125 4740 D
2148 4687 2329 4736 manu.
2356 4671 2623 4742 possideri.

538 4742 568 4782 ιι
598 4744 726 4799 Mss.
759 4751 1003 4814 quatuor,
1035 4758 1065 4795 ο
1085 4740 1469 4801 exsecrandum.
1494 4740 1623 4799 Mss.
1646 4741 1774 4799 item
1792 4751 2039 4814 quatuor,
2082 4808 2088 4814 ν

2221 4754 2262 4781 ω
2293 4740 2392 4800 Ms.
2422 4758 2580 4811 unus,
2608 4756 2711 4797 non
2738 4740 2978 4799 delectet.

2216 4824 2245 4853 ιλ
2273 4814 2398 4887 Mss.
2427 4824 2653 4882 septem,
2685 4811 2925 4881 efﬁcitur.
2948 4880 2989 4887 __
3298 4876 3310 4887 ο

2220 4894 2243 4921 °
2273 4886 2437 4940 Abest
2464 4874 2574 4951 eius
2595 4900 2625 4937 a
2641 4874 2784 4937 'm's's.
2807 4895 2921 4936 sex.
2948 4880 3095 4936 Unus
3118 4890 3273 4949 vero,
3292 4876 3406 4946 ipse
3423 4890 3529 4933 esse
3546 4874 3727 4947 digus

2145 4972 2237 5012 ttec
2258 4972 2361 5009 esse
2389 4955 2662 5008 Divinitas.

2217 5028 2336 5081 rita
2368 5026 2496 5079 edit.
2526 5023 2689 5092 Lugd.
2719 5037 2840 5077 cum
2885 5034 3014 5076 mss.
3048 5018 3205 5075 Colb.
3242 5017 3413 5092 tribus
3446 5026 3503 5073 et
3549 5016 3721 5087 Regio

2146 5112 2276 5152 uno.
2304 5096 2498 5165 Regius
2522 5087 2677 5160 alter,
2702 5093 3030 5165 dedignatur,
3056 5092 3179 5147 sine
3195 5087 3453 5165 pulticula
3472 5099 3723 5159 negante.

2144 5168 2279 5222 Aliae
2308 5159 2593 5230 editiones,
2620 5159 2723 5219 non
2744 5159 3092 5235 dedignatur;
3134 5159 3231 5219 sed
3263 5160 3445 5214 minus
3466 5171 3633 5226 rate,
3664 5170 3727 5214 ut
3818 5218 3829 5230 κ

2142 5238 2372 5319 videtur.
2487 5303 2523 5319 ἢ
2561 5306 2572 5318 .

2214 5319 2244 5360 «ι
2273 5307 2441 5375 Alias,
2476 5303 2696 5362 Deinde.

2219 5389 2239 5415 ι
2268 5379 2398 5434 Mss.
2427 5377 2580 5432 Colb.
2611 5377 2737 5445 duo,
2768 5374 2881 5447 quis
2902 5374 2947 5427 ei
2980 5368 3399 5447 sufﬁeis._A_iiga,
3420 5369 3545 5447 quid
3569 5369 3735 5447 sufﬁ-

2143 5450 2212 5503 cit
2232 5450 2331 5513 cui,
2368 5456 2469 5503 etc.
2506 5448 2658 5503 Alter
2685 5439 2836 5513 vero,
2865 5439 3096 5515 aut
3115 5445 3162 5501 si
3182 5440 3378 5512 deﬁcit,
3398 5439 3494 5497 sed
3524 5439 3684 5496 male.

2220 5528 2241 5556 ³
2276 5520 2405 5573 Mss.
2434 5518 2541 5574 duo
2565 5517 2747 5585 Colb.,
2780 5516 3017 5573 Domine.

2221 5591 2239 5625 ί
2272 5590 2371 5644 Ms.
2396 5590 2543 5644 Colb.
2576 5583 2737 5653 unus,
2761 5590 2823 5641 de
2849 5586 2976 5653 ﬁliis
2995 5586 3117 5642 Levi
3137 5602 3155 5640 :
3177 5585 3300 5641 Non
3321 5583 3530 5643 dabitis.
3802 5621 3809 5627 ι

2215 5668 2245 5742 ιδ
2273 5660 2363 5741 sic
2394 5674 2771 5742 mss-omnes.
2809 5658 2953 5717 Editi
2994 5672 3143 5728 vere,
3178 5655 3457 5713 mellitus
3481 5660 3726 5725 super

2147 5730 2450 5785 dulcedinis.

2220 5810 2247 5841 ν
2277 5801 2399 5858 Mss.
2432 5801 2563 5872 Reg.
2592 5801 2718 5870 duo,
2748 5817 2855 5870 parte
2886 5817 3078 5861 suae.

3656 342 3848 402 ιθοο
