4124 6350
358 334 454 384 Mil

354 453 497 495 renae
548 436 901 508 possessronis
955 433 1126 491 adhuc
1183 435 1414 492 delectat
1465 434 1685 489 ambitio
1730 452 1745 495 ;

353 527 589 601 qnandiu
629 544 724 585 sua
751 545 858 585 non
898 538 922 567 ι
946 527 1220 600 relinquit,
1254 527 1475 593 mundo,
1499 527 1653 602 cujus
1680 526 1819 582 bona
1846 541 1930 582 re-

352 623 512 689 tinet,
536 622 735 689 servit;
762 632 816 679 et
838 620 1022 693 utique
1061 638 1166 677 non
1200 628 1375 692 potest
1401 624 1600 675 mundo
1628 619 1830 675 servire
1855 619 1931 673 si-

351 717 538 774 mulet
565 717 712 785 Deo;
741 733 804 775 ac
842 719 920 774 sie
964 728 1251 789 propterea
1296 716 1466 772 voluit
1508 716 1651 771 Deus
1699 713 1931 771 cultores

350 823 481 864 suos
510 810 757 865 omnibus
777 812 1085 866 renuntiare
1112 818 1329 881 propter
1357 824 1475 879 qua:
1515 808 1755 879 diligitur
1779 821 1933 861 mun-

351 899 478 968 dus;
514 908 572 957 ut
599 901 813 957 exclusa
843 901 1131 973 cupiditate
1172 900 1379 968 mundi,
1408 900 1589 955 divina
1617 898 1669 961 in
1694 898 1771 955 eis
1796 898 1933 953 cari-

350 998 434 1046 tas
458 992 627 1061 possit
654 992 836 1063 augeri
867 994 953 1049 vel
999 994 1201 1064 perﬁci.
1234 995 1297 1049 Et
1338 993 1459 1049 ideo
1499 992 1735 1048 decimas
1775 1001 1934 1061 atque

350 1083 613 1153 primitias
641 1082 872 1154 frugum,
899 1085 1252 1157 primogenita
1283 1093 1338 1140 et
1378 1085 1639 1140 sacriﬁcia
1679 1098 1776 1153 pro
1804 1097 1932 1153 pec-

349 1184 493 1244 cato,
512 1175 541 1215 ιι
557 1177 641 1231 vel
659 1188 777 1232 vota
803 1192 923 1249 qua:
944 1179 1046 1235 sibi
1074 1179 1213 1235 Deus
1232 1179 1393 1247 jussit
1416 1178 1619 1245 otl‘erri,
1638 1176 1932 1233 sacerdoti-
1957 1172 1979 1195 ‘

351 1270 451 1326 bus
478 1286 542 1326 ac
571 1272 827 1328 ministris
852 1272 1096 1329 distribui
1128 1274 1328 1331 debere
1356 1273 1661 1339 constituit;
1694 1280 1753 1328 ut
1774 1272 1936 1328 devo-

349 1364 556 1421 tissimo
586 1367 782 1436 pepulo
798 1366 919 1422 vitae
952 1370 1254 1425 necessaria
1280 1369 1641 1435 ministrante,
1661 1367 1759 1436 ipsi
1786 1381 1937 1422 crea-

348 1458 453 1513 tori
494 1472 558 1513 ac
593 1458 797 1529 pastori
842 1474 945 1514 suo
997 1460 1180 1515 liberis
1226 1459 1499 1516 mentibus
1541 1458 1933 1524 ministrarent,

348 1558 509 1620 atque
536 1550 588 1604 in
626 1560 648 1589 °
681 1550 798 1621 ejus
818 1552 965 1606 cultu
990 1554 1107 1608 sine
1138 1553 1244 1607 ulla
1270 1552 1631 1607 sollicitudine
1671 1550 1936 1627 corporali

348 1642 676 1714 proﬁcerent
722 1656 738 1695 :
786 1658 856 1697 ne
901 1644 1128 1699 terrenis
1175 1643 1617 1714 occupationibus
1658 1641 1937 1711 implicati,

348 1734 529 1790 ofﬁcio
554 1746 655 1788 suo
680 1732 870 1803 dignas
896 1734 1156 1791 excubias
1178 1744 1397 1790 strenue
1422 1748 1615 1789 curare
1660 1748 1768 1787 non
1816 1744 1940 1811 pos-

348 1835 493 1886 δοκι.

423 1922 481 1976 4.
512 1921 663 1978 Nunc
684 1929 884 1988 autem,
910 1920 1051 1991 quod
1075 1918 1360 1976 Christiani
1390 1919 1647 1991 temporis
1690 1920 1945 1976 sacerdo-

354 2019 437 2068 tes
463 2013 633 2084 magis
658 2014 922 2068 sustinent
952 2027 1110 2083 quam
1153 2021 1344 2067 curant
1370 2013 1737 2081 possessiones
1767 2012 1937 2067 eccle-

352 2104 467 2171 s'm,
507 2106 666 2159 etiam
706 2106 760 2159 in
793 2104 893 2159 hoc
940 2104 1051 2159 Deo
1079 2101 1104 2141 ἀ
1138 2104 1379 2158 serviunt
1407 2120 1418 2156 ε
1454 2103 1575 2181 quia
1606 2102 1652 2159 si
1695 2102 1787 2157 Dei
1817 2113 1940 2158 sunt

349 2210 413 2251 ea
441 2210 561 2265 quae
602 2196 954 2251 conferuntur
983 2195 1247 2263 ecclesiae,
1280 2195 1374 2250 Del
1404 2210 1539 2272 opus
1580 2196 1687 2265 agit
1717 2196 1808 2273 qui
1853 2210 1940 2257 res

350 2289 462 2344 Deo
490 2298 830 2355 consecratas
855 2304 960 2344 non
991 2289 1217 2359 alicujus
1243 2289 1573 2359 cupiditatis,
1616 2288 1710 2345 sed
1742 2288 1941 2344 ﬁdelis-

348 2384 500 2438 simae
526 2384 939 2455 dispensationis
967 2384 1265 2439 intentione
1295 2400 1401 2437 non
1435 2384 1655 2439 deserit.
1695 2384 1940 2457 Quapro-

348 2484 471 2547 pter
494 2476 889 2546 possessiones,
931 2492 1064 2547 quas
1108 2477 1317 2532 oblatas
1346 2492 1376 2531 a
1409 2477 1605 2547 populo
1634 2478 1945 2550 suscipiunt

348 2569 687 2637 sacerdotes,
724 2581 747 2610 ο
783 2586 888 2626 non
915 2579 1041 2627 sunt
1066 2571 1207 2626 inter
1236 2586 1322 2628 res
1354 2571 1538 2627 mundi
1559 2570 1803 2641 deputari
1828 2587 1947 2631 cre-

348 2666 565 2732 dendre,
597 2666 689 2722 sed
717 2668 828 2723 Dei.
860 2666 1122 2735 Quoniam
1164 2668 1209 2723 si
1248 2674 1449 2735 vestes,
1479 2682 1543 2723 ac
1568 2682 1724 2733 vasa,
1763 2676 1817 2723 et
1843 2682 1946 2723 cae-

320 2767 465 2813 tera
499 2774 615 2829 quae
671 2759 727 2814 in
758 2757 777 2797 τ
809 2760 977 2816 sacris
1011 2760 1129 2814 usui
1161 2758 1590 2815 ministrantibus
1616 2766 1789 2825 erant,
1823 2774 1947 2815 san-

351 2860 445 2905 cta
469 2850 821 2918 vocabantur,
855 2866 954 2907 nec
983 2852 1036 2905 in
1088 2865 1216 2905 usus
1257 2850 1517 2906 humanos
1554 2852 1796 2907 revocari
1833 2852 1943 2922 jam

348 2953 623 3016 poterant,
660 2944 854 3001 divinis
885 2946 1051 3001 semel
1101 2944 1413 3001 ministeriis
1444 2956 1778 3016 consecrata,
1813 2961 1946 3025 quo.

349 3039 517 3095 modo
544 3055 650 3094 non
681 3054 742 3095 ea
782 3054 901 3111 quae
935 3037 1287 3095 conferuntur
1317 3039 1583 3103 ecclesiae,
1633 3053 1787 3093 sacra
1826 3053 1945 3094 cre-

348 3132 529 3187 denda
560 3140 704 3202 sunt,
738 3132 955 3202 quibus,
991 3146 1096 3184 non
1126 3139 1185 3185 ut
1224 3131 1404 3185 saeculi
1433 3130 1613 3196 rebus,
1647 3129 1941 3199 luxuriose,

1382 327 1465 381 DE
1510 326 1665 381 VlTA
1704 316 2278 395 CONTEMPLATIVA
2324 320 2450 377 LIB.
2492 319 2556 374 ll.

1806 434 1929 504 quia
1957 433 2009 511 Α
2036 432 2292 503 perfectio
2316 449 2329 498 ;
2356 441 2410 486 et
2437 440 2621 487 utrum.
2634 434 2837 485 tantum
2866 428 3100 505 corpori,
3128 441 3197 484 an
3216 433 3273 484 et
3302 425 3495 483 animae
3521 428 3617 485 de-

2035 526 2158 582 beat
2187 523 2492 580 necessaria
2518 522 2770 594 judicari.
2824 523 2883 580 Si
2921 522 3193 580 hominem
3241 530 3408 579 totum
3443 520 3615 579 virtus

2034 619 2150 676 haec
2175 635 2293 691 quae
2322 620 2642 677 abstinentia
2673 619 2999 688 nominatur,
3030 620 3263 692 perfecta
3293 618 3612 687 sanctiﬁcat,

2035 730 2140 770 non
2168 714 2343 770 solum
2387 714 2621 785 corpori,
2669 714 2763 771 sed
2811 723 2865 771 et
2912 714 3105 770 anima:
3150 712 3449 770 necessaria
3499 719 3614 777 est;

2033 806 2159 878 quia
2189 806 2361 861 omnis
2391 805 2552 861 homo
2576 821 2642 862 ex
2671 820 2896 877 corpore
2936 813 3151 875 constat
3176 814 3230 863 et
3256 808 3452 875 anima.
3506 805 3612 869 Sed

2035 900 2087 954 in
2116 899 2196 954 eis
2225 899 2337 969 qui,
2365 897 2592 954 diversis
2614 897 2759 965 vitiis
2789 897 3144 971 subiacentes,
3172 897 3375 969 aliquid
3398 898 3501 956 sibi
3524 914 3615 955 eo-

2036 1010 2153 1049 rum
2186 1009 2303 1065 quat
2329 994 2447 1050 usui
2477 1003 2661 1050 nostro
2705 994 2721 1031 ί
2772 1009 3032 1052 concessa
3074 1004 3219 1064 sunt,
3267 995 3612 1063 interdicunt,

2037 1086 2357 1141 abstinentia
2389 1086 2601 1167 quidem
2635 1085 2649 1138 ἱ
2666 1129 2681 1155 ,
2708 1084 2803 1143 sed
2824 1088 3052 1144 carnalis
3081 1095 3137 1143 et
3166 1087 3475 1157 imperfecta
3494 1102 3615 1155 esse

2038 1179 2195 1236 debet
2232 1180 2451 1253 intelligi
2468 1166 2491 1239 γε
2526 1197 2587 1238 ea
2617 1166 2795 1238 autem
2840 1180 3132 1253 spiritualis
3178 1190 3337 1253 atque
3380 1180 3617 1259 perlecta

2037 1274 2305 1329 censenda
2336 1283 2435 1340 est,
2457 1289 2577 1346 quae
2604 1274 2960 1332 abstinentem
2992 1282 3099 1330 tam
3123 1272 3191 1330 ab
3214 1272 3479 1329 illecebris
3499 1288 3617 1329 car-

2039 1366 2240 1421 nalium
2272 1366 2625 1437 voluptatum,
2658 1383 2816 1439 quant
2848 1383 2877 1422 a
2919 1367 3151 1439 peccatis
3197 1366 3447 1421 omnibus
3490 1365 3620 1420 facit

2039 1459 2299 1526 alienum;
2330 1459 2482 1530 cujus
2510 1476 2607 1516 nec
2633 1461 2869 1516 animum
2892 1458 3279 1517 desideriorum
3302 1458 3473 1513 morbi
3499 1471 3621 1513 cor-

3514 316 3620 374 462

2042 1561 2315 1622 rumpunt,
2348 1568 2447 1609 nec
2469 1553 2691 1623 imperio
2733 1554 2872 1625 gulae
2902 1552 3227 1609 dominantis
3257 1553 3496 1621 quaesita:
3521 1550 3618 1605 de-

2043 1644 2179 1700 licia:
2208 1647 2348 1701 vires
2373 1649 2613 1717 corporis
2645 1648 2915 1719 frangunt.
2952 1647 3187 1702 Proinde
3224 1645 3315 1701 ille
3344 1646 3620 1699 abstinens

2046 1751 2178 1793 vere
2204 1737 2507 1795 credendus
2528 1747 2611 1795 est
2647 1740 2737 1809 qui
2776 1740 3025 1794 vitiorum
3066 1739 3303 1793 omnium
3333 1736 3469 1792 liber
3489 1734 3515 1773 ι
3548 1733 3627 1793 ef-

1965 1832 2013 1905 B
2040 1827 2208 1885 fectus
2252 1839 2365 1899 est,
2398 1846 2480 1900 ac,
2527 1829 2715 1888 recisis
2762 1828 2780 1869 ι
2824 1830 3194 1905 corporalibus
3237 1827 3625 1913 voluptatibus,

2043 1924 2303 1995 elaborat,
2334 1941 2441 1982 non
2466 1933 2526 1981 ut
2555 1926 3041 1999 concupiscentiam
3078 1940 3188 1980 sum
3213 1925 3388 1980 carnis
3416 1934 3454 1960 ιη
3483 1939 3627 1979 exsa-

2042 2016 2156 2083 tiet,
2191 2017 2285 2072 sed
2332 2027 2391 2072 ut
2440 2018 2720 2073 mortalem
2760 2019 2919 2073 vitam
2966 2016 3391 2073 necessariorum
3440 2031 3628 2089 perce-

2042 2109 2228 2178 ptione
2254 2120 2538 2167 sustentet.
2563 2112 2825 2182 Quoniam
2855 2112 3070 2184 quidem
3096 2110 3353 2193 quidquid
3375 2109 3493 2165 sine
3522 2124 3629 2181 quo

2041 2211 2218 2273 potest
2266 2206 2369 2262 vivi
2418 2207 2731 2276 percipitur,
2775 2220 2880 2261 non
2935 2204 3296 2261 sustentandae
3335 2203 3493 2270 vitm,
3534 2203 3633 2260 sed

2044 2305 2071 2333 ’³
2104 2297 2347 2355 fovenda:
2373 2299 2601 2355 luxuriae
2637 2300 2816 2355 carnis
2848 2298 3197 2373 impenditur.

2114 2391 2168 2443 Ξ.
2200 2391 2324 2446 llaec
2354 2399 2380 2427 °
2410 2391 2589 2463 itaque
2618 2392 2807 2458 virtus,
2841 2406 2960 2462 quae
2990 2390 3308 2447 abstinentia
3329 2407 3433 2447 non
3457 2390 3630 2457 solum

2046 2482 2398 2540 delicatorum
2429 2484 2694 2554 ciborum,
2728 2484 2823 2540 sed
2871 2485 3032 2543 etiam
3082 2484 3345 2541 malorum
3392 2484 3630 2539 omnium

2049 2586 2415 2653 nuncupatur,
2460 2592 2583 2634 eum
2625 2577 2876 2633 omnibus
2924 2575 3141 2631 omnino
3186 2577 3491 2635 necessaria
3539 2577 3631 2653 sit,

2048 2677 2159 2724 tum
2195 2670 2428 2730 maxime
2464 2670 2566 2724 illis
2598 2668 2913 2724 familiarior
2953 2678 3113 2743 atque
3139 2669 3474 2739 conjn’netior
3513 2683 3633 2725 esse

2048 2759 2317 2816 credenda
2346 2769 2448 2829 est,
2478 2760 2673 2830 quibus
2688 2760 2846 2829 juxta
2871 2758 2998 2813 illud
3021 2760 3163 2831 quod
3188 2761 3239 2815 in
3262 2760 3483 2816 Actibus
3504 2774 3634 2833 θροι

2047 2852 2307 2908 stolorum
2336 2850 2433 2923 (IV,
2467 2849 2558 2921 52)
2598 2850 2793 2922 legitur
2835 2850 3052 2916 factum,
3106 2866 3269 2911 unum
3306 2864 3399 2905 cor
3437 2859 3541 2917 est,
3581 2854 3637 2908 et

2048 2946 2225 3001 anima
2255 2959 2382 3011 una,
2412 2942 2607 2999 divinae
2636 2945 2873 3000 caritatis
2904 2946 3024 3015 igne
3048 2944 3276 2999 conflata
3297 2985 3313 3011 ,
3361 2954 3414 3001 et
3440 2944 3636 3019 quibus

2048 3037 2148 3093 sub
2206 3038 2367 3092 unius
2419 3037 2756 3093 ordinatione
2806 3037 3110 3093 viventibus
3162 3036 3342 3093 omnia
3394 3039 3633 3093 omnium
3694 3054 3710 3063 υ

2050 3131 2355 3186 communia
2384 3130 2517 3184 ﬁunt
2549 3148 2561 3183 :
2594 3131 2640 3186 si
2672 3140 2848 3187 tamen
2882 3132 2952 3186 ita
2977 3132 3054 3187 eis
3085 3142 3112 3181 ι’
3142 3147 3249 3187 una
3277 3133 3335 3187 ﬁt
3362 3133 3491 3202 vita,
3524 3135 3631 3188 sic-

348 3224 451 3279 sed
477 3232 683 3291 sancte,
706 3232 765 3278 ut
787 3223 895 3278 Deo
923 3222 1275 3289 consecratis,
1300 3230 1521 3276 utuntur
1550 3222 1614 3275 ad
1643 3223 1944 3279 necessaria
1973 3210 2020 3283 C
2052 3232 2108 3278 ut
2144 3222 2202 3277 ﬁt
2248 3237 2352 3277 una
2380 3222 2706 3288 substantia;
2752 3231 2806 3281 et
2836 3224 2981 3278 nulla
3019 3224 3091 3278 sit
3133 3224 3187 3277 in
3238 3224 3315 3278 eis
3358 3224 3637 3280 diversitas

348 3318 667 3374 sacerdotes
719 3336 731 3370 :
790 3325 849 3372 ut
899 3316 1005 3372 illis
1052 3316 1299 3371 omnibus
1357 3316 1445 3386 qui
1495 3330 1553 3372 se
1604 3313 1949 3385 perfectionis

350 3425 540 3467 amore
563 3411 663 3466 sub
689 3425 797 3465 uno
826 3410 1180 3475 constituunt,
1206 3417 1260 3464 et
1279 3422 1375 3463 sua
1397 3408 1497 3463 sibi
1520 3424 1625 3463 non
1649 3407 1945 3476 vindicant,

351 3505 640 3562 ecclesimz
664 3504 944 3561 facultates
970 3505 1037 3557 ad
1059 3503 1161 3558 hoc
1184 3502 1355 3573 ipsum
1380 3500 1620 3557 collecta
1649 3500 1945 3567 sufﬁciant;

350 3608 409 3654 et
457 3596 716 3671 quidquid
766 3596 1015 3652 omnibus
1057 3593 1500 3664 occupationibus
1524 3593 1754 3649 absoluti
1784 3593 1948 3662 proﬁ-

352 3690 525 3755 ciunt,
562 3690 761 3744 fructus
792 3688 954 3754 illius,
1004 3688 1091 3757 qui
1117 3701 1255 3742 unus
1303 3701 1400 3756 pro
1434 3686 1617 3742 multis
1658 3693 1948 3755 occupatus

302 3848 309 3853 _
355 3792 465 3848 est,
502 3782 626 3847 fiat;
660 3791 820 3851 atque
860 3782 932 3835 ita
976 3780 1098 3849 ille,
1141 3782 1232 3851 qui
1284 3780 1665 3837 sollicitudines
1709 3779 1947 3835 omnium

354 3872 461 3929 sub
482 3887 543 3928 se
567 3870 595 3909 δ
629 3872 920 3927 viventium
947 3880 1142 3942 portat,
1174 3872 1228 3926 in
1256 3871 1668 3942 congregatione
1698 3885 1793 3927 sua
1826 3886 1947 3941 pro-

362 3964 583 4020 ﬁciente
623 3964 864 4034 proficiat
909 3973 1003 4019 :ut
1026 3963 1163 4018 sicut
1203 3962 1342 4018 illius
1383 3964 1665 4034 occupatio
1709 3962 1945 4018 omnium

353 4071 575 4113 suorum
607 4057 745 4113 facta
772 4066 854 4114 est
884 4058 1155 4113 fructuosa
1182 4058 1391 4113 vacatio
1414 4098 1429 4125 ,
1474 4059 1546 4113 ita
1582 4058 1822 4113 omnium
1868 4058 1949 4112 di-

353 4150 685 4221 scipulorum
712 4150 969 4222 perfectio
998 4149 1233 4220 gloriosa
1282 4150 1523 4223 magistri
1553 4151 1725 4207 honor
1745 4150 1949 4207 habea-

353 4250 447 4298 tur
471 4253 526 4299 et
549 4242 738 4314 gloria.

929 4332 1156 4390 CAPUT
1214 4332 1376 4390 XVII.

360 4451 514 4523 Quod
543 4453 671 4525 nihil
717 4432 986 4525 proficiant
1031 4454 1147 4525 qui,
1200 4453 1503 4511 abstinentes
1546 4470 1579 4507 a
1620 4453 1767 4523 cibis,
1816 4454 1948 4519 vitiis

360 4530 367 4533 “
430 4524 689 4597 seruiunt;
713 4541 803 4597 nec
829 4525 989 4593 prosit
1019 4524 1124 4579 illis
1154 4526 1421 4594 facultates
1448 4525 1689 4597 abjicere,
1712 4527 1800 4596 qui
1826 4542 1944 4583 suas

431 4595 627 4665 faciunt
663 4596 966 4649 voluntates.

436 4708 486 4762 1.
518 4709 653 4764 Item
673 4708 961 4778 quaesistis,
1010 4725 1129 4780 qua:
1174 4709 1244 4768 sit
1294 4711 1632 4771 abstinentia:
1678 4713 1946 4772 credenda

436 4895 463 4925 ι
491 4886 590 4941 Ms.
621 4884 831 4953 Camb,
898 4887 1120 4955 reliquit.

436 4956 463 4995 δ
491 4958 586 5011 Ms.
615 4957 747 5027 Reg.
776 4972 932 5023 unus,
963 4960 1040 5012 vel
1070 4968 1200 5013 voto.

436 5038 460 5066 ο
485 5028 579 5082 Ms.
610 5028 763 5084 Colb.
806 5043 963 5093 unus,
997 5031 1051 5087 in
1077 5045 1140 5087 co
1165 5030 1325 5087 cultu.

433 5096 462 5139 ἀ
491 5100 617 5159 Mss.
643 5100 899 5169 quinque,
933 5099 1238 5161 deserviunt.

346 5178 462 5301 “de
473 5171 622 5299 315s.
651 5186 859 5237 omnes,
882 5186 986 5233 non
1020 5182 1141 5231 sunt
1161 5173 1278 5241 jam
1320 5186 1402 5229 res
1438 5173 1617 5233 mundi
1659 5175 1945 5243 credenda.

524 5258 592 5299 ct.
918 5276 926 5285 -

524 5258 592 5299 ει.
918 5276 926 5285 -

441 5310 462 5351 τ
499 5311 623 5369 Mss.
651 5320 782 5380 tres,
806 5314 860 5367 in
880 5328 1026 5368 sacro
1055 5329 1149 5367 usu
1187 5314 1613 5373 ministrantibus.
1651 5318 1749 5373 Ms.
1783 5331 1942 5382 unus,

346 5384 837 5457 ministrationibus.
1658 5396 1665 5401 '

435 5465 460 5502 ε
494 5454 622 5511 Mss.
656 5454 912 5529 quinque,
938 5457 1156 5527 facultas
1174 5459 1401 5515 ecclesiae
1432 5461 1501 5517 ad
1526 5460 1623 5515 hoc
1644 5460 1815 5531 ipsa:
1835 5462 1933 5516 colu

343 5529 495 5597 luta
518 5527 763 5597 sufﬁciet.

441 5534 495 5580 ta
518 5534 763 5587 sufﬁciat.

436 5595 726 5677 ‘f§ictnss.
753 5601 1059 5677 omnes._At
1086 5600 1613 5677 editi,_se‘rvicntittm.

446 5669 462 5740 ξ
498 5669 575 5740 ιω
590 5685 779 5740 omnes
801 5686 929 5731 mss.
955 5673 1024 5727 At
1051 5687 1179 5731 vero
1198 5673 1347 5740 editi,
1377 5676 1663 5731 messoria
1690 5684 1829 5731 sunt.

443 5738 463 5812 _l
494 5738 592 5812 bis.
619 5739 830 5807 ϐραδὺ..
858 5742 1063 5812 quidem
1082 5752 1178 5807 est,
1199 5746 1307 5812 sed,
1334 5738 1441 5805 etc.

442 5807 464 5847 “
493 5806 621 5866 Mss.
651 5821 779 5876 tres,
805 5806 1031 5877 c/I'ectus,
1057 5806 1246 5870 recisis.

2052 3317 2375 3383 animorum,
2408 3315 2602 3387 quibus
2640 3324 2724 3371 est
2770 3316 3077 3370 communio
3120 3315 3433 3372 facultatum
3470 3333 3482 3367 :
3515 3318 3638 3388 quia

2050 3419 2106 3465 ut
2130 3410 2280 3466 ﬁeret
2307 3419 2361 3465 et
2387 3419 2530 3464 esset
2550 3410 2850 3465 animorum
2879 3419 3062 3463 sancta
3093 3409 3421 3479 eonjnnctio,
3452 3425 3638 3465 neces-

2049 3502 2189 3557 saria
2213 3511 2295 3556 est
2327 3499 2687 3555 alaeultatum
2725 3501 2957 3570 judicata
2997 3501 3321 3563 communio.
3368 3500 3638 3557 Caeterum

2050 3593 2184 3665 quid
2215 3595 2293 3650 eis
2320 3592 2539 3664 prodest
2560 3592 2698 3663 quod
2725 3592 3004 3648 facultates
3029 3607 3154 3648 suas
3190 3592 3467 3664 abjiciunt,
3500 3604 3522 3632 τ
3548 3593 3640 3665 qui

2050 3688 2353 3751 voluntates
2376 3682 2615 3757 proprias
2637 3700 2743 3741 non
2765 3685 3094 3761 relinquunt,
3118 3700 3240 3745 cum
3258 3685 3640 3758 sillongsprae-

2051 3782 2278 3843 stantius
2306 3778 2670 3841 voluntatibus
2693 3779 2923 3851 propriis
2950 3779 3333 3843 abrenuntiare
3362 3793 3523 3851 quam
3552 3795 3640 3841 re-

2050 3874 2188 3935 bus?
2222 3872 2328 3929 Res
2349 3886 2475 3928 suas
2502 3873 2662 3927 etiam
2692 3870 2877 3929 mundi
2901 3878 2921 3904 ³
2965 3871 3123 3943 hujus
3173 3871 3477 3951 philosophi
3505 3868 3639 3941 abji—

2053 3984 2177 4025 cere
2207 3976 2519 4037 potuerunt,
2541 3977 2596 4024 et
2634 3981 2777 4023 nunc
2828 3966 3049 4037 quilibet
3101 3965 3335 4031 haeretici
3380 3974 3637 4036 possunt;

2052 4059 2147 4115 scd
2192 4073 2291 4113 nec
2317 4059 2415 4127 illi,
2443 4072 2564 4113 cum
2594 4072 2706 4113 suae
2742 4058 2758 4092 ί
2794 4056 3088 4119 voluntatis
3117 4056 3310 4115 ﬁerent
3342 4066 3634 4124 amatores,

2052 4150 2346 4207 secundum
2376 4151 2705 4213 voluntatem
2733 4149 2828 4207 Dei
2856 4149 3104 4211 vixerunt
3124 4164 3139 4214 ;
3158 4157 3213 4202 et
3238 4147 3327 4202 isti
3356 4147 3639 4207 dominicae

2054 4241 2315 4299 voluntati
2352 4257 2465 4305 sua:
2512 4241 2801 4298 voluntatis
2852 4238 3031 4301 studio
3086 4239 3477 4301 contradicunt.
3521 4239 3640 4297 Non

2051 4350 2179 4413 ergo
2209 4349 2273 4391 ea
2303 4349 2390 4391 res
2418 4348 2518 4395 nos
2548 4333 2658 4389 Deo
2686 4330 3030 4395 commendat
3050 4346 3209 4404 quam
3244 4340 3299 4390 et
3320 4332 3519 4389 inimici
3544 4332 3640 4389 Dei

2054 4429 2286 4496 faciunt;
2318 4427 2415 4491 sed
2439 4436 2468 4464 ιι
2492 4426 2623 4483 illud
2650 4426 2792 4498 quod
2821 4442 2926 4491 non
2958 4426 3059 4485 nisi
3090 4439 3218 4485 vere
3239 4425 3553 4498 Christiani,
3584 4437 3640 4486 et

2054 4536 2150 4599 per
2173 4522 2273 4577 hoc
2293 4530 2560 4579 amatores
2581 4519 2676 4576 Dei
2706 4518 3005 4597 perﬁciunt.
3037 4519 3103 4575 lii
3131 4528 3257 4581 sunt
3276 4520 3429 4592 qui,Y
3452 4520 3640 4579 volun..-

1975 4597 2030 4669 Π
2058 4623 2253 4683 tatibus
2273 4622 2384 4679 suis
2404 4623 2669 4693 rebusque
2693 4620 2964 4692 proiectis.
2989 4633 3093 4683 δη
3107 4616 3418 4683 βεϐιωψὰ
3438 4634 3504 4676 ex
3526 4628 3639 4681 toto

2057 4716 2220 4779 corde
2239 4715 2551 4790 subiiciunt,
2567 4727 2632 4781 ac
2650 4727 2808 4779 suum
2825 4712 2967 4777 velle
2989 4724 3056 4776 ex
3080 4710 3202 4782 eius
3218 4710 3499 4779 voluntate
3516 4727 3640 4775 ua-

2134 4890 2153 4930 1
2186 4892 2352 4959 Editi,
2383 4891 2753 4963 corporalibus.

2126 4972 2164 5000 ω
2193 4963 2290 5019 Ms.
2319 4978 2475 5031 unus,
2508 4964 2725 5017 exacuit.

2126 5042 2155 5071 ι
2180 5033 2276 5090 Ms.
2309 5034 2518 5099 Camb.,
2551 5034 2825 5089 movendw.

2129 5113 2154 5147 ο
2186 5106 2312 5177 Mss.
2342 5107 2597 5177 quinque,
2625 5121 2863 5176 namque.

2116 5176 2309 5299 :Mss.
2336 5176 2586 5247 quatuor,
2614 5192 2716 5230 una
2746 5176 2813 5231 sit
2846 5178 2967 5232 vita.
2998 5177 3096 5235 Ms.
3129 5192 3287 5246 unus,
3315 5178 3442 5245 sicut
3464 5182 3511 5237 ct
3538 5191 3639 5241 una

2148 5258 2355 5299 stantia.

2054 5250 2355 5303 substantia.

2124 5329 2151 5368 ιι
2184 5319 2281 5375 Ms.
2304 5318 2455 5392 coli).
2478 5333 2646 5392 unus,
2678 5320 2855 5392 unitas
2877 5321 3220 5376 communium
3242 5320 3565 5392 facultatum.
3616 5372 3633 5387 κ

2127 5400 2151 5428 τ
2180 5392 2308 5445 Mss.
2336 5390 2443 5445 duo
2475 5390 2629 5461 Reg.,
2664 5390 2723 5447 Si
2750 5392 3049 5455 voluntates.

2126 5468 2147 5495 ε
2184 5461 2343 5528 Editi,
2374 5462 2559 5533 quivis.
2786 5532 2793 5533 ί
3186 5490 3191 5495 -

2130 5532 2151 5573 ι
2182 5533 2256 5588 Ita
2286 5533 2741 5607 mss.lteg.eluo,
2769 5532 2923 5607 Colb.
2955 5548 3092 5590 unus
3119 5542 3175 5589 et
3200 5533 3290 5590 alii
3333 5547 3463 5607 mss.
3493 5532 3637 5607 EditJ

2052 5618 2205 5669 vero,
2229 5619 2333 5659 sua:
2356 5606 2630 5673 voluptatis
2654 5605 2866 5674 fuerint.

2124 5684 2152 5715 ιι
2182 5675 2279 5733 Ms.
2311 5676 2444 5745 Reg.
2477 5690 2636 5739 unus,
2665 5677 2753 5729 sed
2782 5675 2873 5727 illa
2896 5690 3068 5743 quant.

2128 5757 2154 5786 ν
2180 5746 2304 5804 Mss.
2348 5744 2454 5801 duo
2484 5746 2660 5814 Colb.,
2692 5744 3047 5814 voluptatibus.
3624 5746 3651 5769 ‘

3646 5446 3658 5476 ‘.
