4124 6350
503 417 607 472 465

1849 416 2110 474 JULIANI
2147 408 2423 469 POMERII

3678 414 3785 471 464

506 532 776 606 pendunt;
806 540 858 588 et
886 532 1007 587 ideo
1040 526 1294 601 quidquid
1318 527 1397 582 eis
1421 541 1613 583 sensus
1638 528 1816 583 carnis
1859 543 2089 599 sequen-
2116 529 2169 588 Α
2193 523 2239 576 Ο
2264 528 2519 591 quantum
2550 518 2853 574 securitatis
2882 517 3079 573 habent
3107 518 3195 589 qui
3219 519 3317 575 sibi
3346 522 3483 577 bene
3508 533 3632 578 sunt
3654 539 3781 581 con-

508 627 633 681 dum
666 624 1069 693 faciendumque
1099 631 1123 658 ⁸
1154 622 1503 692 suggesserit,
1551 622 1771 691 justitite
1806 622 1949 692 capti
1990 622 2089 676 de-

510 716 796 773 lectatione
823 722 1190 769 contemnunt.

1078 806 1303 863 CAPUT
1339 807 1522 863 XVIII.

513 901 715 966 Quanta
749 898 882 954 bona
917 901 1112 971 primus
1152 901 1301 953 homo
1354 902 1671 956 abstinentia:
1709 901 1894 957 bonum
1934 901 2095 972 negli-

536 986 543 997 ’
1072 974 1235 1044 gendo
1274 974 1565 1041 perdiderit.

584 1091 635 1145 1.
669 1090 823 1159 Quod
856 1091 901 1145 si
925 1091 1128 1161 primus
1157 1092 1318 1145 homo
1346 1091 1599 1147 voluisset
1626 1090 1652 1129 ι)
1684 1108 1743 1147 se
1786 1094 1837 1145 in
1869 1091 1957 1146 illa
2001 1104 2095 1160 pa—

510 1182 675 1237 radisi
700 1184 1028 1238 beatitudine
1058 1184 1349 1251 custodire,
1384 1192 1441 1237 ut
1477 1199 1505 1236 a
1542 1182 1711 1237 fructu
1743 1184 1897 1236 unius
1930 1184 2094 1236 inter-

510 1274 667 1329 dicta:
720 1274 926 1329 arboris
965 1275 1291 1343 jejunasset;
1346 1291 1444 1329 nec
1490 1287 1685 1330 statum
1735 1276 1879 1329 illum
1932 1282 2091 1329 tanta:

513 1367 786 1423 felicitatis
834 1374 1132 1435 amitteret,
1187 1384 1283 1422 nec
1333 1384 1455 1423 eum
1503 1370 1797 1422 voluntaria
1845 1367 2093 1420 salutaris

512 1462 766 1529 prrecepti
794 1462 1147 1528 transgressio
1170 1460 1475 1515 necessitati
1498 1460 1855 1530 corruptionis
1870 1475 1932 1513 ac
1955 1476 2097 1514 mor-

513 1553 730 1606 talitatis
756 1552 1030 1607 addiceret
1063 1570 1075 1606 :
1111 1562 1167 1607 ttt
1214 1564 1355 1607 tanta
1390 1554 1649 1608 beneficia
1696 1554 1786 1606 Dei
1832 1554 1935 1619 sui,
1980 1568 2100 1622 qua:

513 1646 567 1700 in
599 1655 783 1699 natura
810 1662 920 1699 sua:
940 1647 1264 1700 conditionis
1292 1657 1594 1717 acceperat,
1620 1656 1710 1699 aut
1732 1654 2102 1714 corrumperet

511 1746 733 1806 peccato
755 1748 1060 1808 corruptus,
1092 1747 1181 1792 aut
1206 1738 1473 1806 perderet.
1502 1738 1631 1805 Quis
1653 1740 1798 1792 enim
1831 1736 2102 1792 sufficien-

511 1840 597 1885 ter
633 1840 911 1885 enumeret
941 1846 1058 1899 qme
1095 1839 1149 1884 et
1184 1840 1382 1898 quanta
1416 1830 1551 1884 bona
1589 1840 1609 1868 ο
1644 1830 1717 1883 illi
1764 1829 2101 1883 abstinentia:

2196 616 2290 669 scii
2310 614 2321 665 !
2344 622 2668 681 etquantum
2695 612 3032 681 perturbatos
3058 613 3303 669 humiliat
3332 619 3660 685 perpetratio
3690 638 3783 687 pu-

2198 710 2370 765 denda
2404 709 2631 779 peccati,
2663 709 2803 763 sicut
2837 710 2921 762 isti
2948 710 3035 776 qui
3071 724 3129 763 se
3167 711 3563 767 absconderant
3587 730 3617 767 a
3649 715 3783 773 facie

2200 802 2444 865 Domini,
2470 801 2536 855 de
2563 815 2653 854 sua
2684 800 3034 870 turpitudine,
3070 799 3094 838 ιι
3129 817 3233 857 non
3278 804 3345 857 de
3369 803 3629 875 [nuditate
3658 824 3783 863 con-

2201 893 2331 964 fusi!
2364 895 2452 964 qui
2483 908 2587 948 non
2640 893 2760 948 ideo
2810 894 3218 962 erubescebant,
3270 896 3392 966 quia
3438 909 3584 953 veste
3636 912 3784 956 erant

2206 988 2539 1041 extrinsecus
2577 984 2724 1051 nudi,
2764 985 2858 1039 sed
2889 986 3012 1053 quia
3042 983 3056 1021 1
3081 987 3411 1043 intrinsecus
3456 992 3785 1059 protectione

2210 1080 2385 1135 divina
2416 1080 2619 1134 nudati.
2654 1080 2891 1150 Denique
2918 1089 2971 1133 et
2999 1090 3122 1136 ante
3152 1093 3425 1151 peccatum
3458 1087 3585 1139 nudi
3612 1100 3783 1155 erant,

2202 1183 2257 1230 et
2288 1190 2393 1228 non
2417 1172 2826 1239 erubescebant,
2877 1175 2997 1243 quia
3047 1174 3171 1229 nihil
3227 1186 3411 1231 contra
3460 1179 3784 1237 voluntatem

2204 1265 2298 1320 Dei
2329 1266 2469 1320 unde
2496 1265 2957 1320 confunderentur
2987 1266 3334 1322 admiserant.

2788 1378 3015 1435 CAPUT
3061 1380 3201 1435 ΧΙΧ.

2204 1468 2282 1525 De
2302 1480 2508 1541 peccato
2543 1473 2693 1541 primi
2732 1471 3042 1553 fremitus,“
3070 1476 3133 1528 de
3160 1476 3312 1531 malis
3349 1496 3464 1548 qua:
3502 1480 3652 1535 illum
3675 1500 3789 1553 pec-

2491 1556 2710 1609 cantem,
2738 1544 2840 1596 Deo
2855 1545 3145 1615 jndicante,
3173 1558 3345 1601 secuta
3361 1544 3504 1605 sunt.

2279 1636 2329 1689 I.
2357 1635 2460 1691 Sed
2494 1637 2604 1706 jam
2641 1637 2935 1705 videamus,
2967 1638 3011 1692 si
3045 1640 3237 1708 placet,
3272 1644 3597 1712 qualiterilli
3621 1648 3793 1703 homi-

2207 1743 2300 1781 nes
2330 1732 2482 1796 primi
2512 1730 2882 1784 commiserint
2931 1740 3034 1784 tatn
3073 1733 3275 1799 grande
3308 1746 3611 1803 peccatum,
3651 1740 3790 1809 quod

2209 1829 2263 1873 et
2294 1820 2439 1888 ipsos
2466 1820 2533 1876 de
2556 1821 2807 1891 paradiso
2838 1822 3063 1891 projecit
3097 1824 3147 1877 in
3182 1824 3281 1880 hoc
3310 1828 3430 1879 vita:
3456 1830 3680 1899 ptenalis
3704 1847 3793 1886 ex-

511 1932 853 1993 contemptus
898 1922 1195 1977 ademerit?
1220 1922 1245 1959 d
1290 1923 1430 1992 quod
1487 1922 1861 1975 intellectualis
1901 1919 2094 1975 mentis
2128 1917 2174 1976 B
2202 1913 2395 1979 silium,
2428 1925 2482 1971 et
2530 1916 2583 1970 in
2646 1918 2725 1971 eis
2761 1917 3097 1985 originaliter
3130 1930 3296 1973 totum
3325 1922 3596 1978 damnavit
3628 1943 3793 1995 genus

512 2014 772 2084 dignitate
811 2016 1059 2083 donatus,
1090 2016 1371 2091 imaginem
1412 2016 1491 2067 sui
1534 2013 1804 2069 Creatoris
1849 2015 2093 2083 accepit:

511 2108 652 2176 quod
682 2108 780 2161 soli
813 2106 922 2161 Deo
948 2123 1045 2159 suo
1074 2106 1364 2174 subJ‘ectus,
1394 2110 1572 2159 omnia
1596 2106 1819 2159 visibilia
1850 2106 1943 2158 sibi
1968 2104 2096 2158 Stib-

510 2199 650 2267 jecta
682 2200 991 2266 conspexit;
1024 2200 1165 2270 quod
1196 2200 1245 2252 ci
1274 2201 1335 2251 ad
1383 2198 1594 2251 vivendi
1625 2214 1751 2251 u~us
1796 2198 1996 2250 atl'atint
2030 2198 2095 2251 li-

514 2304 742 2360 gnorum
780 2292 1018 2343 omnium
1050 2306 1169 2359 qum
1200 2302 1353 2343 crant
1382 2292 1431 2343 in
1466 2291 1714 2359 paradiso
1745 2288 1896 2359 (Gen.
1927 2307 1984 2354 ll,
2015 2290 2096 2360 9),

512 2382 761 2437 feracitas
790 2382 967 2436 divina
990 2382 1233 2451 jussione
1282 2383 1503 2437 servivit
1534 2401 1547 2447 ;
1579 2384 1719 2453 quod
1772 2386 1934 2437 arbor
1976 2385 2097 2438 vitae

512 2477 796 2549 mysticum
828 2477 1003 2531 cibmn
1037 2492 1142 2530 non
1186 2477 1325 2531 unde
1357 2478 1584 2544 viveret,
1628 2477 1720 2531 sed
1766 2478 1903 2531 unde
1933 2480 2095 2532 vitam

512 2571 757 2643 corporis
785 2588 887 2626 nou
914 2572 1113 2636 finiret,
1147 2572 1228 2624 sui
1260 2572 1530 2625 Creatoris
1564 2587 1787 2625 munere
1828 2572 2098 2655 ministra-

512 2668 621 2732 vit;
652 2668 740 2738 qui
763 2667 913 2722 cibus
937 2668 1169 2737 quandiu
1204 2670 1588 2736 perciperetur,
1620 2668 1691 2721 ita
1717 2669 2098 2735 percipientem

460 2744 469 2763 τ
510 2759 649 2815 sein
678 2775 784 2813 uno
814 2768 976 2825 statu,
1008 2760 1329 2813 sacramenti
1376 2760 1654 2827 cujusdam
1704 2759 1917 2813 latentis
1967 2760 2097 2828 ligu-

511 2862 625 2907 rata
654 2852 1064 2921 significatione,
1110 2859 1382 2913 servaret;
1428 2863 1482 2903 ut
1513 2866 1633 2904 eum
1667 2866 1766 2905 nec
1794 2851 1897 2904 ulla
1945 2851 2097 2905 inllr-

510 2946 698 2998 mitate
727 2942 1019 3010 corrumpi,
1054 2956 1151 2996 nec
1180 2952 1335 2995 aatate
1367 2946 1557 2996 mutari
1590 2952 1643 2996 ct
1669 2958 1972 3018 senescere,
2001 2959 2099 2999 nec

446 3096 461 3102 ‘
510 3038 736 3092 dissolvi
770 3046 949 3092 morte
980 3036 1330 3105 permitteret.
1364 3036 1479 3090 Non
1512 3037 1840 3106 inquietabat
1874 3042 2099 3093 molesta

512 3128 822 3183 sollicitudo
848 3131 1110 3197 quietum,
1145 3145 1248 3182 non
1284 3128 1534 3198 fatigabat
1571 3130 1718 3184 labor
1748 3134 1937 3185 anxius
1961 3133 2099 3187 otio-

511 3240 651 3290 sum,
679 3239 784 3277 non
813 3238 1033 3277 somnus
1055 3222 1390 3291 opprimebat
1411 3223 1655 3291 invitum,
1692 3239 1797 3278 non
1842 3226 2097 3280 amitten-

2206 2005 2517 2061 Itumanum.
2553 2010 2617 2061 Et
2650 2008 3010 2077 mihiquidem
3046 2011 3255 2066 videtur
3279 2015 3419 2084 quod
3446 2032 3551 2069 non
3576 2019 3794 2074 ederent

2204 2100 2269 2154 de
2282 2100 2424 2167 ligno
2438 2101 2724 2169 pTOIIIbIIO,
2742 2102 2843 2157 nisi
2856 2104 3293 2171 concupiscerent
3313 2121 3326 2169 ;
3343 2122 3438 2159 nec
3451 2110 3794 2177 concupisce-

2205 2202 2343 2254 rent,
2371 2194 2469 2245 nisi
2504 2193 2726 2256 tentati;
2770 2208 2867 2248 nec
2903 2204 3257 2260 tentarentur,
3292 2198 3393 2250 nisi
3428 2199 3660 2265 deserti;
3698 2218 3794 2258 nec

2204 2284 2584 2340 desererentur
2605 2302 2635 2340 a
2660 2286 2792 2352 Deo,
2818 2288 2916 2342 nisi
2947 2290 3047 2358 ipsi
3077 2291 3223 2357 prius
3246 2291 3557 2347 desererent
3580 2295 3741 2349 Deum
3764 2315 3776 2361 ;

2213 2392 2311 2430 nec
2342 2377 2656 2434 desererent
2686 2380 2875 2445 Deum,
2908 2381 3008 2434 nisi
3038 2382 3401 2451 superbirent,
3450 2396 3501 2440 et
3552 2389 3793 2443 similitu-

2203 2470 2378 2526 dinem
2413 2473 2505 2527 Dei
2532 2482 2569 2509 ιη
2593 2473 2969 2529 damnabiliter
2997 2478 3325 2544 appetissem
3358 2495 3371 2531 :
3404 2481 3467 2532 ad
3493 2496 3647 2549 quam
3675 2498 3794 2552 per-

2202 2567 2408 2621 venturi
2436 2576 2637 2636 essent,
2669 2569 2785 2621 sine
2827 2570 3069 2636 corporis
3092 2579 3290 2636 morte,
3319 2571 3364 2625 si
3389 2581 3414 2606 η
3442 2573 3541 2625 sub
3566 2574 3673 2628 Deo
3698 2590 3793 2630 suo

2203 2659 2461 2726 viventes,
2498 2671 2825 2729 prmceptum
2858 2662 2997 2731 quod
3034 2674 3351 2731 acceperant
3397 2665 3789 2732 custodissent;

2206 2765 2263 2809 ut
2309 2756 2400 2824 qui
2458 2771 2614 2824 posse
2661 2773 2766 2810 non
2813 2759 2945 2811 mori
2999 2768 3319 2829 acceperant
3365 2759 3415 2813 in
3449 2767 3658 2822 natura,
3692 2776 3791 2816 non

2205 2863 2363 2918 posse
2391 2850 2524 2903 mori
2549 2859 3011 2919 consequerentur
3039 2851 3092 2905 in
3121 2851 3318 2920 gloria;
3346 2862 3398 2906 et
3428 2853 3497 2906 ibi
3524 2856 3793 2921 accepturi

2203 2948 2389 2995 essent
2420 2940 2697 3009 praemium
2732 2957 2836 2994 non
2887 2956 3045 3009 posse
3094 2957 3338 3011 peccare,
3389 2944 3430 2997 si
3475 2943 3564 2999 hic
3608 2958 3790 2999 eorum

2205 3032 2453 3087 meritum
2485 3033 2672 3088 fuisset
2702 3049 2925 3103 peccare
2954 3030 3213 3089 noluisse.
3243 3034 3358 3091 Non
3391 3036 3550 3105 igitur
3575 3050 3604 3089 a
3626 3034 3791 3090 Crea-

2203 3132 2320 3178 tore
2345 3140 2442 3179 suo
2473 3125 2522 3178 in
2552 3136 2853 3180 creaturam
2884 3126 3177 3181 divinitatis
3207 3135 3231 3159 ο
3259 3126 3597 3182 affectatione
3619 3128 3787 3182 colla-

2204 3233 2329 3286 psos
2358 3229 2599 3273 moveret
2624 3228 2810 3289 aperta
2864 3220 3335 3287 concupiscentia,
3385 3220 3483 3273 nisi
3533 3236 3630 3275 eos
3672 3229 3795 3276 ante

511 3314 594 3369 da:
622 3313 744 3368 vita:
776 3314 933 3368 timor
961 3314 1187 3381 angebat
1228 3324 1249 3349 υ
1274 3314 1341 3368 de
1387 3315 1785 3370 immortalitate
1824 3333 2093 3372 securum.
2125 3302 2173 3367 C
2202 3310 2529 3379 corrupisset
2558 3312 2764 3365 occulta
2795 3312 3074 3379 superbia;
3117 3327 3216 3366 nec
3249 3312 3326 3366 eis
3355 3327 3447 3379 Per
3486 3323 3791 3382 serpentem

511 3406 750 3461 Habebat
776 3403 986 3459 facilem
1025 3404 1218 3457 victum
1257 3386 1451 3473 corpus
1488 3422 1551 3459 ex
1589 3404 1607 3441 ί
1656 3408 1799 3460 omni
1834 3420 1983 3475 parte
2006 3424 2097 3464 sa-

511 3514 659 3562 num,
692 3498 1033 3566 tranquillum
1058 3506 1279 3564 motum,
1313 3513 1407 3552 cor
1438 3498 1717 3565 mundum,
1747 3504 1957 3570 ignaru.
1984 3517 2095 3570 ρω.

510 3588 646 3643 nalis
674 3589 821 3652 mali,
849 3587 1114 3642 habitator
1158 3588 1415 3657 paradisi,
1450 3604 1644 3659 expers
1674 3593 1897 3659 pecca.i,
1930 3608 2098 3663 capax

512 3678 634 3733 Dei.

581 3748 635 3802 ἓ.
669 3749 947 3803 Postremo
977 3750 1102 3817 quid
1130 3763 1195 3803 eo
1240 3750 1441 3805 felicius
1474 3752 1603 3819 fuit,
1655 3754 1740 3807 cui
1791 3764 1905 3808 erat
1954 3757 2099 3811 orbis

511 3838 806 3906 subjectuS,
835 3840 1012 3893 nullus
1046 3841 1292 3908 infestus,
1346 3843 1481 3897 liber
1506 3845 1738 3911 animus,
1794 3855 1851 3900 et
1880 3848 2099 3904 VlSlbIIIS

512 3930 692 3984 Deus?
715 3942 739 3977 ις
768 3930 1208 3999 Quandoquidem
1240 3934 1339 3986 nisi
1364 3944 1487 3989 ante
1516 3946 1792 4004 peccatum
1823 3941 1987 3995 Deum
2021 3943 2101 3995 vi-

512 4024 641 4079 dere
673 4026 724 4079 in
752 4028 1115 4096 assumptione
1144 4029 1365 4085 visibilis
1391 4044 1653 4087 creaturae
1684 4034 1914 4101 soleret,
1969 4052 2102 4106 quo-

514 4116 674 4172 modo
722 4134 780 4173 se
823 4121 933 4187 jam
985 4130 1231 4189 peccator
1275 4122 1516 4189 eli‘ectus,
1564 4140 1591 4178 a
1641 4126 1776 4181 facie
1807 4127 1833 4163 ιι
1864 4128 2096 4194 Domini,

511 4224 668 4279 quem
701 4227 970 4281 nunquam
1017 4213 1245 4283 viderat,
1299 4214 1693 4271 absconderet?
1733 4219 1913 4273 Potuit
1969 4236 2099 4291 ergo

513 4305 582 4357 ita
611 4304 792 4359 videre
850 4304 1035 4369 Deum,
1078 4308 1388 4373 priusquam
1436 4319 1683 4377 peccaret
1728 4312 1920 4376 Adam,
1960 4316 2101 4368 sicut

514 4412 633 4451 eum
672 4398 685 4433 ί
722 4398 1039 4465 patriarcha:
1064 4400 1311 4455 viderunt
1340 4420 1355 4467 ;
1395 4405 1486 4457 sed
1513 4406 1726 4472 quando
1756 4408 1829 4460 ait
1860 4426 1870 4460 :
1915 4407 2101 4464 Vocem

514 4499 655 4541 tuam
684 4490 877 4553 audivi,
900 4501 948 4543 et
976 4493 1119 4544 timui
1144 4492 1296 4561 (Gen.
1330 4510 1405 4559 tn,
1455 4496 1572 4565 10);
1602 4514 1666 4553 ex
1696 4499 1781 4553 illa
1807 4504 1913 4568 jam
1949 4503 1961 4552 i
2019 4506 2099 4557 vi-

514 4579 675 4635 dendi
710 4581 884 4635 Deum
932 4584 1213 4637 sanctitate
1254 4585 1538 4652 ceciderat,
1581 4590 1691 4655 jam
1723 4606 1781 4646 se
1823 4594 2098 4665 indignum

2203 3404 2447 3458 diabolus
2477 3403 2784 3472 propinaret
2814 3414 2919 3458 tam
2961 3404 3126 3459 ferale
3153 3404 3463 3468 consilium,
3512 3406 3613 3458 nisi
3648 3406 3792 3475 prius

2202 3514 2388 3553 eorum
2420 3499 2851 3568 deprehenderet
2893 3498 3210 3565 appetitum.
3239 3496 3319 3559 Si,
3348 3498 3538 3567 inquit,
3566 3510 3797 3569 gustare-

2200 3593 2313 3645 ritis
2334 3595 2395 3645 de
2417 3594 2556 3660 ligno
2580 3594 2804 3646 scientia:
2825 3592 2943 3644 boni
2972 3602 3021 3644 et
3048 3592 3192 3659 ntali,
3219 3593 3514 3662 aperientur
3546 3593 3682 3645 oculi
3714 3610 3795 3646 ve-

2202 3688 2317 3749 stri,
2342 3694 2390 3738 et
2434 3684 2571 3736 eritis
2600 3686 2729 3737 sicut
2760 3685 2858 3748 dii,
2883 3685 3093 3755 scientes
3123 3685 3309 3737 bonum
3336 3695 3381 3736 et
3414 3686 3607 3737 malum
3644 3679 3795 3756 (Gen.

2204 3792 2283 3841 Ill,
2314 3773 2391 3845 5).
2426 3775 2551 3830 Haec
2597 3784 2723 3830 sunt
2769 3776 2858 3829 illa
2900 3776 2998 3830 tria
3051 3792 3167 3846 quae
3212 3776 3265 3831 in
3316 3776 3696 3840 mundoesse,
3742 3786 3797 3832 et

2204 3869 2349 3937 diligi
2383 3884 2486 3922 non
2516 3868 2713 3923 debere
2739 3884 2769 3922 a
2797 3868 3145 3924 dilectoribus
3176 3869 3291 3935 Dei,
3319 3869 3649 3927 contestatur
3669 3886 3793 3923 san-

2204 3971 2323 4016 ctus
2349 3961 2586 4016 Joannes
2615 3962 2891 4030 apostolus
2920 3961 3105 4016 dicens
3141 3979 3152 4014 :
3186 3961 3361 4015 Noli'e
3394 3964 3602 4035 diligere
3644 3978 3794 4015 munt

2205 4055 2348 4118 dum,
2372 4071 2532 4123 neque
2551 4071 2610 4107 ea
2640 4070 2753 4123 qua:
2775 4055 2827 4107 in
2851 4055 3038 4107 mundo
3058 4068 3208 4119 sunt;
3230 4056 3350 4124 quia
3391 4073 3541 4109 omne
3577 4056 3713 4124 quod
3741 4057 3798 4108 in

2206 4148 2395 4200 "tundo
2420 4157 2512 4214 est,
2538 4148 2951 4215 concupiscentia
2981 4149 3150 4201 carnis
3177 4159 3271 4215 est,
3305 4158 3349 4200 et
3382 4148 3800 4217 concupiscentia

2206 4243 2488 4307 oculorum,
2520 4252 2565 4295 et
2597 4242 3028 4307 ambitiosazculi,
3076 4259 3191 4312 qtae
3226 4247 3326 4297 no'n
3366 4254 3438 4296 est
3462 4254 3487 4291 ιι
3512 4260 3573 4297 ea:
3616 4242 3799 4307 Patre,

2205 4334 2295 4387 sed
2327 4350 2389 4386 ea:
2418 4333 2609 4386 mundo
2634 4341 2704 4387 est
2730 4330 2817 4403 (Il
2838 4332 2999 4387 Joan.
3031 4350 3089 4400 ιι,
3120 4336 3207 4401 15,
3244 4336 3355 4394 16).
3392 4338 3522 4400 Quae
3570 4335 3671 4389 nisi
3720 4335 3801 4391 illi

2206 4426 2294 4494 qui
2326 4440 2354 4477 a
2389 4426 2675 4480 dilectione
2708 4426 2798 4479 Dei
2826 4427 2936 4493 jam
2962 4426 3267 4481 defecerant
3297 4428 3519 4497 diligere
3547 4438 3574 4476 ιι
3600 4427 3801 4497 coepis-

2206 4528 2344 4585 sent,
2381 4536 2648 4591 nunquam
2684 4529 2706 4556 τ
2740 4522 2880 4574 male
2906 4524 3047 4575 suasi
3084 4522 3352 4591 serpentis
3379 4521 3607 4578 consilio
3626 4521 3833 4584 cre4li—,

2207 4609 2433 4666 dissent.

515 4671 735 4775 vidium.
754 4672 922 4727 Deum
948 4673 1273 4775 τεθάφθω·
1298 4675 1484 4731 vocem
1510 4690 1671 4775 "fami
1698 4684 1885 4754 inquit,
1902 4690 2099 4757 ααάίυὶ,
2128 4680 2183 4740 Ῑ)
2279 4704 2333 4757 2.
2368 4704 2546 4772 Itaque
2566 4706 2998 4775 concupiscentia
3020 4706 3197 4762 carnis
3222 4706 3290 4761 ab
3317 4707 3398 4762 eis
3426 4705 3646 4775 impleta
3685 4715 3798 4775 est;

515 4770 563 4817 et
588 4764 769 4829 timui;
796 4780 855 4817 eo
874 4766 1010 4835 quod
1032 4768 1201 4821 nudus
1230 4785 1409 4836 essem,
1433 4780 1478 4825 ct
1501 4772 1744 4829 abscondi
1774 4793 1852 4831 me
1885 4778 2094 4855 (Ibid.).

589 4985 614 5049 ξι
640 4975 803 5049 Editi,
832 4978 1073 5049 suggerit.

585 5044 614 5125 Ρ
645 5047 771 5125 Mss.
793 5044 1151 5125 quatuornon
1185 5050 1381 5125 habent
1409 5070 1479 5106 se.
1509 5055 1609 5111 Ms.
1637 5057 1789 5112 Colb.
1818 5075 1976 5125 unus,
2008 5080 2097 5120 υο·

514 5119 689 5198 luisset
715 5118 858 5198 illam
879 5119 1109 5188 paradisi
1127 5122 1495 5198 beatitudinem
1517 5130 1790 5196 custodire,
1817 5143 1891 5198 ut,
1917 5118 2022 5190 etc.

588 5201 611 5259 ς
643 5190 740 5245 Ms.
770 5190 900 5259 Reg.
930 5206 1088 5255 unus,
1118 5193 1255 5246 illius
1278 5195 1610 5251 abstinentia.
1777 5190 1787 5196 ’
1876 5190 1893 5231 ἶ

579 5258 611 5299 Α
640 5262 739 5333 Ms.
763 5258 889 5329 Reg.
922 5278 1077 5325 unus,
1100 5266 1205 5333 qui.

587 5341 611 5369 ο
639 5332 907 5409 Μεηυιιιιβ
939 5335 1094 5403 Reg.,
1140 5338 1291 5389 timor
1327 5339 1558 5409 angebat.
1586 5340 1691 5397 ‘De
1717 5343 2096 5405 immortalitate

538 5419 719 5457 ecurus
740 5405 975 5469 habebat,
1008 5414 1113 5459 etc.

589 5472 608 5511 ί
634 5475 758 5550 Mss.
790 5491 1003 5550 omnes,
1036 5477 1345 5550 exgomnibus
1372 5483 1623 5550 partibus.

511 5545 735 5684 Nam.
766 5562 898 5601 mss.
954 5547 1061 5601 duo
1104 5548 1237 5619 Reg.
1286 5558 1342 5604 et
1372 5545 1568 5609 'Camb.
1616 5556 1783 5627 Editi,
1841 5559 2095 5624 Quoniam

509 5682 775 5813 ἐὴζϐἓιεε.
802 5688 910 5742 duo
945 5688 1101 5761 Reg.,
1140 5708 1173 5744 a
1212 5692 1345 5761 [acie
1382 5694 1501 5767 Dei,
1542 5716 1695 5769 quam
1732 5717 1990 5773 nunquam
2023 5705 2089 5759 υί.

592 5828 609 5906 ξ
643 5830 771 5906 Mss.
804 5839 916 5906 tres
943 5830 1122 5906 Colb.,
1156 5840 1461 5906 patriarcha:
1481 5846 1663 5899 sancti.

590 5901 605 5949 i
643 5901 767 5957 Haec
788 5904 950 5959 verba
978 5901 1184 5958 videndi
1210 5910 1370 5963 Deum
1393 5915 1584 5970 absunt
1604 5934 1629 5969 a
1660 5917 1925 5973 ms.CoIl).
1952 5932 2093 5974 uno:

2209 4794 2349 4865 quod
2400 4796 2468 4851 de
2512 4796 2657 4868 ligno
2704 4800 2871 4855 vetito
2920 4807 3312 4870 gustaverunt;
3368 4798 3803 4870 concupiscentia

2206 5008 2261 5054 ει
2291 5010 2371 5054 831
2403 5011 2567 5056 I‘CCIC.

2277 5069 2303 5107 κ
2332 5070 2427 5124 Ms.
2454 5072 2583 5139 Reg.
2608 5088 2765 5134 unus.
2799 5089 2897 5126 non
2920 5074 2982 5126 de
3000 5074 3287 5127 timiditate.

2281 5140 2295 5177 ι
2328 5142 2455 5228 Mss.
2486 5155 2713 5228 qu'atuor
2740 5142 3048 5228 Colb.-cum
3081 5144 3273 5228 Lugd"
3309 5142 3629 5196 intrinsecus.
3678 5143 3768 5197 Ali
3781 5172 3801 5228 ί

2202 5226 2319 5266 cum
2363 5214 2517 5277 Lov.,
2545 5213 2708 5269 Duac.
2742 5226 2796 5269 et
2827 5213 3043 5280 Colon.,
3070 5218 3396 5269 extrinsecus.

2204 5292 2311 5408 “If;
2337 5284 2410 5337 lta
2440 5299 2569 5339 mss.
2601 5286 2752 5340 Colb.
2783 5294 3011 5355 quatuor
3048 5301 3170 5341 cum
3201 5286 3343 5340 aliis.
3376 5284 3542 5353 Editi,
3570 5287 3797 5341 misera-

2236 5372 2250 5407 ι
2275 5371 2290 5407 ι
2315 5371 2387 5408 er.

2236 5367 2387 5408 mter.

2276 5436 2301 5461 ιι
2336 5427 2457 5498 Mss.
2491 5426 2599 5481 duo
2626 5428 2781 5498 Reg,
2812 5428 2856 5481 si
2886 5428 2979 5482 sub
3004 5427 3113 5482 Deo
3134 5430 3367 5483 viventes.

2277 5505 2301 5532 ο
2330 5497 2457 5551 Mss.
2490 5497 2744 5567 quinque,
2776 5498 3064 5563 a/Tectione.

2275 5576 2301 5615 ι)
2325 5568 2477 5621 Colb.
2512 5586 2668 5633 unus,
2699 5570 2761 5622 de
2792 5568 2969 5639 Patre,
2994 5570 3081 5624 sed
3106 5570 3170 5625 de
3192 5569 3380 5623 mundo
3402 5578 3495 5623 est.
3524 5570 3696 5638 Alter,
3732 5585 3802 5624 es

2201 5636 2378 5701 Patre,
2411 5641 2498 5692 sed
2524 5639 2585 5692 de
2608 5642 2817 5693 mundo.

2274 5719 2301 5757 ιι
2328 5710 2453 5783 Mss.
2482 5720 2613 5783 tres,
2650 5713 3027 5781 concupiscent.
3056 5713 3180 5782 Alii,
3211 5715 3642 5783 concupiscerent.

2274 5780 2423 5904 τάμε.
2468 5781 2619 5837 Colb.
2663 5780 2822 5847 unus,
2876 5784 3009 5838 male
3055 5780 3334 5838 suadentis.
3365 5780 3575 5849 Camb,
3626 5782 3799 5840 male-

2274 5868 2293 5903 2
2332 5869 2368 5904 Ι.

2198 5867 2368 5905 suam.
