4124 6350
331 353 435 407 ιδδ

1361 345 1447 400 DE
1492 344 1649 399 VITA
1689 338 2261 398 CONTEMPLAVITA
2304 337 2433 391 LIB.
2477 337 2540 390 ll.
2893 322 2955 380 ui»

3476 337 3577 393 466

333 464 640 531 oculorum,
673 472 698 501 ι
729 463 868 533 quod
915 462 1017 518 sibi
1057 461 1251 533 aperiri
1278 457 1459 513 oculos
1507 456 1820 525 cupierunt;
1852 464 1906 509 et
1933 452 2227 515 Amortui,
2280 463 2400 504 cum
2445 448 2538 503 illo
2585 448 2934 516 spiritualiter
2982 464 3337 522 resurgamus.
3391 450 3447 505 In
3488 449 3576 506 illo

329 555 550 611 ambitio
588 555 802 620 saeculi,
834 554 972 625 quod
1011 568 1068 607 se
1112 552 1224 608 ﬁeri
1271 563 1427 620 posse
1468 546 1608 618 quod
1650 548 1789 625 Deus
1817 554 1899 601 est

331 648 690 708 crediderunt.
719 646 946 701 Proinde
965 642 1316 700 delectatione
1327 640 1521 701 carnis,
1544 647 1598 693 et
1622 638 1897 693 oculorum

327 752 654 813 curiositate,
713 763 776 803 ac
829 746 1006 800 sreculi
1055 743 1344 798 ambitione
1385 739 1652 805 corrupti,
1684 754 1712 790 a
1758 736 1900 806 ligno

329 846 472 909 vitae,
501 859 563 897 ex
608 855 713 909 quo
746 840 823 894 eis
870 837 1112 892 arcendae
1165 835 1372 897 mortis,
1418 847 1482 886 ac
1516 832 1704 885 salutis
1731 828 1901 883 conti-

328 937 552 992 nuandm
580 933 607 972 ι’
636 932 802 1002 gratia
845 929 1226 999 praestabatur,
1257 925 1449 981 abscisi
1495 934 1651 986 sunt;
1679 931 1734 976 et
1760 936 1902 999 mor-

332 1028 509 1084 bidam
550 1025 856 1093 qualitatem
904 1038 1085 1076 eorum
1136 1033 1359 1089 corpora
1396 1024 1812 1079 contraxerunt,
1844 1023 1904 1068 ut

328 1123 476 1193 juxta
500 1119 814 1174 sententiam
850 1117 964 1180 Dei,
986 1130 1049 1169 eo
1079 1115 1165 1169 die
1189 1113 1472 1167 credantur
1500 1109 1693 1164 mortui
1714 1122 1821 1177 quo
1847 1107 1899 1161 in

325 1213 404 1266 eis
434 1210 713 1277 pmnaliter
756 1208 889 1261 facta
917 1215 1000 1260 est
1048 1205 1336 1259 necessitas
1386 1200 1681 1265 moriendi,
1728 1208 1780 1252 et
1810 1214 1903 1266 per

325 1302 519 1372 lignum
548 1300 676 1355 illud
697 1299 837 1369 quod
860 1310 881 1338 °
906 1298 1142 1353 scientiae
1165 1297 1287 1351 boni
1312 1304 1366 1349 et
1396 1296 1517 1349 mali
1548 1293 1700 1364 (Gen.
1728 1310 1788 1360 ιι,
1810 1292 1897 1363 17)

325 1409 390 1449 ex
433 1408 591 1448 causa
639 1407 831 1446 nomen
876 1391 1100 1460 accepit,
1148 1405 1177 1443 a
1226 1404 1332 1459 quo
1359 1403 1418 1442 sc
1469 1389 1738 1444 abstinere
1780 1404 1916 1456 cum,

325 1493 579 1555 possent,
620 1483 799 1538 miseri
851 1484 1242 1551 neglexerunt,
1276 1481 1398 1550 quid
1446 1480 1727 1535 interesset
1768 1483 1905 1535 inter

326 1576 523 1630 bonum
550 1575 690 1643 quod
719 1576 1044 1637 amiserant,
1078 1584 1131 1627 et
1159 1574 1353 1627 malum
1383 1572 1523 1641 quod
1547 1572 1911 1639 incurrerant,

326 1666 438 1734 ipsa
471 1680 626 1734 pinna
666 1680 760 1717 sua
792 1663 820 1700 ἀ
850 1664 1258 1718 discernerent:
1307 1662 1397 1731 qui
1444 1665 1486 1716 si
1524 1664 1721 1719 amisso
1759 1673 1904 1717 tanto

332 1757 496 1821 bono,
533 1756 733 1809 nullum
775 1755 970 1807 malum
1000 1755 1351 1816 incurrerent,
1374 1752 1527 1820 quale
1550 1752 1904 1822 perdidissent

2003 548 2180 604 omnia
2210 545 2353 601 bona
2402 558 2521 613 qute
2570 544 2838 612 potuimus
2866 543 3062 599 habere
3086 584 3099 609 ,
3128 545 3452 614 perdidimus
3472 586 3489 610 ,
3522 546 3573 599 iu

2002 639 2104 694 hoc
2146 638 2304 693 etiam
2355 636 2579 705 majora,
2626 644 2680 688 et
2721 636 2836 688 sine
2883 636 2985 689 line
3030 632 3265 688 habenda
3311 636 3574 703 recepturi

2002 743 2225 793 sumus,
2277 729 2323 782 si
2370 736 2773 797 perseveranter
2826 725 2943 793 ejus
2996 724 3216 793 vesﬁgia
3276 732 3570 779 teneamus.

2003 823 2173 878 Adam
2205 837 2301 876 nos
2334 818 2361 858 ι
2390 820 2699 875 obnoxiavit
2730 820 2882 873 malis
2908 820 3154 873 omnibus
3192 833 3288 889 per
3309 818 3576 887 prapriam

2003 915 2234 982 culpam,
2267 930 2297 967 a
2340 913 2532 981 quibus
2560 926 2656 966 nos
2693 911 2937 965 liberavit
2972 911 3231 964 adventus
3264 908 3462 964 Christi
3485 924 3578 977 per

2004 1008 2248 1076 gratiam.
2284 1005 2377 1060 llle
2416 1007 2470 1060 in
2500 1020 2600 1060 nos
2630 1005 2837 1073 culpam
2870 1020 3019 1059 suam
3059 1004 3352 1058 transmisit
3384 1012 3438 1058 et
3467 1017 3577 1070 pte-

2005 1117 2162 1165 nam;
2197 1101 2314 1165 hic,
2351 1097 2369 1137 ι
2403 1100 2492 1169 qui
2529 1100 2745 1168 'culpam
2790 1108 3025 1152 nostram
3055 1100 3324 1177 suscipere
3366 1104 3423 1150 ut
3453 1104 3578 1167 pote

2005 1202 2293 1261 conceptus
2316 1202 2369 1247 et
2400 1202 2553 1246 natus
2580 1193 2696 1247 sine
2744 1199 2961 1259 peccato
3004 1206 3107 1245 non
3137 1191 3344 1259 potuit,
3377 1190 3444 1244 de
3468 1203 3579 1243 sus-

2004 1288 2248 1355 ceptione
2271 1300 2441 1353 po:th
2469 1297 2661 1339 nostra:
2693 1284 2898 1352 culpam
2931 1298 3165 1338 nostram
3195 1283 3351 1337 simul
3377 1292 3415 1318 ω
3445 1282 3575 1335 abo-

2005 1379 2133 1435 levit
2168 1389 2222 1433 et
2271 1394 2483 1448 poenam
2517 1396 2529 1432 :
2570 1389 2621 1433 et
2653 1387 2711 1431 ut
2763 1386 2928 1432 totum
2979 1378 3149 1431 dicam
3179 1418 3193 1439 ,
3226 1375 3394 1431 Adam
3426 1374 3577 1430 nobis

2006 1471 2204 1539 eripuit
2230 1471 2557 1539 paradisum,
2584 1471 2827 1526 Christus
2857 1480 2883 1508 ιι
2908 1470 3124 1525 donavit
3146 1470 3361 1526 caelum.

2588 1586 2810 1642 CAPUT
2850 1584 2990 1641 XXI.

2012 1680 2241 1744 Qualiter
2268 1680 2427 1732 viuere
2438 1679 2647 1732 debeant
2667 1681 2751 1743 qui
2776 1678 3029 1732 Christum
3049 1677 3242 1731 imitari
3263 1677 3575 1733 desiderant.

2084 1771 2133 1824 1.
2180 1770 2247 1824 Et
2278 1770 2396 1824 ideo
2425 1771 2468 1823 si
2497 1772 2547 1823 in
2580 1780 2604 1805 ο
2638 1771 2727 1823 illo
2756 1786 2874 1826 esse
2898 1772 3143 1824 volumus
3172 1770 3309 1836 quod
3340 1784 3461 1825 esse
3488 1769 3581 1825 dc-

332 1848 527 1902 bonum
566 1849 699 1901 forte
736 1846 1021 1900 nescirent.
1058 1844 1271 1898 Dulcior
1298 1844 1438 1898 enim
1471 1844 1528 1896 tit
1566 1845 1745 1907 salus,
1783 1859 1901 1897 cum
1935 1821 1981 1880 Β
2007 1860 2216 1926 Μαίης,
2245 1860 2381 1915 sic,"
2406 1869 2621 1914 sanctus
2642 1860 2876 1915 Joannes
2896 1863 3165 1929 apnsm'us
3189 1821 3474 1929 'dicilu’",
3496 1860 3577 1931 6),

331 1937 486 1992 dolor
533 1938 841 2001 excruciat;
898 1946 948 1990 et
1006 1935 1249 1989 sanitatis
1302 1935 1512 1988 amissa:
1558 1934 1898 1990 dulcedinem

327 2033 599 2102 languoris
628 2032 925 2085 amaritudo
970 2029 1343 2083 commendat:
1377 2043 1439 2081 ac
1467 2029 1545 2082 sic
1571 2068 1585 2092 ,
1610 2029 1674 2081 ad
1700 2028 1798 2081 hoc
1823 2029 1901 2082 illi

324 2127 523 2180 malum
552 2140 658 2178 non
690 2123 966 2187 discendo,
992 2123 1084 2175 sed
1113 2122 1455 2189 experiendo,
1487 2122 1687 2175 sentire
1717 2136 1897 2189 coepe-

324 2227 447 2271 runt
483 2216 623 2286 quod
657 2216 845 2271 melius
873 2217 1213 2285 ignorarent;
1247 2222 1302 2266 ut
1328 2227 1393 2267 ex
1421 2213 1530 2280 ipsa
1560 2212 1771 2266 miseria
1805 2228 1897 2266 sua

324 2312 587 2365 sentirent
629 2319 881 2378 quantam
914 2308 1287 2363 beatitudinem
1334 2306 1709 2374 perdidissent,
1736 2315 1895 2377 atque

324 2405 393 2458 ita
436 2420 566 2472 quos
598 2419 702 2458 non
736 2412 972 2457 lltm‘el‘al
1003 2402 1244 2455 fortassis
1280 2401 1399 2454 boni
1440 2400 1695 2455 naturalis
1738 2400 1901 2453 amis-

323 2495 426 2560 sio,
476 2505 713 2548 moveret
756 2495 943 2547 saltem
1001 2494 1120 2545 mali
1164 2492 1388 2560 poenalis
1418 2492 1560 2558 justa
1605 2491 1897 2559 perpessio.

325 2586 453 2640 Hzec
475 2601 572 2654 per
603 2600 879 2639 excessum
907 2584 1262 2639 neces~arium
1284 2590 1320 2620 λε
1349 2584 1488 2637 dicta
1514 2593 1639 2636 sunt
1662 2584 1813 2635 nobis
1834 2583 1899 2637 de

328 2678 515 2747 primis
540 2676 871 2741 hominibus;
900 2686 955 2730 ut
995 2678 1083 2745 qui
1121 2677 1308 2731 nolunt
1334 2675 1687 2729 damnationis
1716 2691 1899 2729 corum

330 2769 512 2823 subire
536 2769 849 2839 supplicium
877 2810 891 2833 ,
926 2778 1146 2823 caveant
1176 2768 1527 2835 pt‘olapsiunis
1572 2767 1895 2836 exemplum.

918 2880 1140 2935 CAPUT
1178 2880 1301 2933 XX.

333 2972 487 3038 Quod
516 2974 684 3025 omnia
713 2974 842 3025 bona
870 2988 985 3041 quw
1014 2974 1065 3024 in
1096 2974 1258 3042 Adam
1300 2974 1522 3041 corrupti
1566 2972 1897 3042 perdidimus,

662 3043 715 3095 in
747 3044 943 3095 Christo
964 3046 1181 3108 reparati
1219 3041 1237 3079 ί
1270 3044 1560 3109 recipimus.

400 3133 654 3201 Quamvis
676 3132 818 3188 enim
848 3148 911 3187 ex
934 3134 1101 3187 Adam
1132 3132 1300 3187 simus
1325 3133 1609 3187 carnaliter
1632 3134 1762 3200 nali,
1796 3148 1897 3188 non

327 3224 504 3295 ipsum
536 3234 713 3280 tamen
735 3226 993 3281 debemus
1016 3225 1208 3279 imitari
1232 3269 1246 3290 ,
1280 3225 1371 3279 sed
1403 3224 1695 3287 Christum,
1722 3227 1773 3280 in
1793 3242 1898 3296 quo

328 3318 502 3374 renati
529 3333 710 3373 sumus
738 3327 791 3373 et
819 3318 1072 3383 vivimus,
1102 3316 1313 3385 quando
1347 3328 1580 3371 veterem
1618 3332 1901 3372 conversa-

328 3411 532 3465 tionem
592 3410 879 3465 salubriter
943 3408 1177 3464 innovati
1237 3409 1571 3478 deponimus.
1625 3410 1761 3474 Quid
1820 3420 1904 3464 est

328 3503 527 3558 imitari
580 3501 773 3566 Adam,
817 3501 921 3556 nisi
968 3518 1064 3570 pro
1110 3501 1413 3555 carnalibus
1454 3511 1476 3547 ε
1521 3502 1798 3555 desilcriis
1839 3516 1901 3555 ac

326 3594 775 3663 concupiscentiis
806 3603 976 3647 morte
1024 3593 1297 3647 mulctari?
1333 3592 1395 3645 Et
1438 3592 1561 3660 quid
1602 3602 1682 3645 c-t
1709 3592 1900 3646 imitari

329 3684 600 3742 Christum
626 3726 641 3750 ,
672 3685 774 3739 nisi
800 3684 1101 3738 carnalibus
1128 3683 1572 3752 concupiscentiis
1602 3698 1665 3737 ac
1694 3683 1902 3737 deside-

328 3777 426 3831 riis
448 3776 718 3842 crucitigi?
744 3775 893 3831 Sicut
918 3775 1062 3829 aliud
1105 3792 1207 3829 non
1237 3784 1319 3829 est
1354 3787 1901 3829 veteremconversa-

330 3872 533 3923 tionem
565 3868 855 3937 deponere,
879 3882 1163 3936 quamnon
1194 3868 1486 3922 secundum
1515 3882 1754 3931 carnem,
1785 3883 1904 3937 quae

332 3962 625 4016 veterascit
651 3969 705 4014 et
752 3962 976 4015 moritur
997 4000 1013 4025 ,
1053 3961 1143 4013 sed
1170 3958 1459 4013 secundum
1490 3958 1655 4019 Deum
1702 3959 1902 4025 vivere,

330 4057 420 4125 qui
451 4056 597 4109 solus
630 4063 800 4123 potest
829 4058 1227 4124 perseverantes
1260 4053 1309 4105 in
1350 4066 1407 4105 se
1437 4054 1687 4105 innovare
1716 4067 1905 4119 peren-

332 4146 472 4201 niter
498 4152 552 4199 et
579 4143 609 4180 h
637 4145 817 4199 beare.
849 4144 1203 4212 QuaprOpIer,
1236 4143 1373 4196 sicut
1401 4142 1611 4210 quando
1647 4142 1696 4194 in
1734 4141 1901 4194 Adam

332 4235 533 4290 fuimus
564 4250 767 4300 omnes,
813 4235 930 4303 ipso
958 4233 1180 4288 cadente
1222 4232 1239 4269 ί
1276 4233 1597 4295 εθοὶάίηιιιη
1635 4231 1741 4283 itai
1781 4232 1902 4300 quia

332 4324 388 4380 in
422 4326 635 4380 Christo
658 4326 767 4395 jam
799 4339 917 4379 esse
943 4324 1222 4391 cmpimns,
1248 4324 1335 4393 qui
1357 4338 1453 4392 pro
1484 4322 1634 4376 nobis
1656 4322 1904 4376 omnibus

334 4417 584 4486 dignatus
613 4426 696 4473 est
722 4418 885 4483 mori;
920 4424 976 4470 et
1014 4430 1110 4471 nos
1146 4415 1375 4484 peccatis
1416 4420 1610 4472 nostris
1653 4414 1726 4469 illi
1758 4429 1903 4468 com-

2005 1949 2275 2020 quomodo
2304 1950 2391 2005 ille
2413 1950 2705 2004 ambulavit
2729 1992 2743 2014 ,
2769 1961 2820 2004 et
2845 1967 2940 2005 nos
2969 1951 3318 2015 Spiritualiter
3339 1952 3579 2006 ambule-

2003 2055 2143 2095 mus.
2171 2040 2307 2104 Quid
2339 2048 2421 2094 est
2468 2041 2744 2096 ambulare
2786 2043 2922 2095 sicut
2973 2042 3062 2095 ille
3100 2042 3431 2107 ambulavit,
3477 2042 3581 2097 nisi

2001 2140 2350 2186 contemnere
2386 2134 2563 2185 omnia
2613 2147 2867 2200 prospera
2919 2148 3035 2201 qua:
3081 2133 3426 2201 contempsit,
3474 2151 3580 2188 non

2004 2224 2192 2277 timere
2242 2222 2463 2276 θάνω-εει
2506 2239 2624 2287 qua!
2672 2224 2918 2291 pertulit,
2968 2225 3193 2278 libenter
3246 2224 3421 2280 facere
3462 2242 3580 2295 quae

2003 2318 2148 2382 fecit,
2181 2318 2292 2372 ﬁeri
2321 2319 2514 2373 docere
2536 2334 2657 2387 quae
2677 2329 2703 2367 ι)
2730 2318 3029 2383 mandavit,
3058 2334 3277 2387 sperare
3307 2335 3426 2389 qua;
3455 2336 3578 2387 pro-

2004 2410 2169 2475 misit,
2204 2418 2259 2463 οι
2283 2410 2431 2476 sequi
2466 2425 2571 2479 quo
2614 2412 2725 2477 ipse
2757 2410 3068 2477 przecessit?
3098 2421 3123 2458 τι
3167 2409 3299 2475 Quid
3330 2420 3411 2465 est
3435 2410 3577 2465 enim

2003 2499 2191 2568 sequi,
2243 2500 2343 2553 nisi
2388 2510 2641 2567 prtestarc
2681 2500 2935 2555 beneﬁcia
2976 2504 3133 2553 et‘am
3168 2500 3421 2568 ingratis,
3474 2517 3580 2555 non

2002 2579 2303 2643 retribu'ere
2333 2589 2623 2643 secundum
2657 2591 2846 2644 merita
2872 2604 2964 2643 sua
3012 2591 3287 2644 malevolis
3307 2631 3321 2655 ,
3350 2601 3403 2645 et
3427 2606 3581 2645 orare

2003 2695 2098 2750 pro
2126 2680 2376 2744 inimicis,
2418 2695 2597 2733 amare
2628 2680 2819 2741 bonos.
2852 2681 3094 2735 misereri
3130 2683 3413 2748 perversis,
3446 2683 3581 2736 invi-

2004 2780 2115 2825 tare
2145 2781 2165 2807 ι’
2198 2786 2439 2835 aversos,
2474 2774 2744 2833 suscipere
2770 2771 2824 2824 in
2855 2775 3074 2825 caritate
3130 2779 3151 2806 ⁸
3186 2787 3491 2836 conversos,
3527 2783 3582 2828 et

2001 2863 2370 2933 aequanimiter
2396 2865 2501 2931 pati
2524 2864 2778 2918 sttbdolos
2798 2880 2861 2918 ac
2878 2866 3136 2929 superbos
3153 2865 3173 2913 't
3191 2866 3270 2920 Ad
3298 2866 3395 2920 hoc
3416 2866 3576 2921 etiam

2003 2958 2234 3026 pertinet
2276 2957 2415 3024 quod
2447 2957 2519 3008 ait
2564 2966 2781 3010 sanctus
2824 2955 3015 3009 Paulus
3044 2957 3316 3023 apostolus
3360 2976 3373 3010 :
3406 2957 3464 3012 Si
3494 2975 3578 3012 re-

2002 3034 2290 3101 surrexistis
2311 3062 2435 3105 cum
2465 3045 2668 3100 Christo
2687 3088 2701 3111 ,
2743 3061 2856 3114 qua:
2874 3063 3074 3099 sursum
3102 3056 3218 3099 sunt
3242 3049 3467 3116 quwrite,
3497 3047 3582 3102 ubi

2004 3138 2234 3193 Christus
2279 3147 2349 3187 est
2401 3137 2454 3189 in
2495 3141 2701 3190 dextera
2747 3134 2839 3188 Dei
2867 3136 3040 3189 sedens
3070 3136 3241 3207 (Calas
3269 3155 3346 3202 ιιι,
3396 3139 3466 3208 1).
3502 3133 3582 3192 llli

2006 3243 2291 3299 resurgunt
2318 3245 2439 3285 cum
2468 3228 2679 3282 Christo
2701 3230 2788 3294 qui
2834 3228 3129 3280 moriuntur
3158 3231 3295 3282 sicut
3330 3229 3419 3282 ille
3459 3235 3582 3296 pec-

2007 3334 2125 3375 cato
2149 3338 2165 3386 ;
2192 3338 2251 3375 ea
2290 3333 2463 3374 tamen
2494 3319 2835 3373 distinctione
2881 3328 3112 3382 servata,
3144 3321 3283 3387 quod
3317 3320 3405 3373 ille
3435 3335 3581 3373 mor-

2010 3420 2131 3464 tuus
2157 3418 2241 3465 est
2270 3421 2487 3479 peccato
2511 3452 2525 3475 ,
2562 3423 2664 3462 non
2695 3421 2822 3468 suo,
2850 3407 2941 3460 sed
2973 3418 3187 3471 nostro;
3221 3409 3581 3477 unusquisque

2010 3512 2186 3557 autem
2239 3510 2499 3567 nostrum,
2541 3501 2558 3535 ί
2620 3515 2726 3555 non
2777 3497 3014 3552 omnium
3059 3498 3283 3552 moritur
3342 3508 3577 3569 peccato,

2009 3594 2104 3649 sed
2132 3609 2248 3648 suo.

2080 3687 2135 3741 2.
2161 3687 2295 3753 Quid
2319 3696 2346 3723 ιι
2377 3697 2461 3742 est
2485 3695 2699 3756 peccato
2733 3686 2903 3751 mori,
2929 3684 3030 3740 nisi
3058 3668 3372 3757 damnandis
3403 3685 3582 3754 operi-

2008 3779 2107 3834 bus
2132 3780 2353 3833 omnino
2382 3796 2484 3832 non
2511 3781 2712 3843 vivere,
2734 3777 3254 3845 nihilconcupiscere
3276 3778 3578 3845 carnaliter,

2010 3869 2137 3923 nihil
2166 3871 2403 3924 ambire?
2431 3870 2498 3923 Ut
2525 3881 2547 3906 ν
2575 3871 2712 3923 sicut
2732 3872 2818 3939 qui
2851 3879 3088 3923 mortuus
3115 3876 3197 3922 est
3225 3884 3387 3923 carne
3406 3909 3422 3934 ,
3450 3870 3577 3921 nulli

2006 3962 2114 4030 jam
2147 3961 2398 4025 detrahit,
2435 3969 2462 3996 ³
2489 3963 2693 4015 nullum
2726 3963 3039 4015 adversatur
3069 3970 3160 4014 aut
3188 3960 3428 4027 despicit,
3465 3962 3584 4014 nul~

2010 4051 2111 4105 lius
2157 4051 2464 4118 pudicitiam
2515 4051 2703 4104 callida
2762 4052 3211 4104 circumventione
3258 4053 3580 4118 corrumpit,

2013 4141 2213 4196 nemini
2261 4143 2524 4195 violentus
2552 4143 2752 4205 existit,
2802 4143 3067 4195 neminem
3096 4141 3452 4195 calumniatur
3495 4151 3586 4194 aut

2014 4232 2297 4300 opprimit;
2329 4246 2433 4284 non
2459 4230 2657 4285 invidet
2677 4231 2851 4295 bonis,
2880 4240 2967 4283 aut
2989 4231 3203 4283 insultat
3226 4229 3458 4295 afﬂictis,
3481 4246 3584 4284 non

2014 4325 2235 4379 luxuriae
2260 4325 2438 4379 carnis
2461 4324 2699 4390 inservit,
2738 4340 2840 4378 non
2864 4324 3166 4379 vinolentia!
3186 4322 3412 4389 deditus,
3446 4324 3496 4377 in
3528 4338 3587 4378 se

2011 4416 2229 4474 bibendi
2259 4418 2402 4473 sitim
2429 4418 2664 4493 bibendo
2696 4419 2865 4487 magis
2894 4433 2957 4473 ac
2983 4417 3151 4488 magis
3178 4402 3449 4481 accendit;
3482 4431 3587 4470 non

412 4634 437 4661 ει
472 4624 569 4678 Ms.
598 4622 747 4677 Colb.
776 4636 928 4684 unus,
958 4622 1078 4677 dum
1105 4620 1218 4673 sibi.
1245 4618 1461 4681 Cantb.,
1486 4619 1683 4688 aperire
1712 4619 1902 4673 oculos.
1933 4621 1988 4682 D
2082 4630 2121 4656 ω
2151 4620 2276 4675 Sola
2304 4620 2467 4675 editio
2495 4620 2663 4689 Lugd,
2689 4618 2885 4673 abolere
2909 4622 3091 4688 potuit.

408 4692 435 4731 δ
466 4696 565 4749 Ms.
590 4694 743 4748 Colb.
781 4708 935 4754 unus,
968 4691 1160 4761 grande
1187 4691 1491 4759 promissum
1515 4690 1780 4755 pendebat.

412 4774 434 4803 ε
468 4766 590 4818 Mss.
624 4774 766 4829 tres,
799 4759 1025 4816 scientia.
1060 4759 1188 4815 Post
1215 4775 1380 4830 pauca
1407 4775 1505 4813 ms.
1561 4775 1694 4813 unus
1715 4760 1909 4815 omittit

337 4851 530 4892 miseri.

407 4905 433 4940 ά
460 4905 622 4975 Lugd.
638 4905 1011 4975 ..ἀπεῖπεν-βω.

410 4984 433 5010 θ
468 4968 564 5029 Ms:
603 4974 815 5036 Camb.,
858 4972 1145 5033 necessaria
1194 4968 1331 5023 dicta
1383 4981 1517 5024 sunt.
1569 4969 1700 5038 Reg.
1750 4986 1903 5036 unus,

338 5047 474 5099 dicta
502 5055 619 5098 sunt
647 5044 944 5098 necessaria.
975 5042 1071 5095 Ms.
1107 5056 1273 5102 unus,
1299 5057 1331 5093 a
1352 5042 1513 5094 nobis.
1783 5093 1793 5103 ,

415 5115 433 5153 ί
473 5114 632 5181 Editi,
659 5115 980 5179 recipiemus.
1007 5113 1134 5165 Mss.
1164 5110 1295 5179 Reg.
1328 5111 1434 5164 duo
1456 5120 1510 5164 et
1541 5111 1748 5176 Camb.,
1782 5112 1913 5165 reci-

396 5202 528 5241 mus.
648 5197 651 5203 '

338 5203 591 5310 mntiuli‘lss.
644 5254 791 5307 Colb.
839 5261 947 5307 tres
974 5259 1029 5306 et
1053 5250 1264 5318 Camb,
1299 5251 1718 5319 concupiscentiis
1740 5266 1799 5303 ac
1823 5250 1914 5303 de-

342 5327 561 5380 sideriis.

416 5394 444 5432 ιι
468 5397 591 5448 Mss.
616 5402 744 5458 tres,
768 5392 970 5445 habere.
1005 5390 1104 5446 Ms.
1134 5392 1287 5455 alter,
1317 5389 1627 5457 beati/itare.

417 5465 437 5505 ί
473 5465 635 5531 Editi,
665 5465 959 5518 occidimus.
986 5462 1111 5517 Mss.
1144 5475 1350 5527 omnes,
1378 5460 1674 5516 cecidimus.

415 5537 429 5587 i
473 5537 599 5590 Mss.
631 5544 856 5605 quatuor
876 5532 1167 5605 Colb.,_qui
1194 5534 1264 5585 in.

412 5605 439 5645 ι
470 5608 544 5661 ita
570 5600 699 5660 mss.
731 5615 839 5658 tres
865 5603 1016 5656 Colb.
1053 5600 1222 5668 Editi,
1255 5601 1346 5656 sub
1372 5617 1505 5655 noxa
1529 5602 1720 5655 habuit.
1769 5600 1912 5654 Alias

343 5678 650 5747 'cgebatur,
700 5674 1053 5739 subnoxiavit,
1095 5673 1190 5728 vel
1237 5674 1558 5736 subvocavit,
1614 5673 1700 5728 vel
1752 5673 1910 5728 etiam

340 5748 647 5803 obnuntiavit.

418 5817 436 5856 ¹
464 5818 589 5874 Mss.
620 5825 751 5881 ιτοε,
782 5813 898 5881 quia
916 5812 1138 5878 culpam.

2087 4700 2113 4727 ιι
2146 4691 2269 4745 Mss.
2302 4691 2407 4744 duo
2424 4692 2598 4756 Colb.,
2632 4692 2834 4743 donavit
2861 4702 2903 4741 et
2934 4690 3129 4741 coelum.

2088 4771 2112 4797 ο
2146 4761 2309 4823 Editi,
2332 4763 2383 4814 in
2414 4761 2525 4814 illo.
2558 4755 2679 4813 Mss.
2710 4774 2922 4821 omnes,
2950 4759 3003 4812 in
3039 4755 3162 4809 Deo.

2086 4844 2111 4880 ιι
2145 4832 2303 4898 Editi,
2349 4847 2464 4901 qua:
2508 4831 2695 4883 docuit.
2740 4857 2811 4869 —
2857 4826 3213 4901 MsuCamb”
3248 4824 3425 4901 docere
3478 4842 3591 4901 gum

2012 4893 2476 4969 mandavit'ﬁ'eri;
2518 4902 2595 4953 sic
2650 4910 2701 4951 et
2744 4903 2845 4951 ms.
2890 4893 3587 4969 Colb.‘uinus._Colb._dtto,

2012 4973 2177 5041 facere
2200 4966 2472 5039 quw'fecit,
2498 4970 2710 5038 ﬁerique
2738 4968 3014 5021 mandavit.
3038 4966 3189 5021 Colb.
3219 4966 3381 5033 alius,
3412 4967 3591 5020 docere

2010 5058 2120 5111 qua:
2147 5042 2259 5107 ﬁeri
2286 5041 2559 5111 mandavit.

2091 5123 2116 5159 ιι
2141 5104 2267 5165 Ιίωο
2291 5111 2449 5164 verba
2476 5150 2489 5171 ,
2524 5109 2658 5175 Quid
2681 5118 2755 5161 est
2782 5110 2914 5162 enim
2942 5109 3100 5177 sequi,
3123 5108 3239 5173 nisi,
3274 5120 3379 5159 non
3402 5104 3588 5177 legun-

2020 5190 2103 5234 tur
2132 5182 2184 5235 in
2209 5195 2339 5235 mss.
2372 5179 2521 5235 Colb.
2546 5174 2802 5249 quatuor,
2835 5188 2887 5235 et
2915 5174 3019 5235 ms.
3044 5176 3228 5232 Camb.
3246 5218 3260 5242 ,
3284 5189 3377 5229 nec
3403 5176 3453 5228 in
3476 5174 3562 5229 edi

2018 5251 2162 5305 tione
2192 5250 2359 5319 Lugd.

2090 5332 2112 5358 ι’
2147 5321 2284 5375 Edit.
2312 5320 2501 5390 Lugd.,
2523 5321 2777 5375 adversos.

2091 5399 2111 5427 ³
2151 5392 2245 5445 Ms.
2273 5391 2405 5459 Reg.
2429 5408 2566 5446 unus
2590 5432 2605 5455 ,
2640 5404 2914 5457 perversos.

2092 5463 2112 5498 ⁸
2146 5463 2239 5515 Ms.
2271 5462 2399 5529 Reg.
2434 5478 2587 5528 unus,
2618 5478 2719 5514 non
2751 5459 3028 5510 hominum.
3055 5522 3063 5531 _

2091 5542 2116 5567 υ
2150 5534 2246 5586 Ms.
2272 5521 2429 5594 unus,
2458 5521 2592 5595 Quid
2617 5540 2685 5583 est
2715 5538 2914 5594 peccato
2940 5521 3458 5587 mori?Damnandis,
3484 5534 3587 5581 etc.

2089 5611 2117 5638 ν
2148 5603 2243 5655 Ms.
2270 5602 2453 5655 Camb.
2479 5642 2493 5664 ,
2528 5613 2579 5655 ut
2608 5599 2867 5669 quoniam.
2896 5595 3021 5648 Mss.
3048 5608 3139 5647 sex
3160 5635 3175 5660 ,
3200 5603 3255 5647 ut
3284 5596 3412 5647 sicut
3458 5611 3591 5648 νηοῖς

2020 5686 2133 5727 tuus
2161 5688 2330 5741 carne,
2355 5672 2487 5724 nulli
2509 5676 2641 5741 jam,
2677 5678 2777 5741 etc.

2091 5751 2117 5777 κ
2145 5741 2243 5794 Ms.
2277 5740 2405 5808 Reg.
2441 5736 2596 5807 unus,
2627 5738 2822 5792 nultum
2845 5745 3124 5801 aversatur.
3146 5736 3397 5793 Ms.unus
3413 5736 3593 5802 Colb.,

2021 5810 2149 5863 nulli
2177 5813 2488 5861 adversatur.
