4124 6350
551 447 656 506 ιον

1884 432 2139 492 ωιιΑΝι
2174 430 2451 490 POMERII

3704 432 3806 489 468

551 570 794 625 odiorum
825 556 1026 621 facibus
1056 559 1344 618 inardescit
1370 599 1384 625 ,
1419 572 1524 614 non
1565 552 1882 628 compendia
1927 555 2124 626 injusta
2152 556 2207 618 Α
2232 563 2338 618 tur,
2370 551 2683 622 impediunt.
2710 550 2846 606 Hinc
2865 556 2948 606 est
2972 548 3117 621 quod
3138 556 3354 604 sanctus
3372 547 3538 603 David
3566 561 3723 618 aquae
3750 550 3804 605 in

553 668 804 722 sectatur,
828 673 933 713 non
957 653 1259 726 potentibus
1290 661 1316 690 α
1341 659 1433 707 aut
1453 650 1703 706 divitibus
1717 648 1983 716 adulatur,
2015 662 2123 703 n'on

552 750 786 819 inquieta
812 746 1118 802 curiositate
1157 750 1433 814 raptatur;
1461 758 1564 798 non
1596 740 1905 797 domestica
1926 738 2124 795 sollici-

554 840 750 896 tudinis
771 852 897 893 cura
925 828 1247 892 distenditur
1266 876 1281 901 ,
1309 851 1414 891 non
1446 828 1702 890 ofﬁciosis
1727 829 2120 889 occurrentium

552 926 962 986 salutationibus
1006 925 1341 1003 delectatur,
1391 936 1491 981 nec
1533 922 1883 995 superborum
1912 918 2123 991 injuriis

549 1024 822 1093 fatigatur;
851 1037 957 1077 non
989 1036 1110 1076 eum
1138 1019 1383 1090 superbia
1407 1019 1585 1085 inﬂat,
1618 1033 1723 1073 non
1750 1018 1968 1073 ambitio
1992 1028 2121 1073 ven-

550 1123 667 1171 tosa
688 1114 1025 1185 praecipitat,
1051 1130 1156 1168 non
1185 1128 1321 1167 vana
1350 1112 1517 1183 gloria
1547 1112 1772 1181 turpiter
1794 1111 1984 1181 jactat,
2014 1122 2118 1165 non

553 1202 877 1261 desiderium
930 1204 959 1244 ι’
1011 1204 1257 1275 gloriosae
1315 1202 1577 1276 Opinionis
1638 1196 1963 1271 inﬂammat,
2013 1215 2119 1259 non

554 1311 578 1338 ο
606 1292 863 1355 distentio
902 1299 1060 1354 alieni
1092 1308 1240 1353 actus
1273 1297 1542 1369 iiiaqueat,
1565 1313 1671 1353 non
1701 1297 1767 1352 ad
1809 1298 2118 1353 societatem

550 1393 780 1461 turpium
806 1391 1146 1461 turpitudinis
1180 1405 1332 1445 amor
1359 1391 1575 1456 invitat;
1608 1403 1711 1444 non
1744 1388 1921 1445 rabies
1946 1388 2120 1445 insani

549 1484 743 1538 furoris
790 1484 1040 1553 exagitat,
1088 1480 1114 1519 ἀ
1175 1497 1279 1537 non
1325 1490 1753 1551 sumptuosamm
1807 1480 2117 1535 deliciarum

546 1573 778 1629 studium
825 1582 1048 1638 mactat,
1103 1570 1416 1628 non‘ardor
1460 1572 1712 1627 animosas
1760 1567 2119 1627 contentionis

547 1665 843 1729 exanimat;
894 1679 998 1718 non
1042 1664 1166 1719 facit
1190 1662 1556 1730 ‘imvpudeh'tem
1589 1661 1805 1717 audacia
1832 1702 1845 1725 ,
1880 1663 2116 1733 iniquum

544 1752 828 1824 iniustitia,
872 1754 1045 1810 fetum
1078 1755 1448 1818 inelementia,
1482 1754 1687 1808 varium
1730 1754 2112 1820 inconstantia,

545 1850 868 1917 pertinacem
892 1850 1247 1913 connimacia,
1275 1849 1523 1902 insanum
1542 1846 2111 1909 vesania,deiiciosttm

2228 660 2287 704 se
2303 646 2789 717 concupiscentiam
2814 643 3124 714 castigavit,
3155 651 3315 713 atqae
3353 654 3472 697 eam
3501 642 3606 696 sibi
3638 654 3669 695 ι
3691 644 3801 698 suis

2227 738 2483 803 oblatam,
2505 753 2575 793 ne
2600 737 2867 792 desiderio
2891 748 2989 791 suo
3003 749 3070 790 ex
3089 748 3153 790 ea
3164 733 3483 789 satisfacere
3503 733 3798 799 videnlur,

2225 830 2408 889 eﬂndit
2439 832 2522 903 (11
2557 831 2682 904 Reg.
2732 844 2885 895 χχιιι,
2919 829 3012 896 lii;
3056 828 3087 882 VI
3116 827 3302 884 Paret.
3339 828 3519 893 11,16
3544 837 3597 883 et
3634 828 3796 897 κως

2226 933 2281 981 et
2308 934 2493 980 sancto
2522 923 2689 979 Helias
2724 924 2995 994 perceptio
3030 924 3272 978 carnium
3306 931 3335 958 η
3376 937 3485 977 non
3514 923 3795 991 concupita

2227 1027 2331 1069 non
2377 1015 2554 1069 nocuit
2583 1012 2707 1086 (il!
2750 1013 2876 1082 Reg.
2909 1028 3049 1081 xm,
3088 1010 3166 1082 6).
3201 1012 3535 1070 Undedaeur
3577 1013 3798 1083 intelligi

2225 1108 2364 1177 quod
2398 1108 2659 1162 veraciter
2678 1107 3007 1161 abstinentes
3033 1120 3275 1161 escarum
3304 1121 3413 1161 non
3440 1114 3676 1173 naturas,
3701 1108 3795 1163 sed

2225 1198 2679 1268 coticupiscentias
2707 1198 2977 1265 damnent,
2998 1212 3060 1253 ac
3080 1199 3417 1267 °voluptates
3434 1214 3561 1255 suas
3582 1200 3797 1256 deside-

2221 1297 2321 1351 rati
2352 1294 2453 1350 cibi
2487 1296 2570 1350 vel
2602 1305 2756 1364 potus
2779 1305 2805 1344 P
2826 1295 3083 1349 abusione
3115 1295 3456 1350 mortidcent.
3482 1297 3585 1363 Qui
3615 1274 3791 1352 autem

2222 1398 2329 1442 non
2355 1386 2525 1441 solum
2542 1402 2569 1439 a
2588 1387 2862 1456 qualitate,
2881 1386 2975 1440 sed
2997 1386 3155 1440 etiam
3180 1400 3210 1439 a
3226 1387 3527 1454 quantitate
3547 1387 3789 1443 ciborum

2220 1481 2442 1551 cupiunt
2460 1479 2899 1545 abstinere,nihil
2916 1479 3057 1534 aliud
3079 1479 3296 1533 student
3316 1480 3513 1550 nisiut,
3536 1490 3789 1549 quantum

2221 1572 2496 1627 stomacho
2532 1571 2820 1626 reﬁciendo
2849 1584 2913 1625 ac
2938 1570 3063 1625 fami
3082 1572 3384 1627 exitnendas
3407 1573 3537 1627 satis
3566 1586 3689 1629 esse
3715 1575 3794 1628 vi-

2218 1664 2396 1730 detur,
2426 1665 2770 1734 indulgeant;
2796 1678 2896 1720 nec
2912 1664 3166 1732 expleant
3185 1678 3311 1719 suos
3332 1666 3598 1734 appetitus
3620 1667 3791 1721 avidi-

2222 1766 2331 1813 tate
2364 1757 2715 1827 percipiendi,
2750 1758 2843 1812 sed
2873 1758 3223 1827 comprimam
3241 1797 3257 1822 ,
3286 1765 3449 1827 atque
3472 1758 3551 1813 eis
3576 1773 3686 1812 non
3708 1772 3793 1813 sa-

2220 1849 2408 1903 turitas
2438 1848 2630 1904 edendi
2660 1849 2821 1903 linem
2848 1848 3037 1913 faciat,
3072 1848 3165 1904 sed
3189 1850 3435 1903 voluntas
3455 1865 3474 1903 ε
3504 1849 3594 1919 qui
3625 1859 3730 1904 tam
3761 1866 3792 1905 a

541 1936 661 2011 gula
679 1982 694 2008 ,
726 1940 983 1996 rebellem
1030 1940 1390 1996 inobedientia
1411 1974 1426 2005 ,
1455 1950 1649 1994 vanum
1681 1939 1935 2007 iactantia
1952 1978 1967 2004 ,
1988 1939 2112 1992 ἐπῇ·
2138 1929 2190 1990 Β
2215 1940 2504 2010 cupiditate
2528 1939 2879 2007 pretiosorum
2903 1940 3142 1995 ciborum
3174 1950 3222 2005 ιι,
3252 1954 3407 2010 quam
3430 1955 3459 1993 a
3481 1940 3644 1995 nimia
3672 1956 3791 2011 per-

542 2032 715 2087 deiem
741 2030 988 2102 perﬁdia,
1016 2033 1187 2088 levem
1211 2031 1465 2097 facilitas,
1496 2040 1520 2068 ο
1556 2042 1761 2085 omum
1794 2027 2107 2098 crudelitas,

548 2125 568 2164 ί
595 2126 1212 2193 πηθηάυεοιοτωῆίιυνβὶε
1232 2122 1867 2193 edacitas,im'paticniem
1897 2122 2112 2177 mobili~

544 2227 645 2280 tas,
681 2226 705 2263 ε
734 2215 982 2270 mobilem
1024 2215 1343 2269 instabilitas
1369 2256 1383 2279 ,
1414 2224 1606 2283 vagum
1642 2213 1936 2283 spiritantia
1958 2212 2110 2267 inim

542 2309 697 2361 mitas
717 2352 731 2376 ,
758 2306 1072 2362 iracundum
1093 2306 1435 2369 summitas,
1462 2306 1816 2374 suspiciosum
1842 2305 2113 2374 perversi-

542 2409 641 2463 tas,
668 2399 951 2454 verbosum
991 2399 1232 2465 vanitas,
1262 2393 1292 2436 ιι
1313 2398 1629 2466 iniuriosum
1654 2398 1989 2466 malignitas;
2021 2398 2111 2467 qui

539 2500 776 2544 remains
800 2496 883 2544 est
903 2502 1123 2558 prorsus
1145 2502 1174 2543 a
1198 2489 1550 2545 smeularibus
1572 2488 1856 2555 iliecebris,
1874 2499 2112 2544 remotus

539 2577 654 2635 ai)i
692 2580 1041 2636 immunditiis
1079 2582 1139 2636 ei
1167 2568 1497 2648 inimicitiis,
1540 2589 1783 2635 remotus
1815 2577 1882 2634 ab
1908 2580 2112 2637 insidiis

536 2670 745 2736 alienis,
775 2679 1017 2727 remotus
1043 2678 1075 2727 tt
1102 2671 1304 2741 rapinis
1326 2670 1411 2726 vel
1436 2671 1819 2725 occeltioribus
1843 2670 1930 2725 vel
1950 2682 2109 2739 aper-

537 2766 623 2830 tis,
654 2770 893 2819 remotus
914 2779 944 2819 a
966 2762 1262 2819 mendaciis
1280 2762 1396 2817 sive
1425 2761 1696 2830 periuriis,
1731 2771 2000 2829 postremo
2028 2776 2108 2816 re.

535 2865 713 2909 motus
733 2854 799 2909 ab
822 2856 965 2909 omni
992 2864 1185 2925 genere
1206 2854 1535 2924 ﬂagitiorum
1557 2852 1572 2903 i
1610 2862 1772 2921 atque
1787 2851 2110 2920 facinorum,

536 2945 725 3013 quibus
750 2945 1036 3000 carnaiiter
1070 2945 1313 2999 viventes
1339 2944 1508 2999 Deum
1536 2943 1842 3010 el‘en’dunt,
1873 2951 1932 2997 et
1965 2958 2114 2998 mer-

538 3036 612 3087 tui
644 3034 671 3071 ιί
694 3044 909 3103 peccato
936 3048 1044 3090 non
1061 3034 1316 3092 serviunt.
1346 3033 1948 3103 Sicut,inquam,earnc
1966 3047 2113 3089 rnor-

538 3136 659 3189 ttlus
687 3140 783 3187 nee
806 3128 981 3181 facere
1012 3132 1185 3196 potest
1208 3128 1305 3180 ista
1332 3136 1455 3196 qum
1470 3125 1584 3180 disi
1611 3162 1627 3192 ,
1655 3134 1753 3181 nec
1780 3128 1922 3193 pati;
1952 3124 2026 3181 ξι.
2050 3135 2104 3182 θα

538 3228 621 3282 bis
648 3237 700 3283 et
724 3228 916 3284 talibus
945 3226 1083 3283 vitiis
1116 3227 1333 3283 omnino
1354 3240 1459 3280 non
1474 3229 1673 3287 ritum.
1702 3224 1839 3295 tqni1
1868 3229 2109 3283 virentes

536 3411 772 3485 ciligunt.

1110 3498 1339 3561 CAPUT
1370 3498 1538 3559 XX“.

538 3620 692 3685 Quali
720 3617 1052 3687 temperantia
1080 3616 1156 3669 uti
1195 3616 1407 3671 debeant
1436 3616 1525 3686 qui
1548 3632 1579 3668 a
1604 3615 1862 3681 voluptate
1885 3614 2107 3668 delecta-

605 3692 801 3754 bilium,
822 3686 911 3744 vel
930 3688 993 3741 ab
1014 3688 1351 3741 immoderata
1376 3688 1692 3757 perceptione
1720 3686 1943 3739 ciborum
1970 3700 2109 3757 corn.

604 3763 854 3842 muniunt,
896 3769 1048 3829 atque
1076 3774 1107 3811 α
1150 3759 1254 3811 vini
1288 3756 1625 3811 immoderato
1654 3772 1749 3811 usit
1780 3757 1991 3827 cupiunt
2014 3756 2107 3811 ab-

603 3841 805 3885 sttttere.

605 3966 658 4019 l.
692 3961 927 4017 Membra
976 3972 1091 4024 sua,
1125 3972 1242 4029 qua:
1288 3972 1409 4012 sunt
1440 3968 1601 4028 super
1634 3968 1853 4022 terram,
1878 3958 2109 4014 mortiﬁ-

534 4064 692 4124 cant,
716 4053 928 4127 quando
970 4054 1206 4109 insolens
1249 4066 1445 4119 corpus
1470 4051 1793 4120 jejuniorum
1824 4053 2107 4106 continua-

533 4152 679 4207 tione
715 4150 994 4220 castigan‘t,
1024 4145 1234 4217 quando
1264 4153 1303 4181 ω
1329 4145 1468 4199 intra
1496 4145 1861 4199 necessarium
1891 4145 2106 4201 modum

535 4260 690 4301 suum
719 4251 1017 4313 temperant
1056 4239 1383 4311 appetitam;
1412 4238 1627 4307 quando
1665 4252 1773 4292 non
1797 4238 1968 4292 solum
1989 4252 2049 4296 se
2077 4250 2107 4294 a

538 4334 939 4391 delicatioribus
960 4332 1090 4385 cibis
1106 4329 1379 4384 moderata
1400 4327 1735 4384 districtione
1757 4330 2104 4397 suspendunt,

535 4426 632 4482 sed
657 4425 817 4479 etiam
861 4424 915 4477 in
954 4410 1486 4490 ipsis'cnmmunibus
1530 4417 1663 4471 nihil
1698 4420 1847 4471 ’carni
1876 4432 1985 4473 suae
2011 4433 2108 4488 pro

536 4512 829 4580 desiderio,
865 4512 957 4566 sed
987 4524 1083 4579 pro
1117 4508 1477 4565 sustentandae
1497 4510 1622 4563 vitae
1640 4509 1969 4563 necessitate
1989 4522 2108 4577 per-

537 4608 784 4669 mittunt;
810 4606 945 4660 certi
972 4604 1113 4674 quod
1138 4616 1235 4657 nec
1280 4600 1484 4655 deliciae
1513 4599 1798 4669 quaelibet,
1830 4605 1873 4655 si
1905 4586 2107 4672 absque

2214 2031 2460 2100 captione
2483 2032 2665 2086 vilium
2690 2041 2713 2069 τ
2741 2031 3120 2098 continebunt;
3152 2031 3240 2102 qui
3263 2031 3396 2087 cibis
3420 2046 3524 2087 nec
3551 2033 3788 2088 lautiori-

2213 2124 2312 2178 bus
2345 2125 2527 2178 volunt
2559 2132 2580 2160 ⁸
2612 2134 2774 2179 carne
2802 2124 3101 2179 luxuriante
3140 2123 3399 2190 dissolvi,
3438 2139 3542 2180 nec
3581 2126 3783 2182 disten‘

2216 2215 2360 2270 tione
2384 2217 2591 2270 ventris
2625 2217 2644 2253 ι
2679 2216 2874 2271 vilibus
2912 2216 3123 2271 onerari
3159 2232 3173 2268 :
3203 2215 3419 2286 quando
3458 2216 3781 2274 abstinentes

2214 2309 2315 2364 viri
2346 2323 2449 2365 nec
2474 2309 2710 2365 deliciosi
2742 2310 2951 2364 soleant
2976 2322 3117 2374 esse,
3146 2322 3248 2363 nec
3269 2309 3429 2363 avidi.

2281 2402 2335 2457 2.
2378 2403 2495 2480 iam
2532 2404 2602 2459 de
2642 2403 2766 2459 vino
2807 2401 3125 2457 abstinendo
3166 2400 3249 2455 vel
3294 2401 3632 2470 percipiendo
3654 2402 3781 2471 quid

2213 2496 2402 2564 dicam,
2433 2496 2574 2552 unde
2600 2506 2815 2552 sanctus
2846 2497 3133 2565 Apostolus
3164 2506 3363 2550 certam
3389 2495 3503 2549 ﬁxit
3524 2495 3781 2563 regulam,

2213 2588 2396 2643 dicens
2447 2603 2461 2641 :
2512 2586 2686 2641 Nolite
2729 2587 2972 2640 inebriari
3019 2587 3163 2651 vino,
3210 2586 3265 2637 in
3307 2601 3409 2651 quo
3448 2593 3525 2638 est
3582 2585 3785 2638 luxuria

2214 2680 2436 2753 (Ephes.
2468 2696 2522 2745 ν,
2560 2680 2693 2749 l8)?
2737 2680 2897 2746 Quasi
2936 2678 3141 2734 diceret
3180 2696 3193 2732 :
3232 2678 3522 2732 Luxuriam
3570 2677 3696 2733 facit
3728 2687 3784 2734 et

2214 2772 2380 2826 nutrit
2409 2772 2513 2825 vini
2544 2771 2813 2840 perceptio
2835 2770 3021 2835 nimia,
3047 2784 3151 2823 non
3173 2778 3394 2832 natura;
3421 2774 3475 2822 et
3498 2778 3783 2837 propterea

2215 2878 2319 2917 non
2360 2864 2437 2917 uti
2466 2876 2562 2917 vos
2595 2862 2720 2916 vino
2747 2903 2763 2927 ,
2799 2861 2893 2916 sed
2930 2861 3183 2916 inebriari
3214 2859 3509 2929 prohibeo:
3537 2860 3782 2930 quande-

2212 2956 2422 3026 quidem
2476 2956 2742 3010 inﬁrmum
2789 2954 3122 3010 stomachum
3164 2953 3473 3008 moderatus
3513 2968 3642 3011 usus
3674 2953 3777 3010 vini

2214 3054 2240 3083 ιι
2260 3046 2541 3113 confortat,
2560 3046 2790 3102 ebrietas
2810 3047 3047 3100 animum
3073 3059 3373 3118 corpusque
3396 3046 3661 3102 debilitat.
3686 3048 3781 3102 De-

2213 3138 2369 3210 nique
2391 3137 2669 3195 Timotheo
2695 3151 2795 3196 suo
2816 3136 3099 3209 discipulo,
3122 3139 3212 3209 qui
3238 3153 3299 3195 se
3324 3138 3481 3209 lmga
3512 3139 3781 3194 abstinen-

2162 3286 2177 3297 ,
2212 3237 2297 3289 tize
2327 3235 2657 3289 districtione
2688 3234 2798 3303 jam
2850 3233 3110 3303 fregerat,
3154 3241 3211 3287 et
3253 3233 3587 3287 stomachum
3620 3244 3777 3287 stum

536 3318 647 3374 Deo
674 3330 890 3375 carnem
921 3326 1071 3375 suam
1096 3328 1219 3375 cum
1252 3317 1467 3373 ritiiset
1498 3306 1957 3386 cuticupiscemiis
1984 3330 2108 3391 cru-
2134 3303 2177 3365 Ο

2211 3340 2361 3396 aqua:
2391 3327 2732 3396 perceptione
2762 3331 3075 3395 corruperat
3098 3368 3111 3393 ,
3142 3323 3353 3380 modico
3370 3324 3504 3378 vius
3530 3334 3560 3362 π
3582 3325 3663 3378 usi
3682 3325 3781 3380 tie-

2211 3419 2337 3472 hcre
2362 3418 2619 3486 praecipit,
2661 3417 2841 3471 dicens
2866 3433 2881 3471 :
2930 3414 3054 3470 Noli
3080 3415 3248 3468 adhuc
3264 3429 3456 3485 «quas
3470 3416 3664 3481 bibere,
3688 3415 3779 3469 sed

2209 3510 2407 3561 modico
2455 3509 2571 3561 vino
2617 3516 2761 3561 utere
2796 3516 3009 3576 propter
3042 3505 3356 3559 sta-nocitum
3400 3513 3544 3560 tanta
3592 3515 3637 3559 et
3686 3508 3782 3576 {n-

2210 3611 2414 3670 qnentes
2443 3609 2555 3655 tuas
2577 3598 2903 3667 inﬁrmitates
2933 3598 2982 3669 (1
3014 3598 3149 3653 Tint.
3181 3614 3234 3665 v,
3260 3598 3375 3669 23).
3418 3601 3500 3654 Au
3520 3605 3624 3667 per
3646 3598 3781 3664 hoc,

2213 3692 2342 3745 nihil
2368 3702 2550 3747 contra
2579 3692 2955 3747 abstinentiam
2982 3690 3190 3745 iaciunt
3218 3692 3315 3761 qui
3342 3692 3520 3746 vim
3544 3704 3655 3746 non
3684 3705 3784 3761 ne

2211 3783 2490 3847 ebrietate,
2524 3782 2618 3837 sed
2643 3791 2844 3839 tantum
2874 3793 2977 3851 pro
3004 3783 3244 3850 corporis
3267 3783 3438 3837 salute
3462 3784 3777 3853 pm

2212 3886 2309 3928 nec
2330 3873 2433 3928 hoc
2461 3873 2540 3929 eis
2569 3879 2598 3910 ι
2630 3873 2789 3929 otiert
2816 3874 3063 3929 voluntas
3086 3914 3101 3940 ,
3124 3860 3223 3929 sed
3255 3875 3515 3944 permittit
3548 3875 3777 3930 intimi-

2210 3972 2326 4018 tas:
2354 3979 2474 4034 qute
2494 3966 2539 4020 si
2556 3965 2805 4033 defuerit,
2824 3978 2856 4017 a
2884 3966 3011 4020 vino
3034 3974 3120 4021 est
3146 3965 3551 4034 abstinendum,
3583 3980 3651 4022 ne
3668 3968 3778 4022 vini

2210 4058 2482 4128 perceptio
2526 4072 2651 4128 quae
2700 4058 2969 4113 inﬁrmum
3014 4068 3299 4125 sustam,
3350 4070 3540 4115 sanant
3584 4072 3782 4130 me

2211 4153 2479 4209 incendat.
2527 4153 2965 4224 Quandoquidem
3011 4156 3134 4210 vino
3178 4156 3295 4223 uti,
3325 4163 3382 4210 et
3420 4157 3544 4210 usui
3592 4156 3784 4213 habere

2210 4246 2387 4299 oleum
2414 4287 2429 4310 ,
2466 4244 2646 4299 nullus
2668 4244 2868 4300 dixerit
2906 4258 3025 4300 esse
3062 4254 3375 4314 peoeawm;
3404 4246 3502 4301 sed
3526 4244 3646 4301 hoc
3663 4247 3784 4302 ideo

2211 4354 2316 4393 non
2342 4338 2601 4394 debemus
2628 4338 2774 4394 carni
2803 4339 3129 4394 desideranti
3158 4347 3437 4408 praetore,
3458 4352 3530 4394 ne
3552 4352 3681 4396 cum
3712 4336 3782 4394 illi

2210 4430 2352 4485 licita
2374 4426 2669 4485 concedere
2687 4429 3028 4499 coeperimus,
3052 4438 3240 4499 poscat
3262 4429 3462 4493 illicita,
3484 4440 3540 4485 et
3555 4430 3665 4485 sibi
3690 4432 3782 4484 ob-

2211 4529 2498 4589 sequentes
2518 4520 2571 4574 in
2590 4519 2825 4575 minimis
2849 4561 2864 4585 ,
2892 4520 2947 4574 in
2971 4519 3167 4591 ﬂagitia
3188 4520 3457 4589 punienda
3479 4522 3779 4590 empsim,

2212 4625 2273 4665 ac
2305 4610 2535 4665 naturali
2566 4610 2755 4665 ordine
2781 4610 3111 4680 perturbato,
3164 4625 3271 4665 non
3320 4610 3529 4679 spiritui
3570 4625 3780 4681 corpus,

539 4699 808 4756 desiderio
831 4697 1210 4767 percipiantur,
1234 4692 1495 4779 pluuium,
1520 4700 1579 4747 et
1603 4693 1737 4747 viles
1752 4693 1860 4749 cibi
1877 4694 2113 4763 plcrum-
2130 4678 2190 4740 θ
2214 4700 2311 4759 sed
2328 4703 2551 4772 spiritus
2572 4678 2797 4771 corpori
2810 4702 3113 4757 dominanti
3130 4678 3420 4758 deserviat.
3448 4702 3568 4758 Huc
3582 4678 3782 4759 accedit

541 4805 647 4862 que
693 4789 1028 4846 abstinentiae
1053 4784 1385 4859 profectum,
1415 4782 1461 4839 si
1489 4791 1802 4854 appetenter
1839 4784 2109 4856 accipian-

613 4938 639 4969 ⁸
667 4930 765 4985 Ms.
795 4938 952 4995 unus,
982 4945 1040 4982 ac
1069 4926 1325 4982 divitibus.

607 4996 638 5040 ’δ
664 5000 763 5055 Ms.
788 5015 945 5065 unus,
968 5000 1261 5066 gloriosum.

616 5083 639 5111 ε
670 5072 798 5126 Mss.
830 5072 1089 5140 quinque,
1122 5070 1399 5123 distinctio.

610 5140 637 5179 ἀ
666 5142 765 5199 Ms.
789 5135 943 5197 Cdlb.
975 5135 1138 5205 unus,
1166 5158 1265 5195 non
1288 5148 1698 5209 sumptuosarum
1724 5135 1911 5193 litium.
1939 5138 2108 5207 Alter,

538 5222 953 5282 aumptuosorum
981 5210 1366 5266 lascivientium.

613 5295 635 5323 θ
668 5282 765 5338 Ms.
791 5283 941 5338 Colb.
966 5296 1101 5336 unus
1126 5328 1140 5338 .
1168 5295 1366 5335 severun

613 5295 635 5323 θ
668 5295 765 5338 Ms.
791 5295 941 5338 uult).
966 5296 1101 5336 unus
1126 5328 1140 5349 ,
1168 5295 1410 5335 severum.

614 5354 633 5392 τ
664 5356 793 5409 Mss.
825 5350 1040 5418 omnes,
1070 5348 1435 5406 manducauerit
1459 5362 1676 5423 turpem.
1708 5348 1854 5405 Untls
1878 5364 1943 5405 ex
1984 5348 2104 5419 his,

539 5427 906 5478 ntanduconem
932 5424 1095 5490 turpis
1115 5425 1358 5477 edacitas.

613 5504 637 5540 ε
671 5495 767 5549 Ms.
797 5495 946 5549 Colb.
972 5509 1129 5556 unus,
1158 5491 1465 5547 immobilem
1486 5491 1753 5546 stabilitas.

610 5561 639 5598 ιι
669 5564 792 5628 Mss.
822 5572 961 5628 tres,
985 5565 1259 5618 irrisorem.

617 5630 634 5668 ί
667 5626 791 5685 Haec
820 5626 1013 5698 verba,
1060 5634 1123 5687 ab
1168 5631 1501 5687 immunditiis
1555 5639 1635 5696 et,
1675 5629 1867 5687 absunt
1902 5646 1933 5687 a
1976 5646 2108 5689 mss.

541 5712 747 5772 septem
783 5708 853 5772 et,
866 5704 1096 5758 editione
1114 5703 1282 5771 Lugd.

615 5776 630 5823 t
672 5774 797 5829 uss.
825 5771 951 5841 duo,
986 5774 1084 5828 sive
1114 5778 1429 5845 facinorum;
1468 5785 1572 5829 ms.
1612 5772 1776 5845 alter,
1811 5772 1890 5829 vel
1912 5773 2109 5847 facino-

540 5859 676 5898 rum.

611 5912 642 5959 ⁸
664 5912 765 5977 Ml.
785 5927 944 5987 unus,
972 5915 1225 5987 peccando
1252 5915 1549 5983 inserviunt,

2219 4792 2364 4863 quod
2408 4802 2464 4850 et
2492 4794 2660 4864 ipsam
2686 4802 2923 4881 mentem
2953 4792 3288 4851 abstinentia:
3332 4792 3534 4851 fractus
3552 4795 3781 4853 alacrem

2292 4931 2311 4971 1
2342 4934 2467 4989 Mss.
2499 4949 2703 5000 omnes,
2731 4936 2820 5005 qui
2846 4944 2899 4988 ut
2926 4935 3091 4988 vivant
3121 4933 3247 4987 Deo.

2287 5014 2326 5041 ιη
2353 5005 2448 5059 Ms.
2482 5021 2631 5067 unus,
2653 5004 2852 5073 quando
2882 5006 3016 5059 intra
3054 5004 3358 5060 necessaria.
3446 5033 3457 5046 ο

2284 5080 2317 5111 ’³
2346 5074 2446 5130 Ms.
2478 5089 2634 5142 unus,
2671 5088 2771 5129 non
2792 5076 2859 5130 ab
2886 5091 2942 5129 eo
2972 5074 3258 5139 concupita.

2290 5153 2314 5180 ο
2347 5147 2471 5199 Mss.
2506 5145 2754 5214 quinque,
2783 5148 3061 5199 voluntates
3085 5158 3223 5199 suos.

2288 5223 2318 5265 ιδ
2343 5217 2437 5271 Ms.
2455 5228 2621 5281 unus,
2653 5216 2984 5270 absolutione.

2293 5297 2321 5337 ει
2352 5286 2492 5341 Editi
2517 5286 2717 5342 addunt
2756 5286 2842 5343 hic
2867 5288 3063 5341 animos
3082 5328 3098 5356 ,
3143 5301 3263 5357 quae
3290 5299 3395 5341 vox
3420 5284 3571 5343 abest
3592 5298 3633 5341 a
3656 5298 3781 5341 mss.

2213 5357 2483 5413 omnibus.

2287 5439 2309 5465 τ
2341 5430 2467 5483 Mss.
2492 5427 2599 5483 duo
2626 5426 2778 5483 Colb.
2800 5468 2815 5492 ,
2841 5428 3113 5482 continent.

2286 5506 2307 5534 ³
2337 5498 2433 5553 Ms.
2460 5497 2615 5554 Colb.
2648 5512 2803 5565 unus,
2834 5513 3039 5552 carnem
3068 5499 3429 5553 luxuriantem.

2289 5569 2307 5605 ί
2490 5580 2596 5624 vox
2623 5569 2805 5625 vilibus
2830 5569 2987 5626 abest
3015 5569 3082 5625 ab
3112 5570 3302 5642 editis;
3338 5569 3533 5641 legitur
3562 5566 3621 5629 in
3657 5578 3782 5626 mss.

2289 5655 2355 5694 Im
2398 5655 2478 5694 IIS.

2212 5653 2478 5696 omnibus.

2288 5716 2315 5746 ο
2339 5709 2438 5764 Ms.
2467 5722 2604 5764 unus
2624 5722 2692 5766 ex
2718 5709 2895 5774 Colb..
2924 5723 3091 5771 sanat.

2282 5788 2313 5818 ν
2338 5780 2441 5837 ‘Ms.
2468 5793 2632 5847 unus,
2663 5782 2737 5834 uti
2759 5783 2941 5840 deberi.
3160 5794 3163 5797 '

2286 5857 2315 5891 ³
2341 5852 2440 5911 Ms.
2471 5866 2627 5922 unus,
2659 5853 2863 5926 profert.
