4124 6350
356 418 459 479 ισο
1385 417 1467 472 DE
1513 416 1667 472 VITA
1702 411 2274 472 CONTEMPLATtVA
2316 416 2441 470 LIB.
2486 419 2547 472 il.
3502 425 3603 482 470

352 533 516 599 facit;
549 544 771 587 mme-
820 542 1030 601 quoque
1070 543 1180 585 non
1227 540 1394 598 usque
1438 528 1501 581 ad
1546 527 1918 583 {munditiem
1945 527 1995 590 Α
2024 531 2327 599 abstinebit,
2357 541 2411 587 ut
2445 534 2514 589 sit
2547 536 2769 591 veritate
2796 534 3127 591 abstinentia
3152 546 3189 572 πι
3220 536 3454 606 perfecte
3474 552 3605 593 con-

356 625 650 696 fatigataut,
674 620 1000 695 θείειιίιὶιυί
1022 621 1335 678 ὀινάἣηηιὶ
1356 618 1648 688 subiectam
1675 619 1924 675 mobilem
2029 635 2355 694 summotus;
2387 642 2494 683 non
2526 629 2640 698 ejus
2670 629 2899 701 imagine
2930 630 3059 686 foris
3088 630 3427 699 splendidus,
3463 632 3607 688 intus

352 717 551 774 παιδία-
578 715 781 772 sum
815 718 973 772 ⁸⁸⁸³111
1010 727 1148 786 φοί
1188 714 1441 770 dicunt"
1467 725 1678 768 πθδθοί
1704 712 1927 767 «me
2029 733 2190 776 cavus
2215 760 2229 786 ,
2274 718 2582 775 hominibus
2607 722 2752 777 velut
2779 736 2971 790 purus,
3000 732 3055 777 et
3077 723 3188 777 Deo
3217 722 3478 779 simulatae
3500 725 3608 780 vir-

353 807 440 863 νει
461 820 684 882 gravare
710 815 982 877 caligat:
1002 806 1229 868 deliciae,
1276 806 1607 861 consuetudo
1648 804 1923 875 parcitatis
2026 815 2157 868 tutis
2188 810 2434 868 sordibus
2479 814 2684 882 plenus.
2726 812 2836 868 Nec
2881 815 3053 869 minus
3079 828 3106 869 a
3129 815 3415 884 cupiditate
3435 817 3607 886 possi-

354 908 631 965 exonerat.
661 907 717 955 et
744 900 887 954 velut
912 897 944 939 δ
967 899 1195 971 quada-
1222 899 1451 969 politura
1477 897 1747 968 religiosae
1764 909 1927 953 exer-

2041 906 2191 961 dendi
2222 905 2489 975 superflua
2514 951 2528 975 ,
2553 921 2710 977 quam
2742 921 2771 959 a
2800 904 3074 975 voluptate
3097 907 3423 977 percipiendi
3454 908 3607 963 nobis

354 990 623 1048 citatioois
641 997 901 1048 attenuat.

916 1083 1142 1143 CAPUT
1170 1085 1356 1141 XXIII.

362 1179 515 1250 Quod
532 1188 728 1235 nam
744 1180 985 1235 carnibus
1012 1181 1243 1234 carnium
1264 1186 1672 1248 concupiscentia
1708 1177 1926 1249 polluat,

968 1266 1073 1306 non
1102 1260 1308 1305 natura.

431 1367 481 1422 Ι.
545 1364 807 1420 Caeterum
866 1368 910 1418 si
968 1378 997 1417 a
1059 1362 1493 1434 quadrupedibus
1565 1361 1928 1426 abstinentes,

364 1469 385 1496 ε
419 1457 683 1527 phasianis
733 1456 987 1521 altilibus,
1015 1456 1097 1510 vel
1146 1455 1263 1511 aliis
1314 1456 1498 1511 avibus
1546 1454 1813 1523 pretiosis,
1842 1462 1934 1508 aut

356 1546 592 1618 piscibus
638 1545 1008 1616 perfruantur;
1048 1560 1155 1600 non
1219 1544 1347 1599 mihi
1400 1544 1647 1598 videntur
1690 1558 1935 1599 resecare

358 1637 384 1676 ει
408 1640 790 1695 delectationes
818 1639 897 1692 sui
928 1638 1195 1707 corporis,
1212 1637 1305 1691 sed
1329 1647 1566 1701 mutare;
1590 1650 1691 1690 nec
1714 1650 1812 1704 pro
1836 1635 1932 1689 ab-

358 1734 630 1794 stinentia.
656 1732 749 1786 sed
770 1732 915 1785 velut
933 1746 1029 1800 pro
1058 1731 1238 1786 nescio
1261 1746 1362 1800 qua
1394 1741 1419 1768 ο
1449 1730 1814 1796 immunditia,
1848 1730 1937 1784 vel

362 1832 527 1887 certe,
560 1822 699 1891 quod
750 1831 833 1877 est
862 1821 1060 1885 verius,
1108 1818 1126 1857 τ
1175 1836 1271 1890 pro
1321 1820 1580 1875 stomachi
1634 1822 1938 1875 nauseantis

2032 1006 2112 1053 est
2134 996 2531 1053 abstinendum.
2557 997 2817 1064 Quoniam
2844 1013 2960 1053 cum
2986 998 3163 1052 omnia
3187 1014 3304 1066 qua:
3322 999 3601 1066 habemus,

2029 1101 2129 1159 pro
2155 1090 2348 1144 nostris
2380 1089 2564 1144 usibus
2593 1088 2904 1154 habeamus,
2950 1098 2980 1126 ι’
3008 1104 3069 1143 ea
3115 1088 3304 1158 quibus
3336 1090 3409 1143 uti
3440 1092 3602 1157 notis,

2033 1179 2285 1236 ardenter
2331 1179 2530 1236 habere
2577 1181 2735 1247 velle,
2776 1180 2861 1235 vel
2912 1179 3069 1235 etiam
3126 1179 3289 1235 lucris
3330 1178 3455 1234 hinc
3482 1179 3608 1235 inde

2032 1274 2271 1343 quaesitis
2302 1288 2519 1343 augere,
2543 1273 2672 1328 nihil
2700 1282 2783 1329 est
2812 1272 2954 1327 aliud
2990 1286 3149 1343 quam
3176 1286 3281 1327 non
3314 1272 3607 1327 toleranda:

2033 1367 2371 1433 necessitati,
2402 1366 2496 1420 sed
2542 1364 2890 1420 intoleranda:
2931 1364 3206 1434 cupiditati
3242 1364 3467 1418 servire.
3498 1362 3608 1418 Nec

2037 1474 2250 1529 possum
2275 1459 2454 1513 dicere
2485 1478 2497 1511 :
2523 1458 2590 1513 Ut
2621 1460 2689 1513 sit
2709 1458 2849 1513 unde
2869 1458 3107 1528 quelidie
3142 1457 3462 1527 pauperibus
3483 1471 3608 1510 ero-

2035 1558 2209 1617 getur,
2238 1564 2351 1603 mea
2377 1549 2661 1619 possideo;
2690 1549 2904 1618 quando
2930 1563 3087 1603 nemo
3113 1548 3398 1617 perfectius
3422 1560 3609 1616 eroga-

2040 1642 2173 1696 verit
2193 1656 2279 1708 eo,
2307 1642 2395 1710 qui
2425 1641 2555 1694 nihil
2585 1642 2683 1695 sibi
2710 1640 3051 1711 perfectionis
3076 1639 3370 1694 intentione
3393 1644 3419 1675 ⁸
3447 1638 3607 1694 τειίιιο

2040 1734 2151 1801 quit
2182 1748 2247 1789 ex
2275 1734 2515 1803 proprio.

2597 1826 2820 1881 CAPUT
2860 1825 3050 1880 XXIV.

368 1914 723 1979 teneritudine
751 1912 971 1968 delicias
1011 1912 1131 1966 illas
1169 1926 1482 1966 communes
1521 1925 1583 1965 ac
1632 1911 1764 1965 viles
1802 1910 1933 1979 abji-
1963 1908 2012 1969 Β
2040 1931 2066 1970 p
2096 1921 2259 1986 Quam
2289 1921 2411 1975 utile
2441 1918 2525 1985 sit,
2546 1921 2749 1992 jejunio
2769 1920 2845 1973 rei
2877 1919 3210 1992 abstineatur,
3241 1917 3615 1973 advenientium

364 2017 627 2072 cere,quo
655 2004 861 2071 possint
883 2003 1004 2056 aliis
1031 2018 1133 2057 non
1150 2002 1322 2057 solum
1345 2001 1614 2067 carnibus,
1647 2001 1740 2057 sed
1772 2004 1931 2057 etiam

367 2094 765 2150 delicatioribus
790 2108 854 2149 ac
885 2094 1287 2162 pretiosioribus
1316 2092 1565 2147 carnibus
1594 2105 1718 2146 suus
1744 2092 1932 2161 volup-

361 2194 496 2240 tates
525 2185 738 2254 explere
764 2203 775 2237 :
810 2198 928 2238 cum
957 2222 973 2248 ,
1005 2184 1139 2238 sicut
1157 2183 1265 2252 jam
1298 2196 1458 2252 supra
1481 2186 1671 2252 patuit,
1700 2194 1809 2235 non
1836 2182 1933 2235 ali-

357 2290 583 2345 quarunt
622 2274 865 2329 carnium
886 2313 902 2341 ,
934 2288 1051 2343 qua:
1078 2273 1198 2329 usui
1224 2273 1456 2326 humano
1482 2286 1756 2327 concessae
1785 2280 1929 2335 sunt,

359 2370 513 2425 nobis
545 2377 748 2424 natura:
774 2368 1091 2423 damnanda:
1131 2371 1265 2435 sint,
1320 2382 1452 2439 quas
1488 2368 1629 2423 Deus
1674 2367 1927 2432 instituit;

2394 1990 2652 2045 caritatem
2683 1991 2973 2061 plerumque
2998 1990 3255 2061 praeferre.

2108 2106 2158 2158 1.
2192 2102 2571 2158 Verumtamen
2618 2103 2697 2156 sic
2727 2102 2995 2155 abstinere
3038 2102 3121 2155 vel
3160 2101 3404 2169 jejunare
3445 2100 3613 2154 debe-

2034 2208 2182 2261 mus,
2228 2202 2289 2247 ut
2317 2208 2421 2247 non
2453 2207 2549 2247 nos
2573 2191 2848 2261 jejunandi
2884 2192 2962 2245 vel
2989 2192 3285 2246 abstinendi
3311 2189 3612 2246 necessitati

2037 2286 2367 2342 subdamus:
2402 2300 2469 2339 ne
2497 2285 2603 2351 jam
2650 2298 2755 2339 non
2798 2283 3004 2349 devoti,
3048 2284 3140 2337 sed
3182 2283 3331 2337 inviti
3377 2298 3488 2337 rem
3522 2297 3615 2336 vo-

2037 2376 2315 2430 luntariam
2348 2374 2620 2430 faciamus.
2664 2374 2720 2430 Si
2756 2376 2898 2429 enim
2940 2375 3203 2445 quoslibet
3242 2375 3608 2440 advenientes,

358 2460 452 2514 εθδ
481 2460 724 2514 “Nam
766 2460 1212 2529 οουωρίθεθθιίε
1240 2458 1530 2528 ευεῖειάω,
1576 2474 1708 2529 quas
1751 2461 1930 2513 δεῖ]ευὶ
2031 2470 2233 2539 jejunio
2262 2469 2590 2535 intermisso,
2614 2469 2824 2537 reficio,
2852 2485 2956 2524 non
2979 2480 3006 2519 ει
3030 2469 3179 2525 solvo
3197 2470 3457 2540 jejunium
3476 2513 3491 2537 ,
3516 2470 3613 2525 sed

356 2554 539 2608 carnis
565 2551 806 2607 diabolus
827 2552 1135 2606 introduxit.
1171 2551 1248 2605 ΙΙΙ-ἱ
1274 2560 1456 2606 autem
1486 2551 1575 2620 qui
1602 2559 1630 2597 ⁸
1660 2551 1933 2620 parciores

358 2648 530 2704 videri
553 2649 759 2714 volunt,
789 2647 1080 2717 etgloriarn
1111 2647 1211 2701 sibi
1239 2645 1385 2701 velut
1409 2644 1475 2699 de
1501 2645 1817 2700 abstinentia
1849 2646 1932 2699 di-

356 2740 629 2795 strictiore
665 2739 1011 2808 conquirunt,
1033 2737 1112 2792 sic
1138 2738 1206 2793 ab
1226 2737 1476 2793 omnibus
1503 2738 1823 2793 animalibus
1848 2739 1934 2808 ju-

358 2834 541 2889 dicant
572 2831 975 2903 temperandum
999 2870 1017 2899 ,
1040 2839 1101 2885 ut
1137 2831 1433 2901 peregrinis
1479 2834 1651 2901 pomis
1678 2872 1692 2895 ,
1723 2844 1785 2886 ac
1810 2846 1930 2885 sor-

364 2927 677 2983 bitiunculis
706 2926 967 2992 delicatis,
995 2924 1314 2993 calorisque
1355 2924 1474 2979 aliis
1503 2921 1534 2960 ιι
1558 2922 1713 2991 cibis,
1745 2924 1933 2979 imma-

363 3039 488 3079 nem
537 3005 616 3078 s'ui
659 3021 899 3091 corporis
944 3021 1198 3089 impleant
1235 3020 1575 3088 appetitum:
1618 3033 1740 3074 cum
1777 3018 1935 3087 spiti-

2036 2560 2232 2630 impleo
2264 2560 2500 2615 caritatis
2534 2559 2790 2615 officium.
2834 2560 3099 2615 Craterum
3130 2562 3172 2613 si
3207 2569 3425 2630 propter
3448 2559 3613 2615 absti-

2034 2654 2267 2710 nentiam
2289 2653 2590 2723 spirituales
2610 2653 2822 2718 fratres,
2846 2668 2979 2723 quos
3008 2653 3129 2708 novi
3155 2668 3271 2708 mea
3296 2653 3613 2708 remissione

2035 2744 2318 2813 delectari,
2351 2746 2645 2812 contristo;
2677 2745 2994 2801 abstinentia
3028 2759 3143 2799 mea
3176 2759 3282 2799 non
3318 2752 3402 2799 est
3441 2744 3611 2798 virtus

2035 2838 2287 2906 dicenda,
2334 2836 2427 2893 sed
2466 2836 2691 2892 vitium:
2722 2837 2972 2906 quoniam
3017 2835 3231 2906 quidem
3279 2836 3392 2906 ipsa
3442 2836 3609 2891 absti-

2034 2932 2230 2988 nentia!
2256 2945 2318 2987 ac
2338 2930 2659 3001 jejuniorum
2682 2930 3028 2997 continuatio,
3060 2930 3158 2983 nisi
3198 2928 3359 2984 fuerit
3395 2927 3611 3000 quandi)

2036 3038 2123 3080 res
2184 3023 2349 3093 exigit
2404 3024 2788 3091 praetermissa,
2839 3029 2893 3076 et
2941 3035 3027 3075 me
3071 3018 3254 3085 inﬂat,
3301 3028 3354 3075 et
3394 3018 3611 3075 fratrem

356 3116 523 3172 malis
552 3115 870 3171 abstinentia
897 3128 1002 3168 non
1027 3113 1327 3182 aliquorum
1354 3112 1592 3167 ciborum
1622 3126 1804 3177 usum,
1841 3110 1933 3166 sed
2037 3132 2248 3183 meum,
2299 3117 2381 3170 cui
2430 3116 2625 3170 caritas
2677 3114 2829 3184 jubet
2872 3113 3111 3181 servire,
3164 3116 3479 3179 contristat;
3527 3114 3612 3169 vel

361 3208 690 3263 desiderium
738 3206 960 3262 suadeat
1004 3204 1451 3274 compescendam
1483 3245 1497 3267 ,
1552 3212 1608 3260 et
1646 3204 1721 3257 illi
1762 3204 1934 3271 magis

2041 3218 2186 3264 certe
2232 3208 2362 3262 mihi
2412 3206 2543 3261 nihil
2592 3207 2767 3260 inesse
2816 3205 3051 3259 caritatis
3093 3205 3345 3261 fraterna:
3389 3205 3610 3261 demon-

306 3344 307 3347 η
362 3298 709 3370 panoiutonia:
761 3297 964 3351 servile
1017 3294 1039 3333 εί
1081 3294 1339 3350 censendi
1386 3294 1519 3359 sint,
1558 3293 1649 3362 qui
1697 3294 1795 3347 sibi
1831 3309 1933 3349 non

2042 3312 2203 3366 strat;
2234 3316 2354 3356 cum
2385 3300 2502 3355 sine
2539 3298 2859 3354 abstinentia
2898 3278 3188 3368 quemlibet
3225 3299 3492 3354 hominem
3523 3314 3612 3354 ca-

363 3390 663 3459 aliquarnm
708 3404 889 3445 rerum
940 3386 1308 3458 perceptiones
1341 3427 1357 3455 ,
1408 3387 1504 3441 sed
1548 3385 1935 3444 delectationes

360 3480 608 3550 corporis
634 3479 974 3534 interdicunt.

439 3574 496 3627 2.
528 3572 607 3627 ltli
626 3587 838 3642 quoque
864 3571 956 3641 qui
978 3573 1036 3639 ,i
1082 3578 1274 3639 negata
1300 3571 1405 3626 sibi
1432 3571 1539 3625 vini
1566 3571 1935 3641 perceptione,

367 3665 704 3720 diversorum
724 3663 1034 3734 poculorum
1054 3663 1361 3733 potionibus
1382 3663 1726 3732 inundantur,
1742 3677 1939 3733 nequa-

367 3773 530 3828 quam
558 3756 690 3812 mibi
716 3757 1093 3811 abstinentiam
1121 3757 1370 3812 videmur
1418 3758 1642 3828 implere
1669 3776 1684 3813 :
1708 3759 1830 3829 quia
1872 3759 1938 3813 ad

366 3852 477 3905 ibeo
505 3851 742 3906 fortassis
768 3866 796 3904 a
820 3851 942 3905 vino
969 3865 1030 3906 se
1056 3852 1387 3920 suspendunt
1408 3862 1471 3905 ut
1488 3861 1792 3907 mercentur
1819 3849 1845 3889 ¹ί
1872 3852 1941 3907 ab

373 3943 680 3998 hominibus
720 3943 930 3999 laudem
958 3982 972 4008 ,
1006 3952 1058 3996 et
1095 3939 1111 3979 ι
1147 3941 1413 3997 interdicti
1446 3942 1545 3997 sibi
1579 3943 1684 3997 vini
1714 3957 1940 4012 percep-

370 4034 574 4088 tionem
596 4044 948 4103 compensant
992 4033 1326 4088 suavioribus
1352 4033 1563 4101 poculis
1592 4034 1937 4103 voluptatum.

366 4126 428 4179 in
472 4125 582 4179 vini
608 4125 752 4181 enim
780 4140 881 4181 usu
922 4140 1031 4181 non
1061 4139 1090 4178 a
1125 4124 1251 4178 vino
1278 4132 1486 4178 tantum
1506 4160 1524 4190 ,
1548 4123 1650 4179 sed
1676 4124 1745 4179 ab
1768 4127 1947 4179 omni-

373 4216 474 4272 bus
519 4234 636 4288 quae
682 4218 1006 4289 accipientes
1031 4217 1314 4282 inebriat,
1350 4217 1435 4271 vel
1464 4216 1672 4271 obuiis
1698 4232 1821 4284 qua
1847 4219 1949 4274 etsi

371 4306 478 4363 non
505 4309 840 4380 ebrietatem,
860 4310 1179 4366 suavitatem
1198 4315 1348 4366 certe
1370 4315 1618 4378 perosus
1634 4308 1946 4380 conciliant,

448 4565 475 4594 ⁸
504 4554 630 4610 Mss.
657 4566 864 4615 omnes,
887 4550 1132 4605 ordinate.

440 4626 474 4665 ι
498 4625 629 4681 Mss.
654 4633 790 4685 tres.
813 4623 1046 4691 quaedam
1077 4619 1349 4691 potitura.’

451 4708 473 4737 α
499 4696 597 4750 Ms.
642 4694 793 4765 Colb.
822 4689 962 4765 unus
986 4732 1001 4756 ,
1035 4689 1326 4765 pitasiouis,
1348 4690 1449 4765 uel
1487 4690 1811 4765 uiiisjauibus
1834 4710 1951 4765 pre-

378 4769 519 4823 tiosis
542 4777 629 4848 aut
650 4764 890 4848 piscibus.
918 4762 1013 4848 Ms.
1038 4763 1189 4828 alter,
1215 4761 1473 4829 pltasiatst's
1493 4762 1741 4831 anilibus,
1756 4761 1945 4836 capsis,

379 4838 655 4909 pavonibus
680 4846 723 4889 et
748 4834 886 4900 aliis,
917 4842 1020 4889 etc.
1822 4834 1828 4836 ⁷
1931 4834 1937 4836 ⁷

444 4908 475 4946 δ
510 4908 637 4963 Mss.
666 4916 923 4973 quntum,
965 4903 1367 4975 delectationem,
1412 4905 1501 4960 sed
1542 4913 1756 4960 mutare.
1802 4903 1949 4962 Unus

379 4996 445 5035 ex
466 4980 578 5047 bis,
597 4980 693 5030 ..αι
714 4976 948 5030 imam.

457 5061 479 5087 ε
514 5045 610 5103 Ms.
642 5062 805 5112 unus,
832 5045 1103 5100 munditia.

458 5119 477 5158 τ
509 5119 637 5174 Mss.
679 5117 783 5172 duo
800 5161 814 5185 ,
842 5124 1050 5187 propter
1076 5116 1320 5187 stomachi
1346 5122 1634 5173 nauseantis
1656 5119 1954 5173 teneritudi-

384 5207 520 5245 nem.
552 5190 678 5245 Mss.
713 5184 851 5253 tres,
884 5202 977 5257 pro
1022 5184 1267 5239 stomachi
1305 5189 1591 5241 nauseantis
1626 5190 1955 5243 teneritudine

383 5262 602 5315 delicata
623 5300 638 5324 ,
658 5258 778 5312 illus
802 5270 1093 5328 conm
1121 5272 1180 5309 ac
1204 5257 1327 5310 uites
1355 5273 1532 5312 carnes
1560 5260 1791 5328 abjicere.
1825 5260 1952 5315 Mss.

385 5342 611 5400 quatuor
630 5371 659 5401 ἱ
691 5330 934 5401 delicatas
958 5324 1081 5382 ilius
1100 5342 1169 5379 ac
1188 5327 1307 5383 vius
1338 5344 1517 5384 carnes
1546 5324 1799 5401 abjioerc,
1832 5345 1952 5385 cum

385 5371 619 5461 tanta;
630 5371 807 5469 tua:

456 5482 480 5519 ς
511 5473 609 5526 Ms.
643 5485 799 5534 unus,
829 5469 1110 5539 pauciores.
1484 5523 1501 5533 ,

454 5540 484 5580 ιι
514 5543 642 5596 Mss.
697 5540 822 5603 duo,
879 5541 1167 5613 ceterisque
1214 5540 1551 5613 inanintatis,
1580 5543 1691 5613 sui_
1706 5544 1951 5613 corporis.

391 5613 486 5667 Ms.
536 5626 674 5667 unus
697 5650 712 5675 ,
754 5610 1041 5682 exterisque
1078 5612 1195 5665 aliis
1222 5610 1474 5665 minutiis.
1504 5611 1631 5666 Mss.
1663 5610 1803 5682 Reg.
1826 5613 1955 5678 duo,

388 5684 680 5813 ἱωιεᾶξεᾳιιε
704 5681 820 5735 aliis
844 5680 1005 5735 animi
1022 5682 1109 5736 sui
1130 5690 1181 5735 et
1201 5682 1456 5751 corporis,
1484 5689 1591 5739 etc.
1610 5684 1693 5737 ita
1720 5680 1772 5738 et
1794 5684 1959 5738 editio

434 5769 497 5813 ua
545 5792 558 5805 .

434 5771 532 5808 υεα
545 5792 558 5805 .

426 5769 648 5879 ἶυὲαῆίεε.
677 5822 800 5886 duo,
832 5821 1066 5875 censendi
1095 5823 1213 5876 sint.
1246 5822 1346 5877 Alii
1374 5837 1496 5879 cum
1514 5823 1697 5889 editis,
1719 5824 1959 5882 coeundi

390 5903 507 5975 sunt
535 5910 555 5951 :
576 5893 674 5956 sed
692 5892 1235 5969 concinniorﬁdotur
1254 5893 1499 5977 priorum
1524 5893 1707 5952 lectio.

2046 3392 2299 3461 tholiclum
2348 3390 2541 3445 caritas
2584 3390 2697 3445 sola
2742 3390 3009 3459 perficiat;
3060 3398 3114 3443 et
3146 3399 3167 3426 ι’
3210 3404 3394 3444 omnes
3444 3388 3613 3443 absti-

2045 3482 2226 3537 nentia
2279 3490 2369 3536 aut
2422 3480 2604 3551 perdat
2645 3480 2762 3536 sine
2809 3480 3149 3551 adjunctione
3192 3481 3461 3541 caritatis.
3521 3491 3614 3537 aut

2142 3581 2246 3629 eat.

2142 3587 2246 3629 eat.

2040 3587 2168 3720 pe;
2201 3665 2336 3732 Quia
2373 3679 2501 3736 ergo
2541 3664 2811 3720 abstinere
2846 3672 2937 3719 aut
2970 3663 3212 3734 jejunare
3249 3661 3408 3719 etiam
3444 3663 3618 3720 Mani-

2043 3756 2179 3813 chtei
2220 3757 2306 3812 vel
2335 3756 2561 3826 quilibet
2588 3755 2678 3811 alii
2717 3756 2953 3812 haeretici
2985 3761 3333 3825 possunt,_ut
3362 3763 3487 3825 pote
3525 3756 3620 3825 qui

2047 3864 2234 3905 omnes
2262 3863 2452 3905 carnes
2481 3862 2589 3904 non
2616 3862 2713 3917 pro
2743 3847 3093 3913 abstinentia,
3136 3845 3230 3902 sed
3259 3860 3355 3916 pro
3385 3847 3620 3901 immun-

2044 3942 2179 3997 ditia
2210 3941 2563 4004 detestantes,
2593 3952 2820 4008 corpora
2866 3954 2961 3993 sua
3007 3939 3155 4007 panis
3195 3945 3249 3992 et
3296 3952 3449 4007 aqua:
3488 3951 3619 4006 per-

2046 4034 2291 4103 ceptione
2340 4040 2361 4067 ·
2409 4031 2743 4087 conficiunt:
2801 4044 2910 4085 non
2967 4044 3064 4099 pro
3115 4043 3309 4099 magno
3364 4031 3622 4084 ducamus

2049 4125 2263 4195 quando
2307 4125 2373 4179 ab
2414 4123 2497 4177 bis
2537 4136 2656 4191 quae
2700 4120 2779 4175 illi
2818 4119 3029 4189 quoque
3067 4120 3342 4189 rejiciunt,
3387 4118 3625 4172 abstine-

2049 4231 2199 4281 mus;
2227 4216 2321 4272 sed
2346 4216 2365 4251 ί
2401 4214 2614 4284 quando
2642 4212 3019 4267 abstinentiam
3058 4219 3297 4266 nostram
3324 4207 3458 4264 ﬁdes
3476 4222 3627 4263 com-

2053 4307 2308 4377 mendat,
2352 4304 2651 4376 caritasque
2697 4310 3065 4371 consummat,
3104 4314 3236 4372 quas
3280 4299 3503 4355 virtutes
3547 4296 3628 4354 illi

2135 4554 2149 4605 ἰ
2191 4554 2319 4611 Mss.
2347 4552 2481 4623 Reg.
2533 4549 2659 4619 duo,
2701 4544 2798 4621 qui
2837 4557 3023 4620 negant
3056 4548 3153 4604 sibi
3201 4548 3308 4603 vini
3348 4549 3631 4620 perceptio-

2054 4630 2190 4687 ne‘m,
2218 4634 2320 4680 etc.
2706 4672 2709 4677 .

2124 4694 2147 4733 lt
2170 4696 2293 4751 Haec
2318 4694 2496 4762 verba,
2516 4696 2577 4749 ab
2598 4693 2901 4757 hominibus,
2933 4692 3246 4762 supplentur
3268 4703 3333 4745 ex
3347 4702 3475 4745 mss.
3499 4704 3629 4759 sex;

2053 4773 2109 4823 et
2136 4767 2357 4835 totidem
2390 4781 2522 4821 mss.
2552 4765 2781 4829 habent,
2806 4764 2892 4830 qui
2922 4772 2967 4817 et
2994 4765 3060 4815 ad
3092 4762 3204 4835 nos,
3224 4770 3336 4835 etc.

2133 4831 2149 4873 Ῑ
2188 4839 2316 4893 Mss.
2342 4837 2497 4891 Colb.
2531 4836 2658 4895 duo.
2682 4845 2729 4889 et
2764 4835 3038 4888 interdicto
3077 4833 3170 4886 sibi
3198 4831 3312 4885 vino
3341 4847 3507 4902 comp.
3536 4847 3633 4898 po-

2054 4908 2185 4961 culis
2227 4908 2541 4961 suavioribus
2584 4907 2917 4968 voluptatem.
2958 4904 3135 4966 Alius,
3173 4912 3221 4957 et
3250 4902 3501 4955 interdicti
3535 4903 3633 4956 sibi

2055 4980 2157 5032 vini
2184 4986 2513 5044 compensant
2546 4976 2739 5045 poculis
2764 4976 3078 5029 suavioribus
3107 4974 3433 5042 voluptatem.
3457 4973 3631 5045 Alter,

2054 5058 2101 5103 et
2148 5040 2401 5102 interdicti
2434 5049 2531 5101 sibi
2546 5040 2662 5101 "vini
2692 5046 3059 5116 perceptionem
3094 5040 3419 5113 compensant
3459 5040 3633 5110 poculi

2055 5120 2300 5173 suavioris
2330 5119 2604 5189 voluptate.

2131 5200 2169 5226 ω
2206 5191 2330 5249 Mss.
2357 5184 2581 5259 quatuor
2601 5198 2784 5245 carent
2806 5203 2935 5243 vocc
2958 5192 3195 5259 perfecte.
3217 5184 3312 5238 Ms.
3337 5195 3492 5246 unus,
3516 5197 3634 5235 vera

2055 5260 2364 5314 abstinentia
2388 5262 2604 5329 perfecte
2631 5267 3025 5313 consummatus.

2130 5340 2156 5367 η
2194 5331 2333 5403 Edit.
2364 5319 2553 5400 Lugd,
2584 5348 2642 5385 ea
2676 5331 2855 5403 quibus
2884 5327 3130 5403 utinobis
3161 5322 3468 5403 conceditur.
3500 5319 3629 5403 Mss.

2058 5402 2211 5474 Colb.
2237 5391 2901 5474 duo,_eavquibus_ntimstr.
2930 5401 3027 5474 Ms.
3051 5396 3213 5474 λιιςξζτ
3238 5409 3297 5474 φα
3335 5391 3512 5461 (Pium!
3556 5393 3635 5447 πεί

2062 5472 2203 5527 nobis
2233 5488 2330 5525 non
2350 5463 2496 5528 licet:
2520 5473 2616 5527 Ms.
2644 5471 2855 5535 Camb,
2877 5469 2951 5522 uti
2976 5466 3116 5520 nobis
3142 5463 3277 5516 libet.

2136 5551 2159 5579 ο
2192 5543 2315 5597 Mss.
2342 5543 2593 5611 quinque,
2619 5543 2840 5612 reliquit.

2133 5623 2159 5662 Ρ
2190 5612 2287 5667 Ms.
2313 5609 2467 5678 unus,
2489 5609 2646 5678 Quod
2678 5609 2799 5664 utile
2826 5609 2909 5661 sit.

2135 5693 2161 5732 (ι
2191 5685 2287 5738 Ms.
2320 5672 2474 5749 unus,
2501 5672 2599 5737 non
2629 5683 2791 5734 solum
2807 5677 3094 5749 jejunium,
3116 5672 3204 5728 sed
3222 5715 3237 5743 ,
3261 5681 3364 5730 etc.

2138 5764 2157 5790 τ
2194 5754 2319 5808 Mss.
2344 5747 2471 5817 duo,
2500 5753 2665 5806 omnis
2693 5747 3013 5802 abstinentia.

2136 5832 2157 5860 ε
2186 5823 2261 5876 fta
2288 5838 2419 5877 cross.
2446 5833 2577 5877 tres.
2602 5820 2743 5877 Editi
2772 5833 2920 5890 vero,
2946 5817 3188 5890 aﬁiciunt.

2140 5895 2157 5928 ί
2188 5892 2315 5955 Μῦς.
2339 5907 2428 5961 ses
2449 5937 2461 5962 ,
2484 5892 2643 5962 quod.
