4124 6350
527 424 628 483 HI

1843 418 2097 474 JULIANI
2142 417 2416 476 POMBBII

3707 429 3811 484 472

518 542 641 601 non
671 542 927 598 habentes
953 537 1195 595 occidere
1230 550 1287 591 se
1329 542 1569 605 possunt,
1594 532 1848 588 .aédidcini
1877 540 2052 587 autem
2080 542 2106 570 ι
2133 539 2187 601 Α
2211 543 2303 590 aut
2332 535 2554 592 minuit.
2595 542 2648 591 et
2688 531 2945 603 jactantia
2984 531 3193 586 cunctis
3240 531 3457 589 inimica
3496 534 3800 606 virtutibus,

494 622 620 695 “aut
658 636 837 708 perﬁci
883 635 1060 689 taliter
1104 630 1423 686 abstinendo
1471 642 1577 683 non
1625 636 1871 697 possunt.
1911 625 1936 664 ι)
1981 626 2113 697 Ipsis

527 747 657 788 vero
683 728 961 787 catholicis
989 725 1335 792 Christianis,
1370 725 1459 794 qui
1497 724 1611 777 sive
1642 737 1747 776 non
1772 721 1995 776 valendo
2024 720 2119 775 ab-

526 826 750 887 stinere,
764 822 877 877 sive
893 819 1146 884 nolendo,
1159 816 1337 872 omnia
1362 816 1477 871 usui
1497 825 1681 871 nostro
1699 828 1977 881 concessa,
1994 827 2116 868 cum

525 920 814 990 gratiarum
845 916 1054 971 actione
1108 914 1435 984 percipiunt,
1495 926 1605 966 non
1655 924 1751 964 nos
1791 916 2006 978 propter
2033 906 2120 961 ab-

526 1011 838 1068 stinentiam
854 1008 1227 1079 praeferamus:
1247 1021 1313 1059 ne
1339 1004 1475 1059 forte
1496 1004 1613 1072 plus
1635 1001 1950 1056 humilitatis
1980 999 2110 1054 alia-

525 1119 754 1175 rumque
775 1102 1031 1158 virtutum
1075 1100 1303 1154 habeant
1334 1097 1441 1161 illi,
1476 1095 1619 1150 unde
1648 1105 1669 1133 ο
1696 1094 1816 1163 jure
1848 1092 2000 1147 nobis
2026 1091 2120 1145 ab-

527 1196 855 1276 stinentibus
895 1193 1267 1264 praeferantur.
1315 1188 1575 1257 Quocirca
1617 1187 1660 1241 si
1690 1186 1934 1239 volumus
1966 1183 2121 1239 nobis

531 1294 561 1333 ά
588 1294 968 1351 abstinentiam
1001 1300 1236 1346 nostram
1258 1288 1567 1359 jejuniaque
1589 1296 1768 1341 nostra
1789 1284 2068 1355 proiicere,
2090 1299 2120 1339 a

531 1387 783 1459 superbia
820 1384 1105 1455 imprimis,
1135 1398 1254 1455 quas
1293 1392 1383 1437 aut
1410 1381 1627 1451 expellit
1657 1396 1844 1436 omnes
1872 1379 2119 1447 virtutes,

604 1538 632 1567 ⁸
659 1529 787 1584 Mss.
812 1534 1059 1597 quatuor,
1091 1524 1371 1591 redi/icore.

602 1610 631 1638 υ
655 1600 754 1654 Ms.
780 1595 940 1663 unus,
967 1595 1079 1668 Ipsi
1105 1612 1238 1649 vero.
1340 1665 1348 1668 _
1494 1654 1497 1655 ν

609 1682 633 1709 ο
665 1672 763 1724 Ms.
793 1668 948 1723 Colb.
974 1665 1131 1732 unus,
1150 1669 1267 1735 jure
1297 1665 1636 1719 abstinentiae.

602 1738 629 1777 ἀ
658 1742 755 1796 Ms.
786 1739 938 1794 Colb.
977 1754 1144 1804 unus,
1187 1739 1307 1790 dum
1350 1738 1685 1800 abstinemus,
1709 1744 1882 1790 nostra
1913 1735 2119 1809 jejunia

532 1812 801 1881 proficere.
858 1810 913 1864 In
946 1826 1052 1864 uno
1098 1809 1321 1863 habetur
1360 1824 1460 1862 vox
1503 1808 2125 1881 abstinentiam,absque

531 1879 637 1941 hac
681 1896 813 1937 voce
860 1891 1109 1935 nostram.
1153 1881 1209 1935 In
1253 1881 1461 1934 duobus
1508 1880 1699 1949 legitur
1736 1881 1971 1952 jejunio,
2006 1879 2124 1933 sine

2220 640 2381 700 atque
2402 630 2469 685 ab
2491 630 2740 685 omnibus
2764 627 2987 683 omnino
3007 626 3149 681 vitiis
3170 626 3531 705 discedamus,
3558 639 3617 684 ut
3644 634 3808 701 prosit

2222 726 2375 780 nobis
2404 724 2545 796 quod
2576 739 2605 777 a
2635 723 2772 779 cibis
2799 732 2821 760 ε
2849 721 3262 777 delectabilibus
3291 722 3806 792 abstinemus.‘Quia

2226 826 2351 873 tunc
2391 817 2543 872 nobis
2573 816 2844 887 proderit,
2876 814 3019 885 quod
3049 830 3279 885 corpora
3310 825 3518 889 nostra,
3552 822 3637 873 vel
3668 832 3809 877 certe

2223 925 2510 980 corporum
2552 910 2820 965 incentiva
2866 910 3044 979 rigore
3090 908 3437 965 districtioris
3477 911 3810 969 abstinentia:

2226 1004 2580 1074 castigamus;
2611 1003 2656 1056 si
2685 1002 2990 1057 carnalibus
3018 1001 3304 1057 desideriis
3329 1004 3580 1069 absoluti,
3614 1010 3811 1062 sanctis
3864 1070 3871 1075 D

2228 1096 2512 1152 virtutibus
2541 1096 2847 1150 ﬂoreamus.
2871 1094 2978 1151 Sed
3006 1095 3116 1164 jam
3150 1096 3310 1149 linem
3335 1096 3470 1150 liber
3502 1093 3521 1133 ί
3552 1100 3813 1167 accipiat,

2229 1200 2288 1245 ut
2314 1189 2382 1244 de
2410 1186 2691 1243 virtutibus
2732 1202 2793 1242 ac
2823 1186 2988 1250 vitiis,
3019 1187 3161 1241 unde
3201 1186 3289 1241 hic
3327 1201 3494 1256 pauca
3524 1189 3814 1259 tetigimus,

2230 1283 2388 1338 latius
2419 1296 2482 1337 ac
2508 1281 2718 1351 plenius
2748 1288 2773 1327 ε
2796 1279 2849 1333 in
2881 1278 3041 1333 tertio
3070 1278 3619 1344 volumine,donante
3643 1278 3813 1346 l1Deo,

2233 1375 2587 1445 diSputemus.
3548 1386 3551 1387 ν

2228 1518 2328 1573 hac
2354 1532 2487 1573 voce
2517 1523 2709 1570 nostra.

2301 1600 2323 1625 θ
2348 1589 2431 1643 Ita
2475 1601 2604 1642 mss.
2643 1584 2782 1640 Editi
2824 1599 2985 1653 vero,
3026 1601 3057 1638 a
3093 1585 3217 1638 cibis
3246 1585 3627 1641 delicatioribus
3667 1587 3819 1644 absti-

2226 1677 2441 1716 neamus
2452 1704 2462 1714 .

2305 1730 2324 1770 τ
2356 1733 2524 1797 Alias,
2558 1728 2801 1798 postulat.

2302 1813 2325 1850 ε
2360 1803 2456 1857 Ms.
2484 1816 2643 1865 unus,
2668 1802 2719 1853 in
2751 1800 2990 1855 ulteriore
3020 1800 3291 1855 volumine.

2304 1873 2326 1909 ῖι
2362 1874 2485 1927 Mss.
2510 1874 2770 1942 quinque,
2806 1871 3051 1926 Domino.

549 2019 3819 2046 ——..—__————————————-——————-——-————————u——————

1524 2125 1995 2237 LIBER
2071 2122 2822 2231 TERTIUS.

1138 2293 1527 2352 PRABFATIO.

602 2387 682 2443 De
720 2388 824 2442 vita
870 2386 1297 2457 contemplativa,
1338 2394 1384 2439 et
1429 2391 1675 2454 quantum
1720 2384 1781 2435 ab
1818 2397 1877 2434 ea
1918 2378 2123 2447 ili/ferat

531 2482 766 2546 actualis,
792 2481 869 2535 vel
909 2479 1127 2549 qualiter
1156 2479 1360 2547 possitis
1384 2478 1546 2547 ipsius
1590 2473 1995 2546 contemplativa:
2021 2472 2123 2525 vir-

531 2576 652 2632 tutis
688 2574 833 2644 ﬁeri,
870 2582 895 2609 ⁸
935 2574 1208 2645 adjuvante
1244 2569 1385 2635 Deo,
1435 2569 1734 2641 participes,
1776 2565 1804 2604 δ
1848 2567 1901 2621 in
1956 2564 2121 2635 primo

528 2667 782 2721 volumine
828 2664 1039 2721 absolvi.
1076 2662 1151 2719 De
1210 2664 1403 2717 actuali
1452 2678 1649 2733 quoque
1699 2661 1834 2725 vita,
1877 2659 1963 2712 ubi
2013 2670 2123 2727 qua:

530 2772 659 2817 esset
694 2760 948 2833 religiosae
998 2759 1356 2830 increpationis
1381 2758 1596 2827 {utilitas
1625 2772 1683 2810 ac
1714 2756 1971 2825 patientia:
2016 2757 2121 2809 vir-

531 2865 610 2909 tus
643 2864 664 2893 ο
693 2863 950 2909 ostensum
1002 2862 1109 2919 est,
1156 2862 1202 2906 et
1246 2838 1461 2922 qualiter
1515 2852 1793 2905 tractanda:
1838 2862 1998 2905 essent
2040 2867 2123 2904 ec-

529 2949 698 3003 clesiae
727 2948 1020 3017 facultates,
1047 2946 1126 3000 vel
1158 2947 1220 2999 de
1250 2946 1400 2999 modo
1421 2943 1447 2982 ἀ
1478 2944 1765 3016 spiritualis
1784 2944 2120 3008 abstinentiae,

531 3054 645 3107 qua:
675 3037 891 3092 dicenda
920 3037 1028 3091 visa
1054 3046 1207 3102 sunt,
1241 3035 1347 3089 Deo
1380 3037 1620 3100 donante,
1655 3036 1707 3088 in
1732 3036 1955 3089 secundo
1993 3034 2123 3089 libro

532 3133 775 3187 disserui.
832 3132 987 3185 Nunc
1040 3140 1269 3200 superest
1319 3139 1373 3183 ut
1423 3129 1819 3197 disputationem
1873 3129 1937 3182 de
1989 3129 2123 3182 vitiis

531 3236 681 3297 atque
708 3225 992 3293 virtutibus,
1026 3240 1128 3280 non
1173 3224 1378 3294 ingenio
1422 3224 1604 3293 fretus,
1638 3223 1784 3292 cujus
1828 3221 1954 3275 mihi
1997 3238 2121 3274 con-

531 3321 666 3374 scius
696 3336 799 3374 non
837 3320 991 3387 sum,’
1006 3317 1095 3373 sed
1129 3327 1151 3355 θ
1182 3315 1443 3371 orantibus
1471 3314 1609 3370 vobis
1637 3312 1959 3385 adjuvandus
1984 3313 2119 3367 inci-

530 3411 696 3481 piam.
720 3410 727 3415 ’

1144 3500 1526 3558 ELENCHUS.

601 3591 782 3651 CAPUT
814 3595 856 3651 Ι.
891 3596 1153 3664 Quantum
1182 3611 1215 3648 a
1240 3594 1368 3649 veris
1411 3591 1680 3647 virtutibus
1715 3590 1955 3643 virtutum
1979 3587 2124 3642 simi-

532 3687 775 3747 litudincs
795 3688 1001 3743 distent.

603 3778 733 3835 CAP.
766 3779 827 3837 II.
867 3779 1017 3846 Quod
1046 3781 1285 3852 superbia
1321 3782 1386 3836 sit
1414 3780 1667 3833 malorum
1691 3778 1918 3831 omnium
1947 3770 2121 3829 causa.

604 3872 735 3927 CAP.
768 3871 854 3927 IlI.
901 3872 1050 3940 Quod
1090 3872 1354 3943 superbia,
1392 3889 1455 3927 ex
1490 3888 1589 3941 qua
1628 3868 1908 3940 procedunt
1953 3867 2125 3920 omnia
2201 3909 2203 3913 .

534 3964 703 4029 mala,
744 3964 1048 4019 humilitatis
1082 3965 1261 4019 virtute
1288 3966 1540 4029 vincatur,
1571 3972 1619 4017 ct
1647 3960 1819 4014 omnia
1851 3960 1971 4013 vitia
2006 3970 2125 4013 tunc

532 4055 718 4126 fugata
745 4058 1040 4126 depereant,
1063 4056 1106 4110 si
1125 4056 1393 4110 virtutibus
1422 4054 1619 4108 cedant.

606 4149 737 4205 CAP.
772 4148 859 4204 IV.
891 4148 968 4203 De
994 4150 1310 4219 cupiditate,
1344 4147 1361 4185 ί
1388 4165 1504 4219 qua:
1530 4150 1601 4203 ita
1642 4158 1713 4203 est
1755 4149 1913 4203 mixta
1938 4164 2121 4220 super-

537 4244 663 4311 biae,
696 4252 751 4298 ut
794 4244 923 4299 nihil
962 4245 1155 4314 peccati
1191 4244 1284 4313 ﬁat
1319 4243 1457 4315 quod
1497 4259 1597 4298 non
1639 4239 1702 4298 ea:
1746 4255 1960 4311 utraque
2004 4258 2125 4313 pro-

535 4336 706 4393 cedat.

609 4430 739 4484 CAP.
776 4431 837 4484 V.
887 4430 1002 4495 Quo
1047 4432 1205 4484 animi
1249 4439 1495 4483 tormento
1546 4430 1747 4482 invidos
1806 4428 1996 4497 affligat
2045 4428 2125 4481 in-

534 4518 694 4573 vidia.
1534 4505 1559 4513 ’⁷
1585 4509 1594 4515 ’

607 4608 735 4664 CAP.
775 4610 859 4664 VI.
893 4609 959 4664 In
985 4626 1101 4682 qua:
1125 4618 1171 4664 et
1199 4619 1387 4680 quanta
1411 4609 1547 4663 mala
1568 4609 1982 4678 concupiscentia
2011 4626 2127 4663 car-

535 4705 614 4760 nis
641 4712 901 4775 erumpat,
928 4705 971 4757 si
997 4712 1021 4750 κ
1050 4703 1121 4757 eis
1151 4718 1292 4757 mens
1316 4712 1557 4771 corrupta
1585 4703 1891 4756 consentiat.

607 4795 732 4852 CAP.
772 4796 875 4852 VII.
909 4797 1058 4863 Quod
1083 4797 1232 4851 etiam
1261 4796 1314 4849 hi
1345 4813 1471 4865 quos
1494 4797 1556 4850 ab
1582 4794 1611 4833 ιι
1637 4797 1957 4865 impudicitia
1985 4813 2123 4868 quae-

536 4888 654 4943 libet
684 4889 949 4941 necessitas
980 4898 1141 4953 vetat,
1172 4890 1215 4942 si
1243 4889 1403 4943 vivere
1431 4889 1617 4959 pudice
1654 4900 1986 4943 consuescant
2006 4935 2018 4959 ,
2053 4892 2121 4944 ad

536 4996 761 5034 amorem
790 4981 1039 5032 castitatis
1067 4981 1364 5034 ascendant.
2080 4959 2089 4968 ’

2166 2290 2212 2350 Β
2310 2288 2436 2340 CAP.
2467 2285 2559 2342 XI.
2599 2285 2676 2339 De
2706 2283 2921 2339 utilitate
2946 2284 3163 2353 timoris,
3187 2292 3235 2339 et
3256 2285 3393 2353 quod
3416 2285 3675 2354 eﬁicaciter
3692 2301 3787 2353 pec

2229 2384 2356 2436 catis
2387 2383 2617 2437 obsistat.

2298 2474 2429 2530 CAP.
2463 2473 2574 2528 XII.
2607 2472 2679 2529 De
2709 2476 2882 2545 futuro
2901 2474 3124 2546 judicio,
3148 2475 3223 2528 vel
3251 2474 3535 2530 teternitate
3553 2474 3821 2545 supplicii,

2228 2583 2288 2621 ac
2314 2568 2376 2623 de
2399 2567 2647 2639 qualitate
2673 2568 2934 2640 gehennte.

2267 2697 2273 2703 ι
2299 2660 2428 2715 CAP.
2457 2658 2594 2714 XIII.
2630 2659 2706 2713 De
2728 2659 2880 2713 laude
2902 2659 3153 2713 caritatis.

2298 2750 2427 2806 CAP.
2462 2750 2603 2806 XIV.
2640 2750 2872 2815 Qualiter
2902 2752 3096 2819 possint
3129 2767 3186 2804 ea
3217 2765 3333 2819 qua:
3361 2756 3423 2804 de
3448 2758 3662 2806 caritate
3695 2767 3822 2806 san-

2228 2855 2340 2901 ctus
2361 2845 2637 2914 Apostolus
2669 2845 2834 2911 dixit,
2868 2842 3107 2917 intelligi.

2300 2941 2429 2996 CAP.
2466 2941 2581 2996 XV.
2617 2942 2875 3009 Quantum
2904 2941 3228 3011 perfectionis
3259 2940 3445 2995 caritas
3467 2942 3521 2995 in
3545 2957 3600 2995 se
3628 2941 3821 3012 funda-

2230 3033 2293 3087 tis
2319 3035 2574 3091 exhibeat.
3558 3020 3563 3025 ’

2214 3184 2217 3187 ,
2298 3129 2426 3185 CAP.
2462 3128 2598 3185 XVI.
2631 3129 2708 3184 De
2734 3131 2981 3202 qualitate
3002 3131 3223 3196 virtutis,
3247 3139 3293 3184 et
3327 3130 3553 3201 qualiter
3577 3130 3671 3186 sibi
3695 3148 3818 3186 con-

2229 3225 2499 3280 sentientes
2530 3227 2580 3278 in
2589 3226 2794 3296 formet.

2300 3316 2428 3372 CAP.
2458 3317 2615 3372 XVII.
2653 3319 2844 3391 Quibus
2869 3317 3112 3391 gradibus
3137 3319 3364 3374 conversi
3392 3320 3449 3373 in
3476 3321 3677 3375 culmen
3701 3338 3817 3392 per-

2229 3411 2462 3481 fectionis
2490 3412 2786 3465 ascendant.
3816 3392 3821 3400 ’

2304 3504 2433 3558 CAP.
2467 3503 2654 3558 XVIII.
2701 3503 2826 3568 Qua:
2868 3502 2935 3556 sit
2972 3503 3289 3573 quaternarii
3330 3504 3527 3558 numeri
3563 3505 3819 3559 credenda

2232 3595 2505 3663 perfectio;
2530 3605 2574 3648 et
2596 3592 2731 3665 qudd
2752 3605 2971 3663 quatuor
2991 3594 3217 3658 virtutes,
3238 3610 3354 3664 quw
3375 3595 3525 3648 dictae
3544 3603 3663 3648 sunt
3683 3597 3819 3666 prin-

2151 3679 2199 3744 C
2230 3686 2438 3756 cipales,
2472 3702 2533 3739 ex
2558 3685 2660 3754 ﬁde
2686 3685 2903 3739 viventes
2924 3701 2957 3738 a
2986 3682 3098 3738 Deo
3127 3685 3327 3738 collata:
3346 3686 3654 3755 justiﬁcent.

2302 3778 2430 3834 CAP.
2456 3777 2600 3834 XIX.
2634 3774 2711 3831 De
2742 3779 3086 3845 ternperantite
3108 3777 3373 3847 qualitate,
3403 3780 3482 3833 vel
3502 3795 3668 3848 apere.

2286 3870 2433 3925 CAP.
2464 3871 2583 3925 XX.
2620 3871 2806 3938 Quales
2835 3887 2943 3926 esse
2971 3871 3185 3926 debeant
3216 3888 3341 3942 quos
3374 3873 3532 3927 animi
3564 3872 3819 3942 fortitudo

2231 3963 2485 4018 nobilitat.

2301 4055 2431 4112 CAP.
2461 4056 2601 4112 XXI.
2635 4058 2713 4113 De
2732 4060 3049 4129 justitia,vel
3073 4060 3326 4129 ﬁde,qtue
3348 4074 3412 4114 ea:
3430 4060 3544 4128 ipsa
3568 4060 3821 4130 procedit.

2302 4152 2429 4208 CAP.
2459 4150 2623 4207 XXII.
2657 4152 2732 4207 De
2764 4154 3090 4222 aequalitate;
3116 4154 3250 4224 quod
3289 4155 3358 4207 ad
3391 4154 3620 4210 eamdem
3658 4157 3826 4226 perti-

2230 4255 2346 4303 neat
2372 4245 2614 4315 humante
2637 4247 2893 4301 societatis
2913 4247 3128 4301 utilitas.
3466 4250 3491 4273 ⁸

2301 4342 2435 4399 CAP.
2466 4340 2654 4397 XXIII.
2692 4341 2839 4408 Quod
2870 4341 2971 4395 duo
2995 4343 3097 4395 sint
3124 4341 3393 4410 iniustitiae
3422 4357 3628 4412 genera.

2302 4434 2434 4488 CAP.
2470 4431 2659 4487 XXIV.
2694 4431 2769 4486 De
2796 4432 3119 4501 liberalitate,
3157 4442 3203 4486 et
3230 4434 3447 4503 qualiter
3480 4434 3829 4503 beneficentia:

2229 4541 2357 4595 opus
2385 4526 2561 4579 debeat
2586 4526 2830 4580 exerceri.

2301 4616 2433 4674 CAP.
2467 4618 2637 4674 XXV.
2664 4618 2741 4673 De
2766 4618 3058 4686 differentia
3082 4636 3346 4687 amorum,
3383 4630 3433 4676 et
3474 4629 3723 4692 quantum
3755 4622 3826 4679 ab

2228 4711 2303 4765 eis
2331 4710 2535 4777 di/ferat
2566 4718 2792 4783 perfecta
2820 4712 3049 4767 dilectio.
3638 4708 3643 4712 ’

2299 4804 2427 4861 CAP.
2461 4804 2651 4860 XXVI.
2693 4805 2828 4872 Quid
2856 4806 2928 4873 sit.
2948 4822 3043 4861 sua
3068 4808 3249 4879 cuique
3275 4809 3511 4864 tribuere.

2298 4895 2427 4953 CAP.
2460 4886 2670 4953 XXVII.
2709 4897 2859 4962 Quod
2896 4900 3149 4971 actualem
3191 4902 3345 4955 vitam
3378 4912 3475 4956 tres
3509 4904 3736 4968 virtutes,
3766 4906 3829 4959 id

2228 4998 2330 5054 est,
2366 4990 2718 5059 temperantia,
2747 4989 2995 5060 fortitudo
3025 4991 3328 5059 justitiaque
3363 5004 3745 5060 consumment,
3777 5006 3831 5050 es

606 5071 733 5128 CAP.
772 5072 900 5126 Vlll.
938 5070 1132 5138 Quibus
1171 5073 1372 5125 indiciis
1416 5076 1573 5143 possit
1613 5077 1815 5130 ostendi
1853 5080 2119 5146 superbia,
2151 5076 2207 5138 D
2230 5082 2524 5153 prudentia,
2556 5098 2669 5147 quae
2712 5092 2787 5137 est
2829 5093 3016 5154 quarta
3051 5086 3236 5153 virtus,
3286 5086 3442 5140 menti
3481 5088 3832 5159 segnitionem

531 5184 646 5239 qua:
666 5168 742 5221 vel
772 5169 823 5219 in
853 5168 1064 5237 perditis
1093 5178 1271 5236 aperta
1297 5175 1400 5231 est,
1433 5169 1509 5221 vel
1540 5170 1589 5222 in
1613 5170 1747 5238 [ictis
1774 5174 1992 5228 occulta.

603 5260 733 5313 CAP.
768 5258 857 5312 IX.
906 5259 1099 5327 Quibus
1144 5259 1299 5329 signis
1354 5260 1644 5315 invidorum
1699 5264 1988 5318 declaretur
2034 5267 2117 5318 in-

528 5352 688 5405 vidia.

604 5444 732 5498 CAP.
767 5444 835 5500 X.
871 5444 1089 5513 Quantis
1118 5445 1267 5499 malis
1291 5446 1490 5499 vanitas
1510 5460 1665 5499 vanos
1698 5447 1941 5503 involvat.

606 5632 632 5660 ει
664 5623 761 5677 Ms.
809 5623 959 5682 Colb.
1001 5642 1161 5694 unus,
1195 5628 1500 5698 participes,
1548 5624 1653 5681 Deo
1711 5630 2021 5702 adjuvante,
2068 5634 2119 5687 in

538 5710 727 5765 primo,
749 5702 855 5748 etc.

604 5767 630 5803 ι)
665 5767 793 5820 Mss.
817 5779 908 5820 sex
927 5807 940 5829 ,
965 5770 1187 5834 primum
1213 5771 1447 5824 volumen
1472 5768 1684 5823 absolvi.

506 5840 511 5911 ξ
607 5848 629 5913 ξ
660 5837 752 5913 _Sic
774 5849 874 5890 ms.
896 5836 1049 5913 Colb.
1076 5842 1356 5913 unus._A|ii
1381 5855 1502 5894 cum
1529 5841 1677 5913 edd.,
1700 5849 1901 5897 ostensa
1926 5854 2021 5903 est.

504 5908 507 5935 -‘
606 5900 632 5943 ἀ
666 5907 742 5961 Ita
776 5920 905 5962 mss.
946 5902 1191 5973 quatuor.
1234 5910 1330 5965 Ms.
1367 5913 1522 5976 alter,
1564 5908 1627 5965 de
1662 5900 1816 5999 motu.
1866 5900 1998 5970 Editi
2022 5918 2120 5977 ,ds

2229 5191 2397 5227 rerum
2423 5174 2686 5228 latentium
2716 5185 2938 5245 pra'stet.

2299 5266 2425 5322 CAP.
2461 5265 2699 5321 XXVIII.
2726 5266 2806 5322 De
2842 5268 3020 5321 sociali
3062 5269 3280 5335 virtute;
3308 5279 3355 5324 et
3383 5272 3520 5340 quod
3548 5287 3650 5325 non
3688 5284 3835 5327 recte

2229 5363 2418 5429 faciant
2446 5362 2561 5430 qui,
2593 5377 2711 5417 cum
2747 5363 2977 5432 possint,
3005 5364 3135 5419 nihil
3163 5366 3398 5420 humana:
3435 5368 3663 5421 societati
3702 5386 3835 5438 pro-

2229 5454 2427 5520 ﬁciunt.
3492 5514 3493 5519 η
3567 5464 3575 5476 ”

2231 5637 2383 5691 dono.
2930 5662 2936 5668 -

2267 5653 2383 5691 ano.
2930 5662 2936 5668 -

2295 5718 2317 5745 ε’
2345 5710 2436 5763 Ms.
2460 5709 2612 5765 Colb.
2637 5726 2794 5775 unus,
2828 5712 3143 5766 orationibus
3166 5715 3364 5767 vestris.

2298 5778 2315 5816 τ
2349 5781 2652 5854 ωδε.ᾲῆψί
2679 5782 2804 5848 duo,
2833 5783 2970 5854 quod
2992 5785 3065 5837 ita
3090 5785 3152 5837 sit
3181 5785 3361 5837 mixta.

2196 5898 2212 5905 -
2293 5859 2317 5905 δ
2354 5852 2453 5905 Ms.
2477 5850 2890 5917 Camberon.,si
2916 5856 2982 5908 ei.

2294 5917 2315 5953 Ιι
2346 5922 2437 5975 διε,
2464 5923 2673 5983 (lamin,
2695 5925 2756 5976 ab
2784 5924 3123 5984 impudentim
