4124 6350
338 446 435 504 473

1371 444 1461 502 os
1502 445 1659 501 vm
1698 444 2273 508 communivit
2315 454 2439 510 LIB.
2484 438 2567 512 ni.

3494 460 3589 517 674

403 563 530 619 CAP.
567 562 756 619 XXIX.
792 563 941 631 Quod
960 563 1025 619 de
1050 562 1333 635 prudentia:
1365 578 1426 617 ac
1463 562 1730 633 sapientiae
1772 564 1911 633 fonte
1934 566 1993 629 Δ
2016 569 2213 639 perbus
2254 572 2368 628 vult
2390 583 2415 621 ε
2445 589 2505 630 se
2530 577 2676 631 credi
2715 553 3073 645 constantem,
3119 576 3366 648 prodigus
3397 576 3592 634 libera-

330 658 663 728 cognitionem
712 658 933 712 omnium
973 674 1141 713 rerum
1183 656 1394 725 bibant,
1446 656 1533 727 qui
1568 657 1910 727 percipienda:

330 752 555 806 scientia:
584 752 830 821 ferventer
851 751 1135 822 inuigilant.

399 842 529 897 CAP.
562 841 731 898 XXX.
762 843 912 908 Quod
942 844 1213 912 prudentes
1255 858 1344 897 nec
1370 841 1488 896 aliis
1533 853 1779 911 noceant,
1822 860 1913 901 nec

326 934 423 988 sibi
450 935 620 989 noceri
643 936 968 1005 permittant,
985 944 1030 989 et
1050 935 1185 1005 quod
1211 936 1280 990 eis
1294 935 1361 988 ibi
1386 936 1450 989 sit
1470 935 1579 989 sine
1598 935 1914 991 admixtione

326 1026 552 1099 alicujus
587 1026 775 1081 erroris
812 1036 1158 1081 consummata
1200 1026 1508 1098 prudentia,
1550 1026 1636 1080 ubi
1673 1028 1765 1081 erit
1805 1028 1912 1082 sine

326 1118 435 1172 ullo
473 1129 681 1188 peccato
710 1120 813 1173 vita
848 1122 1091 1190 perfecta.

397 1211 526 1266 CAP.
560 1210 753 1267 XXXI.
800 1209 876 1265 De
920 1211 1273 1279 a/Tectionibus
1311 1221 1566 1284 quatuor;
1604 1217 1741 1285 quod
1784 1216 1912 1269 inter

323 1306 444 1360 vitia
473 1308 728 1360 numerari
752 1323 853 1361 non
882 1307 1128 1373 debeant,
1156 1308 1202 1361 si
1229 1324 1405 1361 earum
1428 1325 1549 1363 usus
1578 1326 1639 1364 ex
1668 1311 1798 1363 bona
1824 1326 1911 1365 vo-

325 1397 522 1451 luntate
549 1398 811 1467 procedat.

395 1486 522 1543 CAP.
556 1487 768 1545 XXXII.
806 1488 956 1553 Quod
994 1490 1047 1543 hi
1092 1488 1305 1557 a/fectus
1349 1491 1459 1545 sine
1486 1492 1668 1559 quibus
1710 1491 1762 1544 in
1812 1492 1906 1545 hac

298 1564 427 1630 uita
451 1589 581 1633 recte
598 1595 697 1633 non
719 1580 985 1644 vivitur,in
1006 1580 1098 1633 illa
1119 1585 1298 1651 futura
1326 1582 1635 1635 beatitudine
1656 1598 1757 1635 non
1781 1583 1905 1648 sint,

319 1685 436 1738 qua:
460 1686 550 1723 nec
577 1671 805 1723 timorem
835 1672 1072 1725 habitura
1097 1682 1203 1740 est,
1237 1690 1326 1727 nec
1347 1674 1596 1728 dolorem.

393 1758 526 1814 CAP.
552 1760 789 1815 XXXIII.
824 1760 1056 1826 Qualiter
1093 1766 1303 1817 uirtutes
1345 1776 1584 1835 quatuor,
1615 1782 1726 1821 aute
1764 1768 1912 1823 dicta

322 1860 439 1906 sunt
453 1852 777 1920 principales,
794 1862 883 1905 aut
898 1853 949 1905 in
981 1854 1216 1923 prtesenti
1229 1870 1320 1906 nos
1332 1871 1361 1906 a
1379 1866 1584 1925 peccato
1598 1856 1877 1926 defendant
1894 1899 1908 1925 ,

2017 661 2119 715 lem
2145 660 2193 731 δ,
2226 678 2418 720 avarus
2447 666 2753 737 diligentem
2772 712 2788 739 ,
2830 670 3146 728 temerarius
3174 670 3365 727 fortem
3387 712 3402 737 ,
3436 671 3591 730 inbu-

2016 768 2206 809 manus
2230 772 2479 827 parcum,
2499 761 2715 830 gulosus
2740 762 3027 817 humanum
3045 804 3060 827 ,
3090 765 3309 834 ignavus
3331 766 3587 835 quietum,

2017 844 2233 901 timidus
2282 850 2572 923 cautum.‘
2610 852 2938 922 lmpudentia
2991 855 3198 910 ﬁducia:
3242 857 3342 911 sibi
3397 874 3589 914 nomen

2014 937 2269 1004 ascribit,
2322 942 2616 1009 procacitas
2663 944 3072 1011 appellationem
3127 946 3384 1002 libertatis
3426 948 3441 997 i
3495 950 3591 1002 011-

1976 1086 1979 1087 i
2017 1029 2211 1095 tendit,
2239 1032 2597 1102 eloquentiam
2630 1035 2781 1104 ﬁngit
2820 1037 3146 1104 verbositas,
3185 1046 3239 1091 et
3267 1028 3591 1092 curiositatis

2014 1121 2213 1176 malum
2249 1123 2348 1177 sub
2386 1124 2545 1178 studii
2588 1126 2877 1193 Spiritualis
2920 1128 3100 1182 colore
3138 1128 3418 1183 delitescit.
3468 1130 3592 1183 llaec

2013 1215 2111 1285 etsi
2154 1225 2374 1282 possunt
2417 1217 2627 1285 ingenio
2676 1219 2907 1272 humano
2950 1218 3204 1283 discerni,
3252 1228 3430 1274 tamen
3473 1221 3590 1277 sine

2012 1305 2155 1359 dono
2189 1307 2309 1371 Dei,
2347 1317 2601 1377 quantum
2633 1310 2762 1363 mibi
2802 1309 3027 1375 videtur,
3061 1324 3161 1365 nec
3206 1311 3427 1364 virtutes
3460 1325 3583 1379 pos-

2012 1410 2137 1454 sunt
2172 1404 2349 1471 appeti
2386 1402 2407 1438 ¹ι
2447 1405 2529 1459 vel
2574 1405 2790 1470 haberi;
2834 1422 2934 1461 nec
2973 1422 3154 1461 earum
3190 1407 3587 1475 similitudines,

2012 1509 2131 1562 qua:
2170 1506 2292 1549 sunt
2323 1497 2445 1550 vitia
2480 1497 2704 1553 virtutes
2741 1500 3028 1565 imitantia,
3064 1501 3358 1558 declinari:
3390 1502 3443 1557 in
3476 1512 3591 1556 tan—

2015 1596 2154 1652 tum,
2187 1598 2238 1640 ut
2271 1588 2574 1643 infidelibus
2607 1590 2737 1643 nihil
2768 1591 3028 1659 profuisse
3055 1592 3356 1658 credamus,
3381 1592 3589 1647 etiamsi

2014 1690 2138 1733 sunt
2167 1682 2370 1751 aliquas
2398 1697 2492 1750 per
2526 1697 2719 1752 corpus
2745 1688 2951 1753 operati
2988 1686 3230 1753 virtutes,
3264 1688 3401 1755 quod
3445 1684 3461 1724 ι
3498 1702 3589 1742 cas

2016 1789 2113 1829 nec
2142 1790 2172 1828 a
2207 1776 2314 1829 Deo
2342 1791 2438 1829 suo
2464 1790 2522 1830 se
2548 1778 2819 1845 accepisse
2846 1778 3215 1847 crediderunt,
3256 1796 3355 1835 nec
3375 1780 3438 1831 ad
3468 1795 3587 1833 eum

2015 1870 2104 1939 qui
2133 1878 2214 1923 est
2243 1869 2363 1923 ﬁnis
2392 1869 2651 1923 bonorum
2684 1870 2919 1924 omnium
2961 1872 3165 1927 referre
3197 1874 3495 1928 voluerunt.
3528 1874 3592 1929 Et

324 1952 418 1995 aut
448 1942 503 1995 in
528 1952 773 1996 aeternum
796 1943 1059 1998 nobiscum
1086 1946 1193 1999 sine
1210 1944 1318 1999 ullo
1332 1957 1536 2017 peccato
1557 1961 1907 2019 permaneant.
1942 1952 1990 2011 B
2016 1961 2143 2023 quid
2170 1961 2310 2027 dico,
2334 1962 2463 2015 nihil
2486 1963 2563 2017 eis
2586 1961 2932 2031 profuerunt?
2955 1964 3061 2019 imo
3086 1966 3245 2019 etiam
3273 1974 3591 2032 nocuerunt,

396 2033 523 2090 CAP.
556 2032 798 2090 XXXIV.
830 2035 930 2091 Ubi
955 2032 1009 2092 se
1037 2038 1235 2092 locutor
1262 2040 1325 2093 de
1350 2050 1453 2094 toto
1478 2058 1629 2111 opere
1651 2054 1873 2099 excusat.

838 2151 1062 2207 CAPUT
1098 2153 1388 2211 PRIMUM.

392 2242 659 2310 Quantum
685 2260 717 2297 a
745 2244 873 2297 veris
898 2245 1165 2298 virtutibus
1196 2248 1437 2302 virtutum
1477 2250 1836 2308 similitudines

1005 2316 1212 2371 distent.

390 2430 439 2483 I.
476 2438 501 2467 α
529 2429 806 2497 Quaesistis
833 2428 1091 2501 quantum
1113 2447 1142 2485 a
1163 2433 1304 2488 veris
1331 2434 1618 2492 virtutibus
1648 2439 1903 2496 virtutum

310 2521 694 2576 similitudines
738 2522 956 2577 distent.
990 2523 1103 2578 Non
1150 2524 1271 2579 dico
1298 2534 1555 2595 quantum
1601 2543 1631 2582 a
1674 2530 1905 2585 medica-

308 2623 495 2669 mento
540 2629 847 2671 venenum:
890 2617 1013 2685 quia
1063 2617 1510 2673 medicamentum
1586 2622 1654 2675 ita
1710 2636 1905 2691 corpus

290 2707 593 2779 aliquoties
631 2718 813 2776 sanat,
842 2718 901 2763 ut
943 2709 995 2763 id
1039 2710 1331 2767 defendere
1360 2728 1389 2765 a
1438 2717 1626 2770 mortis
1671 2717 1905 2772 necessi-

310 2810 422 2854 tate
453 2816 559 2854 non
589 2800 791 2863 valeat.
820 2809 876 2856 et
911 2817 1174 2857 venenum
1206 2819 1313 2860 non
1352 2804 1553 2863 auferri
1589 2806 1714 2863 facit
1739 2810 1900 2864 vitam

306 2894 559 2963 corpori,
588 2898 737 2965 quasi
771 2896 1060 2961 auferenda
1088 2916 1190 2954 non
1231 2912 1405 2967 esset,
1443 2903 1544 2957 nisi
1587 2903 1772 2961 fuisset
1814 2923 1902 2963 uc-

305 2976 548 3054 ceptum,
590 2986 682 3040 sed
728 2988 993 3043 accelerat
1015 2992 1256 3058 corporis
1301 3004 1558 3060 mortem,
1602 2999 1741 3067 quod
1785 3010 1901 3056 erat

306 3077 587 3146 aliquanto
626 3079 827 3133 diutius
866 3080 1004 3137 forte
1048 3082 1329 3139 vieturum.
1379 3086 1483 3141 Sed
1518 3087 1671 3153 plane
1708 3090 1828 3143 dico
1869 3107 1899 3145 a

306 3170 455 3224 veris
483 3171 762 3227 virtutibus
805 3183 1007 3229 tantum
1052 3176 1434 3233 similitudines
1472 3179 1686 3236 ‘di~tare
1730 3184 1899 3237 virtu-

306 3268 460 3327 tum,
494 3251 754 3333 quantum.
793 3265 955 3320 distat
995 3282 1025 3321 a
1073 3270 1296 3325 veritate
1345 3272 1679 3327 mendacium
1714 3293 1727 3327 :
1776 3277 1898 3345 quia

282 3361 364 3419 vet
386 3354 678 3409 similitudo
708 3355 940 3423 virtutis,
963 3374 1081 3428 quae
1108 3360 1319 3416 videtur
1348 3363 1518 3418 virtus
1546 3379 1687 3429 esse,
1718 3363 1746 3403 δ
1778 3381 1900 3423 cum

304 3450 482 3505 virtus
522 3465 628 3505 non
665 3453 763 3517 sit,
799 3453 932 3508 nihil
973 3463 1056 3509 est
1081 3467 1102 3494 ο
1134 3458 1278 3512 aliud
1323 3475 1482 3528 quam
1530 3464 1901 3531 mendacium;

301 3551 361 3598 et
404 3542 544 3597 ideo'
571 3558 678 3597 non
706 3552 788 3599 est
818 3546 987 3601 virtus
1017 3546 1238 3604 dicenda
1261 3592 1275 3616 ,
1323 3552 1414 3606 sed
1446 3554 1653 3607 vitium.
1688 3555 1753 3609 Et
1778 3571 1903 3612 vera

302 3637 479 3691 virtus
503 3646 585 3692 est
613 3638 832 3705 veritas,
858 3642 944 3694 cui
982 3642 1071 3711 qui
1100 3654 1341 3699 amanter
1372 3647 1687 3715 adhaeserit,
1721 3666 1747 3703 a
1782 3667 1905 3720 pec-

301 3729 411 3782 cati
441 3738 613 3783 morte
655 3732 1025 3799 resuscitatus,
1059 3736 1194 3789 mori
1230 3737 1361 3790 ultra
1391 3754 1497 3793 non
1532 3741 1763 3809 poterit;
1799 3743 1901 3799 nisi

299 3835 428 3876 cum
452 3820 519 3875 ab
541 3836 602 3875 ea
625 3820 913 3891 depravata
941 3826 1211 3881 voluntate
1238 3833 1541 3886 recesserit.
1568 3832 1718 3887 Sicut
1741 3849 1903 3889 econ-

302 3915 475 3969 trario
507 3915 719 3970 virtutis
763 3916 1053 3983 simulatio,
1096 3936 1214 3987 qua:
1244 3932 1356 3988 est,
1399 3935 1456 3978 ut
1492 3924 1633 3993 dixi,
1682 3929 1902 3982 menda-

298 4010 445 4064 cium
474 4008 685 4063 veritati
713 4010 1039 4065 contrarium
1058 4052 1073 4077 ,
1100 4015 1331 4068 animam
1361 4027 1625 4086 separata
1661 4020 1768 4073 Deo
1792 4023 1900 4075 vita

297 4116 431 4170 sua,
474 4117 581 4157 non
629 4102 997 4167 interituram,
1038 4103 1181 4159 sedd
1222 4108 1274 4161 in
1320 4110 1604 4178 supplicio,
1650 4129 1770 4182 qua:
1818 4124 1903 4169 est

300 4195 447 4249 illius
483 4209 648 4259 mors,
682 4196 965 4264 pmnaliter
985 4198 1102 4253 sine
1137 4198 1245 4255 ﬁne
1285 4201 1546 4256 victuram
1580 4223 1592 4256 :
1627 4205 1900 4276 Scriptura

299 4286 554 4342 dicente:
590 4287 661 4340 Us
698 4288 837 4358 quod
882 4289 1121 4342 mentitur
1166 4292 1351 4345 occidit
1392 4295 1617 4347 animam
1657 4296 1813 4368 (Sep.
1850 4314 1900 4363 ι,

299 4379 361 4433 II
388 4382 428 4447 ).
462 4378 538 4433 Ac
570 4394 664 4448 per
690 4378 793 4434 hoc
830 4380 969 4434 sicut
998 4380 1168 4435 virtus
1196 4382 1429 4437 animam
1456 4394 1478 4421 θ
1507 4385 1605 4439 sibi
1639 4391 1901 4443 veraciter

298 4468 690 4534 inhiareutem,
728 4471 772 4524 si
818 4470 975 4526 fuerit
1020 4487 1179 4536 vera,
1207 4472 1492 4540 justiﬁcat;
1538 4476 1609 4530 ita
1651 4479 1899 4535 simulata

298 4560 647 4615 condemnat.
676 4561 742 4615 Et
766 4560 893 4631 quid
907 4549 939 4600 ’τ
963 4563 1272 4633 justiﬁcatio
1300 4566 1513 4632 animus,
1545 4567 1643 4622 nisi
1669 4570 1787 4640 ejus
1814 4581 1899 4627 est

300 4652 410 4706 vita
458 4662 714 4723 perpetuo
756 4653 912 4709 beata
950 4669 1012 4709 ac
1046 4656 1201 4711 beate
1244 4660 1547 4727 perpetua?
1588 4660 1736 4717 Sicut
1766 4678 1895 4718 con-

302 4745 578 4799 demnatio
603 4745 797 4798 animae
825 4759 982 4813 paena
1012 4744 1130 4823 ejus
1150 4755 1233 4802 est
1259 4748 1538 4805 sentiendo
1558 4790 1572 4817 ,
1597 4767 1716 4823 qute
1746 4769 1894 4811 mors

301 4837 580 4905 probatur,
604 4844 661 4891 et
687 4835 801 4905 ipsa
830 4819 1102 4907 perpetua.

373 4927 431 4980 2.
464 4925 644 4997 Itaque
683 4927 964 4996 dupliciter
1005 4944 1095 4984 rea
1137 4938 1219 4988 eSt
1258 4932 1468 5001 anima,
1509 4932 1557 4986 si
1598 4943 1653 4989 et
1690 4935 1889 4993 bonum

302 5035 412 5073 non
443 5017 600 5073 faciat
629 5019 771 5074 unde
807 5020 1156 5087 spiritualiter
1195 5021 1374 5087 vivat,
1403 5032 1456 5077 et
1484 5034 1702 5094 appetat
1741 5030 1893 5085 simi-

304 5109 588 5165 litudinem
621 5111 777 5175 boni,
825 5111 925 5165 sub
956 5126 1056 5181 qua
1102 5112 1240 5166 male
1288 5114 1429 5168 vivat
1467 5123 1521 5169 et
1567 5115 1749 5173 lateat.
1785 5122 1889 5178 Su.

377 5302 403 5329 ι
436 5292 509 5347 Ita
550 5306 679 5367 mss.
719 5305 927 5367 omnes.
968 5306 1091 5367 cum
1133 5291 1303 5362 Lugd.
1345 5292 1579 5366 Lovan.,
1626 5301 1891 5367 Qumritis.

303 5364 472 5419 Duae.
496 5370 549 5417 et
575 5361 791 5426 Colon.,
817 5360 1089 5427 Quwretis.

376 5434 403 5472 δ
437 5434 562 5505 “ss.
591 5431 849 5505 quinque.
874 5449 995 5505 cum
1024 5450 1125 5487 non
1148 5435 1232 5488 sit.
1268 5434 1364 5490 Ms.
1392 5452 1552 5505 unus,
1580 5451 1623 5496 et
1656 5458 1760 5497 non
1796 5454 1891 5500 est.

382 5515 405 5542 ι·
436 5503 560 5556 Mss.
586 5502 712 5566 duo,
738 5503 883 5556 aliud
908 5506 1026 5557 nisi.

377 5572 406 5611 (ι
438 5572 604 5628 Abest
626 5575 678 5625 in
703 5589 732 5628 a
763 5575 1175 5651 mes._quinque.
1207 5576 1334 5651 Mss.
1357 5577 1661 5651 duoColb.,
1687 5600 1720 5637 a
1762 5584 1891 5651 Deo,

302 5647 755 5719 vitam_suam_non
778 5645 1076 5719 intuituram
1093 5689 1108 5712 ,
1134 5649 1221 5700 sed
1250 5648 1304 5701 in
1327 5645 1668 5719 supplicium,
1693 5664 1796 5709 etc.

290 5774 293 5775 ν
382 5727 406 5755 ο
436 5716 532 5770 Ms.
559 5715 712 5768 Colb.
737 5729 897 5777 unus,
917 5718 1142 5770 animum
1166 5720 1367 5773 ueritati
1392 5715 1745 5779 iit/imrentem.

383 5785 532 5864 (Ms.
582 5783 735 5864 Colb.
780 5800 937 5851 unus,
969 5785 1036 5841 Ει
1064 5788 1186 5857 quid
1221 5800 1294 5843 est
1333 5792 1641 5862 justiﬁcatio
1681 5797 1887 5864 anima,

302 5858 412 5913 nisi
437 5861 547 5927 ejus
578 5855 718 5908 vita?

384 5938 407 5975 ι
438 5924 535 5982 Ms.
562 5942 697 5981 unus
717 5924 891 5991 Colb.,
916 5938 967 5983 se
991 5928 1165 5983 uideri.

2012 2052 2223 2106 dicente
2251 2050 2287 2085 Ψ
2314 2052 2573 2122 Apostolo
2598 2070 2610 2105 :
2649 2054 2807 2107 Omne
2851 2058 2985 2124 quod
3031 2071 3131 2109 non
3157 2067 3229 2109 est
3260 2073 3321 2110 ea:
3348 2058 3449 2125 [ide
3476 2073 3592 2127 pec-

2009 2154 2174 2197 catum
2205 2155 2275 2197 est
2308 2142 2465 2214 (Rom
2492 2160 2599 2207 xlv,
2625 2144 2740 2214 22).
2767 2145 2882 2200 Non
2911 2146 3075 2212 dixit,
3107 2149 3276 2203 Omne
3300 2148 3441 2217 quod
3486 2165 3589 2204 non

2007 2244 2091 2289 est
2127 2251 2192 2290 ex
2229 2236 2355 2302 lide,
2392 2236 2517 2290 nihil
2549 2245 2664 2300 est;
2702 2238 2794 2292 sed
2834 2238 3081 2307 dicendo,
3107 2242 3277 2295 Omne
3304 2242 3444 2311 quod
3484 2257 3590 2295 non
3676 2308 3684 2313 ξ

2008 2338 2092 2385 est
2128 2345 2197 2385 ex
2228 2330 2331 2385 ﬁde
2348 2341 2624 2400 peccatum
2647 2340 2751 2395 est,
2773 2330 3065 2387 declaravit
3086 2334 3227 2403 quod
3249 2334 3424 2388 omnia
3451 2334 3589 2390 bona

2006 2432 2099 2477 aut
2126 2438 2197 2479 ex
2230 2422 2333 2477 ﬁde
2363 2434 2510 2493 gesta
2545 2425 2768 2479 virtutes
2800 2433 2954 2492 sunt,
2980 2441 3099 2496 quae
3129 2426 3372 2495 profecto
3395 2426 3589 2497 justiti-

2008 2526 2158 2582 cant;
2187 2526 2280 2570 aut
2306 2518 2350 2571 si
2390 2516 2590 2571 fuerint
2629 2517 2746 2573 sine
2779 2517 2905 2584 ﬁde,
2937 2533 3041 2573 non
3084 2529 3205 2573 sunt
3244 2520 3421 2588 aliqua
3449 2520 3589 2575 bona

2007 2613 2304 2676 credenda,
2337 2611 2429 2667 sed
2462 2611 2620 2672 vitia;
2645 2626 2761 2680 quas
2797 2626 2902 2665 non
2935 2612 3121 2681 juvant
3142 2626 3269 2665 suos
3288 2615 3586 2680 operarios,

2008 2704 2103 2760 sed
2134 2705 2525 2766 condemnant,
2558 2700 2877 2771 inﬂatosque
2905 2702 3258 2772 praecipitant,
3285 2711 3445 2773 atque
3470 2719 3500 2756 a
3527 2703 3589 2757 ﬁ-

2008 2798 2161 2851 nibus
2183 2807 2397 2850 :eternae
2424 2795 2610 2849 salutis
2632 2792 2929 2848 eliminant.

2078 2888 2129 2943 5.
2173 2887 2278 2943 Sed
2303 2887 2428 2956 quid
2460 2900 2560 2956 ego
2583 2895 2610 2921 υ
2641 2885 2755 2939 haec
2781 2884 2850 2939 de
2887 2884 3212 2948 inﬁdelibus,
3244 2885 3384 2940 unde
3410 2885 3588 2941 nullus

2006 2984 2276 3052 ambigere
2302 2980 2534 3047 videtur,
2564 2978 2862 3048 exaggero?
2886 2992 3006 3031 cum
3041 2988 3256 3033 sanctus
3299 2979 3587 3047 Apostolus

2007 3075 2164 3129 etiam
2199 3074 2380 3129 ﬁdeles
2412 3073 2671 3143 quosdam
2698 3069 2812 3142 qui,
2850 3070 3131 3125 credentes
3162 3070 3215 3124 in
3260 3069 3447 3135 Deum,
3480 3084 3585 3123 non

2005 3170 2296 3224 secundum
2348 3170 2536 3233 Deum,
2576 3168 2669 3223 sed
2710 3166 3005 3222 secundum
3060 3164 3331 3219 hominem
3378 3166 3581 3232 vivunt,

2006 3263 2253 3319 carnales
2284 3262 2543 3326 nominet,
2574 3262 2758 3315 dicens
2784 3277 2796 3311 :
2821 3258 2889 3313 Et
2907 3276 3022 3329 ego,
3054 3260 3257 3329 fratres,
3288 3275 3402 3311 cum
3424 3261 3587 3312 venis-

2004 3375 2108 3411 sem
2140 3358 2205 3409 ad
2236 3373 2339 3421 vos,
2375 3372 2476 3408 non
2506 3357 2642 3409 vobis
2683 3355 2827 3423 potui
2866 3354 3005 3424 loqui
3032 3356 3181 3424 quasi
3214 3353 3584 3422 spiritualibus,

2007 3451 2095 3504 sed
2121 3451 2267 3517 quasi
2291 3448 2610 3501 carnalibus:
2648 3448 2873 3500 nondum
2895 3448 3030 3502 enim
3065 3448 3306 3515 poteratis
3330 3462 3349 3509 ;
3375 3448 3462 3500 sed
3496 3462 3588 3501 nec

2007 3542 2175 3594 adhuc
2205 3542 2411 3611 quidem
2458 3542 2701 3608 potestis,
2738 3540 2908 3592 adhuc
2950 3540 3084 3592 enim
3119 3541 3237 3592 estis
3272 3540 3505 3593 carnales
3533 3536 3587 3609 (1

2007 3632 2124 3688 Cor.
2162 3648 2234 3697 ιιι,
2274 3633 2319 3699 I,
2352 3632 2429 3701 ‘2).
2466 3633 2529 3686 Et
2558 3641 2805 3701 tanquam
2834 3644 3201 3701 quaereremus
3234 3628 3358 3701 quid
3394 3644 3585 3684 carna-

2006 3727 2083 3782 les
2115 3726 2241 3780 velit
2267 3725 2512 3795 intelligi,
2549 3735 2763 3780 secutus
2787 3724 3026 3792 adjunxit
3053 3742 3064 3775 :
3095 3722 3218 3777 Cum
3248 3723 3380 3777 enim
3408 3724 3473 3776 sit
3503 3723 3585 3777 in-

2008 3831 2081 3873 ter
2104 3836 2193 3873 vos
2214 3818 2351 3872 zelus
2374 3827 2419 3871 et
2452 3818 2726 3884 contentio,
2758 3833 2925 3871 nonne
2965 3818 3194 3871 carnales
3234 3817 3374 3879 estis,
3414 3825 3463 3868 et
3508 3831 3586 3870 se-

2006 3912 2228 3965 cundum
2260 3912 2515 3963 hominem
2564 3909 2837 3963 ambulatis
2868 3909 3059 3979 (lbid.,
3099 3909 3200 3979 5)?
3230 3908 3366 3975 Quid
3412 3917 3587 3978 potest

2007 4004 2087 4057 bis
2117 4003 2322 4056 duabus
2350 4003 2509 4056 animi
2546 4002 2785 4070 pestibus
2820 4002 3045 4056 inveniri
3089 4001 3345 4065 deterius,
3392 4002 3506 4054 zelo
3534 4010 3587 4056 et

2004 4094 2384 4158 contentiooe,
2428 4094 2620 4163 quibus
2654 4094 2919 4157 carnales,
2951 4095 3038 4161 qui
3080 4092 3371 4145 secundum
3418 4092 3586 4145 liomio

2005 4203 2126 4243 nem
2160 4188 2363 4251 vivunt,
2396 4198 2557 4241 etiam
2608 4188 2663 4241 in
2695 4186 2794 4239 hac
2825 4189 2931 4239 vita
2976 4194 3290 4252 torquentur
3326 4201 3338 4235 :
3370 4198 3488 4235 cum
3533 4174 3586 4237 et

2005 4282 2280 4336 contentio
2314 4280 2595 4335 haereticos
2630 4278 2840 4343 reddat,
2874 4287 2928 4332 et
2968 4276 3115 4331 zelus
3149 4276 3443 4329 imitatores
3472 4274 3585 4326 dia-

2005 4373 2133 4437 boli,
2171 4373 2473 4442 paradisum
2506 4371 2688 4441 primis
2714 4370 3018 4425 hominibus
3042 4369 3327 4423 invidentis
3352 4366 3584 4421 efﬁciat?

2002 4467 2081 4522 Ac
2107 4468 2207 4533 sic,
2242 4467 2456 4536 quando
2481 4465 2663 4519 ﬁdeles
2686 4464 2911 4533 justitia,
2940 4463 3157 4533 pietate,
3196 4460 3581 4528 misericordia,

1974 4568 1977 4569 '
2003 4559 2432 4623 mansuetudine,
2456 4557 2777 4619 humilitate.
2808 4556 3113 4611 innocentia
3140 4554 3451 4624 casterisque
3478 4554 3586 4609 vir-

2007 4653 2208 4707 tutibus
2246 4651 2508 4721 gaudent;
2549 4659 2641 4705 aut
2685 4649 2977 4706 secundum
3022 4649 3187 4703 Deum
3235 4648 3440 4715 vivunt,
3470 4661 3493 4680 υ
3529 4654 3586 4702 et

2004 4746 2230 4801 virtutes
2257 4758 2411 4798 veras
2438 4743 2633 4799 habere
2661 4743 3076 4809 credendisunt,
3101 4758 3220 4812 quae
3241 4741 3585 4811 spiritualiter

1920 4888 1923 4893 .
2003 4842 2241 4893 viventes
2278 4836 2485 4906 adeptm
2520 4836 2878 4900 sanctiﬁcant,
2920 4844 2974 4889 et
3023 4835 3131 4889 Deo
3172 4834 3580 4901 connueudant;

2003 4944 2095 4988 aut
2120 4931 2415 4990 secundum
2442 4930 2713 4985 hominem
2735 4930 2940 4994 vivunt,
2962 4938 3016 4985 et
3042 4944 3146 4983 non
3169 4938 3289 4983 sunt
3317 4943 3453 4983 Vt:sz
3477 4926 3584 4981 vir-

2004 5038 2165 5094 tutes,
2182 5028 2273 5084 sed
2299 5028 2551 5080 virtutum
2581 5024 2977 5089 similitudines,
3000 5038 3119 5094 qua:
3148 5022 3277 5077 nihil
3298 5019 3582 5076 carnaliter

2002 5121 2307 5177 viventibus
2337 5126 2577 5190 prosunt.

2076 5307 2104 5345 ἲ·
2132 5309 2231 5363 Ms.
2252 5308 2406 5378 Colb.
2434 5308 2644 5372 unicus,
2670 5307 2871 5378 largum
2892 5306 3192 5378 dissipator.

2079 5379 2096 5417 ί
2132 5379 2274 5434 Edit.
2316 5377 2507 5434 Colon.
2546 5368 2667 5434 cum
2715 5368 2845 5433 mss.
2881 5368 3034 5430 Colb.
3078 5381 3323 5443 quatuor,
3366 5368 3573 5440 Impru-

2010 5452 2199 5506 dentia.

2078 5523 2092 5570 i
2136 5518 2308 5585 Editi,
2336 5520 2582 5584 ostendit;
2608 5535 2736 5573 mss.
2767 5530 2973 5581 omnes,
3004 5511 3247 5566 obtendit.

2075 5589 2099 5627 ¹π
2134 5590 2258 5643 Mss.
2288 5590 2395 5643 duo
2426 5589 2597 5654 Colb.,
2632 5605 2720 5642 nec
2748 5587 2938 5639 haberi.

2080 5658 2097 5698 ι
2133 5660 2259 5714 Mss.
2283 5660 2388 5713 duo
2413 5659 2591 5722 Colb.,
2613 5660 2701 5728 qui
2726 5673 2833 5709 eas.

2054 5740 2111 5768 ω
2137 5731 2259 5785 Mss.
2291 5745 2404 5793 seu,
2432 5738 2606 5782 sancto
2626 5724 2898 5791 'Apostolo.

2070 5809 2100 5836 ιι
2132 5801 2226 5854 Ms.
2259 5801 2387 5870 Reg.
2415 5815 2570 5867 unus,
2590 5798 2712 5870 quid
2742 5812 2833 5866 ego
2860 5794 2970 5849 hoc.

2075 5879 2099 5905 °
2123 5871 2219 5928 Ms.
2252 5867 2411 5937 unus,
2444 5880 2491 5923 et
2519 5878 2633 5925 sunt
2662 5867 2870 5921 virtutes
2894 5881 3025 5938 (μίαν,
3056 5874 3156 5921 etc.
