4124 6350
267 449 358 505 481

1277 449 1367 504 DE
1408 448 1565 505 VITA
1601 449 2175 537 CONTEMPLATIVA
2215 447 2343 506 LIB.
2380 450 2464 506 ΙΙΙ.

3396 455 3501 510 481

266 564 360 619 sub
387 563 728 631 impudicitiae
771 565 951 636 iugum
999 564 1239 636 exempla
1273 565 1479 635 perdite
1525 563 1813 619 viventium
1847 569 2033 627 Atum
2084 565 2288 619 narium
2334 576 2423 619 aut
2455 566 2665 621 affectat
2712 580 2862 622 mens
2907 581 3080 637 mgra,
3112 576 3203 623 aut
3241 568 3494 623 divinitus

267 655 498 709 mittunt.

334 749 391 801 2.
423 746 561 803 Sunt
587 748 676 802 alii
696 763 919 817 quorum
943 748 1103 802 vitam
1126 748 1300 817 lingua
1326 746 1490 815 turpis
1510 746 1821 815 inﬂammat,

271 846 297 875 ⁸
324 848 415 892 aut
445 847 651 907 turpem
680 840 1061 894 conscientiam
1102 839 1423 903 manifestat,
1453 840 1542 908 qui
1576 842 1719 907 prius
1747 840 1828 892 in-

266 930 598 986 verecundos
619 945 895 985 sermones
922 939 1013 985 aut
1038 930 1309 999 proferunt
1342 930 1587 993 libenter,
1614 940 1705 983 aut
1733 944 1849 981 au-i

272 1022 445 1087 diunt,
477 1035 539 1077 ac
577 1022 787 1085 deinde,
814 1022 1062 1088 paulatim
1094 1020 1279 1074 morbo
1304 1030 1611 1084 crescente,
1638 1020 1705 1073 ab
1735 1019 1829 1072 lto-

271 1121 476 1168 nestate
502 1111 831 1179 bdeficiunt,
878 1112 1161 1181 attritoque
1200 1110 1403 1179 pudore
1448 1110 1581 1165 viles
1629 1110 1829 1171 effecti,

274 1204 400 1258 dum
448 1204 754 1258 indecenter
798 1203 1068 1273 elegantes
1110 1192 1273 1257 videri
1320 1214 1342 1240 ο
1376 1203 1598 1265 volunt,
1638 1202 1832 1271 passim

269 1293 376 1363 iam
400 1294 638 1362 turpibus
664 1292 840 1349 verbis
866 1294 1200 1361 impudenter
1230 1293 1518 1348 insaniunt.
1550 1292 1663 1347 Hoc
1690 1292 1832 1346 enim

272 1376 561 1457 loquuntur
600 1386 812 1456 quique,
862 1386 1002 1455 quod
1041 1386 1305 1455 diligunt;
1353 1396 1406 1439 et
1451 1383 1836 1439 defeetabiliter

273 1480 496 1535 audiunt
531 1478 671 1548 quod
700 1478 925 1533 assiduis
946 1478 1352 1547 cogitationibus
1376 1474 1839 1544 volvunt.Cogita-

274 1573 347 1627 tio
374 1572 568 1642 quippe
595 1583 675 1627 est
700 1588 818 1642 qua:
842 1581 1095 1635 mentem,
1119 1571 1256 1623 sicut
1283 1570 1448 1637 turpis
1467 1568 1722 1637 inquinat,
1743 1567 1836 1629 ita,

276 1663 321 1715 si
346 1663 506 1717 fuerit
529 1663 772 1727 honesta,
801 1662 1061 1728 purificat.
1094 1660 1198 1713 Aut
1226 1659 1271 1712 si
1299 1674 1403 1712 non
1435 1674 1496 1713 ex
1522 1658 1841 1725 cogitatione

275 1755 439 1809 facies
494 1754 685 1807 mentis
724 1752 935 1817 existit,
968 1752 1063 1805 sed
1122 1750 1349 1819 qualitas
1399 1750 1731 1818 cogitationis
1776 1764 1839 1801 ex

276 1854 457 1898 mente
485 1859 499 1907 ;
546 1858 648 1895 non
676 1842 904 1895 sordidae
946 1841 1291 1909 cogitationes
1321 1851 1553 1895 mentem
1575 1840 1840 1894 sordidam

1933 656 2108 725 adjttta
2138 656 2415 723 repudiat:
2452 656 2464 705 i
2497 673 2615 725 qua:
2652 659 2695 711 si
2727 673 2787 712 se
2818 673 2916 712 suo
2961 659 3185 713 creatori
3233 660 3497 729 subjiciat,

1937 744 2094 813 atque
2123 745 2194 812 ci,
2225 747 2314 814 qui
2339 755 2420 800 est
2446 747 2675 816 dignitas
2714 747 2829 816 ejus
2855 757 2909 803 et
2944 748 3118 813 salus,
3152 759 3390 804 amanter
3419 750 3499 803 in-

1938 835 2158 902 hasreat,
2187 850 2290 889 non
2318 835 2489 890 solum
2522 837 2662 891 nulla
2688 852 2804 890 eam
2832 837 3077 892 vitiorum
3109 836 3316 893 fmdttas
3345 840 3504 893 deco-

1934 926 2105 990 lorat,
2133 926 2227 979 sed
2276 941 2374 981 nec
2424 926 2709 981 delectatio
2745 927 2853 981 ulla
2892 926 2915 964 ιι
2946 929 3173 982 carnalis
3213 928 3500 983 effeminat.

1940 1016 1955 1052 ι
1984 1018 2136 1083 Quod
2164 1018 2207 1071 si
2237 1033 2267 1071 a
2293 1017 2513 1073 caritate
2546 1019 2625 1073 sui
2654 1018 2945 1073 conditoris
2975 1030 3029 1074 et
3054 1020 3391 1075 illustratoris
3421 1023 3502 1075 in-

1935 1110 2055 1163 flata
2085 1111 2308 1177 resiliat,
2333 1126 2395 1166 ac
2423 1126 2503 1177 se,
2538 1112 2723 1166 relicto
2754 1112 3007 1166 interiore
3038 1112 3312 1181 solidoque
3341 1114 3503 1181 bono,

1934 1201 2079 1255 foras
2110 1202 2161 1255 in
2210 1203 2473 1257 exteriora
2521 1201 2658 1257 bona
2710 1202 2993 1271 projiciat:
3025 1203 3282 1272 quidquid
3336 1204 3387 1258 in
3443 1220 3505 1259 ea

1936 1308 2221 1348 nervorum
2269 1304 2443 1363 potest
2490 1310 2628 1360 esse,
2679 1295 3002 1359 resolvitur;
3031 1296 3282 1365 quidquid
3314 1297 3506 1351 virium

1936 1385 2240 1440 debilitatur
2269 1395 2324 1439 et
2348 1386 2635 1455 frangitur;
2663 1395 2702 1421 ω
2730 1394 2960 1455 tuncque
2989 1386 3036 1439 ei
3060 1389 3198 1441 actio
3221 1387 3507 1455 spiritualis

1938 1476 2169 1531 efficitur
2198 1491 2445 1540 onerosa,
2490 1486 2543 1531 et
2572 1476 2686 1544 ipsa
2717 1476 2769 1530 in
2815 1476 3115 1530 carnalibus
3151 1476 3210 1530 fit
3239 1478 3503 1546 inquieta:

1941 1569 2011 1620 ita
2039 1577 2095 1619 ut
2121 1568 2297 1620 omnia
2337 1582 2456 1635 quae
2485 1581 2578 1634 per
2616 1581 2829 1620 sensum
2880 1569 3119 1635 corporis
3168 1569 3359 1632 sentit,
3402 1583 3507 1623 non

1942 1658 2171 1711 vitianda
2195 1700 2210 1723 ,
2241 1657 2336 1712 sed
2384 1659 2494 1725 jam
2552 1658 2729 1710 vitiato
2781 1657 3007 1725 turpiter
3048 1658 3386 1728 concupiscat
3412 1676 3426 1711 :
3457 1668 3512 1714 et

1948 1747 2163 1814 quando
2192 1761 2384 1816 corpus
2415 1746 2544 1800 nihil
2569 1747 2897 1801 sensibilium
2928 1750 3108 1813 sentit,
3134 1748 3248 1816 ipsa
3277 1750 3377 1804 sibi
3418 1750 3511 1805 de-

1946 1840 2266 1893 lectabiliter
2316 1840 2676 1905 recordando,
2706 1854 2979 1894 sensarum
3031 1856 3209 1895 rerum
3259 1842 3512 1911 imagines

277 1934 530 1997 reddunt,
552 1932 644 1986 sed
672 1948 735 1986 es
768 1942 943 1987 mente
970 1932 1182 1985 sordida
1224 1930 1454 1985 sordidae
1500 1930 1844 1999 cogitationes
1874 1934 1922 1993 B
1950 1942 2312 2002 repraesentat.
2346 1931 2496 2001 Apud
2525 1946 2582 1986 se
2612 1933 2752 1985 intus
2783 1933 2928 1987 audit
2957 1934 3072 1987 sine
3097 1948 3227 1989 voce
3253 1935 3511 2004 quidquid

278 2026 305 2062 α
336 2028 592 2079 existunt.
626 2024 775 2090 Quod
828 2024 871 2077 si
914 2026 982 2077 ita
1023 2033 1125 2088 est,
1170 2024 1510 2091 pulchrorum
1563 2039 1843 2093 corporum

275 2114 465 2169 formae
495 2131 587 2184 per
627 2114 811 2168 oculos
861 2114 1155 2181 irrepentes
1179 2153 1194 2178 ,
1236 2112 1469 2165 animum
1495 2126 1598 2165 non
1632 2120 1847 2166 movent

272 2204 677 2273 incorruptum;
706 2211 761 2258 et
789 2194 1001 2271 quando
1024 2202 1440 2270 corruptibiliter
1470 2211 1704 2265 movent,
1738 2217 1843 2255 non

270 2305 623 2364 corrumpunt
652 2308 863 2363 sanum,
894 2294 986 2349 sed
1016 2293 1303 2348 ostendunt
1330 2292 1541 2361 propria
1570 2293 1843 2348 voluntate

270 2398 607 2455 corruptum.

344 2479 400 2531 5.
433 2477 632 2547 Turpia
665 2488 873 2545 quoque
913 2476 1073 2531 verba
1103 2491 1197 2545 per
1222 2491 1379 2532 aures
1405 2477 1672 2547 ingressa,
1719 2476 1844 2546 quid

277 2572 595 2641 praevalent,
638 2570 683 2623 si
714 2586 818 2623 non
850 2569 1045 2623 fuerint
1080 2570 1301 2623 arbitrio
1352 2570 1543 2623 mentis
1572 2568 1803 2622 admissa
1824 2576 1847 2619 τ’

268 2664 497 2731 Quando
522 2672 693 2715 autem
736 2661 1053 2730 praevalent,
1087 2675 1188 2715 non
1220 2670 1242 2697 °
1277 2660 1448 2729 ipsam
1495 2669 1847 2729 corrmnpunt

269 2765 532 2818 mentem,
562 2753 655 2807 sed
674 2753 782 2823 jam
813 2763 1114 2821 corruptam
1145 2762 1334 2819 sponte
1369 2752 1659 2821 reperiunt.
1689 2751 1847 2804 Antio

264 2846 376 2899 bus
396 2848 535 2899 enim
552 2845 711 2897 castis
733 2844 949 2898 obsceni
974 2858 1249 2897 sermones
1273 2858 1391 2897 cum
1415 2859 1549 2897 sono
1571 2844 1843 2910 deficiunt,

262 2952 375 2992 nec
404 2946 669 2991 secretum
714 2936 888 3005 pudici
940 2937 1115 2991 cordis
1146 2936 1465 3005 irrumpunt.
1505 2933 1637 3003 Quid
1669 2939 1844 3006 palpa-

267 3026 441 3081 ment
475 3026 892 3095 tenerum,quod
926 3036 948 3072 κ
994 3028 1155 3080 menti
1180 3026 1286 3095 jam
1317 3028 1517 3080 vitiosae
1549 3028 1844 3095 blanditur,

268 3118 512 3190 nunquid
538 3126 713 3190 potest
738 3117 801 3173 ad
821 3118 1054 3173 animum
1079 3117 1280 3194 admitti
1306 3132 1401 3186 per
1421 3126 1641 3185 tactum,
1666 3120 1709 3172 si
1732 3121 1845 3172 ani-

275 3227 404 3265 mus
450 3210 819 3280 incorruptum
863 3221 1039 3265 servet
1087 3207 1436 3279 professionis
1466 3222 1572 3261 suae
1606 3210 1841 3277 proposi-

1948 2031 1975 2058 ιι
2000 2025 2278 2077 cantilenae
2305 2024 2481 2077 suavis
2508 2038 2569 2077 ac
2592 2022 2875 2091 jocationis
2914 2024 3160 2079 obscena:
3187 2039 3281 2094 per
3309 2024 3517 2081 flexuo-

1946 2127 2036 2168 sos
2056 2116 2262 2168 aurium
2294 2123 2499 2168 meatus
2525 2114 2747 2167 influxit.
2782 2113 2857 2167 lbi
2889 2115 2937 2168 ei
2964 2116 3095 2169 odor
3122 2124 3147 2151 ο
3177 2116 3313 2171 male
3337 2119 3515 2172 suavis

1945 2206 2365 2274 corruptibiliter
2395 2206 2611 2273 fragrat,
2631 2206 2720 2274 qtti
2743 2219 2836 2273 per
2862 2206 3066 2272 patulas
3093 2206 3299 2261 narium
3327 2222 3514 2263 caver-

1947 2312 2043 2350 nas
2072 2298 2303 2366 irrepsit.
2338 2297 2413 2351 lbi
2442 2312 2559 2351 eam
2596 2312 2753 2365 sapor
2781 2297 3032 2364 obieetat,
3063 2313 3219 2369 quem
3245 2300 3313 2353 ad
3334 2315 3392 2355 se
3420 2315 3516 2370 per

1948 2390 2253 2444 illecebram
2283 2390 2585 2457 voluptuosi
2638 2398 2824 2457 gustus
2869 2389 3097 2445 admisit.
3151 2385 3227 2445 lbi
3256 2392 3516 2461 persentit

1950 2479 2130 2533 nescio
2181 2478 2306 2547 quid
2338 2479 2564 2533 molliter
2596 2478 2873 2541 blandum,
2913 2480 3055 2549 quod
3083 2481 3130 2535 ei
3161 2484 3397 2537 exterior
3438 2491 3517 2536 ta-

1948 2580 2064 2626 ctus
2112 2571 2403 2638 impressit.
2449 2570 2523 2623 lbi
2551 2569 2759 2624 colores
2788 2569 2963 2625 varios
3002 2579 3057 2624 et
3102 2570 3271 2627 illices
3320 2572 3517 2627 formas

1948 2661 2429 2729 concupiscibiliter
2459 2660 2624 2725 videt,
2668 2674 2797 2729 quas
2828 2662 2874 2715 ei
2916 2660 3193 2715 oculorum
3234 2662 3516 2717 curiositas

1950 2753 2232 2807 nuntiavit.

2020 2845 2070 2899 5.
2098 2844 2226 2911 Quae
2256 2858 2403 2897 mens
2433 2843 2525 2909 ita,
2554 2841 2861 2897 absentibus
2890 2840 3200 2912 plerumque
3220 2852 3248 2891 P
3279 2844 3516 2912 corpori-

1949 2936 2069 3001 bus,
2099 2937 2418 3006 imaginibus
2445 2951 2727 3006 corporum
2758 2935 3050 2992 delectatur
3077 2937 3261 2991 afl‘ecta
3289 2937 3516 2991 carnali-

1950 3037 2031 3084 ter
2061 3039 2115 3081 ut
2142 3029 2304 3083 nimia
2336 3027 2564 3082 sordida:
2604 3030 2936 3097 cogitationis
2970 3029 3265 3084 intentione
3295 3030 3476 3085 defixa
3498 3072 3514 3097 ,

1951 3138 2057 3176 non
2084 3123 2183 3177 sibi
2214 3122 2469 3191 imagines
2498 3136 2777 3189 corporum
2809 3122 3053 3177 videatur
3073 3122 3387 3191 amplexari,
3419 3122 3513 3178 sed

1949 3227 2193 3280 corpora.
2217 3212 2348 3266 Hinc
2380 3223 2461 3265 est
2489 3210 2628 3279 quod
2667 3212 2754 3265 ille
2783 3213 3023 3281 corporis
3056 3213 3229 3267 ﬂuxus
3256 3214 3345 3282 qui
3378 3214 3435 3266 fit
3464 3214 3516 3270 in

283 3314 401 3358 tum
431 3306 453 3355 ‘t
494 3304 570 3358 Ac
597 3303 705 3367 sic,
742 3304 887 3372 prius
919 3303 1269 3371 integritatem
1301 3301 1380 3355 sui
1424 3300 1631 3355 animus
1660 3313 1847 3370 sponte
1874 3306 1921 3371 C
1950 3304 2333 3357 dormientibus
2360 3304 2472 3357 sine
2502 3303 2677 3370 culpa,
2711 3302 2975 3357 interdum
3009 3304 3346 3371 vigilantibus
3383 3318 3517 3377 con-

282 3395 506 3449 vitiatus
535 3394 748 3460 amittit,
781 3404 834 3448 et
858 3395 936 3449 sic
960 3395 1364 3448 delectationem
1398 3404 1563 3447 tactus
1594 3394 1840 3447 admittit.

268 3486 347 3541 De
376 3487 483 3541 cibi
530 3488 615 3542 vel
645 3498 797 3557 potus
827 3487 1061 3542 emenda
1090 3487 1440 3542 delectatione
1468 3490 1574 3552 jam
1605 3486 1712 3541 disi
1739 3487 1845 3541 suf-

268 3581 544 3644 ﬁcienter,
588 3590 643 3633 tit
692 3580 955 3646 arbitror,
1008 3581 1059 3633 in
1114 3580 1347 3634 secundo
1395 3580 1693 3645 volumine,
1733 3579 1842 3645 ubi,

268 3680 473 3744 quanta
515 3672 657 3740 potui
700 3672 988 3737 brevitate,
1023 3672 1400 3740 perfectionem
1432 3670 1724 3739 spiritualis
1752 3670 1845 3724 ab-

268 3764 543 3819 stinentia:
572 3763 959 3818 commendavi.
1314 3770 1317 3773 '

341 3854 402 3908 4.
434 3852 540 3907 Sed
567 3861 620 3907 et
650 3854 733 3907 hic
764 3853 863 3906 ltoc
894 3852 1125 3907 breviter
1146 3852 1265 3907 dico
1290 3897 1304 3921 ,
1340 3855 1480 3923 quotl
1513 3869 1604 3922 per
1633 3868 1694 3908 os
1724 3869 1843 3908 car-

278 3946 368 4000 nis
408 3961 514 4000 non
546 3946 793 4015 irrumpit
830 3945 1110 3999 delectatio
1138 3954 1321 4014 gustus
1348 3948 1412 3999 ad
1445 3956 1672 4001 mentem
1700 3989 1712 4009 ,
1748 3963 1847 4002 nec

288 4039 526 4106 erumpit
546 4052 725 4092 sermo
757 4039 919 4105 turpis
943 4052 1009 4091 ex
1045 4046 1251 4102 mente,
1286 4036 1384 4090 nisi
1413 4052 1473 4091 se
1502 4038 1530 4072 ιι
1558 4038 1849 4091 voluntarie

278 4143 457 4184 mens-
486 4140 609 4183 ante
656 4137 983 4196 corrumpat,
1029 4144 1186 4196 quam
1218 4127 1441 4195 recipiat
1483 4128 1678 4195 aliquid
1712 4129 1849 4182 unde

274 4232 651 4291 corrumpatur
672 4262 686 4286 ,
713 4231 803 4276 aut
836 4222 1086 4289 proferat.
1140 4219 1403 4275 Caeterum
1432 4220 1474 4273 si
1517 4221 1724 4273 animus
1751 4222 1850 4273 sub

277 4316 393 4371 Deo
420 4330 519 4370 suo
562 4316 745 4369 firmus
775 4314 942 4383 ipsius
988 4314 1080 4367 Dei
1112 4313 1194 4368 sui
1241 4327 1465 4367 munere
1503 4323 1804 4381 perseveret
1831 4352 1848 4379 ,

277 4421 384 4461 nec
425 4405 747 4475 quibuslibet
792 4404 997 4459 deliciis
1045 4402 1467 4458 lenocinantibus
1497 4403 1638 4458 cedit
1671 4401 1723 4468 ί,
1755 4418 1852 4457 nec

279 4496 489 4566 profert
532 4496 731 4565 aliquid
776 4481 929 4565 turpe
959 4510 1057 4551 nec
1104 4496 1318 4565 recipit.
1350 4480 1466 4550 iam
1504 4494 1570 4551 de
1599 4495 1852 4550 odoribus

276 4602 453 4658 pauca
498 4586 849 4656 perstringam
878 4629 893 4655 ,
924 4595 983 4641 ut
1031 4594 1192 4640 totam
1240 4587 1585 4640 tentationem
1617 4587 1849 4655 quinque

1948 3398 2112 3466 tingat
2141 3405 2167 3443 ιι
2197 3410 2258 3448 ex
2282 3397 2453 3463 culpa.
2481 3394 2634 3448 Aliud
2662 3404 2741 3448 est
2768 3395 2909 3447 enim
2934 3394 3074 3461 quod
3103 3404 3123 3429 τ
3147 3396 3195 3447 in
3220 3394 3518 3449 dormiente

1946 3488 2023 3549 fit,
2058 3485 2198 3541 aliud
2228 3486 2368 3556 quod
2403 3485 2625 3554 vigilans
2656 3484 2798 3539 facit.
2834 3484 2907 3538 lbi
2952 3484 3266 3538 naturaliter
3292 3484 3519 3553 plenitu-

1946 3579 2015 3633 do
2050 3579 2285 3631 humoris
2332 3576 2615 3647 expellitur
2640 3616 2655 3642 ,
2698 3575 2783 3630 hic
2843 3577 3064 3642 turpiter
3090 3575 3518 3641 concupiscentia

1946 3672 2265 3743 publicator.
2301 3670 2407 3726 Sed
2436 3672 2550 3725 haec
2573 3668 3005 3739 concupiscentia
3047 3667 3150 3723 illis
3184 3667 3519 3737 vigilantibus

1947 3766 2088 3820 hunc
2117 3764 2258 3820 elicit
2282 3765 2498 3828 fluxum,
2528 3764 2721 3834 quibus
2752 3778 2845 3833 per
2877 3763 3014 3818 foeda
3059 3762 3315 3832 colloquia
3348 3762 3520 3817 sordi-

1951 3856 2079 3910 dum
2110 3856 2466 3910 commoverit
2496 3855 2810 3924 appetitu'm.
2842 3854 2902 3907 ili
2930 3864 3052 3908 sunt
3075 3854 3264 3919 quibus
3297 3854 3410 3908 usui
3437 3862 3520 3910 est

1948 3948 2262 4003 feminarum
2293 3950 2612 4017 descriptio:
2648 3949 2732 4002 illa
2766 3949 2911 4002 rudis
2936 3958 3046 4014 est,
3070 3948 3157 4002 illa
3192 3958 3213 3985 ⁸
3244 3948 3479 4003 dicacula
3504 3988 3516 4012 ,

1950 4044 2039 4097 illa
2053 4041 2329 4107 deformis,
2348 4041 2433 4117 illa
2452 4040 2711 4105 formosa;
2734 4040 2950 4094 alterius
2974 4040 3142 4107 placet
3160 4050 3398 4104 ornatus,
3428 4055 3521 4108 ge-

1953 4144 2064 4189 stus
2095 4132 2342 4196 alterius;
2367 4132 2504 4186 illius
2537 4133 2779 4185 laudatur
2800 4134 2957 4185 etiam
2980 4132 3094 4184 sine
3117 4130 3284 4183 forma
3316 4131 3519 4184 festivi-

1956 4234 2055 4289 tas,
2081 4222 2220 4277 illius
2244 4224 2355 4277 sola
2388 4223 2707 4277 formositas.
2747 4224 2765 4257 ι
2793 4220 2921 4274 lnde
2953 4222 3207 4274 transitur
3227 4220 3292 4274 ad
3322 4235 3517 4286 mores,

1954 4323 2007 4369 et
2034 4315 2191 4367 aliam
2222 4314 2415 4367 talibus
2461 4313 2797 4367 commendat
2840 4312 3171 4365 taciturnitas
3225 4310 3518 4375 moderata,

1957 4408 2115 4461 aliam
2149 4416 2356 4475 turpem
2389 4406 2556 4460 videri
2590 4406 2713 4459 facit
2751 4405 2968 4459 libertas
2997 4404 3284 4458 incondita.
3316 4404 3439 4458 Hzec
3465 4412 3522 4458 et

1958 4499 2041 4553 Itis
2078 4498 2267 4552 similia
2298 4498 2698 4565 colloquentes,
2747 4504 3037 4565 suggerunt
3081 4493 3522 4564 concupiscentia

1958 4605 2067 4645 suae
2094 4592 2389 4645 materiam.
2423 4598 2452 4626 ιι
2479 4590 2585 4645 Nec
2616 4600 2789 4643 tamen
2822 4587 2941 4642 ideo
2969 4588 3367 4656 concupiscunt,
3399 4589 3521 4656 quia

278 4684 464 4755 pertiti
494 4698 680 4740 sensus
716 4684 890 4739 verbis
915 4682 1199 4741 includam.
1229 4684 1373 4751 Quos
1402 4684 1596 4740 odores
1627 4700 1720 4755 per
1740 4684 1852 4739 adi—
1878 4677 1931 4738 D
1955 4692 2048 4739 aut
2085 4684 2373 4753 loquuntur
2417 4682 2665 4752 libenter,
2690 4689 2781 4737 aut
2807 4680 3056 4747 audiunt;
3080 4680 3168 4749 qui
3191 4680 3291 4737 nisi
3316 4695 3515 4736 concu-

355 4900 381 4927 ι
405 4892 528 4947 Mss.
558 4893 685 4959 duo,
714 4895 759 4946 et
785 4896 1002 4957 turpem.

354 4960 381 4998 δ
415 4962 513 5015 Ms.
542 4979 698 5028 unus,
732 4962 986 5013 decidunt.

362 5042 386 5069 ¢
424 5032 593 5085 Editio
622 5031 838 5093 Colon.,
860 5030 1039 5081 solent.

354 5098 382 5137 ά
408 5102 501 5155 Ms.
536 5103 747 5166 Camb.,
771 5107 973 5153 exeunt.

359 5182 382 5210 ο
413 5172 537 5225 Mss.
561 5180 786 5240 quatuor
806 5169 979 5230 Colb.,
1012 5182 1113 5219 non
1140 5171 1493 5235 corrumpunt.

359 5240 381 5278 ί
416 5242 511 5296 Ms.
541 5242 749 5304 Camb.,
776 5250 1046 5293 terrenum.

358 5321 384 5357 ε
412 5312 509 5365 Ms.
542 5312 670 5381 Reg.
701 5325 857 5375 unus,
904 5308 1037 5377 quod
1086 5307 1236 5359 menti
1273 5307 1383 5375 iam
1436 5306 1635 5377 cupida:
1676 5305 1845 5360 vitiose

279 5383 566 5437 blanditur.
1732 5396 1737 5399 '

358 5452 386 5489 ιι
407 5452 529 5506 Mss.
555 5463 682 5516 tres,
709 5449 995 5503 voluntaria
1021 5462 1178 5500 mens.

362 5522 532 5578 iMss.
562 5515 674 5578 tres
717 5520 916 5575 addunt
955 5516 1319 5572 seducentt’bus.
1363 5516 1526 5581 Unus,
1569 5515 1707 5569 cedet
1748 5529 1844 5585 pro

280 5593 437 5648 cedit.
1709 5610 1713 5615 '

361 5662 377 5713 ἱ
416 5664 511 5717 Ms.
534 5678 691 5730 unus,
719 5662 838 5730 quia
871 5660 915 5713 si
936 5676 1005 5713 se.

363 5732 390 5770 κ
416 5735 540 5789 Mss.
578 5734 706 5800 Reg.
732 5733 857 5794 duo,
885 5730 1070 5782 carnis.

367 5801 383 5839 ι
416 5803 539 5857 Mss.
587 5809 719 5867 tres,
749 5801 875 5867 Qua:
895 5801 990 5852 sia
1022 5800 1248 5853 caritate.

362 5881 402 5911 ω
422 5873 543 5929 Mss.
570 5887 779 5929 omnes.
805 5880 920 5923 tunc
941 5871 1003 5921 ei.

1986 4894 2051 5009 bu
2078 4886 2172 4939 Ms.
2205 4884 2355 4941 Colb.
2406 4899 2564 4951 unus,
2615 4889 2868 4940 cantilena
2908 4886 3074 4940 suavis
3114 4895 3202 4941 aut
3230 4888 3517 4960 jocatioues

2016 4972 2195 5009 scenae.
2246 4968 2269 4993 ιν

1952 4968 2195 5010 ουετεηαε.
2246 4968 2269 4993 ⁸⁷

2025 5034 2046 5059 °
2080 5026 2175 5079 Ms.
2204 5024 2414 5091 Camb.,
2440 5024 2565 5079 odor
2592 5028 2779 5081 suavis.

2022 5097 2145 5216 alita
2169 5111 2296 5149 mss.
2327 5096 2478 5152 Colb.
2510 5104 2637 5151 tres.
2674 5098 2728 5150 In
2756 5098 2874 5152 aliis
2900 5099 3084 5155 deerat
3114 5098 3226 5155 haec
3246 5114 3365 5163 vos,
3395 5115 3511 5153 cor-

2022 5181 2061 5216 l‘f
2102 5182 2179 5216 us-

1951 5178 2180 5233 poribus.

2024 5245 2051 5283 «ι
2074 5236 2170 5308 Ms.
2199 5235 2349 5308 (Zoili.
2379 5251 2533 5303 unus,
2567 5252 2680 5290 cum
2705 5238 2873 5308 culpa.

2026 5304 2177 5378 [Msa
2207 5306 2358 5378 _Colb.
2406 5322 2561 5375 unus,
2594 5310 2645 5362 in
2690 5304 3052 5365 dormientibus
3086 5312 3173 5378 fit,
3212 5310 3353 5363 aliud
3379 5308 3513 5371 quod

1951 5375 2343 5456 υξςδγξζαηείαεὶιΖ
2366 5378 2532 5444 Alter,
2560 5380 2613 5433 in
2628 5379 2991 5435 dormientibus
3021 5375 3097 5449 lit,
3131 5380 3272 5431 aliud
3301 5380 3510 5449 quodin

1951 5444 2275 5513 vigilantibus
2308 5448 2385 5515 ﬁt.

2026 5523 2046 5548 ⁸
2082 5515 2207 5586 Mss.
2234 5519 2489 5586 quinque,
2521 5521 2776 5575 decacula.

2028 5586 2047 5619 ‘
2081 5584 2179 5639 Ms.
2209 5584 2482 5651 unus,_lta
2514 5593 2773 5644 transitur.

2024 5664 2051 5690 ιι
2083 5654 2155 5709 Ita
2199 5671 2326 5711 mss.
2364 5674 2476 5712 sex.
2510 5658 2647 5711 Edit.
2683 5659 2842 5726 Lugd.
2896 5667 2947 5713 et
2986 5659 3138 5721 Lov.,
3173 5657 3302 5711 Hm:
3347 5670 3511 5713 tamen

1891 5712 1897 5717 ”
1950 5728 2067 5780 ideo
2094 5729 2475 5796 concupiscunt,
2505 5729 2643 5795 quia.
2676 5712 2833 5779 θυῖε.
2866 5712 2919 5780 et
2943 5712 3154 5797 coloni,
3192 5730 3319 5785 Ηιεσ
3340 5712 3509 5782 tamen

1950 5797 2078 5868 idea
2096 5798 2473 5865 concupiscunt,
2500 5797 2585 5868 qui
2605 5806 2711 5863 aut,
2743 5806 2879 5863 etc.;
2907 5800 3096 5868 quibus
3117 5802 3353 5860 Concinit
3376 5814 3509 5858 unus

1948 5881 2014 5921 ex
2040 5866 2189 5923 Colb.
2234 5866 2625 5935 manuscriptis.
