4124 6350
549 309 654 371 483

1877 306 2133 370 JULIANI
2173 304 2447 368 POMERII

3690 309 3794 367 481

549 427 821 498 pisoentiac
841 428 1025 484 morbo
1045 426 1275 497 corrupti
1298 432 1500 491 essent,
1524 439 1793 498 nunquam
1820 427 1905 483 vel
1923 428 2111 504 loque-
2147 438 2195 492 Α
2222 427 2364 496 quod
2389 433 2471 482 est
2489 425 2748 482 castitatis
2772 432 3157 483 consummatae
3182 425 3474 498 fastigium.
3502 425 3620 481 Non
3656 428 3801 497 quod

554 527 739 579 rentur
769 520 912 588 talia,
940 522 1021 575 vel
1048 519 1328 577 audirent:
1354 520 1483 591 quia
1509 535 1617 580 non
1639 534 1735 579 eos
1754 520 1858 579 ista
1882 534 2127 579 corruat:-

560 622 713 684 punt,
739 611 833 669 sed
860 621 1139 682 corruptus
1164 612 1477 671 ostendunt.

628 705 684 765 6.
714 707 788 761 Ac
812 720 879 761 ne
898 719 982 761 me
1010 705 1109 767 ista
1130 706 1394 765 veraciter
1416 715 1733 779 arguentem
1745 706 2025 779 quisquam
2047 704 2131 776 ju-

560 796 701 853 dicet
724 796 1081 866 arguentium,
1106 799 1316 859 noverit
1348 808 1561 870 propter
1605 799 1709 856 hoc
1734 798 1873 855 forte
1890 800 1959 859 ab
1986 799 2133 854 sntio

558 890 679 959 quis
703 887 867 945 fuisse
903 888 1181 949 decretum
1216 904 1284 948 ne
1311 890 1405 960 qm‘
1442 888 1863 947 adolescentium
1893 889 2131 959 legerent

560 981 829 1038 Geneseos
846 980 1067 1047 librum,
1083 990 1109 1025 ι
1130 997 1194 1038 ac
1222 991 1427 1051 partem
1450 984 1651 1053 pariter
1679 982 1977 1039 Ezechielis
2002 997 2129 1051 pro-

559 1074 751 1144 phetae,
785 1074 871 1133 vel
897 1074 1172 1135 Cauticum
1201 1078 1556 1142 canticorum,
1591 1084 1645 1133 et
1679 1084 1872 1133 cetera
1904 1074 2053 1142 talia,
2078 1075 2131 1129 in

560 1168 752 1235 quibus
771 1166 1169 1237 generationes,
1191 1178 1248 1225 et
1266 1176 1445 1235 actus,
1466 1176 1523 1224 et
1548 1167 1764 1223 nudae
1782 1166 2129 1237 quarumdam

560 1259 759 1328 scripta
807 1267 930 1317 sunt
965 1260 1264 1326 mulierum.
1297 1261 1443 1329 Quas
1489 1261 1609 1317 licet
1638 1260 1935 1317 secundum
1961 1258 2137 1314 hieto.

561 1349 694 1405 riam
740 1349 907 1409 iubae
929 1350 1233 1419 credamus,
1265 1365 1452 1408 earum
1476 1360 1655 1408 tamen
1684 1348 1988 1406 nominibus
2021 1348 2162 1402 virs~

566 1447 705 1495 tutos
744 1440 994 1509 ﬁguratas
1037 1440 1352 1511 accipimus.
1410 1441 1673 1508 Quoniam
1716 1444 1854 1496 sicut
1896 1440 2000 1495 illa
2030 1453 2133 1494 non

561 1534 732 1591 solth
767 1533 893 1589 viris
921 1533 1033 1589 suis
1061 1548 1158 1603 per
1204 1543 1419 1590 sanctos
1464 1548 1639 1591 mores
1664 1574 1681 1600 ,
1713 1534 1809 1591 sed
1851 1533 2010 1589 etiam
2042 1547 2143 1587 es-

562 1626 782 1690 tranois,
813 1626 930 1685 sine
958 1627 1243 1695 dispendio
1260 1629 1342 1682 sui
1375 1628 1623 1697 pudoris,
1656 1628 1725 1683 ob
1772 1628 1993 1682 nimiam
2018 1627 2136 1696 pul~

560 1719 917 1778 chritudiuem
941 1721 1284 1789 placuerunt;
1328 1722 1401 1775 ita
1443 1732 1643 1777 sanetae
1680 1722 1906 1777 virtutes
1927 1730 1980 1776 et
2007 1734 2139 1775 suos

2226 521 2440 577 animus
2462 535 2703 589 utiquam
2728 520 2939 577 desinat
2980 521 3035 576 in
3066 521 3166 576 hae
3189 535 3353 579 usus
3372 535 3493 575 cum
3535 520 3678 576 vitiis
3704 521 3801 577 hm-

2228 609 2360 665 bere
2380 608 2716 676 conﬂictum;
2748 610 2841 665 sed
2870 611 3012 681 quod
3040 625 3162 666 eum
3203 611 3313 665 alat
3338 626 3402 666 ac
3443 612 3721 681 provehat,
3750 621 3806 668 et

2228 710 2483 772 quantum
2514 700 2631 757 ﬁeri
2660 709 2836 771 potest
2874 702 2931 757 in
2977 703 3227 773 μεθειδί
3253 702 3390 768 vita,
3424 703 3666 772 perﬁciat
3694 705 3805 775 ipsa

2230 794 2588 849 numerositas
2617 793 3005 863 triumphorum
3028 810 3044 850 :
3066 795 3111 849 si
3132 794 3293 849 modo
3321 807 3427 848 noli
3454 810 3514 849 se
3538 796 3595 851 is
3612 809 3808 865 corpus

2231 884 2571 941 sensibilium
2612 894 2803 953 captus
2825 885 3181 942 delectatione
3225 885 3477 955 deﬁciat;
3517 886 3614 942 sed
3654 902 3809 942 exse-

2230 980 2469 1034 cratione
2496 978 2909 1034 deiectationum
2949 978 3253 1035 sublimiter
3297 980 3614 1047 roboratus,
3646 994 3809 1051 supra

2230 1084 2422 1140 corpus
2463 1085 2527 1127 se
2546 1070 2903 1141 corporalium
2950 1064 3135 1133 vietor'
3163 1072 3401 1138 attollat;
3434 1087 3497 1128 ac
3525 1073 3644 1130 Deo
3663 1087 3796 1141 suo,

2231 1163 2335 1219 sub
2351 1178 2457 1234 quo
2478 1172 2504 1215 ι
2523 1178 2645 1219 eum
2673 1164 2941 1219 viventem
2962 1165 3231 1223 desiderio
3256 1165 3533 1236 repudiata
3560 1183 3669 1225 non
3693 1168 3809 1225 vin-

2232 1266 2380 1323 cunt,
2399 1257 2455 1311 iu
2473 1266 2734 1313 menum
2761 1258 3144 1329 gloriﬁeaadus
3166 1260 3455 1317 adhareat.

2808 1414 2891 1477 CA
2902 1414 3032 1480 PUT
3074 1414 3211 1479 Vili.

2226 1513 2433 1595 Quibus
2478 1526 2684 1604 indiciis
2736 1530 2892 1595 mea
2939 1531 3138 1604 ostendi
3184 1531 3456 1604 superbia,
3500 1549 3621 1604 qua
3658 1535 3815 1594 κίε.

2458 1600 2670 1669 perditis
2694 1609 2873 1670 aperta
2895 1610 2991 1667 est,
3015 1602 3095 1665 uel
3120 1602 3177 1657 in,
3202 1602 3335 1672 lictis
3358 1600 3577 1665 occulta.

2308 1735 2357 1789 1.
2386 1733 2501 1789 Jam
2533 1750 2672 1791 nunc
2708 1736 2983 1795 videamus
3025 1738 3215 1809 quibus
3258 1739 3466 1796 indiciis
3504 1742 3679 1812 possit
3717 1759 3809 1799 su-

880 1813 1128 1870 omnibus
1182 1814 1446 1880 reddunt,
1488 1825 1543 1870 et
1588 1824 1877 1870 extraneos
1909 1814 2137 1885 quadam
2174 1813 2217 1873 Β
2248 1826 2429 1897 perbia
2454 1826 2820 1896 deprehendi:
2855 1840 2910 1885 ut
2956 1832 3091 1886 sicut
3122 1833 3172 1886 in
3218 1835 3582 1904 superioribus
3628 1839 3813 1895 claruit

558 1905 911 1971 admiratione
933 1905 1019 1963 sui
1059 1909 1438 1977 perstringunt.
1482 1907 1618 1961 Hinc
1646 1916 1729 1966 est
1763 1907 1907 1977 quod
1939 1916 1993 1961 et
2038 1906 2141 1975 ipsi

559 1996 653 2065 qui
676 1997 867 2056 vitioso
895 1996 1127 2057 vivunt,
1158 1998 1381 2052 virtutes
1424 1998 1567 2053 vitiis
1610 2006 1943 2067 anteponunt
1968 2013 1983 2052 :
2012 1997 2136 2067 quia

734 2096 816 2145 est
851 2088 994 2158 quod
1027 2089 1224 2144 faciunt
1273 2089 1479 2157 morbo,
1511 2090 1653 2144 aliud
1678 2090 1821 2160 quod
1848 2096 2133 2159 coguntur,

563 2181 591 2221 ι)
617 2183 847 2251 probare
872 2182 1091 2251 judicio.
1118 2182 1226 2238 Sed
1252 2198 1318 2238 ne
1347 2182 1483 2239 forte
1503 2183 1616 2239 huic
1635 2182 1929 2251 spirituaiia
1952 2196 2143 2238 secuti.

565 2272 693 2337 dum
721 2287 941 2329 carue-
967 2272 1141 2337 adlmc
1162 2274 1406 2330 carnales
1429 2275 1759 2345 acciperent;
1793 2290 1890 2331 nec
1918 2278 2141 2330 virtutes

567 2366 864 2435 agitarem
906 2381 1039 2436 spias
1075 2368 1327 2423 mulieres
1363 2367 1467 2424 illa
1505 2368 1834 2438 signiﬁcant,
1866 2368 1957 2423 sed
1998 2369 2143 2437 ipsas

572 2470 601 2500 α
626 2461 913 2531 cogitando
933 2461 1222 2519 carnaliter
1256 2461 1595 2532 deperirent;
1632 2462 1879 2517 consulto
1901 2461 2143 2531 juniores

565 2551 749 2622 legere
778 2562 905 2607 sum
940 2552 1026 2607 illa
1056 2551 1335 2623 prohibiti,
1363 2568 1483 2622 qua
1509 2553 1646 2609 sicut
1670 2552 2021 2623 Spiritualiter
2050 2567 2140 2607 ae-

564 2654 717 2714 eopta
754 2645 1019 2702 virilium
1042 2684 1059 2711 ,
1103 2644 1176 2699 ita
1203 2645 1489 2700 carnaliter
1539 2644 1993 2714 intelligentibus,
2026 2644 2142 2713 ipsa

562 2736 793 2791 carnalis
840 2736 1189 2806 intelligentia
1234 2737 1545 2791 occasiones
1601 2736 1829 2791 carnalis
1877 2736 2139 2804 concupi-

564 2828 785 2885 scentia
825 2829 1211 2883 subministrat.
1260 2827 1458 2882 Earum
1508 2828 1735 2898 quisque
1779 2827 1994 2882 nomina
2045 2826 2141 2882 fre-

568 2928 799 2992 quenter
836 2920 997 2976 habet
1028 2921 1081 2974 in
1122 2934 1240 2986 ore,
1283 2934 1509 2989 quarum
1554 2919 1819 2975 desideria
1861 2920 2145 2974 vulnerato

565 3022 739 3087 gestat
767 3014 820 3068 in
842 3013 1025 3083 corde,
1054 3011 1086 3053 ά
1103 3028 1170 3068 ac
1191 3012 1573 3083 turpitudinem
1592 3027 1749 3083 (πείθω
1775 3026 2027 3068 exercere
2048 3026 2142 3068 ve-

566 3103 886 3162 recunda“
913 3104 970 3161 in
1015 3103 1174 3167 facto,
1200 3112 1346 3158 tenet
1386 3102 1439 3157 in
1470 3103 1671 3172 animo,
1728 3118 1852 3160 reus
1890 3118 1997 3160 non
2034 3104 2133 3159 hu-

570 3212 732 3255 mano
758 3197 977 3268 judicio,
1011 3196 1107 3252 sed
1136 3195 1335 3252 divina

1160 3309 1387 3367 CAPUT
1426 3310 1538 3367 VII.

573 3404 723 3471 Quod
742 3406 891 3461 etiam
913 3404 967 3460 hi
985 3420 1109 3476 quos
1130 3404 1241 3477 ab_°
1269 3404 1590 3477 impudicitia
1613 3404 1846 3476 quaelibet
1871 3404 2144 3461 necessitas

636 3486 790 3541 om,
822 3478 864 3530 si
888 3477 1051 3530 viuere
1089 3475 1271 3545 pudice
1316 3475 1649 3531 consuescant
1667 3517 1680 3543 ,
1707 3478 1774 3530 ad
1804 3492 2024 3531 amorem
2053 3493 2141 3529 ca-

631 3548 818 3607 stitatis
837 3548 1139 3603 urendum.

636 3659 793 3714 Tales
826 3658 1047 3729 pudicos
1084 3666 1175 3713 aut
1223 3660 1541 3727 temperatio
1567 3674 1849 3728 corporum
1882 3660 2027 3727 facit,
2055 3671 2147 3714 aut

571 3754 737 3808 timor
775 3751 1027 3821 supplicii
1068 3752 1374 3821 temporalis
1420 3752 1486 3807 ab
1541 3751 1884 3821 impudicitia:
1934 3753 2145 3807 actione

585 3842 895 3911 suspendit,
916 3851 1009 3897 aut
1024 3843 1234 3897 occasio
1254 3851 1441 3911 negata
1472 3843 1731 3897 destituit.
1763 3843 1867 3899 Sed
1898 3843 2023 3899 licet
2050 3860 2144 3900 vo-

570 3934 775 3990 luntate
795 3936 865 3989 sit
886 3934 1182 4004 impudicus
1213 3936 1301 4005 qui
1324 3936 1642 3992 necessitate
1664 3936 1886 4007 pudicus
1916 3945 2035 4004 est;
2064 3947 2143 3993 ta-

570 4040 691 4084 men
716 4027 765 4082 si
787 4034 842 4082 et
866 4027 955 4083 ille
982 4028 1263 4096 temperati
1283 4029 1549 4098 corporis,
1580 4028 1649 4083 de
1674 4029 1952 4091 ,benelicio
1988 4040 2142 4086 natu-

569 4132 643 4174 ra
662 4132 792 4189 sum,
824 4120 932 4174 Deo
946 4119 1150 4174 auctori
1172 4121 1411 4175 omnium
1438 4129 1745 4175 naturarum
1768 4122 1967 4192 gratias
1986 4129 2139 4193 agat;

570 4220 624 4269 et
650 4212 740 4268 ille
763 4227 925 4283 quem
949 4212 1109 4269 timor
1137 4213 1190 4268 in
1221 4214 1362 4269 bono
1402 4214 1668 4285 pudicitia:
1696 4223 1866 4283 tenet,
1908 4224 2068 4286 attpte
2096 4216 2147 4270 is

569 4304 653 4359 cui
678 4303 983 4360 facultatem
1005 4304 1308 4361 mmehandi
1329 4313 1489 4373 negat
1509 4307 1939 4372 oecasio,vivere
1952 4306 2145 4376 pudice

568 4403 948 4451 consuescant:
973 4395 1027 4449 in
1059 4395 1309 4451 virtutem
1333 4393 1354 4434 ί
1384 4396 1699 4465 plerumque
1727 4396 1796 4451 de
1824 4398 2143 4452 necessitate

468 4570 473 4573 Δ
570 4489 887 4561 proﬁciunt;
908 4498 963 4545 et
987 4489 1242 4560 paulatim
1274 4490 1437 4558 ipsius
1489 4489 1761 4559 pudicitiae
1790 4490 2144 4547 delectatione

2245 1919 2445 1974 nullum
2462 1932 2735 1990 peccatum
2754 1923 2869 1977 sine
2890 1923 2975 1979 illa
2997 1939 3150 1992 posse
3167 1927 3449 1995 committi,
3476 1928 3547 1982 ita
3564 1928 3650 1983 hic
3670 1930 3814 1999 signa

2243 2009 2358 2080 ejus
2388 2012 2649 2079 eluceant,
2683 2014 2875 2084 quibus
2902 2017 3135 2071 cavenda
3165 2018 3330 2088 possit
3357 2020 3589 2075 ostendi.
3615 2020 3813 2077 Omitto

2247 2102 2366 2158 illos
2398 2118 2531 2175 quos
2580 2105 2739 2160 etiam
2772 2106 2885 2176 ipse
2932 2107 3145 2163 habitus
3188 2116 3242 2163 et
3280 2109 3518 2165 incessus
3559 2114 3815 2183 superbos

2244 2192 2611 2264 hostendunt;
2654 2214 2879 2270 quorum
2931 2210 3106 2257 erecta
3157 2204 3355 2268 cervix,
3409 2204 3568 2261 facies
3614 2206 3767 2260 torva
3797 2248 3813 2277 ι

2250 2289 2267 2330 ι
2308 2299 2486 2347 truces
2516 2292 2679 2359 oeuli,
2721 2302 2773 2349 et
2798 2310 2975 2350 sermo
3004 2295 3257 2351 terribilis
3289 2295 3479 2351 nudam
3510 2298 3815 2371 superbiam

2242 2384 2471 2437 clamant
2498 2401 2509 2437 :
2534 2385 2621 2454 qui
2642 2385 2896 2441 libidinel
2931 2385 3235 2441 dominandi
3256 2390 3506 2463 posscssi,
3535 2405 3666 2460 quos
3690 2405 3817 2461 pos-

2241 2483 2365 2529 sunt
2394 2475 2656 2531 violenter
2680 2476 2778 2531 sibi
2804 2477 3112 2547 Subjiciunt,
3140 2476 3369 2535 humana
3386 2479 3506 2550 jura
3533 2480 3817 2553 divinaque

2242 2566 2595 2636 confundunt,
2629 2567 2918 2624 honoribus
2970 2568 3359 2638 intumescunt,
3391 2572 3587 2647 passim
3628 2586 3817 2635 cuncta

2242 2658 2517 2728 diripiunt,
2551 2662 2662 2714 suis
2691 2660 3002 2716 criminibus
3050 2663 3315 2734 gaudent,
3348 2673 3401 2719 et
3450 2663 3690 2734 seipsos,
3726 2680 3816 2719 su-

2243 2750 2441 2819 perbiae
2472 2751 2660 2805 morbo
2689 2753 2944 2821 corrupti,
2977 2767 3082 2807 non
3110 2754 3343 2826 capiunt.
3373 2755 3483 2810 llos
3523 2770 3650 2828 ergo
3684 2772 3817 2831 prte-

2251 2850 2429 2907 tereo,
2456 2842 2729 2914 inquibus
2759 2844 3007 2915 superbia
3033 2853 3136 2899 tam
3165 2855 3349 2916 aperte
3395 2856 3597 2919 regnat,
3640 2858 3695 2900 ut
3723 2862 3817 2903 nec

2242 2933 2490 3004 dignetur
2511 2950 2569 2989 sc
2593 2935 2881 3001 occultare,
2906 2950 3013 2991 nec
3032 2937 3226 2991 valeat.
3259 2936 3380 2991 illos
3404 2946 3605 2991 tantum
3634 2938 3816 2993 dolen-

2242 3024 2341 3080 dos
2359 3025 2604 3092 ostendo,
2629 3033 2788 3096 atque
2816 3042 2999 3081 eorum
3019 3026 3257 3099 exempla
3280 3029 3515 3083 cavenda
3533 3029 3810 3095 denuntio,

2244 3132 2376 3185 quos
2402 3117 2513 3187 jam
2545 3131 2831 3173 conversos
2857 3128 2910 3176 et
2935 3120 3317 3191 aliquantulum
3365 3122 3709 3191 proﬁcientes
3731 3139 3816 3178 su-

2168 3193 2214 3258 C
2245 3208 2426 3278 perbia
2460 3205 2489 3245 ιι
2517 3210 2723 3264 occulte
2752 3211 3013 3279 captivat,
3051 3226 3184 3282 quos
3215 3213 3264 3266 in
3298 3212 3620 3287 profundum
3646 3215 3815 3275 malo-

2244 3314 2363 3353 rum
2391 3298 2723 3355 frauduleuta
2753 3297 2770 3336 ι
2801 3301 3163 3357 dominatione
3184 3303 3501 3373 praecipitat,
3527 3313 3582 3358 et
3607 3320 3674 3358 ne
3696 3302 3814 3361 inde

2244 3394 2479 3466 unquam
2500 3396 2707 3462 possint
2727 3411 3021 3467 emergere,
3044 3380 3240 3473 iugiter
3264 3398 3452 3453 calcat.
3484 3397 3602 3475 ipsa
3623 3399 3676 3455 in
3701 3414 3816 3453 cor.

2244 3488 2400 3544 dibus
2425 3488 2608 3543 talium
2634 3488 2808 3543 locum
2853 3490 3065 3544 diabolo
3108 3490 3257 3556 facit;
3293 3490 3403 3559 ipsa
3436 3490 3484 3544 ei
3514 3488 3818 3549 advenienti

2245 3578 2580 3634 immunitum
2611 3590 2793 3650 pectus
2819 3581 3142 3636 familiariter
3164 3582 3377 3651 pandit;
3406 3581 3520 3652 ipsa
3546 3583 3818 3651 introeun—

2246 3679 2352 3726 tem
2383 3673 2601 3739 suscipit
2627 3688 2641 3737 ;
2674 3674 2786 3742 ipsa
2828 3672 2999 3740 captis
3024 3672 3110 3741 jus
3139 3672 3346 3742 perdite
3380 3672 3592 3727 vivendi
3620 3672 3820 3728 consti—

2248 3764 2347 3818 tuit
2378 3779 2391 3829 ;
2436 3765 2548 3831 ipsa
2578 3772 2616 3800 ω
2649 3778 2836 3819 omnes
2879 3763 3165 3818 virtutibus
3209 3772 3449 3820 exarmat
3485 3779 3620 3839 quos
3649 3764 3818 3823 semel

2249 3858 2535 3925 invaserit;
2562 3859 2672 3928 ipsa
2703 3858 2956 3929 quidquid
2986 3858 3038 3913 in
3061 3858 3137 3913 eis
3162 3858 3478 3912 remanserit
3500 3856 3634 3929 quod
3663 3854 3810 3919 vitiis

2251 3958 2280 3987 ιι
2306 3958 2488 4021 posset
2516 3950 2711 4017 obniti,
2746 3966 2811 4005 ne
2840 3959 3026 4005 contra
3056 3964 3114 4005 se
3149 3950 3284 4005 forte
3323 3949 3694 4019 convalescat,
3729 3948 3815 4000 in-

2244 4044 2462 4101 terimit.
3871 4118 3877 4122 _

2312 4138 2366 4191 2.
2409 4135 2537 4192 inde
2564 4143 2647 4191 est
2680 4135 2820 4207 quod
2851 4134 2903 4190 hi
2944 4149 3078 4207 quos
3102 4143 3126 4171 ο
3158 4133 3403 4205 superbzc
3441 4133 3637 4187 mentis
3672 4131 3820 4186 tabes

2246 4227 2525 4299 purulenta
2541 4223 2857 4296 corruperit,
2877 4226 3142 4285 seniorum
3166 4240 3381 4286 suorum
3408 4239 3509 4277 non
3528 4224 3821 4278 observant

2246 4317 2527 4388 imperata,
2545 4317 2638 4372 sed
2652 4316 2945 4386 rjudicant;
2963 4316 3029 4371 de
3046 4316 3156 4373 suis
3180 4314 3513 4391 negligemus
3533 4313 3819 4391 objurgati,

2246 4417 2336 4463 aut
2365 4408 2623 4467 rebellant
2658 4417 2687 4457 ιι
2715 4408 3026 4473 insolenter,
3060 4416 3151 4461 aut
3189 4414 3550 4472 murmurant;
3599 4407 3664 4460 de
3702 4406 3822 4460 loco

2245 4499 2505 4570 superiori
2549 4498 2877 4569 disceptant,
2921 4498 3160 4570 prteferri
3200 4512 3260 4552 se
3308 4497 3465 4551 etiam
3508 4494 3820 4550 melioribus

572 4588 863 4649 crescente,
893 4580 1074 4652 pudici
1114 4580 1378 4637 veraciter
1421 4582 1591 4637 ﬁunt:
1638 4591 1693 4638 et
1724 4584 1794 4637 ita
1836 4583 2137 4653 proﬁciunt,
2168 4577 2221 4639 D
2244 4591 2580 4661 impudenter
2606 4589 2886 4656 ali’ectant;
2916 4588 3306 4659 simplicitatem
3338 4586 3692 4663 spiritualium
3714 4583 3823 4638 fra-

571 4682 628 4729 ut
646 4673 759 4742 jam
786 4688 893 4729 nou
930 4687 1197 4739 sermone,
1220 4672 1316 4729 sed
1336 4673 1532 4729 virtute
1569 4673 1759 4730 sordes
1792 4675 2139 4744 impudicitiae

572 4767 918 4831 detestantes,
950 4783 1055 4823 non
1107 4767 1297 4823 timore
1322 4781 1496 4838 potente
1523 4769 1823 4826 carnalibus
1860 4769 2140 4829 incentivis

571 4857 850 4926 obsistam,
878 4858 1022 4930 quod
1064 4866 1148 4915 est
1173 4858 1537 4929 insipientium
1585 4862 1890 4931 proprium;
1926 4862 2022 4918 sed
2050 4878 2143 4919 ex-

572 4951 874 5007 secratione
893 4949 1096 5021 peccati
1112 4948 1382 5007 refrenent
1416 4951 1686 5027 inquietos
1701 4952 1879 5019 carnis
1900 4952 2141 5023 edoctus,

646 5101 678 5165 9
700 5090 859 5165 ξῷιί,
892 5090 1086 5165 Lugd,
1109 5106 1177 5165 es
1195 5092 1384 5162 pariter
1406 5090 1688 5148 Ezechielis
1714 5093 1993 5165 propheta.

642 5161 673 5204 ι
703 5162 865 5226 Editi,
887 5162 1106 5232 placere.
1132 5161 1258 5235 Mss.
1295 5176 1504 5235 omnes,
1529 5161 1762 5235 probare.

644 5246 669 5305 αῖ
698 5234 799 5289 Ms.
838 5248 997 5297 unus,
1029 5233 1298 5305 carnaliter
1318 5233 1605 5305 cogitando.

617 5302 675 5391 ,ἀ
697 5305 786 5361 Sic
824 5319 954 5359 mss.
981 5312 1092 5360 tres
1111 5302 1262 5359 Colb.
1297 5302 1401 5365 Alii
1421 5320 1542 5362 cum
1572 5305 1754 5377 editis,
1785 5315 1877 5362 aut
1907 5304 2134 5378 turpitu-

574 5378 760 5432 dinem.

644 5457 667 5484 θ
700 5446 797 5501 Ms.
827 5444 1035 5513 Camb.,
1060 5446 1123 5498 ab
1150 5445 1486 5513 impudentia.

645 5515 663 5552 τ
690 5516 1064 5590 Mss._qttatt_tor
1092 5531 1199 5571 non
1229 5515 1424 5590 habent
1459 5518 1748 5590 plerumque
1773 5530 1792 5571 :
1818 5516 1969 5590 cuius
2016 5516 2135 5574 loco

467 5579 474 5586 ’
576 5585 676 5641 duo
695 5579 948 5659 ergolb.
977 5586 1193 5659 habent,
1220 5588 1351 5659 tales
1377 5589 1440 5642 de
1458 5579 1753 5643 necessitate
1781 5579 2074 5659 proﬁciunt.

644 5664 668 5724 ρ
695 5653 832 5724 Editi
854 5654 980 5710 [ιον.
1007 5664 1061 5711 et
1090 5653 1281 5724 Lugd.,
1305 5675 1420 5712 cum
1445 5660 1708 5713 uirentem.

642 5723 671 5798 ξι
700 5723 983 5798 Mss._tres,
1008 5723 1297 5791 ostendunt,
1324 5728 1429 5785 Alii
1450 5743 1569 5786 cum
1598 5730 1776 5798 editis,
1801 5728 2040 5785 ostendit.

646 5790 668 5833 ί
684 5793 800 5856 Is.
824 5792 975 5854 Colb.
1004 5812 1160 5864 unus,
1184 5790 1396 5856 atroces.

1971 5945 2040 5953 ~7,

2246 4692 2383 4737 trum
2405 4680 2690 4737 irridenter
2721 4689 2744 4718 τ
2791 4680 3083 4750 exagitant,
3111 4694 3232 4734 suas
3259 4680 3551 4734 sententias
3584 4676 3823 4746 procaci-

2248 4781 2328 4829 ter
2352 4774 2578 4843 jactant,
2605 4772 2858 4843 obsequia
2887 4771 3063 4827 delata
3096 4770 3389 4835 fastidiunt,
3434 4777 3622 4839 negata
3651 4770 3821 4839 perti-

2250 4865 2454 4921 naciter
2480 4872 2743 4935 quarunt,
2775 4855 2979 4919 natales
3000 4862 3237 4919 moribus
3262 4870 3609 4931 anteponunt,
3632 4859 3816 4939 junio-

2252 4970 2339 5012 res
2368 4969 2493 5011 suos
2513 4962 2535 4991 ⁸
2556 4956 2683 5011 elati
2712 4954 3029 5024 despiciunt,
3052 4952 3284 5013 conferri
3309 4953 3410 5011 sibi
3436 4952 3640 5024 aliquos
3662 4964 3818 5022 posse

2320 5093 2335 5143 i
2368 5092 2492 5149 Mss.
2522 5092 2655 5161 Reg.
2685 5108 2819 5148 unus
2850 5100 2903 5147 et
2930 5089 3143 5159 Camb.,
3175 5089 3486 5145 dominante.

2319 5164 2347 5203 κ
2370 5164 2497 5219 Mss.
2526 5164 2652 5226 duo,
2680 5164 2898 5217 occulta.

2320 5233 2335 5272 1
2373 5236 2467 5287 Ms.
2501 5249 2659 5299 unus,
2688 5233 3030 5291 damnatione.

2312 5313 2352 5343 ω
2380 5304 2504 5375 Mss.
2528 5314 2756 5373 septem,
2780 5308 2889 5375 ipsa
2911 5302 3142 5375 omnibus
3163 5301 3305 5356 bonis
3330 5309 3577 5356 exarmat.

2312 5383 2340 5411 ιι
2380 5366 2502 5428 Mss.
2534 5366 2975 5445 qdiuquéfpossit
3008 5372 3183 5431 obniti.
3217 5375 3317 5435 Ms.
3359 5388 3516 5445 unus,
3543 5371 3685 5445 quod
3712 5370 3814 5427 uir-

2244 5447 2339 5502 tuti
2360 5449 2470 5516 ejns
2497 5446 2673 5516 possit.

2315 5526 2337 5552 ο
2378 5512 2507 5581 Mss.
2540 5517 2644 5568 duo
2675 5529 2793 5570 cum
2820 5513 2986 5568 Duac.
3014 5522 3069 5569 et
3096 5513 3304 5582 Coion.,
3331 5512 3579 5585 superbit:
3606 5513 3811 5573 mentis.

2310 5596 2339 5636 P
2379 5587 2477 5639 Ms.
2509 5599 2667 5652 unus,
2700 5586 3007 5651 diiudicant.

2311 5667 2339 5706 (ι
2379 5655 2477 5710 Ms.
2510 5670 2665 5724 unus,
2692 5656 2952 5709 uiolenter.

2313 5735 2335 5763 π
2378 5726 2477 5797 Ms.
2500 5740 2658 5794 unus,
2686 5734 3009 5797 exaggerant.

2315 5803 2336 5831 '
2378 5795 2475 5853 M8.
2506 5810 2663 5869 unus,
2695 5795 2839 5852 elate.
