4124 6350
286 312 394 372 485

287 532 382 573 eos
408 534 467 573 se
497 519 613 575 solo
634 518 793 574 animi
814 527 1019 577 tumore
1048 517 1379 575 constituunt
1403 533 1419 571 :
1442 533 1547 573 non
1572 524 1791 574 servant
1814 516 1866 573 in

288 609 543 680 obsequio
590 612 968 676 reverentiam,
1022 611 1073 665 in
1122 625 1371 666 sermone
1415 610 1752 675 modestiam,
1811 610 1865 669 in

288 704 526 759 moribus
568 703 929 773 disciplinam;
974 704 1170 761 habent
1216 705 1268 759 in
1306 704 1596 760 intentione
1627 704 1866 776 pertinaq

289 795 449 865 ciam,
499 796 554 851 in
582 796 1042 865 corde'duritiam,
1086 797 1139 851 in
1179 797 1623 853 sermocinatione
1655 798 1865 869 jactan-

292 888 451 953 tiam;
479 889 530 942 in
561 887 857 943 humilitate
882 888 1117 958 fallaces,
1151 888 1203 945 in
1234 889 1359 944 odia
1388 889 1710 959 pertinaces,
1741 890 1868 945 sub-

283 979 533 1049 jectionis
572 980 942 1055 impatientes,
976 980 1227 1051 potentiae
1267 989 1583 1051 sectatores,
1612 980 1864 1036 omnibus

289 1070 443 1126 bonis
472 1071 729 1138 odibiles;
767 1071 832 1127 ad
857 1087 990 1143 opus
1016 1070 1210 1127 bonum
1240 1072 1397 1145 pigri,
1440 1072 1505 1135 ad
1538 1073 1865 1139 communio-

289 1179 413 1219 nem
433 1164 461 1203 δ
495 1165 612 1233 teri,
642 1164 707 1219 ad
737 1165 1049 1237 obsequium
1081 1166 1220 1231 duri,
1251 1166 1315 1220 ad
1358 1166 1678 1237 loquendum
1721 1167 1865 1241 quod

290 1257 533 1312 nesciunt
583 1257 832 1327 prompti,
894 1256 959 1312 ad
1025 1257 1470 1327 supplanta‘ndum
1534 1259 1747 1333 parati,
1799 1259 1865 1315 ad

289 1351 464 1405 omnia
506 1351 697 1422 quibus
727 1344 970 1406 subsistit
1009 1350 1241 1406 fraterna
1282 1351 1510 1407 societas
1554 1352 1865 1417 inhumani;

288 1444 557 1500 temerarii
585 1445 636 1498 in
664 1443 930 1512 audendo,
955 1443 1178 1499 clamosi
1210 1445 1261 1499 in
1291 1444 1576 1515 loquendo,
1604 1444 1869 1505 fastidiosi

288 1535 342 1589 in
367 1545 387 1573 ο
417 1535 703 1602 audiendo,
736 1534 1143 1606 praesumptuosi
1182 1534 1234 1589 in
1264 1534 1531 1602 docendo,
1565 1532 1591 1572 ά
1623 1534 1865 1591 eli‘renati

286 1625 598 1682 deformiter
623 1626 675 1680 in
705 1625 991 1693 cachinno,
1021 1627 1232 1683 onerosi
1266 1627 1473 1692 amicis,
1509 1626 1684 1681 infesti
1713 1626 1864 1695 quie—

286 1718 375 1786 tis,
406 1718 599 1788 ingrati
622 1726 645 1754 ε
678 1717 974 1780 beneﬁciis,
999 1716 1166 1771 inﬂati
1195 1717 1488 1787 obsequiis,
1513 1726 1568 1781 et
1589 1717 1869 1787 imperiosi

286 1807 566 1877 subjectis.

358 1902 413 1955 5.
464 1900 590 1955 Hazc
632 1908 754 1955 sunt
797 1898 1060 1970 superbire
1095 1898 1387 1970 grassantis
1433 1899 1647 1968 indicia,
1677 1898 1869 1970 quibus

289 1991 432 2048 Deus
457 1990 764 2058 oiTenditur,
798 2000 853 2045 et
899 1990 1118 2067 recedit,
1151 2006 1213 2044 ac
1249 1991 1476 2059 superba
1506 1989 1667 2043 corda
1700 1988 1867 2044 desti-

286 2085 410 2137 tuit.
446 2082 539 2138 His
569 2081 590 2120 τ
620 2083 771 2137 malis
802 2081 1045 2137 diabolus
1071 2090 1254 2152 pastus
1294 2080 1541 2146 exsultat,
1589 2079 1865 2147 invitatur.

286 2184 345 2230 ut
372 2174 573 2240 veniat,
611 2172 869 2244 superbas
897 2185 1105 2228 mentes
1133 2174 1316 2240 intrat,
1347 2184 1402 2228 ut
1435 2182 1643 2238 teneat;
1688 2172 1863 2243 erigit,

285 2278 345 2322 ut
369 2266 581 2333 allidat;
625 2267 789 2332 fovet,
839 2275 895 2323 ut
927 2265 1111 2336 perdat
1146 2282 1160 2321 :
1195 2265 1285 2336 qui
1318 2275 1341 2313 ε
1377 2265 1771 2336 inexplebiliter
1800 2264 1865 2320 de

286 2359 405 2429 ipsa
449 2356 777 2430 perditorum
828 2358 1139 2428 captivitate
1186 2358 1480 2427 tripudiat;
1525 2368 1583 2412 ut
1625 2358 1867 2429 captivos

281 2464 437 2518 suos,
461 2466 596 2521 quos
620 2450 885 2520 superbia:
915 2450 1115 2507 viribus
1141 2452 1240 2507 sibi
1268 2452 1516 2522 subjecit,
1541 2454 1661 2522 jure
1691 2452 1865 2522 possi-

282 2542 434 2609 deat,
464 2550 519 2597 et
546 2543 722 2596 omnia
752 2542 840 2596 illa
872 2541 1009 2596 mala
1040 2558 1157 2613 quae
1185 2544 1431 2613 superius
1458 2543 1866 2612 comprehendi,

281 2647 388 2703 per
416 2632 537 2687 illos
557 2640 831 2687 exerceat.
862 2630 1048 2687 Merito
1078 2632 1236 2703 igitur
1273 2648 1366 2698 per
1384 2632 1584 2703 justum
1614 2633 1702 2687 Dei
1728 2632 1868 2701 judi-

277 2725 429 2779 cium
460 2723 779 2778 deseruntur
820 2723 1119 2793 hujusmodi
1160 2724 1371 2779 occulto
1412 2722 1437 2759 ιι
1468 2723 1704 2781 damnati
1744 2739 1871 2793 sup-

278 2817 483 2889 plicio;
524 2820 775 2888 quoniam
819 2832 923 2871 non
964 2816 1225 2871 violenter
1272 2816 1489 2881 addicti,
1537 2816 1632 2871 sed
1679 2824 1873 2887 sponte

277 2911 487 2967 cedunt
516 2909 780 2981 superbiae
802 2908 1113 2978 decipientis
1141 2909 1396 2978 imperio;
1426 2908 1513 2962 cui
1542 2909 1719 2978 utique
1750 2923 1872 2979 pos-

277 3011 438 3067 sunt,
465 3000 482 3039 ι
511 3001 556 3056 si
585 2999 871 3068 voluerint,
899 3013 1196 3070 repugnare
1216 2997 1395 3052 libera:
1419 2998 1706 3052 voluntatis
1727 2998 1872 3053 arbi-

278 3094 435 3160 trio;
475 3092 682 3147 liberati
719 3106 811 3161 per
840 3090 1038 3145 donum
1079 3091 1308 3161 Spiritus
1349 3092 1541 3154 sancti,
1580 3099 1635 3145 et
1658 3090 1866 3146 muniti.

1305 310 1392 370 DE
1434 313 1587 370 VITA
1626 310 2204 377 CONTEMPLATIVA
2242 312 2367 370 LIB.
2409 312 2496 370 111.

287 441 397 481 non
424 426 671 494 credunt,
698 426 893 500 aequari
923 425 1219 481 senioribus
1247 433 1271 461 ι
1295 424 1669 497 dedignantur,
1701 439 1860 495 super
1888 429 1941 491 Α

3442 310 3546 370 486

2606 424 2831 482 CAPUT
2872 424 2964 480 ΙΧ.

2136 517 2334 589 Quibus
2358 519 2516 590 signis
2540 520 2826 575 invidorum
2847 518 3132 577 declaretur
3161 516 3375 572 invidia.

2044 610 2096 664 Ι,
2125 609 2268 665 Ordo
2299 609 2415 678 ipse
2443 610 2659 681 exigere
2683 612 2892 668 videtur
2928 618 2986 667 ut
3011 609 3079 669 de
3113 609 3307 667 invidia
3334 625 3543 681 quoque

1969 714 2134 775 pauca
2176 700 2438 767 dicamus,
2480 717 2598 773 qua:
2645 701 2698 757 in
2746 712 2951 759 tantum
2992 702 3061 759 de
3100 701 3360 771 superbia
3402 701 3544 753 fonte

1969 792 2226 858 manavit,
2258 800 2318 849 ut
2354 792 2620 857 diabolus.
2652 794 2741 863 qui
2784 809 2879 863 per
2908 793 3211 861 superbiam
3239 793 3421 866 periit,
3452 794 3544 847 IIO‘?

1970 882 2169 939 minem
2199 882 2428 959 primum
2457 885 2659 951 statim,
2690 899 2979 943 succensus
3008 886 3220 945 invidia
3250 885 3394 953 felle,
3425 900 3545 955 per-
3628 882 3635 887 ’

1967 972 2192 1039 diderit;
2232 968 2251 1011 ι
2284 988 2513 1045 namque
2542 988 2570 1028 a
2598 974 2816 1031 diabolo
2842 976 3117 1046 processit.
3144 978 3397 1044 Proinde,
3418 977 3543 1049 quia

1968 1062 2108 1119 idem
2144 1063 2386 1123 diabolus
2413 1065 2775 1135 superbiendo
2820 1066 3059 1133 invidus,
3103 1083 3209 1125 non
3258 1069 3545 1125 invidendo

1967 1157 2230 1227 superbus
2254 1144 2523 1229 apparuit,
2543 1174 2646 1217 non
2669 1159 2919 1230 superbia
2954 1160 3158 1217 fruetus
3182 1162 3399 1217 invidias
3422 1162 3541 1230 fuit,

1968 1250 2060 1306 sed
2084 1249 2281 1317 invidia
2312 1268 2377 1308 ex
2404 1253 2654 1325 superbia
2688 1253 2867 1313 radice
2893 1255 3172 1325 processit.
3201 1253 3381 1322 Unde,
3406 1272 3537 1326 quo-

1967 1342 2108 1403 niam
2139 1352 2395 1413 quantum
2427 1344 2639 1405 invidos
2664 1346 2863 1417 afﬂigat
2884 1345 3105 1415 invidia,
3124 1358 3159 1384 η’
3182 1350 3361 1409 sermd
3385 1366 3542 1420 supe-

1967 1435 2076 1489 rior
2091 1434 2199 1507 jam
2225 1435 2481 1513 prodidit,
2508 1451 2615 1499 non
2640 1438 2726 1495 hic
2753 1446 2781 1474 ιι
2806 1437 2873 1493 de
2901 1438 3041 1495 illius
3070 1442 3331 1511 supplicio
3354 1442 3541 1498 dicen-

1967 1527 2099 1583 dum
2125 1526 2357 1597 videtur,
2380 1543 2485 1598 quo
2516 1544 2642 1586 suos
2673 1533 2880 1591 animos
2908 1530 3075 1610 invidi
3102 1531 3348 1595 laniando
3379 1535 3544 1589 conii-

1967 1616 2143 1682 ciunt;
2194 1618 2289 1677 sed
2335 1618 2439 1676 hoc
2483 1627 2709 1686 tantum,
2739 1620 2971 1681 donante
2994 1622 3244 1690 Domino,
3287 1624 3545 1681 debemus

1968 1708 2273 1773 ostendere,
2310 1710 2536 1777 qualiter
2576 1711 2739 1767 invidi
2778 1720 2963 1773 sancte
2999 1713 3287 1770 viventium
3330 1716 3540 1781 merita,

1893 1799 2061 1871 Bsua
2107 1800 2303 1857 faciant
2345 1801 2632 1863 invidendo
2674 1814 2924 1873 peccata;
2966 1813 3022 1862 et
3050 1816 3311 1877 quantum
3365 1809 3421 1865 in
3464 1810 3547 1865 eis

1973 1900 1997 1927 °
2032 1892 2231 1951 bonum
2260 1903 2571 1967 corrumpat
2611 1895 2806 1953 invidia
2826 1936 2842 1963 ,
2870 1898 2963 1970 qui
2990 1898 3245 1969 quidquid
3273 1899 3397 1955 boni
3429 1898 3547 1956 fieri

1969 1984 2051 2039 vel
2092 1984 2196 2041 dici
2231 2000 2261 2040 a
2296 1986 2497 2045 sanctis
2527 1987 2819 2055 audierint,
2866 1997 2957 2045 aut
2984 1992 3203 2046 omnino
3228 2002 3255 2041 ρ
3287 2008 3392 2047 non
3420 2006 3543 2049 cre-

1967 2073 2121 2142 dunt,
2151 2085 2241 2137 aut
2275 2091 2360 2133 res
2387 2078 2525 2139 bene
2548 2089 2727 2150 gestas
2769 2081 2825 2135 in
2858 2082 3060 2138 malum
3097 2082 3236 2141 male
3284 2090 3545 2153 interpre-

1968 2165 2130 2221 tando
2173 2177 2510 2231 convertunt.
2545 2170 2714 2227 Omne
2753 2170 2949 2229 malum
2997 2173 3140 2243 quod
3168 2175 3235 2233 de
3262 2174 3367 2230 illis
3396 2191 3546 2231 mene

1965 2257 2068 2321 ἀει
2107 2258 2241 2315 fama
2286 2260 2589 2332 iactaverit,
2620 2263 2829 2331 Statim,
2855 2273 3104 2335 tanquam
3137 2278 3165 2317 tt
3194 2268 3241 2323 si
3272 2268 3371 2337 ipsi
3400 2269 3549 2323 vidc-

1967 2349 2098 2417 rint,
2129 2351 2371 2421 credunt.
2394 2352 2654 2419 Feraliter
2687 2358 2767 2413 eis
2798 2359 2889 2427 qui
2917 2358 3047 2413 illud
3082 2374 3265 2415 verum
3292 2377 3397 2419 non
3426 2377 3545 2417 esse

1969 2439 2196 2510 probare
2230 2444 2526 2515 voluerint,
2555 2446 2945 2507 contradicunt.
2976 2449 3165 2507 Omnia
3192 2451 3304 2506 suis
3334 2452 3545 2508 ramulis

1970 2532 2193 2607 tingunt,
2224 2547 2409 2593 eorum
2448 2535 2691 2613 profectu
2734 2537 3007 2603 delicium,
3057 2541 3175 2599 odia
3202 2542 3337 2597 intra
3365 2557 3423 2597 se
3451 2544 3546 2598 ab-

1970 2625 2256 2695 scandunt,
2285 2636 2340 2685 et
2380 2628 2434 2693 in
2462 2642 2591 2691 suos
2617 2632 2887 2695 cruciatus
2923 2625 3214 2699 enutriu'nt,
3253 2636 3545 2704 proficiam

1972 2722 2110 2783 tibus
2136 2723 2397 2795 invident,
2425 2727 2769 2796 peccantibus
2790 2728 2990 2785 favent.
3015 2729 3089 2787 De
3110 2732 3367 2787 bonum
3390 2732 3549 2787 malis

1969 2814 2229 2891 gaudent,
2245 2816 2313 2873 de
2336 2817 2661 2889 profectibus
2696 2822 2898 2890 lugent,
2930 2830 2951 2859 τ
2976 2820 3269 2879 inimicitiis
3302 2826 3545 2893 gratuitie

1972 2907 2180 2975 ardent,
2213 2909 2541 2981 deprehendi
2574 2920 2596 2947 ³
2627 2914 2865 2982 pectoris
2906 2914 2990 2971 sui
3028 2915 3283 2975 malitiam
3334 2918 3541 2983 tinem,

1972 3012 2184 3071 semper
2212 3000 2400 3069 amari,
2431 3019 2700 3075 nunquam
2730 3008 2861 3062 certi
2883 3009 3073 3071 ;antici
3097 3008 3315 3077 diaboli,
3346 3011 3545 3067 inimici

1973 3092 2132 3182 etiam
2172 3093 2277 3162 sui,
2315 3094 2561 3153 omnibus
2597 3096 2802 3162 odtosi;
2842 3098 2907 3153 ad
2949 3100 3429 3182 gaudettdaanxii,
3475 3102 3547 3156 ad

280 3158 678 3241 Verumtamen
706 3158 866 3237 etiam
898 3181 1048 3247 tales,
1085 3158 1133 3233 si
1161 3180 1226 3233 ad
1257 3179 1615 3248 recipiendam
1641 3180 1866 3235 salutem
1896 3158 1952 3223 θ’
1975 3158 2275 3253 plangentia
2314 3184 2442 3249 lati,
2484 3186 2766 3257 utrobique
2787 3158 2826 3224 ’ί
2865 3158 3121 3255 perversi.
3172 3174 3314 3245 Inter
3344 3158 3547 3246 amicus

279 3276 550 3331 divinitus
591 3274 829 3341 animati,
860 3288 1007 3343 spem
1042 3272 1388 3341 resipiscendi
1425 3272 1745 3339 concipiant,
1774 3284 1874 3326 nec

279 3382 347 3424 se
380 3368 438 3422 in
466 3367 697 3437 peccatis
726 3368 837 3419 suis
866 3362 1200 3433 desperando
1227 3372 1592 3429 contemnant,
1623 3371 1875 3433 poterunt

282 3458 581 3513 fructuosa:
621 3456 999 3511 satisfactionis
1033 3454 1420 3509 medicamento
1448 3454 1648 3527 sanari,
1689 3462 1743 3509 et
1780 3469 1872 3510 su-

282 3550 559 3621 perbiam,
591 3564 709 3620 quae
738 3562 832 3603 eos
870 3562 898 3599 a
928 3546 1035 3601 Deo
1061 3562 1158 3602 suo
1191 3546 1503 3601 tutnefactos
1542 3556 1873 3617 excusserat,

282 3643 530 3697 fundatae
562 3640 873 3695 humilitatis
900 3640 1265 3707 assumptione
1286 3638 1622 3704 damnantes,
1645 3638 1871 3695 vinculis

279 3746 516 3791 aeternae
544 3732 901 3788 damnationis
922 3731 1147 3786 absolvi.
1176 3731 1326 3797 Quod
1350 3733 1573 3798 qualiter
1606 3732 1719 3787 fieri
1748 3746 1871 3800 pos—

278 3826 382 3893 sit,
416 3839 578 3895 supra
606 3825 714 3892 jam
748 3824 998 3890 diximus,
1031 3840 1149 3878 cum
1188 3824 1253 3877 de
1294 3823 1403 3892 ipsa
1434 3824 1700 3893 superbia,
1734 3823 1873 3878 unde

276 3915 640 3989 processerit,
670 3930 774 3986 quo
805 3915 1107 3985 pervenerit
1152 3926 1204 3969 et
1242 3915 1365 3991 quid
1396 3916 1586 3985 egerit,
1613 3924 1879 3994 tractarei

277 4024 437 4063 mus.
475 4010 493 4057 Ι
530 4006 764 4078 Namque
787 4023 814 4059 a
841 4006 1051 4061 diabolo
1078 4006 1355 4076 processit,
1380 4008 1446 4060 ad
1474 4007 1740 4061 hominem
1766 4007 1875 4078 pri-

276 4115 447 4157 mum
498 4100 755 4170 pervenit,
798 4109 852 4154 et
899 4100 950 4153 in
1002 4100 1115 4168 ipso
1157 4109 1322 4153 totum
1356 4115 1523 4169 genus
1561 4098 1873 4163 humanum,

272 4192 448 4249 velut
484 4191 539 4247 in
576 4191 751 4246 radice
790 4190 1040 4259 fructum,
1079 4200 1280 4246 naturae
1321 4200 1509 4263 sponte
1540 4190 1565 4226 ιί
1609 4190 1877 4260 peccantis

272 4286 579 4343 vitiatione
606 4287 868 4357 corrupit.

364 4501 397 4530 ι
434 4491 534 4546 Ms.
557 4505 711 4553 unus,
736 4487 1016 4560 dedignoti.

362 4561 404 4646 ξ
443 4562 580 4618 Edit.
611 4560 797 4616 Colon.
831 4557 885 4615 et
918 4574 1047 4614 mss.
1077 4566 1321 4631 quatuor,
1352 4557 1423 4611 ad
1464 4557 1869 4615 communione»:

267 4652 604 4768 “frEditi,
627 4703 678 4756 in
699 4702 934 4755 videndo.
960 4700 1087 4754 Mss.
1121 4714 1323 4767 omnes,
1356 4700 1409 4753 in
1436 4700 1712 4755 audiendo.

360 4773 397 4860 ἦ
442 4775 517 4828 Ita
545 4788 674 4860 ms‘s.
705 4773 810 4856 duo
834 4772 1010 4860 ροηδε,
1039 4778 1093 4825 et
1117 4771 1305 4860 melius
1332 4770 1547 4843 quidem
1567 4786 1725 4842 quam
1754 4768 1874 4838 effe-

261 4848 424 4913 ταὶ,
457 4844 596 4925 quod
621 4844 813 4913 legitur
834 4844 886 4897 in
914 4843 1031 4897 aliis
1057 4841 1363 4895 codicibus.
1586 4841 1590 4842 “
1808 4912 1825 4925 _

308 4929 393 4993 μς
439 4914 608 4993 bdtt._
629 4915 789 4993 I_)_uac.
825 4924 877 4969 et
902 4911 1089 4967 Colon.
1132 4927 1249 4965 cum
1291 4926 1391 4967 ms.
1437 4927 1563 4984 uno,
1614 4912 1870 4984 beneﬁcis,

259 4990 419 5052 alii,
449 4985 725 5052 beneﬁciis.

361 5059 390 5099 ι
759 5068 913 5118 unus,
949 5052 1044 5133 [lis
1071 5053 1246 5133 signis,

352 5141 393 5178 ιι
444 5126 544 5181 Ms.
577 5125 729 5179 Coib.
755 5140 909 5188 unus,
943 5122 1380 5192 inexplicabifiter.

350 5199 394 5237 ιι
449 5196 575 5251 Mss.
597 5209 712 5259 sex,
744 5196 1100 5264 prwdamnoti.

332 5270 385 5308 -ε
450 5268 596 5332 Hice,
620 5266 666 5320 si
692 5261 957 5332 voluerint,
991 5264 1184 5319 absunt
1209 5278 1239 5317 a
1270 5277 1397 5319 mss.
1433 5265 1564 5334 Reg.
1591 5261 1800 5320 duobus
1826 5270 1882 5318 et

252 5338 501 5402 Camb.

349 5415 377 5486 ρ
452 5408 579 5486 MSS.
608 5407 859 5486 quinque,
886 5404 1143 5476 Namque.
1176 5402 1668 5486 Editi_,_.Na_r1_quia.

348 5482 384 5521 ι
446 5480 560 5533 Sic.
593 5472 695 5531 nis.
738 5472 886 5531 Colb.
930 5472 1084 5541 unus,
1130 5490 1250 5529 cum
1281 5475 1419 5529 aiiis.
1447 5472 1589 5530 Editi
1617 5489 1737 5531 cum
1764 5472 1883 5546 qui-

246 5551 537 5614 busdam
561 5547 945 5629 ηιεεηρσεεαξί.
979 5547 1073 5600 Ms.
1117 5546 1245 5611 Reg.
1288 5561 1444 5629 unus,
1472 5546 1737 5621 parcenti;
1776 5543 1882 5600 alia

241 5636 499 5687 manu.
532 5620 770 5688 pereatis,
807 5617 942 5670 forte
969 5630 1065 5682 pro
1094 5618 1361 5685 peccantis.
1475 5617 1482 5621 ⁷

241 5690 583 5823 maxiem“.
615 5698 747 5757 tres,
778 5696 894 5742 nam
916 5687 1060 5755 quia.
1100 5686 1239 5741 Edit.
1270 5685 1462 5761 Lugd.,
1483 5701 1587 5742 non
1616 5688 1760 5757 quia,
1785 5682 1883 5753 sed

238 5779 475 5832 male.

1974 3282 2001 3309 ιι
2036 3275 2332 3333 discordias
2370 3277 2658 3346 seminant,
2682 3288 2707 3317 ν
2737 3278 3105 3335 discordantes
3149 3280 3215 3336 ad
3242 3290 3470 3351 tempus,
3498 3284 3544 3337 si

1976 3377 2218 3438 possunt,
2264 3368 2316 3424 in
2363 3369 2698 3435 dissensione
2766 3373 3104 3428 confirmant.
3152 3383 3180 3410 ι
3227 3376 3541 3443 Opinionem

1978 3464 2238 3518 bonorum
2264 3462 2554 3518 mendaciis
2582 3463 2896 3521 decolorant
2920 3484 2930 3516 :
2964 3465 3017 3519 in
3049 3464 3405 3535 spiritualibus
3427 3483 3547 3522 car-

1980 3556 2119 3611 nalia
2148 3555 2385 3622 laudant,
2420 3564 2477 3611 nt
2499 3556 2789 3626 spirituth
2817 3558 2953 3619 bona
2995 3559 3073 3613 eis
3109 3560 3295 3614 deesse
3332 3573 3548 3628 persas-

1980 3646 2161 3700 deant.
2191 3645 2466 3701 Amicitias
2492 3646 2763 3712 simulant,
2798 3655 2855 3702 ut
2888 3662 2982 3703 eos
3006 3651 3094 3718 qui
3125 3665 3185 3704 se
3214 3650 3421 3705 incaute
3446 3652 3547 3707 sibi

1981 3744 2008 3784 γ
2029 3735 2413 3803 commiserint,
2439 3752 2543 3804 qua
2578 3747 2801 3806 possunt
2828 3746 2941 3795 arto
2968 3739 3257 3809 decipiant.
3290 3743 3541 3797 Odiorutn

1980 3827 2081 3882 sibi
2106 3828 2414 3885 occasiones
2445 3829 2620 3898 pravis
2649 3831 3042 3899 suSpicionibus
3070 3846 3415 3900 concert-ant;
3438 3836 3549 3890 duo

1982 3936 2187 3987 mones,
2224 3937 2447 3988 quorum
2490 3931 2759 3979 sectantur
2799 3925 2956 3990 facta,
2996 3927 3285 3985 laetiﬁcant.
3327 3929 3549 3986 Sanetos

1982 4012 2124 4068 viros
2168 4012 2359 4082 quibus
2406 4024 2531 4067 sunt
2578 4015 2688 4069 noti
2725 4017 3072 4080 contristent,
3118 4020 3262 4073 velut
3294 4021 3450 4074 amici
3494 4022 3548 4075 in

1982 4102 2263 4169 obsequio,
2297 4101 2477 4158 hostes
2510 4105 2562 4156 in
2592 4104 2787 4158 animo.
2841 4114 2861 4139 κ
2899 4106 3244 4161 Contitientes
3280 4108 3332 4161 in
3364 4111 3549 4176 verbo,

1987 4202 2165 4264 turpes
2194 4194 2244 4257 in
2274 4193 2431 4248 facto.
2471 4193 2682 4263 Prodigi
2711 4203 3059 4263 secretorum,
3091 4206 3147 4234 ιη
3188 4210 3398 4255 tenaces
3437 4215 3553 4254 ma.

1988 4285 2179 4349 lorum,
2204 4283 2435 4355 prompti
2465 4284 2827 4354 suspicionum
2857 4285 3141 4353 malarum,
3171 4288 3355 4345 inanes
3386 4289 3553 4346 Inno-

1891 4485 1950 4548 D
2042 4498 2080 4533 ω
2115 4487 2213 4541 Ms.
2238 4501 2395 4554 unus,
2426 4487 2659 4556 superius
2687 4502 2849 4541 sermo
2864 4488 3002 4557 jam.

2046 4565 2074 4593 ²²
2116 4559 2240 4615 Mss.
2272 4557 2427 4613 Colb.
2458 4573 2613 4623 unus,
2643 4557 2703 4611 de
2733 4558 3006 4613 illorum...
3036 4574 3154 4629 quo.
3184 4559 3308 4619 Mss.
3334 4570 3464 4629 tres,
3488 4563 3553 4618 de

1982 4628 2181 4683 illius...
2211 4630 2368 4683 auod.

1974 4644 2157 4685 tutus”
2170 4670 2181 4684 .
2211 4644 2368 4685 ααοα.

2051 4647 2583 4776 ἕδῇξὲῗῖἰέῗτῖὺετοηη
2611 4698 3033 4776 ὸοηοτιιηρκΜεξ,
3065 4700 3201 4776 Reg.
3232 4702 3361 4776 duo,
3385 4722 3553 4776 quu-

1978 4780 2086 4824 tum
2116 4771 2187 4842 eis
2214 4770 2399 4823 bonum
2425 4778 2713 4842 corrumpet
2742 4770 2952 4825 invidia.
2990 4770 3272 4842 Quidquid,
3300 4770 3409 4834 etc;

2048 4851 2075 4889 p
2116 4841 2214 4896 Ms.
2247 4854 2403 4907 unus,
2431 4856 2529 4893 non
2558 4841 2837 4897 credant...
2868 4841 3185 4905 convertant.

2054 4920 2083 4961 tt
2122 4910 2219 4965 Ms.
2247 4926 2407 4976 unus,
2436 4911 2480 4963 si
2505 4920 2552 4964 et
2578 4911 2694 4981 ipsi.

2056 4990 2077 5018 τ
2120 4980 2278 5046 Editi,
2310 4982 2374 5034 de
2402 4981 2699 5047 inimicitiis,
2724 4980 2852 5039 Mss.
2885 4999 2990 5041 non
3018 4984 3213 5045 habent
3240 4989 3322 5045 de.

2056 5058 2078 5123 ἐ
2117 5051 2255 5123 Mss.
2272 5051 2399 5116 duo,
2428 5054 2641 5123 peccati.

2058 5122 2076 5156 '
2121 5120 2671 5199 Editi,_dispcr_si.'Ms_.
2709 5138 2866 5197 unus,
2894 5126 3340 5199 ubiqueperuersi.

2056 5199 2083 5227 ιι
2123 5192 2248 5246 Mss.
2277 5190 2404 5257 duo,
2437 5192 2762 5248 discordiam.
2847 5190 2865 5197 ’
2990 5190 3003 5196 ⁷
3088 5192 3095 5197 ’

2053 5270 2082 5300 ν
2120 5261 2406 5339 Ms,_Colb.
2446 5276 2602 5328 unus,
2635 5265 3009 5339 discordantes,
3033 5268 3078 5329 si
3118 5276 3361 5339 possunt,
3386 5277 3551 5322 arte».

1987 5334 2086 5387 tius
2114 5333 2167 5386 in
2193 5331 2502 5397 dissensione
2525 5337 2851 5403 conﬁrmant.

2061 5413 2087 5439 κ
2128 5403 2261 5474 Mss.
2277 5403 2401 5468 duo,
2431 5403 2723 5474 Opinionem

2059 5483 2090 5523 γ
2130 5473 2289 5541 Edtti,
2322 5473 2697 5533 commiserunt.

2062 5554 2083 5580 ι
2126 5542 2251 5619 Mss.
2287 5560 2440 5610 unus,
2466 5548 2847 5619 incontinentes.
2874 5547 3043 5619 Alter,
3076 5549 3283 5619 compti.

2060 5623 2117 5700 αξ
2157 5615 2284 5700 Mss.
2309 5627 2532 5700 quatuor
2554 5616 2709 5675 Colb.
2744 5625 2912 5698 totum
2938 5615 3271 5700 huncloeutn
3295 5621 3373 5700 ita
3399 5621 3555 5678 exitio

1987 5684 2135 5762 bent,
2166 5693 2362 5762 tenaces
2391 5689 2640 5749 malarum
2682 5688 3044 5760 suspicionum,
3084 5690 3258 5757 illam
3286 5692 3560 5762 unum,

1991 5756 2127 5824 pleni
2150 5757 2399 5823 sordium,
2433 5769 2534 5813 etc.
