4124 6350
579 391 681 445 487

580 594 743 648 corde
768 593 1068 656 virtutibus,
1099 590 1245 661 pravi
1279 592 1534 657 moribus,
1574 600 1629 644 et
1658 589 1898 645 insidiosi
1942 590 2150 644 cunctis

583 696 607 723 ⁸
634 703 810 741 secum
839 687 888 738 in
921 684 1257 750 simplicitate
1288 683 1610 739 viventibus.

646 778 701 834 2.
743 778 866 832 Htec
896 776 922 814 δ
954 789 1007 832 et
1041 776 1122 831 his
1159 775 1352 832 similia
1401 786 1529 832 sunt
1565 792 1685 847 qua:
1727 791 1914 833 omnes
1944 777 2152 833 invidos

490 908 495 947 ζ
583 881 605 909 ο
644 871 795 925 bonis
830 882 955 925 voto
986 871 1100 925 sive
1129 871 1306 925 animo
1337 871 1583 926 inimicos
1612 872 1920 925 ostendunt.
1948 871 2005 925 In
2039 872 2153 926 haec

578 963 714 1017 mala
763 948 1064 1027 deveniunt,
1116 963 1202 1032 qui
1259 962 1569 1017 insectando
1610 960 1639 999 ἀ
1684 963 1986 1029 sectandos,
2029 972 2051 999 ε
2100 970 2154 1017 et

578 1054 875 1123 diligendos
900 1055 1273 1121 abominando,
1300 1054 1536 1110 feraliter
1556 1071 1585 1109 a
1609 1056 1984 1111 communione
2008 1053 2028 1094 ί
2058 1056 2154 1110 bo-

580 1162 765 1201 norum
793 1150 1029 1201 omnium
1058 1147 1265 1214 seipsos
1303 1147 1594 1202 excludunt
1628 1164 1642 1201 :
1688 1158 1745 1201 ut
1782 1148 1910 1202 illud
1952 1148 2151 1202 bonum

577 1238 695 1307 jure
720 1254 823 1293 non
856 1238 923 1293 sit
951 1241 1003 1291 in
1035 1238 1135 1303 eis,
1158 1238 1298 1308 quod
1320 1249 1713 1309 persequuntur
1740 1240 1790 1294 in
1814 1239 1984 1295 bonis.
2017 1240 2156 1294 Con-

584 1331 835 1396 siderate,
860 1331 1105 1396 obsecro,
1133 1329 1359 1400 qualiter
1386 1330 1593 1384 invidos
1615 1333 1860 1400 punitura
1891 1331 1998 1385 sint
2020 1331 2153 1384 mala

582 1437 701 1490 sua,
735 1437 868 1493 quos
901 1424 1060 1479 etiam
1101 1423 1237 1477 bona
1267 1424 1491 1493 puniunt
1529 1423 1719 1478 aliena.
1760 1423 1860 1479 Ulli
1906 1422 1994 1478 isti
2041 1421 2156 1477 fieri

585 1525 833 1585 poterunt
872 1516 1017 1581 boni,
1061 1516 1147 1585 qui
1179 1525 1303 1569 sunt
1340 1516 1393 1570 in
1430 1516 1570 1571 bono
1617 1516 1775 1570 mali?
1816 1524 1909 1570 aut
1944 1515 2155 1586 quando

585 1607 719 1662 bene
745 1608 896 1661 malis
921 1608 1064 1685 usuri
1088 1616 1228 1673 sunt,
1260 1607 1351 1676 qui
1390 1608 1525 1661 male
1560 1606 1714 1661 bonis
1754 1608 1830 1661 uti
1868 1623 1973 1661 non
2016 1606 2158 1661 desi-

585 1698 742 1751 nunt!
775 1696 915 1753 Bene
944 1698 1092 1774 malis
1130 1698 1212 1751 usi
1242 1707 1364 1751 sunt
1392 1706 1652 1767 martyres
1690 1700 1881 1763 sancti,
1918 1698 1969 1752 in
2003 1697 2155 1752 testi-

584 1791 761 1843 m0nio
797 1790 1087 1843 Salvatoris
1131 1790 1293 1842 nostri
1323 1802 1564 1854 veraces,
1594 1796 1650 1842 et
1677 1788 1730 1842 in
1776 1789 1967 1843 castris
1997 1787 2156 1857 spiri-

1914 379 2170 439 JULIANI
2211 376 2483 439 POMERII

582 518 715 556 rum.
752 500 894 555 Pleni
933 499 1188 564 sordium,
1238 496 1441 566 ptacditi
1491 494 1786 551 fraudibus.
1838 495 2139 551 Adversarii
2168 496 2457 560 Ainvidire
2495 495 2712 550 vulnere
2755 504 2942 551 sanato
2989 497 3238 563 correcti,
3289 498 3698 555 amaritudinem
3746 501 3826 555 sui
3916 520 3920 523 ν

3724 387 3825 444 488

2254 588 2482 657 pectoris
2504 587 2783 643 dulcedine
2812 589 3061 643 fraternae
3085 588 3389 647 dilectionis
3407 593 3704 663 expellant,
3738 610 3829 649 eos

2253 692 2290 720 ἠ
2330 686 2649 757 simpliciter
2680 682 2909 738 amando
2950 699 3083 753 quos
3128 685 3376 751 oderant,
3414 696 3473 740 ut
3518 670 3597 740 ad.
3633 687 3828 741 bonum

2228 769 2498 833 ’fraternte
2540 777 2931 834 communionis
2963 790 3024 829 ac
3061 779 3225 843 pacis,
3260 776 3518 831 bonorum
3561 778 3824 843 omnium,

2253 885 2477 941 quorum
2505 880 2531 907 ιι
2559 871 2915 944 gravabantur
2946 869 3171 935 meritis,
3197 868 3516 938 adiuventur
3536 867 3830 939 exemplis?

2875 960 3101 1016 CAPUT
3140 960 3205 1015 Χ.

2504 1055 2726 1120 Quantis
2754 1053 2902 1107 malis
2933 1053 3127 1106 vanitas
3153 1066 3311 1129 annos
3338 1053 3579 1110 involvat.

2327 1145 2380 1199 1.
2432 1144 2526 1200 His
2570 1156 2593 1180 ο
2634 1146 2812 1214 itaque
2858 1159 3019 1214 super
3070 1143 3265 1198 invidia
3312 1145 3624 1213 disputatis,
3674 1163 3828 1217 quam

2256 1237 2403 1306 gravi
2434 1236 2576 1290 malo
2604 1237 2762 1292 etiam
2793 1236 2998 1289 vanitas
3020 1250 3188 1291 vanos
3217 1236 3471 1303 involvat,
3499 1253 3829 1309 consequen-

2257 1336 2340 1383 ter
2367 1327 2667 1394 expediam.
2698 1328 2826 1392 Quze
2849 1336 2905 1381 ut
2927 1326 3135 1381 facilius
3164 1328 3334 1381 vitari.
3349 1330 3676 1399 possit,quid
3701 1333 3750 1384 in
3773 1347 3829 1388 se

2259 1422 2614 1490 corruptionis
2646 1410 2835 1475 habeat
2876 1421 3107 1475 breviter
3141 1420 3495 1477 declaremus.
3522 1423 3637 1478 'Est
3689 1427 3827 1480 enim

2256 1513 2484 1577 vanitas,
2534 1512 2714 1566 inﬂata
2759 1512 2997 1582 quaedam
3042 1513 3185 1567 circa
3234 1513 3613 1570 delectationes
3661 1518 3830 1573 varias

2257 1607 2420 1660 animi
2467 1605 2762 1674 languentis
2811 1604 3039 1672 all'cctio,
3092 1604 3334 1674 potiendi
3386 1604 3605 1659 honoris
3651 1608 3827 1673 avida,

2258 1696 2413 1750 simul
2445 1707 2497 1750 et
2527 1695 2727 1759 nescia,
2766 1694 2953 1748 morbo
2981 1704 3006 1743 ρ
3036 1695 3367 1749 excellentia}
3391 1696 3563 1750 inanis
3588 1698 3828 1765 qafflala,

2258 1801 2409 1853 cava,
2425 1786 2687 1852 morbida,
2704 1786 3027 1854 turbulenta,
3044 1788 3343 1841 animorum
3376 1786 3572 1842 levium
3593 1789 3828 1855 domina,

584 1880 809 1935 tualibus
857 1880 1058 1936 strenui
1110 1880 1428 1944 bellatores;
1477 1880 1565 1949 qui
1623 1879 2053 1934 tribulationibus
2101 1874 2233 1935 etB
2259 1877 2397 1933 male
2426 1878 2654 1931 fundatis
2683 1878 2930 1932 omnibus
2954 1877 3599 1950 blanda,repuguantibus
3632 1878 3827 1945 fumea,

584 1972 811 2034 damnis,
844 1986 906 2026 ac
949 1972 1106 2025 variis
1133 1970 1455 2026 cruciatibus
1485 1970 1681 2035 all‘eCIi,
1720 1972 1921 2039 pariter
1949 1982 2003 2027 et
2030 1988 2157 2042 pro-

585 2063 714 2129 bati,
751 2064 975 2119 terrenis
1002 2063 1238 2117 ccelestia
1267 2070 1637 2127 mutaverunt;
1666 2070 1721 2117 et
1751 2072 1775 2109 8
1803 2063 1870 2117 de
1896 2064 2037 2118 bono
2061 2080 2158 2120 usu

589 2156 843 2208 malorum
870 2154 1091 2222 profecti
1114 2154 1178 2207 ad
1208 2153 1396 2223 gaudia
1420 2154 1682 2208 bonorum
1706 2154 2014 2221 perennium
2040 2168 2157 2223 per-

587 2257 863 2303 venerunt.
908 2247 1034 2302 Item
1067 2248 1221 2307 bonis
1250 2247 1411 2300 utitur
1441 2246 1648 2301 invidus
1680 2236 1840 2313 male,
1890 2248 2014 2315 quia
2044 2262 2161 2301 om-

590 2341 743 2395 nibus
771 2342 922 2395 bonis
957 2355 1075 2409 quae
1116 2341 1274 2395 miser
1301 2350 1628 2405 exsecratur,
1660 2340 1959 2410 abjunctus,
1996 2341 2158 2396 animi

588 2432 669 2487 sui
715 2431 974 2500 supplicio
1026 2429 1053 2466 ¹ι
1097 2430 1422 2501 relinquetur
1466 2430 1801 2499 afﬂigendus.
1849 2432 1915 2486 Et
1963 2433 2080 2501 quis
2109 2435 2158 2488 ei

590 2522 779 2593 poterit
809 2521 1111 2585 subvenire,
1137 2524 1223 2591 qui
1256 2536 1314 2577 se
1342 2522 1441 2575 sibi
1471 2522 1692 2578 exhibet
1716 2522 2009 2578 invidendo
2034 2539 2155 2578 car-

590 2615 832 2668 nilicem?
858 2614 962 2667 Aut
990 2612 1129 2668 unde
1156 2613 1254 2668 sibi
1304 2614 1320 2649 ί
1368 2614 1574 2683 parabit
1623 2616 1869 2680 salutem,
1906 2615 1920 2666 i
1958 2616 2047 2685 qui
2091 2616 2158 2671 de

588 2704 773 2758 salutis
797 2705 1013 2775 materia
1046 2704 1313 2758 contrahit
1338 2705 1527 2773 (bonis
1551 2710 1687 2761 male
1713 2706 1942 2776 utendo)
1980 2709 2158 2778 perni-

586 2796 755 2850 ciem?
780 2796 1150 2851 Verumtamen
1181 2797 1223 2852 si
1254 2797 1419 2851 invidi
1446 2814 1657 2868 quoque
1688 2800 1825 2853 sicut
1850 2801 1939 2853 alii
1969 2815 2158 2869 pecca-

588 2895 730 2941 tores
757 2887 1004 2942 divinitus
1027 2887 1289 2958 inspirati,
1316 2888 1376 2943 in
1399 2903 1545 2958 Spem
1571 2892 1950 2960 recuperandae
1971 2892 2157 2948 salutis

586 2990 885 3051 assurgant,
935 2994 997 3035 ac
1025 2982 1126 3037 sibi
1156 2982 1339 3050 quales
1368 2992 1508 3046 sunt,
1546 2984 1652 3036 Deo
1686 2984 1927 3052 placituri
1969 2985 2155 3053 displi-

583 3079 766 3137 ceant,
814 3071 858 3125 si
905 3086 1008 3125 non
1042 3054 1311 3126 imitentur
1338 3072 1488 3138 Cain,
1522 3075 1612 3143 qui
1660 3086 1936 3143 postquam
1985 3075 2158 3129 domi-

583 3162 759 3216 nantis
804 3161 1015 3216 invidiae
1062 3162 1239 3217 furore
1277 3173 1523 3221 caecatus.
1561 3181 1814 3233 germano
1849 3180 1945 3220 suo
1989 3167 2149 3221 vitam

2262 1970 2535 2039 capiendis
2558 1970 2891 2034 .scductoria,
2925 1972 3093 2038 captis
3125 1971 3340 2035 invicta,
3384 1970 3655 2026 simulatio
3684 1990 3832 2041 quae-

2261 2060 2381 2115 dam
2431 2063 2704 2125 virtutum,
2753 2071 2774 2099 τ
2810 2062 2984 2115 anima
3026 2062 3297 2125 vitiorum,
3333 2067 3502 2118 fomes
3540 2064 3831 2118 carnalium

2262 2151 2700 2220 delectationum,
2748 2152 2895 2205 labes
2935 2167 3165 2214 morum,
3209 2152 3464 2222 appetitio
3497 2153 3831 2223 dignitatum,

2260 2241 2433 2315 dulcis
2477 2243 2708 2307 miseris,
2755 2257 2934 2297 amara
2980 2244 3248 2309 perfectis,
3297 2244 3591 2313 periculosa
3632 2245 3828 2315 dubiis,

2261 2333 2543 2401 imperiosa
2567 2332 2842 2401 subjectis,
2872 2342 2892 2368 ⁸
2922 2333 3128 2387 iulirma
3158 2332 3422 2397 fundatis;
3453 2337 3468 2369 ί
3500 2334 3651 2389 facile
3671 2335 3831 2403 capti-

2261 2436 2369 2492 vat,
2398 2428 2695 2497 captivatos
2722 2426 2975 2491 oblectat,
3018 2427 3329 2481 ambitiosos
3367 2439 3540 2491 vexat,
3578 2438 3832 2498 angustos

2260 2520 2427 2584 inﬂat,
2460 2521 2668 2573 inﬂatos
2691 2518 2965 2584 bumiliat;
2996 2519 3080 2573 cui
3110 2521 3347 2574 serviunt
3374 2521 3581 2586 tumidi,
3608 2523 3708 2576 sub
3731 2538 3834 2591 qua

2254 2612 2434 2680 jacent
2467 2612 2611 2678 elati,
2643 2625 2800 2682 quam
2843 2610 3121 2665 inveniunt
3162 2611 3377 2681 perditi,
3417 2613 3482 2666 ad
3526 2629 3685 2682 quam
3713 2628 3833 2669 cur-

2259 2712 2385 2757 runt
2415 2703 2637 2771 lapsuri,
2673 2706 2721 2755 in
2751 2719 2853 2772 qua
2884 2703 2984 2757 sibi
3025 2703 3269 2757 videntur
3294 2714 3437 2757 stare
3462 2703 3569 2772 jam
3604 2704 3757 2774 lapsi.

2327 2795 2380 2846 εὶ.
2414 2795 2538 2848 Haec
2572 2804 2656 2847 est
2698 2796 2917 2857 vanitas,
2960 2809 3078 2862 quae
3109 2809 3211 2847 non
3255 2794 3459 2863 aliquas
3498 2796 3741 2862 virtutes,
3778 2806 3832 2851 ut

2259 2897 2490 2956 putatur,
2519 2895 2544 2921 υ
2576 2888 2830 2950 ettantlat,
2859 2886 2951 2940 sed
2983 2889 3247 2941 licentiam
3274 2887 3545 2954 vitiorum,
3572 2904 3693 2942 cum
3724 2892 3833 2943 tne-

2257 2979 2325 3032 rit
2372 2994 2400 3030 a
2437 2977 2641 3032 vitiosis
2680 2987 2916 3046 recepta,
2953 2979 3308 3031 corroborat:
3341 2988 3592 3035 caeterum
3626 2989 3830 3033 mentes

2256 3072 2509 3125 virtutum
2546 3072 2729 3141 plenas
2771 3071 2992 3124 omnino
3036 3086 3140 3123 non
3172 3080 3432 3139 penetrat.
3470 3070 3675 3125 Vacuus
3704 3055 3830 3141 ergo

2255 3177 2317 3217 ac
2348 3163 2507 3216 nullis
2550 3162 2706 3215 fultos
2738 3162 3020 3215 virtutibus
3052 3171 3252 3226 tental;
3285 3172 3339 3216 et
3375 3163 3518 3231 ipsos
3545 3162 3689 3217 fastu
3718 3166 3828 3217 rui—

585 3270 677 3322 per
706 3253 879 3308 scelus
906 3255 1215 3321 (πείθωμαι
1235 3257 1463 3310 animam
1489 3272 1640 3310 suam
1670 3258 1887 3311 fraterni
1912 3259 2151 3326 corporis
2180 3233 2227 3303 C
2260 3268 2401 3310 nosce
2425 3254 2727 3307 ambitionis
2756 3251 3054 3317 inflatos,in
3083 3252 3287 3307 occulta
3313 3251 3573 3308 dedecora
3600 3255 3828 3323 quadam

584 3356 753 3401 morte
794 3362 1097 3416 percussam
1143 3349 1405 3417 supplicio
1446 3358 1659 3403 acterna:
1698 3350 1885 3403 mortis
1925 3349 2146 3415 addixit,

581 3444 970 3510 consequendze
1001 3444 1169 3497 venia:
1210 3443 1583 3512 desperatione
1623 3443 1907 3512 depressus
1937 3442 2052 3497 aitk
2085 3444 2149 3497 ad

585 3531 860 3587 Dominum
886 3550 901 3587 :
931 3533 1103 3606 Major
1149 3544 1221 3588 est
1255 3537 1495 3603 iniquitas
1533 3553 1641 3589 mea
1679 3552 1829 3605 quam
1865 3546 1917 3588 ut
1959 3537 2151 3590 veniam

582 3638 772 3675 merear
801 3624 951 3693 (Gen.
993 3640 1064 3692 tv,
1099 3626 1216 3694 i5);
1253 3626 1352 3679 hoc.
1382 3634 1465 3680 est
1494 3626 1672 3680 dicere
1702 3627 1811 3680 Deo
1838 3645 1848 3677 :
1883 3626 2150 3695 lndulgeri

582 3715 710 3769 mihi
751 3730 855 3769 non
897 3727 1039 3783 peto,
1072 3718 1192 3785 quia
1235 3727 1570 3785 peccatorum
1613 3732 1850 3772 meorum
1889 3720 2152 3787 magnitu-

583 3806 707 3860 dine
746 3806 1084 3875 indulgentize
1130 3817 1232 3860 ture
1281 3810 1507 3863 vincitur
1544 3810 1873 3878 magnitudo.
1914 3808 2150 3877 Denique

585 3912 844 3967 nusquam
888 3900 1080 3969 legitur
1105 3911 1191 3954 aut
1232 3904 1538 3971 paenituisse
1576 3905 1641 3956 de
1682 3919 1777 3956 suo
1809 3904 2030 3969 scelere,
2061 3914 2152 3958 aut

585 3990 789 4045 veniam
818 3992 1090 4048 meruisse.
1122 3995 1177 4048 Si
1205 4009 1331 4064 ergo
1364 3993 1379 4031 ι
1418 3996 1571 4063 hujus
1598 3995 1946 4051 abhorrentes
1966 4012 2147 4050 exem-

585 4084 725 4153 plum
764 4100 823 4139 se
853 4086 951 4141 sibi
983 4087 1242 4152 auferunt,
1276 4099 1329 4142 et
1354 4103 1415 4143 se
1446 4088 1554 4143 Deo
1594 4103 1690 4143 suo
1721 4092 2019 4155 restituant,
2051 4105 2149 4147 nec

512 4238 515 4241 λ
582 4190 641 4232 se
677 4178 728 4231 in
755 4178 1070 4248 profundum
1100 4182 1360 4235 malorum
1397 4182 1621 4236 salutem
1653 4182 1994 4252 desperando
2029 4198 2151 4250 pro-

580 4268 789 4336 jiciant;
824 4272 942 4338 quis
972 4272 1196 4337 dubitet,
1242 4273 1348 4327 imo
1384 4274 1503 4342 quis
1531 4290 1637 4328 non
1679 4276 1904 4329 lirmiter
1944 4274 2146 4339 credat,

583 4360 659 4413 eis
703 4361 895 4429 prioris
935 4364 1148 4417 malitiae
1184 4365 1394 4417 veniam
1435 4380 1591 4431 posse
1631 4367 1881 4433 conferri,
1916 4366 1959 4419 si
1991 4367 2149 4422 modo

657 4502 684 4565 β
722 4496 818 4548 Ms.
849 4504 985 4550 unus
1012 4514 1114 4553 non
1143 4498 1303 4553 habet
1330 4500 1463 4553 hanc
1486 4515 1691 4565 vocem,
1721 4516 1909 4555 secum.

653 4563 680 4602 δ
721 4566 844 4619 Mss.
887 4574 1022 4632 tres,
1063 4567 1190 4621 Ha'c
1228 4579 1274 4622 et
1310 4570 1413 4622 alia
1452 4580 1587 4623 sunt.
1632 4563 1730 4624 Alii
1763 4581 1902 4638 tres,
1933 4580 1977 4626 et
2026 4572 2152 4626 tat'ia

587 4644 723 4688 sunt.

660 4708 817 4781 ¢_Ms.
862 4707 1017 4764 Colb.
1069 4724 1224 4777 unus,
1272 4709 1413 4763 bonis
1458 4719 1572 4764 voto
1621 4713 1699 4766 sui
1746 4713 1925 4767 animi.
1980 4715 2152 4781 Alter,

585 4776 727 4830 bonis
753 4788 870 4831 noto
902 4781 995 4832 sibi
1022 4776 1217 4834 animo.
1951 4794 1957 4800 '

657 4846 679 4884 ἀ
725 4850 822 4903 Ms.
846 4850 1058 4915 Camb.,
1084 4867 1181 4905 non
1215 4854 1499 4905 sectandas.

660 4927 683 4993 ξ
721 4919 844 4993 Mss.
878 4930 1126 4993 quatuor,
1168 4922 1426 4993 diligendo
1454 4924 1839 4980 abominandos.

660 4986 680 5025 ί
723 4989 818 5042 Ms.
850 4986 1008 5053 unus,
1037 4986 1283 5045 bonoruni
1310 4994 1585 5047 hominum.
1734 5046 1735 5049 η

658 5059 816 5132 BMs.
850 5060 1060 5124 Camb.,
1092 5070 1135 5113 et
1166 5064 1227 5116 de
1254 5060 1385 5115 bono
1409 5080 1523 5132 usu,
1557 5082 1612 5119 eo
1640 5065 1768 5120 bono
1797 5068 1876 5121 usi
1902 5068 2154 5121 malorum

588 5130 834 5201 vrofectu,
862 5132 929 5182 ad
954 5133 1161 5200 gaudia,
1188 5141 1292 5187 etc.
1324 5133 1419 5187 Ms.
1452 5130 1627 5198 Cblb.,
1650 5146 1697 5189 ct
1724 5138 1787 5191 de
1811 5138 1938 5193 bono
1969 5155 2067 5191 usu
2094 5153 2153 5192 eo

585 5202 704 5276 bene
724 5204 809 5276 usi
838 5204 1097 5276 aratorum
1116 5203 1360 5276 profectu,
1393 5206 1460 5257 ad
1489 5208 1697 5276 gaudia,
1729 5218 1832 5263 etc.

655 5268 682 5343 ξι
850 5271 977 5337 duo,
1006 5268 1325 5343 relinquitur.

660 5339 675 5418 ξ
721 5341 845 5418 Mss.
876 5343 1004 5412 Reg.
1030 5352 1084 5397 et
1109 5339 1313 5418 (lamin,
1338 5346 1531 5418 probet.

656 5410 671 5459 i
720 5410 1204 5489 lta‘mssfsepte‘m.
1231 5410 1367 5489 Edit.
1399 5417 1593 5487 Lngd.,
1625 5421 1711 5489 qui
1741 5422 1804 5475 de
1838 5421 2001 5474 salute
2020 5420 2153 5473 male
2186 5422 2187 5425 “

588 5482 768 5559 stendo
800 5479 921 5559 facit
950 5479 1258 5559 perniciem?
1286 5487 1426 5541 Editi
1452 5479 1563 5553 aiii,
1580 5479 1677 5559 'qia
1703 5489 1766 5545 de
1793 5492 1975 5545 salutis
2002 5501 2154 5545 mate-

585 5556 681 5626 ria,
707 5550 848 5626 bonis
874 5550 1002 5607 atate
1032 5556 1213 5609 utendo
1239 5559 1360 5626 facit
1385 5550 1676 5626 perniciem.

655 5618 681 5693 'f
721 5620 849 5693 Mss.
874 5634 1119 5693 quatuor,
1152 5626 1219 5678 ad
1239 5618 1434 5682 'Deunt.

662 5687 680 5726 ι
722 5689 847 5770 Mss.
863 5687 1116 5770 quatuor,
1144 5696 1205 5748 ab
1234 5696 1392 5770 hujus
1429 5700 1754 5757 abhorrentes
1773 5704 2022 5770 exemplo.
2050 5703 2149 5759 Ms.

582 5774 741 5844 all-1}",
764 5762 827 5844 ab
855 5760 1538 5844 Itujusabhorrend'i._Alter,
1560 5772 1878 5828 abhorrentis
1899 5760 2147 5844 exempto.

587 5832 760 5899 Alius,
790 5828 945 5900 hujus
965 5834 1289 5905 abhorrendi,
1320 5839 1438 5897 sine
1465 5828 1547 5897 ab'.

2260 3344 2470 3412 publice
2510 3342 2715 3396 furendi
2757 3343 3117 3397 delectatione
3160 3344 3477 3414 praecipitat,
3507 3356 3533 3383 ν
3564 3348 3700 3400 sicut
3737 3363 3829 3401 va-

2259 3452 2413 3491 cuum
2444 3452 2629 3490 navem
2672 3445 2961 3505 tempestas
3000 3438 3050 3489 in
3087 3437 3303 3492 diversa
3339 3437 3555 3492 tumidis
3586 3439 3829 3496 ﬂuctibus

2256 3533 2440 3601 jat-tat,
2473 3540 2525 3586 et
2558 3532 2609 3583 in
2636 3546 2782 3594 area,
2816 3530 3094 3584 frumentis
3140 3546 3236 3585 sua
3274 3532 3532 3600 gravitate
3570 3535 3829 3588 manenti-

2263 3626 2383 3693 bus,
2418 3633 2444 3659 ι
2473 3626 2617 3679 leves
2645 3639 2711 3679 ex
2738 3638 2798 3677 ea
2839 3632 3027 3677 ventus
3057 3623 3234 3691 paleas
3266 3633 3458 3692 raptat.
3496 3624 3646 3690 Quod
3683 3626 3726 3680 si
3758 3626 3829 3681 ita

2260 3727 2359 3783 est,
2395 3733 2501 3773 non
2536 3717 2758 3771 vitiosos
2790 3715 2915 3771 facit
2946 3716 3151 3771 vanitas
3174 3758 3189 3783 ,
3227 3716 3321 3771 sed
3360 3718 3627 3773 ostendit:
3657 3729 3687 3767 γ
3714 3735 3831 3789 quae

2257 3812 2376 3865 illos
2431 3811 2511 3864 sui
2553 3808 2765 3862 afﬂatus
2816 3816 2974 3863 vento
3010 3809 3331 3875 circumfert,
3372 3825 3433 3862 ac
3474 3810 3685 3865 lubricis
3724 3812 3831 3866 cir-

2256 3914 2527 3957 cumactus
2558 3898 2828 3954 affectibus
2858 3908 3022 3962 rotat;
3061 3901 3148 3968 qui
3185 3915 3241 3953 sc
3268 3901 3333 3953 ad
3357 3915 3541 3955 omnes
3568 3901 3685 3968 ejus
3728 3903 3831 3957 im~

2256 3997 2440 4065 pulsus
2482 3994 2658 4049 studio
2694 3993 2921 4061 propri:c
2949 3992 3238 4046 voluntatis
3276 3991 3713 4055 accommodant;
3742 3994 3833 4064 qui

2255 4106 2315 4147 se
2339 4090 2405 4145 de
2434 4089 2688 4159 operibus
2709 4101 2935 4157 quorum
2965 4085 3065 4139 sibi
3096 4085 3294 4139 conscii
3326 4099 3433 4139 non
3457 4095 3579 4140 sunt
3609 4088 3831 4155 turpiter

2252 4184 2490 4254 iactant;
2525 4187 2611 4253 qui
2644 4198 2703 4237 se
2731 4184 2798 4235 ab
2826 4180 3077 4235 omnibus
3107 4179 3384 4249 praedicari
3414 4167 3507 4247 pei'
3535 4180 3686 4233 nefas
3707 4180 3834 4232 affe-

2257 4284 2437 4342 ctant;
2481 4276 2571 4345 qui
2609 4283 2826 4329 sanctos
2862 4274 3005 4327 viros
3038 4273 3556 4339 suicomparatione
3591 4278 3613 4305 ι
3643 4270 3835 4337 depre-

2259 4370 2428 4423 tiant:
2462 4369 2551 4437 qui
2593 4368 2725 4423 vitio
2749 4380 2895 4422 aurte
2927 4366 3199 4436 popularis
3238 4365 3381 4429 elati,
3416 4363 3547 4418 nihil
3584 4364 3684 4418 sibi
3717 4378 3836 4433 per-

2178 4510 2233 4571 D
2326 4512 2363 4539 m
2394 4502 2561 4559 Abest
2592 4518 2698 4557 vox
2726 4503 3020 4570 simpliciter
3047 4514 3089 4571 a7
3107 4512 3235 4554 mss.
3261 4496 3466 4571 duobus
3494 4497 3648 4571 Golb.

2331 4583 2357 4610 υ
2399 4574 2494 4628 Ms.
2525 4589 2684 4637 unus,
2707 4568 3001 4643 gravantur.
3024 4570 3182 4643 Alter
3206 4568 3365 4639 male,
3390 4570 3796 4638 gratulabantur.

2334 4653 2359 4679 ο
2401 4644 2525 4698 Mss.
2555 4641 2864 4709 Colbftres,
2890 4642 2987 4695 His
3016 4641 3107 4694 ita.

2331 4724 2358 4763 Ρ
2398 4716 2492 4768 Ms.
2519 4731 2676 4780 unus,
2707 4716 2948 4767 scientirr.

2330 4797 2357 4835 ιι
2400 4788 2498 4840 Ms.
2532 4787 2658 4853 Heg.
2692 4798 2846 4849 unus,
2878 4786 3077 4853 inﬂata.

2330 4867 2352 4894 τ
2395 4854 2752 4935 Ms...Catub.,
2792 4857 2955 4908 amica
2998 4858 3267 4921 vitiorum;
3321 4870 3423 4913 ms.
3464 4855 3615 4913 Colb.
3670 4872 3832 4922 unus,

2258 4943 2401 4981 amor
2429 4937 2684 4979 vtttorum.

2256 5068 2298 5123 ϐ
2333 4998 2521 5123 :bllasc
2562 4996 2743 5061 verba,
2786 4995 2991 5075 inﬁrma
3018 4998 3265 5066 fundatis,
3309 4998 3499 5055 absunt
3534 5014 3565 5054 a
3592 5014 3695 5056 ms.
3725 5014 3831 5055 uno

2299 5084 2330 5123 ο
2394 5107 2407 5121 .

2299 5070 2407 5124 olb.
2798 5070 2803 5075 ’

2334 5143 2351 5177 ι
2396 5139 2521 5192 Mss.
2547 5139 2652 5193 duo
2673 5140 2855 5194 Camb.
2885 5140 3111 5196 etColb.
3140 5155 3298 5203 unus,
3327 5142 3546 5196 reddant
3574 5143 3830 5209 incautos,

2256 5210 2382 5266 Mss.
2407 5211 2496 5263 alii
2522 5221 2629 5264 tres
2658 5210 2831 5279 Colb.,
2859 5211 3035 5280 faciles
3065 5212 3304 5280 captivat.

2328 5291 2356 5318 ιι
2384 5280 2510 5347 Mss,
2539 5281 2644 5336 duo
2678 5282 2809 5351 Reg.
2841 5295 2894 5337 et
2924 5281 3134 5349 Camb.,
3164 5282 3468 5353 strangulat.
3491 5284 3642 5339 Colb.
3671 5296 3828 5349 unus,

2256 5353 2552 5419 exanqulat.

2326 5434 2352 5505 ξ
2514 5423 2721 5505 Camb.,
2746 5426 2836 5481 sic.

2325 5502 2351 5529 κ
2391 5494 2519 5566 Mss.
2543 5497 2797 5566 quinque,
2829 5496 2969 5550 levis.

2324 5572 2353 5612 γ
2392 5565 2533 5618 Edit.
2575 5566 2766 5636 Lugd.,
2813 5566 2962 5630 Quod
3001 5566 3136 5621 iuos.
3179 5570 3307 5625 Mss.
3345 5567 3454 5623 duo
3489 5568 3667 5630 Colb.,
3708 5568 3834 5633 quia

2254 5634 2404 5697 illos;
2446 5646 2557 5707 t_um
2601 5634 2731 5692 mss.
2777 5636 3069 5691 Camb.'et
3114 5638 3267 5695 Colb.
3320 5654 3477 5705 unus,
3524 5639 3603 5692 sui
3624 5638 3833 5707 afﬂatus

2253 5715 2419 5831 venio.
2441 5704 2594 5762 Colb.
2625 5709 2779 5773 alter,
2799 5707 2881 5760 sui
2909 5709 3098 5777 afﬂatu
3128 5711 3279 5783 venti.
3307 5704 3482 5777 Alius,
3514 5708 3593 5763 sui
3621 5704 3833 5780 afﬂatos

2253 5792 2344 5830 ven
2370 5792 2449 5831 us.

2253 5792 2449 5831 uentus.

2242 5886 2255 5890 ι
2328 5857 2349 5883 ι
2391 5848 2488 5904 Ms.
2515 5846 2728 5915 Camb.,
2759 5849 3056 5918 depravant.
