4124 6350
288 372 394 427 489

1317 367 1404 423 ns
1446 365 1601 421 vm
1643 361 2216 421 CONTEMPLATIVA
2261 364 2388 420 LIB.
2432 332 2518 420 tu.

3444 367 3551 424 ιινι

290 481 535 538 lectionis
562 481 751 538 deesse
774 480 1101 537 existimant.
1142 480 1550 536 Occurrentium
1592 477 1869 533 salutatio-
1892 478 2316 547 Aperfectionis
2344 476 2369 516 ι
2412 492 2597 533 amore
2639 480 3039 537 transcendere.
3091 480 3340 552 Alioquin
3383 483 3430 539 si
3471 485 3553 540 irr-

286 574 442 627 uibus
468 573 719 641 gaudent,
752 575 860 627 suis
899 573 1261 628 adulatoribus
1295 571 1495 637 favent,
1525 580 1550 607 α
1578 570 1867 638 voluptati-

286 664 389 718 lms
435 674 661 733 parent,
723 665 969 720 omnibus
1020 665 1264 733 turpibus
1326 664 1556 733 placent.
1616 662 1867 717 Gestiunt

285 756 481 811 docere
518 755 657 825 quod
698 758 963 822 nesciunt,
1000 757 1149 813 credi
1177 756 1245 811 de
1283 770 1341 810 se
1380 754 1626 809 sublimia
1655 754 1861 823 volunt,

285 846 620 901 delectabilia
648 848 896 916 gravibus
917 856 1279 918 anteponunt;
1304 855 1651 902 exsecrantur
1679 846 1861 911 verbo,

285 940 426 1009 quod
473 940 653 993 animo
694 940 1124 1009 concupiscunt;
1176 940 1560 1008 appellationes
1610 939 1864 993 virtutum

284 1029 429 1084 vitiis
455 1029 568 1084 suis
589 1027 617 1067 ι)
638 1031 937 1099 imponunt.
980 1030 1050 1086 Se
1079 1032 1225 1100 ipsos
1253 1030 1461 1096 fallunt,
1494 1030 1735 1085 faventes
1764 1029 1865 1084 sibi

289 1132 314 1161 ι
343 1123 634 1191 decipiunt.
668 1123 724 1177 In
758 1123 1111 1193 promissione
1134 1122 1356 1177 honesta
1386 1122 1619 1188 veloces,
1643 1121 1697 1175 in
1719 1119 1868 1175 exhi-

285 1214 485 1269 bitione
510 1212 815 1268 mendaces.
837 1217 878 1269 A
903 1214 1045 1269 bono
1070 1213 1377 1279 mutabiles,
1407 1213 1527 1267 mali
1560 1221 1794 1267 tenaces.
1809 1209 1866 1266 In

285 1308 451 1362 verbo
475 1322 685 1378 graves,
715 1308 767 1361 iu
795 1308 974 1363 animo
1002 1316 1206 1376 turpes,
1239 1306 1438 1376 ubique
1467 1305 1705 1361 fallaces.
1734 1303 1870 1359 ιωιί

284 1398 350 1452 ad
379 1412 655 1468 prospera,
688 1396 903 1467 fragiles
927 1398 994 1452 ad
1021 1397 1266 1453 adversa.
1297 1396 1469 1451 lnﬂati
1492 1396 1558 1450 ad
1589 1395 1866 1466 obsequia,

285 1490 428 1545 anxii
454 1490 519 1545 ad
550 1489 575 1527 ά
601 1492 910 1561 opprobria.
940 1490 1282 1545 lmmoderati
1315 1490 1381 1545 ad
1422 1490 1648 1560 gaudia,
1688 1489 1870 1545 faciles

285 1583 351 1635 ad
384 1581 634 1647 humana,
662 1580 907 1637 difﬁciles
932 1597 1146 1650 semper
1171 1582 1237 1636 ad
1263 1582 1512 1637 honesta.

356 1676 409 1729 5.
473 1666 564 1728 llis
593 1684 615 1709 ο
659 1688 787 1743 ergo
812 1684 868 1729 et
904 1674 1173 1729 similibus
1203 1675 1455 1730 delinitos
1493 1674 1699 1729 vanitas
1743 1688 1869 1743 pre-

286 1767 406 1835 mit,
435 1781 536 1823 nec
558 1782 650 1822 eos
678 1776 770 1821 aut
788 1782 943 1823 suum
976 1769 1223 1823 morbum
1252 1770 1473 1833 sentire,
1499 1778 1592 1823 aut
1614 1768 1679 1823 ad
1701 1767 1873 1823 medi-

1968 570 2099 637 vidi,
2124 571 2168 626 si
2195 571 2432 639 superbi,
2461 572 2503 625 si
2537 570 2684 636 elati,
2716 573 2760 627 si
2784 572 2985 641 cupidi,
3018 573 3131 629 htec
3159 585 3211 629 et
3244 575 3326 629 his
3354 577 3547 632 similia

1969 663 2106 718 mala
2134 665 2366 732 pectoris
2387 664 2469 717 sui
2497 680 2604 718 non
2635 664 2949 733 reprimant,
2976 676 3030 720 et
3052 676 3225 721 tamen
3256 682 3408 724 suum
3428 684 3551 724 cor-

1970 771 2070 826 pus
2101 755 2344 826 iejuniis,
2376 771 2439 811 ac
2486 756 2673 812 labore
2710 758 3067 821 abstinentiae,
3101 760 3344 829 quamvis
3383 763 3552 816 cunti-

1969 855 2168 916 unaue,
2199 847 2517 929 conﬁciant:
2548 863 2649 903 nec
2695 849 2787 904 illa
2814 863 2908 913 eos
2935 864 3098 919 opera
3138 850 3376 919 impensa
3407 854 3553 907 vani-

1969 940 2064 995 tati
2089 939 2405 1009 justilicant,
2434 949 2488 995 et
2517 940 2632 995 hac
2645 941 2791 1004 vitia,
2817 956 2935 1010 qua:
2951 942 3222 1011 negligunt
3244 942 3555 1006 emendare,

1970 1032 2351 1088 condemnant.
2382 1033 2563 1101 Itaque
2600 1032 2723 1087 licet
2756 1034 2766 1069 ¹
2803 1032 3001 1103 ubique
3038 1033 3159 1088 libri
3189 1032 3346 1102 hujus
3375 1034 3558 1102 singu.

1969 1123 2038 1180 lis
2065 1125 2365 1194 quibusque
2398 1123 2542 1179 vitiis
2589 1125 2870 1193 absolutis,
2916 1125 3153 1181 remedia
3192 1141 3405 1195 quoque
3444 1128 3561 1196 qui-

1972 1218 2071 1272 bus
2101 1224 2140 1252 ιη
2172 1218 2382 1287 possint
2417 1218 2592 1273 caveri
2640 1218 2721 1273 vel
2762 1217 3039 1274 emendari
3077 1217 3422 1287 subjecerim,
3472 1218 3559 1271 hic

1972 1318 2155 1366 tamen
2193 1310 2497 1380 compendii
2544 1312 2715 1378 gratia
2764 1311 3031 1381 generalis
3059 1311 3303 1381 quaedam
3350 1310 3557 1380 regula,

1971 1410 2000 1440 ιι
2028 1402 2253 1457 Domino
2288 1403 2640 1468 illuminante,
2674 1402 3020 1458 monstranda
3057 1412 3173 1470 est,
3224 1402 3309 1456 cui
3357 1400 3558 1472 regulas

1976 1502 2001 1530 ο
2029 1495 2292 1549 veraciter
2342 1494 2656 1561 innitentes,
2695 1493 2945 1549 omnibus
2988 1493 3223 1563 peccatis
3265 1492 3555 1549 obsistant.

1975 1596 2004 1635 Ρ
2032 1586 2185 1640 Nulla
2214 1600 2303 1642 res
2326 1586 2405 1641 sic
2436 1600 2535 1640 nos
2571 1585 2638 1640 ab
2668 1585 2813 1640 omni
2845 1593 3067 1655 peccato
3100 1586 3330 1640 servarit
3368 1584 3561 1640 immu-

1977 1692 2096 1743 nes,
2124 1679 2261 1732 sicut
2285 1678 2442 1732 timor
2466 1676 2738 1747 supplicii,
2770 1686 2823 1732 et
2853 1691 3006 1731 amor
3039 1677 3155 1731 Dei.
3182 1675 3289 1731 Sed
3314 1675 3384 1731 de
3419 1678 3559 1731 cari-

1978 1780 2108 1836 tate,
2150 1781 2175 1820 s
2203 1771 2345 1839 quod
2374 1770 2649 1836 Dominus,
2678 1769 2831 1839 cuius
2858 1768 3058 1823 donum
3086 1768 3281 1825 caritas
3312 1769 3425 1839 ipsa
3455 1774 3562 1840 est,

286 1872 408 1911 cum
440 1858 624 1912 venire
645 1858 927 1926 permittit.
960 1858 1028 1913 Et
1047 1858 1171 1928 quid
1192 1869 1274 1914 est
1295 1859 1361 1913 ad
1377 1859 1642 1915 medicum
1664 1860 1869 1925 venire,
1899 1856 1951 1917 Β
1977 1863 2208 1928 dederit,
2241 1872 2420 1932 postea
2451 1862 2801 1919 disseremus.

288 1951 391 2006 nisi
427 1950 695 2005 inﬁrmum
740 1965 866 2005 suas
904 1951 1246 2006 inﬁrmitates
1277 1967 1590 2019 agnoscere,
1626 1966 1723 2007 nec
1762 1952 1873 2021 pla-

287 2054 412 2096 cere
440 2040 564 2105 sibi,
588 2040 682 2096 sed
707 2039 775 2095 de
809 2040 964 2095 factis
994 2055 1116 2108 qua:
1168 2040 1243 2095 illi
1275 2041 1595 2097 videbantur
1619 2056 1739 2097 esse
1760 2042 1876 2109 glo-

284 2131 448 2195 riosa,
480 2129 772 2185 confundi?
800 2128 953 2195 Quod
980 2139 1129 2183 certe
1158 2129 1232 2183 illi
1274 2144 1381 2184 non
1414 2130 1614 2184 faciunt
1636 2132 1748 2199 qui,
1772 2130 1872 2185 de-

284 2224 484 2279 siderio
522 2224 897 2291 comparandae
954 2224 1223 2294 opinionis
1265 2227 1494 2289 incensi,
1549 2227 1627 2281 cis
1669 2236 1871 2280 tantum

286 2314 535 2382 operibus
576 2314 765 2385 quibus
794 2318 990 2370 emitur
1045 2314 1196 2373 favor
1241 2319 1504 2373 humanus
1550 2321 1870 2387 inserviunt,

286 2414 339 2460 et
374 2403 391 2442 τ
426 2419 634 2459 morum
685 2405 819 2459 bona
870 2413 1251 2473 contemnunt;
1298 2418 1608 2479 tantumque
1645 2424 1738 2464 eos
1787 2424 1875 2464 ar-

284 2498 386 2551 dor
414 2497 661 2551 humanm
690 2497 862 2554 laudis
889 2496 1203 2565 inﬂammat,
1235 2508 1291 2553 ut
1328 2500 1595 2555 laboriosa
1622 2514 1870 2571 operosa,

284 2606 406 2669 qua!
429 2590 652 2671 populus
690 2591 1005 2657 admiretur,
1036 2601 1092 2648 et
1118 2592 1309 2661 quibus
1350 2592 1487 2647 fama
1531 2593 1864 2658 diffunditur,

287 2694 405 2748 sine
451 2693 634 2748 labore
673 2687 990 2762 suspiciant,
1024 2699 1077 2741 ct
1120 2687 1350 2746 libenter
1391 2698 1700 2760 exerceant,
1750 2688 1876 2744 Inde

287 2796 392 2852 eat,
430 2785 573 2855 quod
618 2784 885 2855 jejunare,
951 2779 1245 2847 abstinere,
1292 2780 1533 2849 vigilare,
1590 2782 1874 2837 ecclesiam

286 2876 649 2946 frequentare,
678 2878 756 2933 vel
781 2876 1031 2946 psallere,
1056 2887 1176 2926 cum
1206 2872 1320 2927 haec
1344 2873 1524 2926 omnia
1556 2874 1672 2928 sine
1693 2873 1877 2929 labore

286 2979 397 3021 non
425 2967 577 3031 ﬁant,
605 2968 763 3022 etiam
792 2982 912 3023 cum
942 2964 1304 3023 delectatione
1333 2963 1409 3017 illi
1442 2963 1662 3031 faciunt,
1695 2966 1785 3034 qui
1810 2981 1877 3021 ex

289 3057 377 3112 his
405 3058 705 3114 hominibus
746 3058 961 3128 placere
996 3055 1426 3123 concupiscunt:
1462 3070 1565 3109 non
1597 3057 1736 3126 quod
1778 3058 1875 3112 ista

284 3161 344 3207 et
366 3151 607 3206 homines
634 3152 727 3206 Dei
755 3166 860 3206 non
891 3151 1116 3215 faciant;
1158 3146 1252 3200 sed
1276 3146 1416 3215 quod
1463 3148 1561 3200 illi-
1582 3148 1878 3216 probentur

2594 1954 2821 2009 CAPUT
2860 1953 2949 2009 XI.

1978 2044 2057 2099 De
2086 2046 2305 2099 utilitate
2329 2046 2547 2111 timoris,
2573 2045 2775 2110 etquod
2794 2044 3058 2114 eﬂicaciter
3084 2046 3307 2113 peccatis
3330 2045 3563 2103 obsistat.

2048 2135 2199 2190 Nunc
2230 2146 2250 2173 τ
2276 2136 2344 2191 de
2365 2137 2557 2190 timore
2581 2136 2825 2204 supplicii
2857 2151 3021 2205 pauca
3047 2135 3310 2191 dicamus.
3343 2137 3423 2191 Ad
3452 2151 3567 2205 pos-

1976 2240 2099 2280 nam
2133 2240 2251 2295 qua:
2281 2234 2303 2262 ·
2333 2225 2566 2294 peccatis
2588 2225 2833 2287 debetur,
2863 2240 3015 2279 mens
3040 2235 3325 2296 antequam
3358 2233 3566 2295 peccet,

1977 2310 2245 2386 aspiciatf
2261 2317 2534 2371 cruciatus
2562 2332 2625 2372 ac
2669 2317 2886 2371 dolores
2926 2317 3015 2387 qui
3061 2320 3236 2373 solent
3262 2318 3415 2389 sequi
3441 2334 3566 2387 pec-

1977 2418 2227 2476 cantem,
2271 2408 2578 2463 carnalibus
2628 2410 2910 2464 incentivis
2956 2412 2971 2445 ι
3017 2420 3284 2479 opponat;
3329 2422 3385 2465 et
3432 2411 3565 2466 nihil

1978 2516 2096 2555 eam
2130 2499 2336 2570 peccati
2356 2508 2385 2536 ιι
2414 2500 2669 2564 oblectat,
2695 2515 2791 2554 uec
2818 2500 2884 2553 ad
2917 2501 3247 2570 peccandum
3279 2501 3383 2555 ulla
3413 2502 3560 2556 dele-

1980 2596 2145 2649 ctatio
2172 2604 2201 2632 ν
2225 2594 2521 2664 corporalis
2562 2593 2801 2648 inclinat.
2836 2593 3076 2663 Denique
3122 2608 3227 2648 non
3266 2594 3389 2649 ideo
3420 2594 3567 2650 cedi-

1980 2702 2102 2742 mus
2130 2686 2396 2742 illecebris
2423 2700 2485 2739 ac
2515 2693 2542 2721 ι
2572 2684 2938 2753 voluptatibus
2986 2686 3207 2752 nostris,
3248 2685 3373 2750 quia
3401 2701 3566 2756 repu-

1980 2794 2145 2850 gnare
2183 2794 2290 2833 non
2339 2792 2658 2848 possumus;
2698 2778 2791 2833 sed
2835 2779 2960 2848 quia
3012 2778 3354 2833 securitatem
3412 2778 3571 2834 nobis

1981 2879 2010 2918 γ
2031 2868 2333 2925 occultandi
2357 2868 2598 2923 criminis
2616 2869 2715 2938 ipsi
2742 2868 3137 2937 promittimus;
3164 2878 3219 2923 et
3244 2868 3370 2923 dum
3395 2868 3571 2924 credi-

1982 2978 2103 3018 mus
2123 2963 2378 3027 colorari,
2414 2963 2500 3017 vel
2540 2962 2735 3018 redimi
2766 2977 2923 3032 posse
2950 2962 3094 3032 quod
3136 2963 3383 3030 facimus,
3423 2973 3443 2999 κ
3473 2978 3573 3032 spe

1984 3064 2324 3126 praesumpta
2351 3055 2682 3125 impunitatis
2711 3056 2898 3121 illecti,
2929 3056 3350 3111 dominationem
3387 3056 3441 3111 in
3466 3070 3569 3113 nos

1985 3162 2183 3205 nostra!
2207 3157 2264 3186 ⁸⁸
2288 3150 2543 3218 voluptati
2568 3148 2948 3218 permittimus.
2974 3148 3258 3213 Caeterum,
3282 3148 3327 3202 si
3348 3162 3413 3203 co
3437 3156 3572 3204 tem«

286 3260 353 3299 ea
386 3244 497 3300 Deo
526 3244 894 3312 magis,quam
931 3214 1239 3297 hominibus
1259 3214 1649 3308 exhibere,qui
1674 3240 1881 3296 ferven-
1906 3214 1954 3277 Ο
1992 3256 2120 3309 pore
2150 3256 2256 3309 quo
2287 3214 2660 3311 quis‘peccare
2697 3240 2979 3305 deliberat,
3016 3253 3147 3293 sana
3183 3249 3362 3294 mente
3390 3240 3575 3295 consi-

287 3335 400 3388 tius
424 3333 645 3389 student
672 3333 833 3388 etiam
857 3333 1097 3388 moribus
1118 3329 1323 3388 sanctis
1353 3330 1640 3386 excellere.

360 3428 417 3482 4.
457 3423 725 3480 Οωιετυῐη
757 3425 801 3479 si
833 3426 1112 3493 quisquam
1146 3423 1303 3489 foris,
1334 3422 1424 3476 ubi
1456 3431 1631 3491 potest
1661 3438 1884 3494 magnus

286 3522 462 3589 credi,
497 3532 522 3569 ι
552 3520 910 3590 resplendeat,
938 3531 992 3576 et
1030 3522 1191 3588 intus,
1238 3518 1334 3571 ubi'
1365 3519 1503 3575 Deus
1542 3520 1688 3575 solus
1714 3520 1882 3590 videt,

283 3614 560 3685 squaleat;
602 3613 721 3681 quis
766 3626 871 3666 nou
911 3611 1193 3682 intelligat,
1230 3610 1262 3651 ἢ
1287 3610 1428 3680 quod
1467 3610 1542 3664 illi
1574 3626 1760 3666 omnes
1797 3613 1886 3669 ab-

286 3703 582 3768 stinentia},
611 3718 674 3757 ac
701 3703 1051 3773 jejuniorum,
1075 3704 1483 3773 vigiliarumque
1533 3702 1775 3758 continui
1803 3704 1879 3759 la-

290 3798 452 3852 bores
479 3810 615 3867 quos
650 3793 667 3833 ί
695 3797 849 3851 nobis
873 3796 967 3849 Dei
992 3810 1168 3863 amor,
1200 3796 1279 3851 eis
1307 3809 1460 3848 amor
1490 3793 1737 3850 humana:
1768 3796 1882 3852 Iau-

290 3889 398 3954 dis,
431 3898 486 3944 et
510 3888 833 3942 inﬂammata
866 3887 1073 3941 vanitas
1103 3886 1227 3941 facit
1258 3886 1587 3955 tolerabiles,
1621 3902 1725 3941 non
1773 3888 1883 3943 sint

288 3988 613 4034 ornamenta
645 3992 874 4047 morum,
905 3978 999 4033 sed
1030 3977 1291 4033 velamina
1323 3977 1613 4032 vitiorum?
1641 3978 1883 4049 Quapro-

292 4082 415 4143 pter
446 4074 459 4122 i
494 4086 616 4126 vera
626 4071 850 4141 jejunia,
875 4070 1230 4133 abstinentiae,
1259 4070 1475 4140 vigiliae,
1498 4070 1879 4143 eleemosynze,

288 4175 345 4219 et
369 4172 567 4220 caetera
596 4160 920 4230 hujusmodi,
946 4175 1141 4230 augere
1162 4160 1361 4215 debent
1390 4161 1592 4216 bonum
1619 4170 1882 4228 nostrum,

294 4268 403 4308 non
433 4253 611 4308 velare
642 4261 949 4322 peccatum;
977 4265 1076 4305 nec
1102 4266 1198 4317 pro
1218 4250 1444 4320 iustitia,
1472 4252 1568 4306 sed
1589 4266 1708 4305 cum
1727 4253 1886 4321 justi-

296 4348 365 4401 tia
398 4346 510 4402 Deo
536 4355 661 4400 sunt
688 4343 986 4399 exhibenda
1014 4360 1026 4397 :
1059 4344 1310 4414 quoniam
1334 4342 1549 4412 quidem
1599 4344 1768 4400 multo
1799 4355 1884 4400 at-

295 4439 498 4495 tentius
526 4437 726 4493 debent
746 4446 1016 4507 praecepta
1046 4436 1325 4506 perﬁcere,
1354 4435 1447 4506 qui
1472 4450 1536 4491 ea
1565 4436 1737 4505 parati
1758 4446 1886 4493 sunt

371 4652 397 4680 ⁸
442 4642 567 4697 Mss.
593 4648 721 4705 tres,
751 4638 1111 4693 voluntatibus.
1462 4676 1465 4677 ν

367 4714 399 4753 δ
438 4714 563 4768 Mss.
578 4710 726 4785 _Reg.
749 4710 875 4777 duo,
904 4717 1201 4785 apponunt;
1224 4724 1323 4766 ms.
1340 4710 1526 4785 Camb.
1545 4720 1879 4785 anteponunt.

373 4796 396 4825 ε
441 4785 536 4838 Ms.
567 4782 724 4854 (Idib.
758 4794 914 4850 unus,
947 4781 1251 4854 despiciunt,
1282 4793 1371 4836 aut
1398 4781 1675 4854 decipiunt.

367 4856 396 4893 ά
434 4854 533 4909 Ms.
562 4851 718 4907 Colb.
748 4867 908 4917 unus,
939 4852 1006 4905 ad
1033 4852 1263 4921 propria.

374 4938 398 4964 ε
442 4925 495 4978 1η
528 4938 659 4978 mss.
686 4924 918 4993 quinque
939 4923 1088 4977 deest
1114 4939 1255 4992 ergo.

376 4995 397 5035 ῐ
441 4996 537 5049 Ms.
569 4994 699 5063 Reg.
725 5009 882 5060 unus,
913 5002 957 5047 et
986 4994 1189 5063 majora
1215 4994 1367 5046 bona.

370 5077 395 5114 s
440 5066 564 5119 Mss.
597 5064 726 5129 duo,
749 5064 1031 5133 splendeat.

368 5136 396 5173 ιι
441 5135 603 5200 Editi,
636 5132 808 5189 omnes
836 5133 945 5189 illa:
971 5132 1311 5188 abstinentia.

380 5206 390 5242 ί
432 5206 558 5260 Mss.
593 5214 704 5260 tres
722 5202 877 5260 Colb.
902 5213 957 5260 et
983 5204 1153 5270 Lugd.
1185 5204 1336 5267 cdit.,
1366 5220 1491 5273 quos
1520 5208 1662 5263 nobis
1686 5211 1878 5265 tolera-
1952 5214 1959 5222 '

286 5278 427 5350 biles
448 5279 643 5350 uanitas
663 5278 808 5345 facit,
832 5276 1045 5350 omissis
1066 5274 1417 5350 intermediis.
1440 5278 1566 5330 Mss.
1596 5281 1724 5350 lteg.
1749 5281 1878 5347 duo,

287 5361 352 5401 ct
378 5344 535 5401 Colb.
561 5344 718 5411 unus,
749 5362 873 5413 quos
903 5346 1059 5399 nobis’
1077 5344 1359 5400 tolerabiles
1390 5363 1448 5399 eo
1488 5344 1883 5406 ardore'liumai-

288 5436 381 5473 me
414 5417 581 5487 laudis
604 5418 923 5487 inﬂammata
956 5417 1153 5470 vanitas
1195 5416 1341 5487 facit.
1384 5417 1527 5471 Edit.
1564 5418 1748 5487 Duuc.,
1778 5422 1881 5478 Lo-

286 5505 424 5545 van.
455 5497 506 5541 et
532 5485 726 5540 Colon.
752 5496 810 5540 ut
836 5487 889 5541 in
916 5495 1081 5541 textu.

377 5559 391 5610 i
430 5556 488 5611 In
514 5572 639 5612 mss.
673 5556 841 5612 tribus
865 5558 1016 5612 Colb.
1048 5573 1150 5612 non
1177 5559 1398 5615 habetur
1423 5577 1556 5614 vera.

376 5630 401 5702 If
432 5629 502 5702 Ita
531 5642 665 5702 mss.
686 5636 916 5702 quatuor
943 5628 1096 5702 Culb.
1130 5632 1358 5699 Reliqui,
1388 5648 1555 5702 apere.

379 5699 398 5739 ι
438 5698 580 5763 Ilaec,
612 5697 796 5765 ubique
836 5699 953 5751 libri
979 5700 1149 5770 hujus,
1180 5697 1371 5756 absunt
1404 5697 1430 5755 ὁ
1462 5718 1563 5757 ms.
1589 5717 1696 5759 uno
1720 5704 1873 5762 Colb.

378 5781 417 5807 ω
442 5770 566 5822 Mss.
602 5779 730 5833 tres,
748 5779 972 5891 gossunt
1003 5772 1181 5824 caveri.
1212 5772 1331 5827 Mss.
1358 5773 1462 5828 duo
1489 5773 1871 5843 subjecerimus.

378 5850 405 5878 ιι
432 5839 555 5891 “ss.
587 5838 713 5891 duo.
798 5855 855 5891 eo
876 5841 1209 5891 illuminante.

378 5850 405 5878 ιι
432 5839 555 5894 “ss.
587 5838 713 5902 duo,
748 5838 855 5892 Deo
876 5841 1209 5896 illuminanle.

589 5929 860 5991 Ps'rnon.
907 5930 1068 5990 LIX.

1990 3332 2165 3395 deret,
2205 3344 2327 3398 quae
2373 3343 2529 3398 poma
2575 3337 2851 3396 exspectet
2899 3330 2949 3381 in
2995 3330 3107 3383 suis
3152 3328 3475 3385 facinoribus
3512 3345 3575 3386 ao

1992 3422 2205 3493 ﬂagitiis
2230 3422 2618 3491 deprehensos,
2646 3421 2786 3489 quod
2825 3418 3146 3488 supplicium
3175 3421 3448 3475 convictos
3476 3436 3577 3477 ex-

1992 3517 2215 3579 cruciet,
2246 3514 2337 3584 qui
2368 3522 2570 3567 tremor
2598 3510 2838 3565 membra
2867 3510 3091 3578 quatiat.
3125 3512 3296 3579 pallor
3324 3526 3419 3566 ora
3455 3526 3577 3581 per.

1992 3608 2199 3673 fundat,
2252 3615 2508 3676 quantum
2551 3603 2781 3673 denique
2820 3603 3063 3657 humiliet
3106 3614 3160 3656 et
3211 3602 3577 3660 exsecrabiles

1986 3698 2234 3755 omnibus
2263 3696 2485 3759 reddat;
2518 3696 2680 3751 etiam
2715 3697 2886 3764 ipsum
2918 3693 3152 3748 sordida:
3182 3694 3451 3762 opinionis
3472 3710 3577 3765 op-

1988 3791 2262 3860 probrium
2293 3788 2475 3844 nescio
2512 3802 2579 3841 an
2608 3786 2781 3857 possit
2820 3785 3144 3855 quibuslibet
3176 3784 3320 3839 vitiis
3357 3801 3578 3842 accom-

1990 3886 2211 3940 modare
2231 3897 2571 3938 consensum.
2609 3880 2747 3948 Quid
2792 3880 2937 3935 enim
2968 3879 3094 3935 mali
3121 3880 3303 3949 operis
3330 3881 3443 3935 ﬁeri
3475 3895 3579 3951 po-

1991 3985 2095 4032 test
2124 3975 2266 4031 unde
2298 3989 2396 4028 nec
2426 3974 2746 4028 erubescant
2770 3973 2927 4026 etiam
2953 3970 3050 4034 illi,
3078 3986 3214 4040 quos
3241 3972 3351 4040 ip‘sa
3378 3972 3579 4042 ﬂagitia

1991 4084 2086 4124 sua
2119 4066 2433 4121 delectant?
2476 4065 2609 4118 lliuc
2647 4072 2732 4117 est
2770 4062 2910 4131 quod
2944 4063 2995 4114 lii
3038 4062 3125 4127 qui
3157 4062 3294 4114 bona
3321 4076 3415 4114 sua
3443 4078 3578 4119 vane

1989 4177 2052 4216 ac
2083 4160 2395 4215 deformiter
2415 4158 2641 4226 jactant,
2672 4154 2937 4209 dedecora
2966 4140 3576 4222 quibus'rcmordentur

1989 4262 2045 4309 et
2072 4251 2419 4305 humiliantur
2462 4248 2752 4302 occultant.
2778 4244 2836 4282 δι’
2858 4244 2993 4312 Quid
3021 4244 3161 4312 quod
3186 4245 3237 4297 in
3265 4253 3577 4313 peccantem

1990 4347 2151 4402 etiam
2198 4343 2314 4397 sine
2364 4341 2597 4395 humano
2638 4336 2843 4406 judicio
2891 4336 3239 4390 conscientia:
3280 4334 3574 4405 iudicantis

1990 4443 2262 4494 tormenta
2291 4433 2612 4497 desaeviunt,
2650 4439 2705 4483 et
2735 4427 2873 4482 male
2903 4427 3004 4483 sibi
3031 4428 3300 4482 consciam
3338 4436 3576 4484 mentem

2466 4555 2501 4581 Ὢ

1906 4644 1963 4706 D
2063 4654 2088 4681 ο
2116 4644 2286 4709 Alias,
2313 4642 2567 4698 velociter.

2060 4726 2089 4766 ιι
2120 4716 2214 4770 Ms.
2245 4716 2375 4784 Reg.
2406 4729 2568 4784 unus,
2594 4726 2686 4765 nec
2706 4726 2815 4784 una
2843 4724 2943 4784 res.
2974 4708 3149 4775 Alius,
3178 4710 3389 4784 πρεείς.

2060 4797 2088 4836 q
2111 4787 2199 4841 Sic
2234 4780 2363 4840 mss.
2396 4784 2503 4839 duo
2527 4783 2679 4838 Colb.
2726 4782 2864 4835 Editi
2891 4795 3040 4843 vero,
3088 4781 3227 4843 quod
3258 4780 3577 4837 Dominus...

1988 4858 2167 4912 donat.
2198 4856 2294 4910 Ms.
2323 4865 2500 4909 autem
2530 4852 2684 4908 Colb.
2714 4852 2873 4918 alius,
2897 4865 3052 4919 quam
3076 4851 3353 4917 Dominus,
3376 4852 3464 4919 qui
3494 4870 3582 4907 ca-

1986 4929 2117 4981 ritas
2138 4929 2249 4995 ipsa
2270 4937 2342 4981 est
2364 4926 2542 4979 donat.

2063 5009 2086 5037 τ
2118 4990 2213 5053 Ms.
2246 4997 2398 5052 Colb.
2432 5009 2589 5063 unus,
2622 4993 2724 5048 Hic
2750 4992 2813 5045 de
2842 4991 3043 5045 timore.
3068 4990 3124 5045 In
3149 5006 3255 5046 uno
3275 4992 3431 5046 deest
3449 5008 3577 5059 sup-

2025 5070 2150 5124 licii.

1988 5089 2247 5193 puguﬂfss.
2287 5146 2427 5205 tres,
2473 5136 2709 5203 peccatis.
2757 5134 2927 5201 Unus,
2975 5143 3202 5205 peccato.
3248 5134 3429 5195 Alius,
3482 5147 3575 5199 pro

1990 5212 2228 5281 peccatis.
2258 5208 2419 5275 Editi,
2450 5209 2703 5277 peccanti.

2068 5285 2084 5318 ί
2118 5283 2240 5337 Mss.
2268 5281 2396 5344 duo,
2421 5288 2697 5349 supponat.

2228 5321 2240 5334 ο
2268 5318 2396 5344 ιιι-υ,
2421 5318 2672 5344 σκμμυιιυιι
2685 5318 2697 5331 ι

2061 5362 2090 5389 ιι
2119 5352 2215 5405 Ms.
2240 5351 2449 5415 (lamin,
2483 5350 2718 5402 delectat.

2063 5432 2090 5461 ν
2120 5422 2216 5475 Ms.
2247 5421 2398 5475 Colb.
2426 5436 2581 5488 unus,
2612 5421 2879 5474 delectatio
2898 5417 3143 5473 carnalis.

2062 5502 2087 5528 κ
2119 5493 2214 5546 Ms.
2240 5505 2396 5554 unus,
2424 5492 2789 5544 voluntatibus.

2061 5573 2087 5611 γ
2113 5564 2212 5618 Ms.
2247 5578 2382 5617 unus
2412 5562 2588 5626 Colb.,
2615 5560 2865 5615 occultam
2893 5557 3241 5611 discriminis..

2062 5643 2083 5669 ³
2116 5634 2211 5688 Ms.
2241 5633 2394 5688 Colb.
2426 5648 2580 5698 unus,
2612 5648 2699 5701 spe
2720 5638 3029 5701 prtesumpta
3066 5638 3110 5681 et
3149 5627 3449 5696 impunitate
3468 5629 3567 5683 des

1985 5706 2072 5774 cti,
2102 5705 2237 5759 forte
2266 5721 2360 5774 pro
2388 5704 2563 5757 illecti.

2060 5786 2117 5813 αλ
2150 5773 2277 5829 Mss.
2310 5785 2437 5839 tres,
2466 5774 2733 5827 voluntati.
2776 5773 2797 5829 ‘.

2055 5846 2113 5884 δι’
2144 5846 2287 5905 Edit.
2318 5845 2506 5914 l.ugd.,
2536 5842 2783 5912 quidquid
2807 5852 2879 5897 est
2903 5843 3035 5897 unde
3056 5846 3105 5897 in
3134 5850 3442 5914 peccantem.

3232 5930 3302 5989 16
