4124 6350
573 417 668 474 691

1925 407 2185 466 JL'LIANI
2228 405 2499 471 POMERII

3761 402 3866 458 4⁵12

577 534 703 601 ipsa:
733 529 892 586 etiam
941 525 1289 598 cogitationes
1319 523 1514 579 secreti
1548 529 1751 591 reatus,
1784 530 1806 558 α
1844 520 2161 577 cruciatoria
2194 523 2241 580 Α
2271 519 2705 576 obmutesccnles
2737 517 2985 574 manibus
3015 525 3068 573 et
3095 516 3322 589 pedibus
3354 517 3526 587 ligari,
3562 517 3664 573 nisi
3701 519 3750 571 in
3789 521 3866 572 in-

577 620 947 678 rccordatione
974 618 1285 674 conficiunt.

1176 752 1405 809 ῦΛΡυΤ
1446 751 1558 806 XII.

575 867 849 946 Defuturo
865 871 1092 943 judicio,
1126 871 1203 924 vel
1229 870 1518 946 teternitate
1539 867 1802 936 supplicii,
1831 883 1890 920 ac
1913 869 1976 921 de
1997 865 2162 938 quali-

1179 949 1281 996 tate
1305 940 1571 1012 gehenate.

647 1083 698 1136 1.
735 1082 845 1152 Age
871 1081 983 1150 jam
1023 1094 1144 1131 cum
1180 1076 1244 1130 ad
1285 1077 1411 1131 illud
1445 1076 1689 1132 ultimum
1717 1076 1976 1147 judicium
2007 1093 2167 1140 vene-

574 1178 764 1240 rimus,
799 1173 866 1226 ab
893 1187 957 1227 eo
989 1169 1170 1242 judice
1200 1169 1497 1241 iudicandi,
1533 1171 1620 1239 qui
1654 1185 1749 1236 nec
1780 1169 1887 1224 falli
1927 1173 2166 1232 occulta-

576 1271 720 1321 tione
762 1265 1047 1320 criminum
1091 1273 1286 1332 potest,
1321 1277 1419 1316 nec
1449 1261 1476 1299 ι)
1509 1262 1573 1316 ad
1626 1264 1995 1332 impunitatem
2043 1279 2165 1332 pro—

578 1357 891 1413 merendam
952 1357 1189 1424 muneris
1249 1354 1475 1426 alicujus
1520 1355 1791 1414 oblatione
1838 1357 2110 1428 corrumpi
2152 1373 2164 1408 :

578 1466 698 1506 cum
731 1449 995 1520 cmperint
1041 1448 1281 1512 omnium
1327 1457 1530 1502 secreta
1568 1449 1816 1514 revelari,
1845 1459 1900 1510 et
1938 1465 2040 1504 non
2084 1465 2172 1506 so-

579 1545 688 1598 lum
739 1552 890 1597 actus
936 1556 998 1608 ac
1046 1541 1230 1605 verba,
1278 1542 1370 1594 sed
1423 1543 1582 1596 etiam
1638 1544 1769 1614 ipsa:
1819 1545 2170 1614 cogitationes

581 1637 788 1694 ostendi
811 1656 822 1690 :
843 1636 968 1707 qttid
1009 1636 1272 1692 facietrtus
1299 1646 1318 1672 α
1341 1637 1438 1690 sub
1472 1637 1601 1694 tanti
1635 1637 1828 1706 judicis
1859 1637 2170 1708 majestate?

580 1729 719 1798 Quid
750 1729 1114 1792 excusationis
1147 1727 1443 1782 obtendere
1468 1727 1796 1796 poterimus?
1816 1730 1929 1796 Qua
1959 1744 2057 1786 nos
2079 1730 2171 1785 de-

581 1823 842 1879 fensionis
873 1829 986 1876 arte
1036 1820 1415 1890 pnrgabimus?
1463 1819 1593 1886 Quae
1641 1821 1794 1876 nobis
1843 1821 2169 1880 subventura

582 1927 660 1971 8:!
693 1911 1029 1986 paenitentia,
1052 1911 1075 1949 ἀ
1104 1929 1260 1983 quam
1303 1915 1355 1966 in
1387 1913 1486 1967 hac
1516 1929 1679 1968 carne
1704 1915 2169 1984 contempsimus?
2199 1901 2246 1960 Β

582 2012 708 2080 ρυῑο
739 2025 834 2063 nos
866 2007 1150 2064 defensura
1193 2016 1313 2062 snnt
1348 2019 1511 2074 opera
1549 2015 1569 2041 °
1616 2007 1776 2071 bona,
1811 2022 1930 2076 qua:
1971 2007 2022 2060 in
2075 2007 2174 2061 hac

583 2103 688 2158 vita
717 2117 822 2156 non
856 2100 1116 2160 fecimus?
1153 2098 1169 2136 ί
1206 2098 1285 2154 Ad
1313 2113 1446 2167 quos
1485 2100 1780 2168 apostolos,
1819 2110 1908 2156 aut
1937 2101 2004 2158 ad
2039 2116 2174 2171 quos

585 2199 719 2254 alios
741 2206 956 2254 sanctos
985 2194 1314 2266 coningituri
1333 2207 1538 2259 sumus,
1568 2210 1794 2264 quorum
1824 2196 2071 2264 exempla
2096 2198 2172 2250 si~

585 2291 695 2346 tuul
749 2307 811 2347 ac
861 2290 1024 2346 velba
1070 2289 1448 2359 despeximus?
1495 2288 1575 2343 An
1619 2289 1755 2344 forte
1786 2301 1808 2337 ε
1851 2291 2059 2360 aliquos
2105 2292 2174 2345 ibi

586 2383 845 2454 fragilitas
893 2381 1137 2451 corporis
1187 2380 1500 2436 excusabit?
1554 2379 1660 2436 Sed
1705 2383 2041 2437 excusationi
2085 2397 2178 2438 ee-

586 2489 702 2530 rum
749 2473 1121 2530 reclamabunt
1156 2474 1393 2528 omnium
1441 2473 1684 2544 exempla
1715 2482 2046 2541 sanctorum,
2087 2475 2175 2542 qui

587 2561 611 2602 ¹¹
640 2582 760 2622 cum
788 2566 1069 2635 fragilitate
1097 2565 1274 2620 carnis
1302 2564 1353 2618 in
1396 2580 1560 2620 carne
1608 2566 1873 2632 viventes,
1909 2566 2174 2637 fragilita-

588 2669 692 2714 tem
723 2675 752 2711 c
773 2657 902 2714 .rnis
931 2657 984 2712 in
1016 2673 1178 2712 carne
1211 2660 1512 2721 vincentes,
1539 2659 1678 2728 quod
1706 2658 1969 2722 fecerunt,
1997 2660 2179 2729 utique

588 2748 701 2814 ficti
745 2763 902 2817 posse
933 2748 1236 2804 docuerunt
1269 2765 1280 2799 :
1319 2749 1570 2810 maxime,
1617 2750 1740 2817 quia
1772 2763 1870 2803 nec
1912 2749 2012 2817 ipsi
2059 2765 2180 2818 pec-

589 2850 708 2896 cato
758 2856 852 2895 sua
897 2840 1114 2906 virtute,
1155 2839 1248 2895 sed
1289 2838 1302 2874 ί
1338 2839 1546 2894 Domini
1599 2839 1905 2896 miserantis
1945 2841 2176 2908 auxilio,

590 2933 904 2989 restiterunt
932 2951 944 2986 :
969 2933 1060 3001 qui
1110 2947 1169 2987 se
1210 2940 1263 2986 et
1304 2947 1407 2986 non
1439 2932 1826 3002 qumrentibus,
1864 2943 1921 2988 ut
1975 2951 2180 3002 quiera-

591 3035 697 3094 tur,
728 3037 887 3095 atque
933 3026 984 3078 iu
1026 3040 1147 3078 eum
1183 3024 1452 3087 credatur,
1502 3026 1770 3085 aSIeudit;
1818 3035 1872 3080 et
1900 3027 2181 3084 credentes

591 3114 642 3176 In
678 3132 758 3184 se,
793 3133 860 3172 ne
907 3133 935 3172 a
978 3125 1199 3186 peccato
1237 3116 1539 3182 vincantur,
1597 3117 1796 3172 invicta
1849 3120 2181 3188 prorectione

591 3208 854 3274 defendit.

2276 615 2446 683 terno,
2479 624 2516 649 ιιι
2550 613 2635 668 ubi
2671 613 2777 670 Deo
2823 625 2979 668 nemo
3015 611 3325 678 coutitetur,
3369 611 3581 666 actione
3625 612 3867 680 privati?

2273 708 2410 762 sicut
2459 706 2511 760 in
2558 707 2850 768 exteriores
2883 705 3132 764 tenebras
3181 705 3342 770 mitti,
3391 703 3523 758 nihil
3561 705 3705 758 aliud
3758 708 3860 759 erit

2275 800 2418 854 nisia
2443 798 2687 863 Domino,
2719 797 2806 864 qui
2839 804 2922 850 est
2953 794 3211 852 mentium
3246 795 3447 862 lumen,
3481 795 3704 864 expelli.
3743 797 3863 851 file-

2273 902 2355 951 tus
2387 900 2563 948 autem
2589 901 2642 948 et
2668 889 2869 946 Stridor
2898 889 3139 944 dentium
3171 889 3466 943 acerrimos
3493 903 3675 942 eorum
3707 890 3860 942 dolo-

2273 999 2357 1039 res
2402 983 2708 1047 ostendunt,
2753 982 2841 1051 qui
2883 981 3145 1052 supplicio
3175 988 3202 1015 ιι
3233 991 3449 1036 aeterna:
3483 984 3669 1034 mortis
3708 982 3859 1034 aduli-

2272 1077 2363 1140 cti,
2417 1093 2520 1130 non
2551 1085 2573 1110 °
2621 1074 2833 1129 videndi
2881 1089 3096 1130 sensum
3149 1072 3380 1130 habituri
3425 1081 3570 1136 sunt,
3620 1073 3712 1126 sed
3760 1072 3859 1129 do-

2276 1168 2441 1232 lendi.
2489 1168 2724 1236 Quorum
2769 1165 3051 1222 continuus
3082 1165 3334 1234 gemitus,
3388 1164 3660 1218 cruciatus
3701 1174 3860 1220 aiter-

2275 1276 2412 1326 nus,
2466 1260 2620 1322 dolor
2678 1273 2959 1322 summus,
3033 1257 3261 1326 poenalis
3326 1271 3556 1320 sensus,
3612 1267 3859 1328 torquent

2274 1353 2502 1417 animas,
2539 1368 2637 1408 nec
2668 1361 3022 1421 extorquent;
3058 1351 3287 1422 puniunt
3330 1364 3558 1419 corpora
3587 1350 3859 1417 damnata,

2275 1461 2373 1504 nec
2409 1446 2616 1500 liniuul.
2650 1446 2794 1512 Quos
2834 1444 2954 1500 ideo
2984 1442 3086 1500 sibi
3117 1443 3398 1512 deputatas
3430 1443 3568 1513 ignis
3601 1444 3862 1499 inexstin-

2274 1539 2485 1610 guibilis
2519 1550 2544 1588 ι)
2575 1555 2678 1594 non
2726 1537 3049 1610 exstinguit;
3102 1545 3158 1592 ut
3211 1547 3556 1606 permanente
3597 1538 3863 1602 scnticudi

2277 1646 2303 1684 ιι
2331 1635 2458 1700 vita,
2484 1649 2638 1704 νωιιιι
2666 1642 2998 1703 permaneat,
3021 1640 3073 1686 et
3101 1631 3166 1686 ad
3194 1629 3483 1690 dolendum
3511 1633 3679 1701 magis
3703 1649 3860 1705 quam

2279 1740 2298 1766 τ
2331 1731 2394 1786 ad
2442 1728 2724 1784 vivendum
2771 1725 2987 1782 aeternis
3027 1726 3340 1795 corporibus
3390 1726 3724 1794 compeditos
3769 1727 3864 1781 ha-

2277 1823 2418 1889 beat,
2452 1836 2586 1890 quos
2633 1822 2684 1875 iu
2731 1821 2961 1876 ﬂammis
2988 1830 3008 1857 ⁸
3043 1818 3317 1874 vivacibus
3357 1819 3738 1876 immortalitas
3778 1835 3864 1876 se—

2278 1917 2466 1972 cundas
2494 1915 2684 1986 mortis
2719 1913 2945 1972 occidat.
2977 1905 3094 1968 Jam
3133 1915 3150 1951 ι
3180 1928 3306 1966 vero
3348 1913 3490 1982 quod
3537 1913 3701 1968 dicit:
3738 1914 3880 1968 γει-ε

2277 2010 2373 2063 mis
2392 2025 2568 2064 eorum
2588 2024 2687 2062 non
2715 2008 2985 2072 morietur,
3011 2018 3056 2060 et
3085 2007 3220 2076 ignis
3239 2022 3414 2060 eorum
3446 2023 3546 2060 non
3573 2009 3866 2079 exstingue-

2279 2112 2362 2158 tur
2391 2097 2552 2171 (1εαὶ.
2588 2114 2727 2162 vat,
2758 2097 2872 2168 24).
2921 2096 2986 2152 ad
3021 2107 3186 2151 tatam
3231 2095 3461 2152 refertur
3500 2097 3737 2154 damnati
3771 2098 3868 2155 bo-

2279 2191 2437 2246 miuis
2483 2205 2730 2264 poenam;
2791 2204 2952 2257 quem
3006 2187 3298 2244 inefficacis
3346 2189 3674 2258 paenitentia:
3727 2191 3866 2261 ignis

2280 2283 2474 2346 exurit,
2504 2289 2557 2338 et
2587 2281 2954 2336 consumentis
2993 2279 3339 2335 conscientiae
3362 2281 3560 2336 vermis
3586 2282 3869 2338 immorta-

2281 2374 2403 2430 liter
2432 2372 2585 2433 rodit.
2621 2382 2646 2407 υ
2683 2372 2915 2426 Proinde
2954 2386 3143 2427 omnes
3174 2373 3264 2440 qui
3306 2372 3359 2426 in
3395 2373 3641 2442 gehenna
3668 2375 3866 2431 dicun-

2285 2479 2367 2526 tur
2390 2467 2582 2529 occidi.
2616 2482 2721 2522 non
2756 2466 2807 2521 id
2854 2480 2975 2521 cum
3007 2465 3112 2520 illis
3153 2467 3343 2536 agitur,
3373 2476 3430 2522 ut
3455 2469 3707 2525 maximis
3737 2485 3868 2526 eon-

2283 2562 2478 2631 sumpti
2510 2560 2809 2626 doloribus,
2839 2560 3128 2630 aliquando
3157 2559 3441 2626 deﬁciant;
3475 2562 3569 2619 sed
3597 2574 3654 2618 ut
3684 2564 3738 2618 in
3761 2564 3871 2620 illis

2286 2657 2567 2728 pmnaliter
2609 2659 2810 2711 vivant.

2359 2751 2410 2806 3.
2443 2748 2567 2804 llaec
2609 2758 2662 2804 et
2708 2749 2791 2804 his
2837 2750 3033 2805 similia
3071 2751 3298 2808 libenter
3327 2753 3514 2810 audire
3554 2753 3640 2808 vel
3670 2753 3867 2823 legere,

2288 2841 2478 2911 iugiter
2504 2851 2626 2896 ante
2650 2843 2831 2896 oculos
2860 2842 3054 2896 mentis
3083 2841 3372 2908 adducere,
3399 2842 3579 2900 futura
3621 2843 3870 2912 credere,

2285 2935 2401 2989 sine
2427 2935 2532 2988 ulla
2565 2936 2966 3003 perturbatione
3006 2945 3268 3013 metuere,
3301 2938 3542 3008 cogitare
3566 2940 3726 3008 quale
3753 2954 3871 2993 nsa-

2288 3028 2398 3084 lum
2439 3029 2507 3084 sit
2537 3029 2605 3082 ab
2654 3029 2746 3082 illo
2791 3029 2987 3098 gaudio
3028 3030 3221 3099 divinas
3266 3031 3740 3100 contemplationis
3781 3047 3872 3086 ex-

2285 3119 2449 3183 cludi,
2495 3120 2796 3174 beatissima
2829 3130 3140 3176 sanctorum
3186 3123 3425 3178 omnium
3471 3123 3735 3179 societate
3765 3124 3874 3192 pri-

2289 3211 2422 3275 vari,
2457 3211 2570 3266 fieri
2613 3212 2796 3281 patriae
2827 3213 3072 3268 caelestis
3107 3224 3402 3279 extorrem,
3436 3217 3575 3270 mori
3601 3217 3719 3270 vitre
3759 3216 3875 3272 bea-

663 3301 718 3358 2.
747 3300 884 3366 Quid
916 3315 1045 3370 ergo
1073 3300 1382 3369 responsuri
1425 3310 1568 3366 sunt,
1604 3301 1649 3355 si
1691 3301 1771 3356 eis
1803 3301 2062 3357 Dominus
2101 3303 2180 3358 di-
2209 3277 2255 3339 (ἶ
2293 3313 2379 3368 tae,
2412 3304 2569 3358 morti
2589 3304 2770 3358 vivere
2791 3304 3155 3373 sempiternae,
3187 3305 3238 3360 in
3271 3316 3532 3362 aeternum
3559 3307 3877 3376 ignem-eum

594 3401 681 3452 cat
712 3411 724 3445 :
749 3393 804 3448 Si
839 3392 1109 3462 potuistis,
1136 3407 1303 3463 quare
1328 3406 1433 3449 non
1456 3392 1730 3456 reSIitistis
1753 3395 2046 3452 desideriis
2059 3411 2183 3466 pec-

598 3486 883 3542 catorum?
913 3487 958 3542 si
999 3500 1106 3540 non
1149 3485 1418 3555 potuistis,
1446 3500 1614 3554 quare
1644 3501 1822 3542 meum
1853 3499 2036 3544 contra
2060 3504 2184 3558 pec-

599 3589 717 3635 cata
768 3595 874 3636 non
918 3578 1189 3649 quaesisds
1231 3579 1530 3635 auxilium?
1581 3589 1674 3635 aut
1703 3581 1985 3646 vulnerati,
2019 3598 2185 3652 quare

600 3674 614 3724 i
657 3674 969 3743 paenitendo
1012 3688 1118 3727 non
1165 3672 1484 3728 adhibuistis
1530 3674 1736 3729 vulneri
1781 3685 1962 3730 vestro
2007 3692 2184 3734 reme-

599 3764 782 3820 dium?
815 3763 838 3801 ¹ι
868 3764 1054 3819 Nonne
1085 3763 1148 3818 ad
1188 3763 1302 3818 lucc
1333 3765 1797 3832 obmutescentes,
1845 3775 1900 3822 et
1937 3769 2061 3838 quid
2094 3785 2185 3825 ex-

602 3859 895 3913 cusationis
934 3859 1168 3912 referant
1203 3873 1311 3912 non
1353 3857 1634 3925 habentes,
1667 3859 1808 3916 dicet
1845 3878 1858 3914 :
1893 3861 2069 3932 Ligate
2108 3882 2191 3920 eos

602 3950 835 4003 manibus
869 3961 914 4003 et
956 3950 1190 4021 pedibus,
1234 3961 1282 4002 et
1308 3950 1489 4004 mittite
1512 3951 1565 4003 in
1605 3952 1835 4006 tenebras
1872 3957 2146 4014 exteriores
2173 3975 2190 4011 :

603 4043 672 4096 ibi
711 4042 806 4095 erit
843 4043 995 4112 [lctus
1042 4053 1086 4096 et
1126 4042 1314 4095 stridor
1341 4043 1609 4108 dentium;
1643 4044 1725 4096 ubi
1756 4048 1937 4100 vermis
1974 4046 2196 4104 1eorum

603 4151 704 4189 non
728 4135 990 4200 morietur,
1016 4143 1061 4187 et
1087 4135 1214 4204 ignis
1253 4151 1429 4190 eorum
1462 4151 1566 4188 non
1593 4139 1947 4209 exstinguetur
1968 4141 2186 4211 (Matth.

604 4242 740 4295 uti,
782 4227 877 4292 15;
909 4225 1036 4280 1εαὶ.
1063 4242 1205 4292 ιχνι,
1249 4228 1346 4284 Ήξ
1379 4225 1544 4281 Marc.
1588 4244 1667 4296 is,
1702 4228 1816 4299 44).
1851 4231 1914 4286 Ει
1943 4234 2068 4302 quid
2107 4246 2192 4291 est

679 4438 703 4465 ι
726 4428 822 4483 κς,
845 4427 989 4501 Reg.
1039 4442 1196 4491 unus,
1243 4436 1308 4501 et,
1329 4443 1463 4480 nune
1502 4427 1596 4480 sibi
1623 4429 1829 4501 conscia
1859 4441 2041 4496 mente,
2065 4434 2191 4501 ipsa:

609 4500 758 4553 etiam
781 4500 1108 4567 cegitationcs
1135 4499 1310 4550 secreti
1332 4507 1524 4562 reatus,
1549 4499 1835 4551 cruciatum
1865 4516 1924 4551 ac
1950 4499 2190 4556 recorda-

609 4573 798 4626 tionem
838 4568 1134 4636 conﬁciunt.
1168 4567 1266 4620 Ms.
1295 4568 1448 4620 Colb.
1479 4583 1635 4631 unus,
1669 4580 1722 4622 et
1742 4569 1953 4638 Camb,
1987 4583 2032 4625 et
2061 4575 2194 4628 male

2292 3393 2506 3450 diabolo
2531 3405 2581 3450 et
2604 3395 2804 3464 angelis
2833 3395 2954 3464 ejus
2981 3396 3201 3466 expelli,
3247 3396 3339 3452 ubi
3377 3398 3446 3452 sit
3469 3413 3617 3453 mors
3641 3399 3877 3455 secunda

2293 3485 2559 3542 damnatis
2600 3487 2866 3551 exsilium,
2912 3486 3016 3542 vita
3056 3488 3407 3557 supplicium,
3450 3505 3554 3546 non
3587 3490 3790 3547 sentire
3825 3491 3879 3550 in

2293 3579 2386 3633 illo
2420 3579 2543 3649 igne
2565 3579 2706 3648 quod
2741 3579 3026 3645 illuminat,
3053 3582 3253 3636 sentire
3279 3584 3422 3652 quod
3450 3585 3676 3651 cruciat,
3711 3601 3881 3641 exuu-

2296 3669 2436 3728 datis
2477 3670 2708 3725 incendii
2751 3671 3022 3728 terribiles
3067 3675 3306 3744 crepitus
3347 3676 3475 3744 pati,
3520 3677 3758 3734 barathri
3801 3677 3884 3732 σιμ

2299 3765 2494 3820 mantis
2541 3780 2722 3820 amara
2777 3766 3004 3836 caligine
3045 3771 3230 3825 oculos
3276 3769 3559 3833 obcaecari,
3615 3772 3886 3842 profundo

2299 3863 2558 3931 gehennae
2601 3865 2906 3920 fluctuantis
2949 3866 3214 3936 immergi,
3255 3867 3585 3922 edacissimis
3625 3869 3677 3920 in
3719 3877 3886 3922 aiter.

2302 3974 2426 4014 num
2479 3957 2723 4012 dilaniari
2772 3958 3065 4022 vermibus,
3111 3973 3210 4013 nec
3249 3957 3388 4014 finiri
3422 3978 3431 4011 :
3462 3959 3575 4013 lucc
3615 3968 3673 4013 et.
3715 3961 3885 4016 multa

2300 4051 2493 4108 similia
2524 4051 2778 4120 cogitare,
2827 4051 2957 4106 nihil
2986 4061 3068 4105 est
3093 4052 3238 4107 aliud
3275 4067 3432 4123 quam
3460 4054 3603 4106 vitiis
3635 4053 3887 4108 omnibus

2303 4144 2582 4214 repudium
2619 4143 2770 4207 dare,
2819 4153 2875 4198 et
2909 4145 3090 4198 oninia
3122 4144 3487 4200 blandimenta
3527 4146 3761 4200 carnalia
3796 4161 3887 4200 re-

2300 4237 2534 4293 frenare.
2566 4236 2672 4292 Sed
2702 4250 2801 4291 nos
2819 4235 2950 4305 jam,
2991 4238 3034 4290 si
3084 4237 3309 4302 \idcttlr,
3336 4237 3402 4292 ab
3445 4237 3525 4292 his
3553 4238 3885 4293 terribilibus

2301 4435 2533 4490 manibus
2555 4446 2600 4490 et
2623 4436 2834 4503 pedibus
2855 4438 3035 4490 mittite
3053 4454 3158 4500 eos,
3178 4450 3280 4492 etc.
3316 4439 3435 4492 Mss.
3469 4440 3619 4494 Coll).
3651 4441 3776 4504 duo,
3800 4445 3889 4496 ab-

2303 4508 2772 4583 mu_tescenttbus,_et
2785 4509 2911 4583 quid
2922 4511 3500 4583 excusationisreferant
3520 4512 3680 4583 [unus
3703 4528 3766 4567 cx
3806 4513 3889 4566 his

2305 4577 2542 4653 reddant]
2574 4595 2674 4653 non
2708 4579 3004 4653 habentibus
3045 4581 3208 4653 dicet,
3255 4577 3450 4653 Ligatis
3497 4577 3669 4635 eorum
3715 4586 3889 4636 mani-

613 4642 708 4722 sibi
729 4640 979 4724 conscium
1008 4647 1293 4724 mentem...
1322 4639 1636 4724 cruciatu-ac
1657 4641 2006 4724 ieeordatiene
2027 4647 2191 4715 conﬁ-
2220 4651 2271 4710 Β
2299 4650 2408 4724 bus,
2438 4639 2542 4708 etc:
2567 4649 2721 4724 Alius
2736 4648 2942 4724 :‘Ligale
2967 4668 3072 4724 eos,
3093 4639 3410 4724 etchsfex
3440 4653 3617 4724 Regiis
3638 4670 3778 4708 unus
3797 4655 3892 4707 ha-

610 4713 764 4764 ciunt.
790 4710 958 4772 Alter,
989 4711 1222 4780 cruciant
1247 4725 1306 4760 ac
1328 4709 1760 4763 recordationibus
1790 4714 2088 4780 conﬁciunt.

680 4781 710 4822 δ
738 4781 834 4835 Ms.
864 4796 999 4834 unus
1029 4778 1206 4841 Colb.,
1232 4780 1296 4832 ab
1320 4780 1623 4846 impunitate
1650 4778 2004 4849 promerendo.

683 4864 706 4892 ο
740 4851 836 4906 Ms.
867 4865 1006 4905 unus
1035 4851 1186 4920 Reg.,
1220 4851 1313 4904 sub
1336 4860 1498 4905 tanta.

681 4923 708 4959 ‘l
741 4923 838 4977 Ms.
869 4938 1025 4986 unus,
1055 4939 1205 4992 quant
1233 4932 1431 4991 gestare
1452 4938 1624 4975 carne.

684 5005 706 5031 θ
733 4994 830 5048 Ms.
863 5008 1000 5046 unus
1029 5002 1176 5046 caret
1205 4994 1303 5046 hac
1327 5008 1478 5056 voce,
1512 4993 1660 5048 bona.

685 5064 703 5103 ί
732 5065 829 5118 Ms.
863 5080 998 5117 unus
1032 5079 1044 5115 :
1079 5063 1157 5115 Ad
1182 5080 1308 5132 quos
1334 5066 1592 5132 apostolos
1627 5067 1833 5131 ibimus,
1867 5079 1956 5120 aut
1983 5072 2050 5122 ad
2075 5087 2202 5140 quos

609 5139 764 5197 alios,
791 5145 897 5190 etc.

684 5217 708 5255 ε
744 5207 843 5282 Ms.
875 5205 1039 5282 C_0Ib._
1069 5221 1228 5282 unus,
1253 5206 1427 5275 aliqua
1461 5207 1627 5282 seibi.
1666 5206 1795 5276 Reg.
1831 5225 1984 5273 unus,
2024 5216 2198 5282 aliqua

611 5279 730 5332 sibi.
762 5277 858 5333 Ms.
892 5275 1102 5340 Cumb.,
1135 5276 1311 5345 aliqua
1348 5278 1624 5347 fragilitas.

682 5347 708 5384 ιι
757 5349 848 5402 Hae
881 5363 1060 5413 voces,
1090 5364 1204 5400 cum
1240 5348 1517 5418 fragilitate
1558 5350 1728 5401 carnis
1761 5351 1811 5402 iu
1852 5368 2003 5407 carne
2028 5357 2196 5410 viven-

613 5427 706 5491 t_es,
737 5421 929 5473 absunt
954 5436 982 5473 a
1009 5434 1140 5474 mss.
1185 5417 1338 5474 Colb.
1382 5427 1632 5491 quatuor,
1665 5428 1717 5472 et
1748 5419 1929 5491 Regiis
1965 5424 2193 5481 duobus.

615 5489 748 5556 Reg.
779 5505 916 5544 unus
947 5491 1044 5564 :‘in
1075 5506 1227 5544 carne
1262 5493 1454 5564 vivente
1479 5488 1649 5564 {forte
1670 5488 1942 5564 viventes],
1985 5513 2198 5563 supera-

616 5569 792 5631 verunt
817 5576 832 5613 :
855 5561 992 5631 quod
1017 5565 1264 5631 fecerunt,
1291 5572 1395 5615 etc.
1429 5562 1600 5624 Alius,
1632 5561 1882 5617 vincentes
1903 5561 2123 5622 tantum.

696 5625 714 5666 ί
747 5625 876 5685 Mss:
901 5625 1030 5696 duo,
1061 5632 1175 5685 Dei.

690 5703 706 5772 _l
744 5699 842 5772 Ms.
877 5718 1033 5769 unus,
1067 5719 1166 5756 non
1190 5703 1495 5772 paenitendo.

688 5768 713 5848 if
746 5770 850 5848 Ms_._
887 5768 1325 5848 untts_._red_danl.
1359 5774 1553 5848 Totum
1586 5775 1761 5830 locum
1792 5778 1868 5831 sic
1901 5780 2196 5848 pra-ferunt

619 5841 706 5896 alii
733 5842 968 5898 codices.
1021 5845 1116 5898 Ms.
1156 5845 1364 5908 Camb.,
1417 5845 1668 5909 Nunquid
1713 5849 1782 5899 ad
1821 5841 1928 5902 hac
1967 5851 2196 5906 obmute-

619 5912 884 5984 scentibus,
925 5924 970 5968 et
1013 5916 1083 5968 nil
1113 5917 1449 5970 excusationis
1492 5917 1788 5973 habentibus
1810 5921 1950 5975 dicit.
1998 5922 2192 5994 Ligatis

2298 4721 2388 4792 bet
2405 4733 2618 4792 quoque
2648 4737 2659 4771 :
2698 4719 2886 4789 Ligatis
2917 4722 3146 4774 manibus
3169 4733 3213 4775 et
3234 4723 3466 4792 pedibus,
3493 4719 3695 4792 niittitc,
3725 4737 3832 4780 etc.

2380 4790 2392 4826 ι
2432 4790 2527 4843 Ms.
2555 4791 2686 4857 Reg.
2715 4805 2872 4859 unus,
2903 4809 3099 4847 vermes
3117 4790 3288 4846 eorum
3313 4811 3412 4846 non
3445 4790 3748 4850 morientur.

2374 4871 2412 4897 ’τι
2443 4861 2540 4915 Ms.
2571 4861 2724 4916 Colb.
2760 4877 2916 4926 unus,
2961 4865 3043 4916 ubi
3070 4862 3231 4916 Deum
3264 4881 3409 4918 ηενηο
3442 4869 3731 4932 conﬁtetur,
3767 4870 3888 4922 boni

2305 4933 2476 5006 operis
2498 4933 2692 4986 actione
2723 4934 2929 5006 privari.
2958 4935 3055 4988 Ms.
3087 4938 3240 5004 alter,
3271 4933 3375 4990 Deo
3409 4937 3752 5006 conﬁtebitur.

2379 5013 2404 5038 η
2433 5003 2528 5057 Ms.
2562 5018 2718 5068 unus,
2756 5005 3094 5070 sempiternas.

2383 5084 2405 5107 υ
2431 5075 2556 5126 Mss.
2591 5084 2721 5138 tres,
2751 5091 2852 5127 non
2884 5077 3100 5129 vivendi.

2379 5155 2404 5191 ι)
2431 5143 2723 5220 ηδε-11⁸05,
2755 5161 2852 5198 non
2871 5149 3177 5220 exstinguat.

2377 5226 2404 5264 (ι
2439 5213 2533 5268 Ms.
2567 5214 2696 5284 Reg.
2741 5231 2897 5291 unus,
2931 5213 3178 5291 sentiendi
3217 5237 3386 5291 paena,
3433 5224 3557 5276 vita.
3607 5221 3702 5276 Ms.
3733 5222 3894 5277 Colh.

2306 5301 2465 5409 unu's,
2498 5294 2550 5338 ut
2580 5290 2909 5354 permanendi
2949 5290 3296 5362 sentiendique
3317 5295 3416 5346 vita
3440 5294 3490 5348 in
3524 5308 3671 5362 pana
3693 5310 3898 5362 penna-

2306 5373 2398 5409 nea
2427 5398 2439 5409 .
3859 5405 3864 5408 .

2304 5373 2439 5411 "Ml.

2381 5440 2399 5465 τ
2437 5431 2562 5484 Mss.
2589 5429 2714 5492 duo,
2752 5446 2812 5482 ac
2843 5432 3134 5489 videndum.

2382 5509 2402 5535 ⁸
2437 5502 2533 5556 Ms.
2568 5516 2724 5566 unus,
2757 5504 3042 5556 voracibus.

2387 5571 2404 5605 ί
2437 5572 2580 5638 Hinc,
2610 5587 2724 5625 vero
2763 5574 2898 5641 quod
2929 5573 3073 5638 dicit,
3123 5590 3226 5631 non
3272 5587 3399 5632 sunt
3444 5577 3495 5632 in
3545 5591 3677 5632 mss.
3713 5594 3813 5636 nec
3848 5584 3903 5636 in

2311 5641 2500 5711 Lugd,
2535 5656 2761 5714 quorum
2793 5646 3028 5718 quinque
3056 5663 3065 5697 :
3107 5648 3174 5700 ad
3204 5657 3360 5702 totam
3395 5653 3726 5718 referuntur;
3759 5666 3906 5707 unus

2311 5727 2456 5780 vero,
2481 5719 2594 5837 {om
2618 5717 2736 5784 quia
2771 5717 3023 5770 vermis...
3051 5720 3117 5772 ad
3153 5728 3308 5774 totam
3335 5717 3577 5790 refertur.
3611 5719 3787 5792 Lugd.
3813 5738 3907 5776 re-

2311 5800 2484 5837 servati
2513 5802 2594 5837 ur.

2307 5800 2594 5839 servantur.

2378 5865 2402 5890 υ
2427 5856 2521 5911 Ms.
2555 5871 2709 5922 unus,
2750 5856 3024 5924 Quoniam.
