4124 6350
285 375 393 434 ιθδ

286 591 440 655 tiunt,
475 598 634 657 atque
665 587 733 641 ab
760 587 1007 641 omnibus
1055 585 1262 640 vitiosis
1293 581 1741 637 delectationibus
1787 580 1873 632 ab-

287 683 507 746 ducunt,
554 690 607 736 et
634 696 751 751 quae
801 690 1069 734 amatores
1101 679 1432 747 voluptatum
1480 689 1697 730 suarum
1750 683 1875 729 tunc

288 789 398 828 sua:
452 771 810 826 damnationis
857 771 1231 842 experimento
1292 761 1610 837 probabunt,
1665 768 1878 836 quando

290 868 418 937 iam,
453 866 592 936 quod
631 877 711 920 est
741 865 883 918 omni
929 863 1242 919 infelicitate
1287 862 1558 925 miserius,
1603 875 1661 915 se
1689 874 1872 914 emen-

291 961 420 1013 dare
444 975 548 1012 non
582 967 869 1026 poterunt:
897 957 965 1010 ab
1009 958 1112 1022 his,
1148 957 1387 1026 inquam,
1416 953 1665 1008 terriﬁcis
1695 966 1755 1004 ac
1787 954 1879 1005 tri-

292 1051 466 1104 stibus
516 1050 669 1104 malis
718 1048 1071 1103 ascendamus
1119 1049 1186 1102 ad
1229 1048 1320 1102 illa
1367 1047 1642 1111 sublimia,
1687 1045 1881 1114 quibus

298 1142 689 1211 proficientium
719 1150 926 1195 mentes
950 1142 1000 1194 in
1026 1155 1176 1208 spem
1199 1139 1573 1210 promerendae
1601 1138 1884 1193 beatitudi-

297 1237 377 1289 nis
408 1245 692 1305 assurgunt
727 1244 747 1269 ³
781 1233 1144 1302 abjuratisque
1187 1233 1434 1294 terrenis,
1469 1232 1707 1286 coelestia
1754 1245 1884 1284 cen-

297 1327 595 1398 cupiscunt.
632 1325 694 1380 Et
727 1325 975 1396 quoniam
1019 1325 1277 1394 proﬁcere
1317 1324 1596 1393 cupientes
1623 1338 1651 1375 a
1683 1320 1885 1375 salubri

298 1422 488 1473 timore
512 1419 792 1487 incipiunt,
834 1426 887 1472 et
929 1416 994 1470 ad
1024 1417 1304 1471 caritatem
1340 1415 1670 1486 proﬁcientia
1697 1426 1887 1482 perve-

297 1512 468 1576 niunt,
507 1525 605 1564 nos
636 1523 846 1580 quoque
877 1505 1128 1562 sufficere
1147 1507 1454 1576 judicantes
1482 1505 1623 1576 quod
1659 1504 1726 1559 de
1755 1502 1888 1558 inci-

297 1603 558 1674 pientium
580 1603 778 1656 timore
808 1600 1174 1664 tractavimus,
1206 1601 1364 1654 etiam
1391 1599 1457 1653 de
1479 1599 1724 1663 caritate,
1748 1594 1890 1666 quod

299 1696 437 1764 ipse,
465 1693 620 1764 cujus
647 1709 841 1747 munus
865 1703 971 1762 est,
996 1691 1297 1757 donaverit,
1333 1691 1686 1760 disputemus.

903 1825 1130 1882 CAPUT
1170 1825 1311 1880 Xlll.

850 1941 922 1995 De
945 1942 1098 1997 laude
1121 1940 1374 1994 actitatis.

379 2060 586 2113 Caritas
616 2067 716 2125 est,
745 2070 801 2113 ut
824 2059 953 2113 mibi
989 2059 1220 2126 videtur,
1253 2070 1399 2114 recta
1428 2060 1675 2112 voluntas
1699 2058 1900 2112 abom-

310 2152 471 2204 nibus
508 2153 734 2205 terrenis
765 2151 825 2205 ac
852 2153 1206 2220 prmsentibus
1229 2167 1451 2220 prorsus
1483 2167 1693 2215 aversa,
1712 2152 1898 2220 juncta

306 2243 418 2297 Deo
471 2241 925 2310 inseparabiliter.
968 2252 1023 2296 et
1067 2243 1237 2311 unita,
1281 2243 1404 2312 igne
1446 2244 1674 2312 quodam
1725 2245 1896 2299 sancti

303 2334 556 2404 Spiritus,
592 2349 620 2386 a
657 2349 761 2403 quo
787 2346 888 2401 est,
923 2344 977 2390 et
1020 2337 1083 2390 ad
1114 2353 1272 2406 quem
1313 2337 1563 2402 refertur,
1600 2335 1626 2374 δ
1651 2321 1908 2400 incensa;

306 2438 327 2464 ο
346 2427 738 2496 iuquinamenti
757 2429 932 2482 omnis
949 2438 1226 2494 extranea,
1246 2431 1514 2498 corrumpi
1541 2431 1738 2497 nescia,
1768 2431 1896 2488 nulli

307 2520 436 2572 vitio
463 2518 830 2573 nmtabilitatis
863 2520 1119 2586 obnoxia,
1165 2536 1324 2590 supra
1349 2511 1538 2574 omnia
1561 2537 1677 2589 quin
1706 2536 1896 2576 carna-

309 2611 430 2665 liter
462 2611 753 2680 diliguntur
779 2612 1011 2675 excelsa,
1057 2611 1399 2666 allet'tionum
1437 2615 1676 2666 omnium
1708 2625 1897 2682 poten-

311 2705 540 2771 tissima,
579 2706 773 2760 divina.-
824 2709 1297 2777 contemplationis
1342 2711 1518 2772 avida,
1555 2712 1603 2763 in
1651 2711 1901 2765 omnibus

309 2815 526 2869 semper
574 2800 806 2865 invicta;
852 2816 1062 2855 summa
1105 2803 1373 2858 actionum
1421 2805 1706 2871 bonarum,
1759 2805 1902 2860 salus

309 2885 545 2959 morum,
582 2893 700 2949 ﬁnis
745 2896 1044 2950 cmlestium
1092 2908 1506 2967 princeptorum,
1540 2914 1685 2953 mers
1716 2899 1902 2953 crimi-

310 3006 460 3055 num,
488 2992 591 3046 vita
627 2992 909 3055 virtutum,
941 2993 1108 3046 virtus
1133 2993 1500 3060 pugnantium,
1535 2995 1706 3063 palmi
1738 2996 1902 3048 victae

311 3097 461 3144 rum,
482 3070 511 3115 ῖι
538 3081 712 3134 anima
741 3092 1048 3135 sanctarum
1075 3084 1358 3148 mentium,
1391 3099 1551 3138 causa
1586 3087 1900 3139 meritorum

313 3172 601 3236 bonorum,
655 3172 934 3240 prmmium
977 3174 1354 3239 perfectorum.
1401 3174 1456 3226 In
1516 3175 1750 3245 peccatis
1794 3176 1904 3228 suis

1354 369 1440 426 DE
1484 368 1640 425 VITA
1685 366 2265 424 CONTERIPLATWA
2313 370 2439 425 LIB.
2484 369 2574 426 111.

284 494 460 560 malis,
495 507 614 564 qua:
657 491 891 548 ﬁdelium
931 499 1140 547 mentes
1171 471 1372 545 salubri
1420 498 1628 542 terrore
1672 501 1875 540 concuo
1905 493 1954 548 Α

3477 357 3586 433 m

2580 504 2807 563 CAPUT
2859 505 2994 561 XIV.

1986 597 2217 661 Qualiter
2241 598 2436 667 possint
2464 613 2521 652 ea
2545 599 3010 672 quwpdercaritate
3061 609 3270 655 sanctus
3315 604 3585 672 apostolus

2562 670 2713 733 dixit,
2764 669 3000 739 intelligi.

2061 786 2110 837 t.
2145 786 2320 852 itaque
2341 785 2450 854 jam
2482 785 2746 854 qualis,et
2773 797 2969 860 quanta
3000 789 3067 843 sit
3093 789 3206 844 haec
3233 791 3455 860 caritas,
3478 807 3584 848 non

1989 879 2182 945 pedum
2212 880 2318 941 via,
2363 877 2455 931 sed
2501 893 2734 944 morum,
2784 879 3040 948 Apostolo
3073 878 3100 916 ιι
3130 881 3380 950 docente,
3413 882 3589 940 disca-

1992 986 2126 1028 mus.
2167 969 2225 1026 Si
2253 972 2460 1040 linguis,
2489 971 2681 1039 inquit,
2711 971 2970 1026 hominum
2993 974 3173 1046 loquar
3197 988 3240 1028 et
3266 977 3587 1049 angelorum,

1991 1064 2253 1115 caritatem
2303 1074 2592 1115 autemnon
2618 1061 2866 1128 habuero,
2911 1065 3084 1133 factus
3134 1083 3245 1120 sum
3285 1069 3421 1122 velut
3459 1086 3592 1124 arra-

1992 1166 2211 1208 mentuut
2237 1172 2445 1221 sonans,
2476 1164 2561 1207 aut
2583 1152 2872 1223 cymbalum
2898 1156 3120 1208 tinniens
3145 1155 3198 1225 (I
3222 1158 3340 1211 Cor.
3369 1175 3482 1226 xm,
3511 1161 3587 1230 1).

1997 1249 2280 1302 Hominum
2311 1248 2393 1300 vel
2422 1248 2733 1318 angelorum
2781 1245 3000 1317 linguisI
3032 1249 3243 1306 inanem
3288 1251 3590 1310 facundiam

1995 1340 2347 1409 quorumdam
2400 1339 2753 1407 signiﬁcatam
2813 1339 3074 1398 debemus
3126 1342 3447 1413 accipere,i
3502 1348 3592 1418 qui

1996 1433 2172 1494 omnia
2209 1447 2544 1504 quascunque
2576 1431 2861 1499 voluerint,
2895 1443 3146 1498 accurate
3173 1435 3410 1508 quidem,
3437 1449 3596 1510 atque

1998 1528 2313 1598 eloquenter
2343 1527 2652 1586 enuntiant;
2705 1527 2796 1581 sed
2831 1529 3078 1598 quamvis
3108 1541 3297 1586 ornate
3347 1533 3597 1604 copiose-

1997 1634 2100 1687 que
2137 1617 2150 1667 i
2199 1617 2489 1685 disserant,
2527 1628 2701 1671 tamen
2734 1620 2776 1672 si
2811 1619 3035 1675 docendi
3085 1623 3316 1678 ofﬁcium
3363 1626 3598 1690 vanitate

2002 1711 2243 1781 placendi
2271 1711 2461 1781 magis,
2492 1725 2648 1780 quam
2674 1714 2989 1768 consulendi
3007 1717 3232 1774 caritate
3260 1720 3553 1791 suscipiant
3579 1739 3594 1788 ;

2006 1819 2112 1859 non
2140 1815 2197 1858 ut
2215 1803 2236 1840 ιί
2267 1805 2473 1876 aliquos
2501 1805 2749 1873 doceant,
2784 1808 2875 1862 scd
2895 1817 2953 1862 ut
2975 1824 3034 1864 se
3062 1810 3250 1866 doctos
3272 1798 3594 1878 ostendant;

1926 1885 1974 1944 B
2005 1911 2105 1949 nec
2139 1895 2460 1967 profectum,
2495 1896 2588 1949 sed
2615 1897 2856 1964 plausum
2892 1913 2921 1951 a
2950 1902 3062 1954 suis
3093 1902 3424 1966 auditoribus
3453 1922 3602 1974 quac-

2009 1997 2164 2051 rant;
2198 1989 2239 2042 si
2273 1985 2488 2054 totam,‘
2526 1989 2867 2043 conscientia:
2909 1991 3238 2062 diligentiam
3274 1996 3601 2052 transferant

2007 2079 2143 2132 male
2167 2079 2380 2134 dicaces
2404 2079 2467 2136 ad
2502 2078 2757 2152 linguam,
2788 2090 2843 2134 et
2887 2082 3181 2137 studiosius
3233 2087 3600 2157 eloquentiam

2005 2169 2170 2224 velint
2196 2186 2384 2225 curare
2414 2185 2572 2239 quam
2605 2172 2797 2227 vitam:
2830 2171 2874 2227 si
2908 2175 3196 2246 supercilio
3223 2193 3372 2233 vana:
3415 2179 3603 2252 loqua-

2005 2261 2180 2316 citatis
2208 2262 2357 2323 elati.
2383 2263 2522 2317 dicta
2563 2278 2659 2317 sua
2712 2266 2878 2337 magis
2931 2269 3149 2338 cupiant
3181 2271 3405 2338 laudari,
3441 2290 3604 2345 quam

2008 2358 2154 2422 ﬁeri;
2187 2374 2285 2412 nec
2320 2355 2429 2411 sint
2461 2358 2527 2412 de
2563 2360 2847 2415 sanctitate
2873 2365 3072 2436 operis,
3103 2365 3196 2420 sed
3232 2366 3299 2420 de
3334 2371 3604 2432 sermonis

2009 2461 2044 2486 -'"
2061 2451 2356 2504 elttt-ubrati
2379 2459 2656 2504 venustate
2680 2447 2892 2508 solliciti
2917 2457 3185 2526 :ntinquitl
3216 2474 3323 2516 non
3343 2461 3473 2516 tales
3491 2451 3604 2524 tne~

2009 2544 2111 2597 rito
2144 2553 2438 2597 mramento
2469 2544 2704 2608 sonanti,
2737 2554 2827 2598 aut
2878 2547 3122 2604 tinnienti
3170 2551 3414 2622 cymbala
3459 2569 3606 2612 cont-

2010 2635 2422 2705 parantur?qui
2471 2634 2520 2686 in
2574 2634 2788 2688 modum
2842 2635 3120 2692 tinnientis
3169 2646 3466 2707 :eramenti,
3525 2647 3608 2702 vel

1999 2727 2265 2798 ‘cymbali,
2305 2727 2561 2794 przrclara
2597 2743 2826 2808 qumque
2869 2731 3036 2802 magis
3083 2743 3342 2802 appetunt
3389 2749 3607 2805 sonare,

2009 2836 2166 2892 quam
2201 2821 2374 2874 fact-re
2410 2838 2419 2871 :
2450 2835 2547 2875 nec
2577 2821 2901 2877 erubescunt
2941 2839 2970 2877 a
3010 2825 3205 2895 seipsis
3236 2828 3391 2885 aliter
3421 2830 3608 2887 viven-

2009 2913 2097 2977 do,
2129 2929 2286 2982 quam
2323 2913 2619 2984 praedicant
2671 2915 2977 2987 discrepare
3016 2937 3025 2970 :
3062 2921 3149 2988 qui
3197 2931 3254 2974 ut
3307 2931 3333 2958 ι·
3391 2939 3608 2996 quoque

2013 3007 2172 3060 modo
2203 3015 2226 3040 ο
2253 3007 2633 3076 turpitudinem
2665 3024 2774 3064 sum
2796 3014 3224 3070 conversationis
3269 3015 3607 3087 obnubilent,

2014 3100 2236 3155 honesta
2257 3100 2549 3168 pra-dicare
2579 3118 2683 3154 non
2706 3113 2951 3169 cessant;
2973 3122 3089 3171 non,
3111 3119 3290 3164 tamen
3318 3120 3374 3168 ut
3395 3113 3611 3174 audita-

2017 3210 2103 3249 res
2153 3196 2234 3248 sui
2285 3210 2470 3248 eorum
2519 3197 2902 3265 prmdicatione
2949 3200 3254 3268 proﬁciant,
3289 3206 3382 3260 sed
3412 3215 3468 3266 ut
3509 3208 3612 3280 ipsi

312 3277 556 3320 mortuos
586 3264 830 3331 suscitat,
874 3263 1186 3331 languentes
1217 3274 1389 3332 sanat,
1427 3265 1665 3334 perditos
1697 3267 1902 3320 instau-
1937 3269 1982 3331 C
2017 3290 2296 3344 videantur
2325 3263 2663 3356 curare—qua,
2694 3263 3004 3358 ρτωάίρειίι,

313 3365 395 3410 rat
428 3365 474 3419 ε,
503 3370 654 3423 spem
686 3354 985 3424 desperatis
1013 3355 1258 3424 inspirat,
1294 3356 1545 3424 paciﬁcas
1579 3367 1788 3411 mentes
1818 3356 1904 3410 itt-

315 3451 557 3511 babitat;
592 3448 862 3502 fructuosa
892 3451 940 3502 in
972 3449 1376 3519 paenitentibus,
1412 3451 1531 3505 laeta
1553 3451 1604 3503 in
1625 3450 1909 3519 proﬁcien-

319 3544 483 3607 tibus,
517 3541 749 3610 gloriosa
784 3542 834 3595 in
860 3543 1352 3611 perseverantibus,
1384 3543 1667 3598 victoriosa
1693 3544 1744 3597 in
1772 3560 1910 3598 mar-

319 3636 551 3707 tyribus,
584 3649 807 3704 operosa
839 3637 888 3688 in
923 3637 1172 3691 omnibus
1195 3639 1414 3692 omnino
1448 3636 1712 3692 ﬁdelibus.
1738 3638 1906 3704 Quam

319 3728 454 3782 fides
491 3724 510 3762 τ
533 3727 785 3795 concipit,
822 3727 885 3780 ad
920 3743 1076 3798 quam
1125 3743 1247 3799 spes
1295 3730 1483 3796 currit,
1520 3731 1603 3785 cui
1636 3730 1910 3800 profectus

320 3818 562 3873 omnium
585 3818 768 3883 servit,
801 3833 865 3872 ex
894 3835 994 3888 qua
1026 3820 1279 3890 quidquid
1304 3829 1388 3875 est
1416 3821 1540 3876 boni
1572 3823 1751 3893 operis
1781 3831 1804 3868 Β
1832 3822 1909 3878 vi-

321 3912 440 3977 vit;
474 3912 573 3966 sub
597 3926 698 3980 qua
741 3910 1050 3965 obedientia
1077 3913 1288 3979 crescit,
1333 3928 1426 3983 per
1463 3929 1619 3983 quam
1654 3914 1910 3983 patientia

323 4003 510 4067 vincit,
552 4013 767 4072 propter
809 4019 966 4073 quam
1005 4005 1238 4060 carnalia
1292 4005 1653 4060 blandimenta
1695 4007 1912 4061 devotio

325 4097 576 4166 religiosa
628 4099 952 4161 contemnit;
986 4098 1103 4151 sine
1144 4114 1243 4167 qua
1295 4098 1472 4152 nullus
1523 4099 1630 4172 Deo
1678 4099 1910 4167 placuit;

325 4208 448 4248 cum
500 4207 604 4263 qua
661 4209 760 4248 nec
809 4194 980 4262 potuit
1024 4194 1219 4264 aliquis
1262 4209 1505 4265 peccare,
1560 4211 1656 4250 nec
1697 4197 1910 4266 poterit.

331 4285 460 4339 Haec
493 4293 573 4338 est
615 4286 808 4340 caritas
835 4301 978 4352 vera,
1008 4301 1285 4356 germana,
1332 4285 1562 4356 perfecta
1591 4305 1604 4352 ;
1641 4303 1797 4358 quam
1825 4307 1914 4344 ea:-

328 4379 676 4432 cellentiorem
716 4380 849 4431 viam
877 4380 1118 4433 nominat
1145 4389 1363 4435 sanctus
1395 4381 1684 4449 Apostolus
1708 4380 1759 4453 (I
1793 4381 1914 4436 Cor.

328 4488 428 4536 Ill,
461 4468 578 4541 3f).
615 4472 681 4527 Et
715 4467 840 4528 vere
873 4473 986 4543 ipsa
1015 4488 1096 4529 est
1127 4475 1208 4529 via
1247 4490 1365 4544 qure
1395 4475 1540 4530 ducit
1586 4491 1680 4545 per
1713 4492 1773 4531 se
1803 4493 1918 4532 am«

327 4565 581 4620 bulantcs
612 4564 677 4617 ad
729 4566 950 4634 patriam
981 4586 990 4620 :
1025 4568 1145 4636 quia
1191 4568 1328 4622 sicttt
1373 4568 1490 4622 sine
1545 4569 1629 4623 via
1674 4571 1922 4638 pervenit

2083 3380 2137 3434 2.
2181 3380 2287 3434 Sed
2322 3380 2598 3434 videamus
2634 3392 2656 3428 ρ
2688 3397 2803 3448 quae
2835 3382 2917 3438 bis
2945 3383 3194 3442 adnectat
3219 3386 3526 3456 Apostolus.
3551 3395 3613 3452 Si

2016 3474 2257 3537 habuero,
2295 3474 2482 3542 inquit,
2517 3473 2857 3541 prophetiam,
2886 3487 2931 3528 et
2956 3479 3179 3534 noverim
3229 3487 3468 3551 mysteria
3499 3501 3615 3542 ama

2017 3567 2124 3632 nia,
2153 3578 2198 3621 ct
2223 3583 2420 3619 onmem
2454 3565 2716 3620 scientiam
2748 3577 2835 3631 ;et
2866 3568 2908 3622 si
2934 3567 3157 3628 habuero
3193 3588 3395 3627 omnem
3435 3575 3616 3646 ﬁdem,

2015 3661 2088 3712 ita
2121 3666 2172 3711 nt
2206 3666 2396 3712 montes
2428 3661 2734 3727 transferam
2754 3699 2767 3716 ,
2803 3659 3071 3716 caritatem
3102 3670 3270 3719 autem
3299 3681 3400 3719 non
3428 3666 3616 3726 habue-

1996 3767 2098 3819 Iro,
2132 3751 2263 3804 nihil
2291 3766 2400 3803 sum
2432 3747 2596 3820 (Ibid.
2624 3750 2703 3818 ‘2).
2740 3749 2853 3806 Non
2903 3752 2966 3808 ad
3009 3752 3110 3808 hoc
3141 3755 3239 3809 ista
3280 3756 3430 3828 dicit,
3465 3761 3617 3828 quasi

2018 3844 2194 3916 aliqua
2228 3842 2363 3898 bona
2415 3843 2532 3897 sine
2561 3843 2782 3900 caritate
2832 3843 3031 3904 habere
3087 3846 3250 3920 aliqui
3284 3861 3309 3900 ς
3341 3865 3447 3910 non
3495 3868 3617 3923 pos.

2016 3939 2154 4004 sint;
2187 3940 2279 3995 sed
2305 3942 2424 4010 quia
2449 3942 2578 3997 nibil
2612 3944 2816 4014 prosint
2848 3944 3167 4006 habentibus
3199 3963 3281 4015 ea,
3315 3951 3360 4006 si
3405 3966 3434 4004 a
3477 3955 3618 4009 cari-

2023 4040 2129 4084 tate
2169 4029 2484 4086 defecerint.
2520 4030 2638 4102 Ipsa
2670 4044 2845 4090 autem
2901 4047 2955 4092 et
2987 4037 3071 4092 hic
3100 4042 3400 4096 necessaria
3424 4053 3524 4111 est,
3561 4057 3620 4103 ut

2022 4121 2198 4176 omnia
2229 4123 2388 4185 bona,
2424 4137 2691 4180 summum
2726 4126 2922 4181 bonum
2960 4138 2980 4164 ν
3014 4129 3254 4184 caritatis
3299 4131 3620 4192 habentibus

2027 4214 2252 4281 prosint,
2290 4224 2343 4269 et
2393 4215 2461 4270 ibi
2513 4217 2589 4272 eis
2637 4218 2799 4272 etiam
2846 4227 2866 4254 ³
2922 4218 3212 4287 perfectior
3257 4226 3617 4292 permanebit,

2025 4319 2143 4358 cum
2175 4321 2360 4362 omnes
2393 4318 2806 4376 perseverantes
2837 4309 2889 4368 in
2908 4326 2966 4364 se
2995 4311 3061 4366 ad
3090 4312 3348 4370 visionem
3379 4315 3471 4370 Dei
3502 4333 3620 4386 per-

2025 4397 2252 4453 duxerit.
2284 4399 2550 4456 Czeterum
2589 4402 2603 4434 ί
2639 4402 2942 4474 prophetia,
2979 4414 3032 4459 et
3090 4407 3472 4477 mysteriorum
3508 4428 3618 4474 om-

2028 4489 2172 4545 nium
2199 4491 2406 4558 notitia,
2435 4491 2514 4546 vel
2543 4491 2790 4556 scicntia,
2822 4508 2918 4549 nec
2946 4509 3051 4548 non
3102 4504 3157 4554 et
3207 4497 3318 4570 ipsa
3351 4499 3504 4566 ﬁdes,
3536 4504 3621 4558 vel

2027 4587 2219 4636 caetera
2250 4581 2394 4650 talia,
2425 4597 2545 4653 qua:
2569 4597 2672 4638 non
2704 4583 3013 4652 perfecﬁoni
3042 4575 3304 4657 ﬁdelium,
3324 4592 3419 4646 sed
3463 4591 3623 4664 fragi-

332 4656 518 4712 nullus
537 4651 655 4730 lquo
699 4657 887 4720 tendit,
948 4658 1014 4712 ita
1064 4659 1180 4713 sine
1228 4661 1472 4727 caritate,
1501 4677 1619 4731 quae
1648 4661 1787 4717 dicta
1840 4673 1925 4720 est
1956 4673 2174 4739 Dlitati
2228 4651 2530 4729 necessaria
2580 4651 2885 4744 judicantur
2915 4720 2927 4743 ,
2965 4679 3017 4733 in
3071 4680 3159 4734 illa
3210 4689 3235 4717 υ
3286 4651 3620 4751 perfectione

331 4749 439 4814 via,
476 4763 581 4802 non
609 4748 887 4802 ambulare
913 4760 1136 4816 possunt
1162 4749 1428 4816 homines,
1460 4752 1554 4811 sed
1585 4767 1788 4810 errare.

413 4937 435 4999 j“
465 4926 592 4982 Mss.
623 4933 872 4999 quatuor,
897 4927 1260 4999 abdicatisque.

409 4997 434 5034 ¹¹
473 4999 570 5052 Ms.
609 5013 744 5051 unus
775 4997 955 5063 Colb.,
989 4997 1222 5054 arcentia.

415 5079 435 5140 ς
475 5069 572 5122 Ms.
601 5085 759 5135 unus,
790 5071 1185 5140 inquinamentis
1217 5074 1469 5128 omnibus.

411 5137 438 5174 ἀ
473 5140 568 5193 .\ls.
602 5155 758 5204 unus,
785 5137 968 5194 antica.
1005 5141 1174 5204 Alter,
1208 5160 1374 5197 (ιιι-ιον.

417 5219 439 5246 θ
474 5212 609 5291 liditi
645 5211 796 5276 Lov.,
829 5211 992 5267 Duac.
1042 5224 1094 5268 et
1125 5213 1338 5280 Colum,
1372 5217 1618 5282 instruat,
1667 5218 1802 5276 forte
1837 5237 1931 5291 pro

339 5291 573 5335 tnstrutt.

425 5351 442 5389 ί
480 5353 578 5406 Ms.
612 5367 767 5418 unus,
792 5356 1040 5421 concepit.

420 5432 442 5498 ξς
475 5423 572 5498 ills.
607 5424 758 5478 Colb.
791 5440 954 5498 unus,
983 5427 1132 5498 viget.
1191 5497 1197 5498 γ
1487 5467 1492 5472 -

419 5493 443 5568 if
604 5509 759 5570 unus,
799 5513 889 5570 nos
922 5493 1149 5570 docente.
1181 5497 1311 5556 Mss.
1343 5499 1598 5570 quinque,
1633 5505 1847 5560 dicente.

425 5563 434 5591 ί
469 5564 597 5636 Mss.
629 5565 753 5631 duo,
787 5568 903 5636 quia
926 5569 1115 5621 omnia.

423 5639 436 5682 t
471 5635 597 5688 Mss.
627 5645 753 5698 tres,
785 5635 1068 5694 dissonent.

417 5703 444 5741 ιι
471 5705 569 5758 Ms.
602 5720 760 5773 unus,
791 5709 938 5762 alios.

423 5773 441 5812 1
473 5775 632 5858 Qgest
659 5792 759 5830 vox
791 5781 1107 5858 conscientitr
1134 5781 1186 5835 in
1218 5798 1323 5858 uno
1355 5800 1453 5858 ms.
1488 5786 1613 5858 Reg.

419 5856 459 5884 ω
491 5846 593 5904 Ms.
623 5862 777 5916 unus,
809 5848 1182 5907 etucubratione
1207 5855 1432 5912 solliciti.

2044 4773 2367 4829 sanctorum,
2396 4781 2500 4835 quo
2533 4768 2582 4820 in
2613 4769 2836 4824 caritate
2875 4771 3097 4826 radicati
3148 4783 3172 4810 ν
3198 4778 3478 4843 pervenire
3503 4796 3626 4835 con-

2110 4951 2134 4977 "
2167 4944 2263 4998 Ms.
2295 4962 2450 5011 unus,
2482 4949 2877 5014 quodammodo.

2111 5025 2133 5047 υ
2165 5015 2260 5068 Ms.
2293 5033 2447 5084 unus,
2477 5021 2810 5086 turpitudinis
2833 5037 2942 5076 sua:
2969 5028 3425 5084 conversationem.

2081 5089 2137 5164 ,Ρ
2167 5086 2288 5167 illss.
2328 5096 2458 5156 tres,
2501 5107 2613 5158 qua:
2639 5090 3030 5167 hicannectat.
3078 5096 3177 5152 Ms.
3220 5099 3378 5164 alter,
3423 5104 3545 5167 quid
3573 5108 3631 5158 tle

2039 5157 2117 5209 his
2143 5158 2430 5233 adjungens
2452 5157 2685 5215 annectat
2720 5164 3014 5233 Apostolus.

2114 5227 2591 5309 *t_rM-s.’quinque,
2624 5227 2830 5309 se‘lieet
2867 5235 3024 5309 Colb.
3076 5247 3183 5290 tres
3229 5247 3281 5309 et
3323 5238 3470 5309 Regii
3500 5242 3627 5309 dun,

2045 5308 2295 5375 omittunt
2343 5312 2624 5375 negantem
2680 5307 3026 5375 mrtimilatt't,
3074 5324 3195 5362 non.
3245 5307 3421 5362 Colb.’
3455 5327 3591 5368 unus

2045 5372 2190 5435 quasi
2213 5387 2312 5424 non
2337 5361 2576 5442 ηιθᾷυαη,
2609 5361 2772 5442 aliqui
2803 5361 3026 5444 possim:
3167 5361 3171 5362 κ
3351 5361 3367 5362 η
3458 5361 3624 5386 ηηη,

2122 5451 2140 5475 τ
2173 5440 2300 5496 MSS.
2331 5455 2558 5498 sentem.
2596 5448 2880 5498 caritatem.

2226 5457 2300 5496 SS.
2331 5457 2558 5508 septem,
2596 5457 2880 5500 caritatem.

2123 5462 2133 5475 '
2175 5462 2300 5496 MSS.
2331 5462 2558 5512 septem,
2596 5462 2880 5500 caritatem.

2115 5511 2264 5590 satis.
2300 5531 2456 5590 unus,
2491 5519 2780 5586 perfectius.
2829 5518 2953 5574 Mss.
3000 5526 3130 5584 tres,
3177 5520 3443 5590 perfectio.
3494 5528 3629 5585 Male

2044 5583 2094 5633 in
2124 5582 2242 5658 aliis
2275 5582 2544 5655 profectio,
2575 5582 2666 5641 aut
2688 5590 2984 5658 profectior.

2123 5655 2132 5684 ¹
2166 5652 2289 5728 Mss.
2317 5652 2563 5728 quatuor,
2588 5652 2883 5728 prop/retia.

2114 5730 2138 5806 ξ
2182 5721 2904 5806 Editi'addutttsunétaqug
2928 5745 3029 5806 vox
3060 5745 3166 5788 non
3181 5731 3374 5806 legitur
3403 5739 3454 5795 in
3497 5757 3628 5806 mss.

2113 5794 2336 5882 LAlge‘st
2365 5799 2624 5882 pervenire
2653 5815 2682 5853 a
2710 5794 2840 5856 mss.
2866 5799 3019 5860 Coll).
3051 5813 3104 5858 et
3151 5794 3281 5862 edit.
3307 5794 3475 5882 Ludg.
3499 5794 3629 5874 iis:

2042 5876 2198 5930 unus,
2228 5869 2511 5923 intendunt.
