4124 6350
543 333 651 392 495

1866 328 1893 385 ι
1900 324 2125 385 ULIANI
2165 326 2442 385 POMERII

3735 335 3842 395 496

542 426 789 516 tendunt,
814 430 1272 522 ipervenientibus
1304 443 1604 500 necessaria
1661 457 1782 498 esse
1830 457 1935 497 non
1983 451 2138 512 pote-
2167 446 2219 505 Α
2246 457 2407 514 agere
2431 457 2737 514 perperam,
2770 442 2864 500 sed
2890 444 3225 515 simpliciter
3248 459 3369 499 cum
3403 429 3842 517 omnibuskqitié-

544 554 695 609 runt,
723 559 844 598 cum
878 543 981 596 illis
1026 536 1521 606 incomparabiliter
1553 535 1775 589 meliora
1807 550 1869 589 ac
1931 535 2139 604 perleco

547 639 682 692 tiora
716 632 1093 689 successerint.
1125 630 1257 695 Quia
1293 643 1392 682 nec
1419 628 1702 696 prophetia
1745 626 1815 681 ibi
1841 642 1979 696 opus
2010 627 2136 696 erit,

546 746 667 784 cum
700 729 763 781 ad
809 725 935 780 illud
1003 723 1144 792 quod
1192 721 1428 775 futurum
1479 719 1871 790 promittebat,
1920 719 2141 787 impleta

547 817 855 889 perduxerit
879 831 893 881 ;
925 830 1023 870 nec
1046 812 1290 877 scientia,
1317 827 1434 879 quae
1478 811 1622 864 velut
1653 810 1869 864 lucerna
1894 809 2140 878 quaedam

545 912 598 964 in
632 909 787 977 hujus
817 906 998 961 smculi
1033 916 1193 959 nocte
1226 902 1414 957 ﬁdeles
1446 902 1735 966 illuminat,
1761 917 1882 957 cum
1915 902 1967 955 in
1996 901 2139 955 illius

545 1002 667 1055 vitze
698 999 783 1053 die
816 1005 1076 1067 perpetuo
1102 994 1193 1049 Sol
1224 993 1551 1061 vivusjustis
1583 991 1860 1055 effulserit;
1893 1006 1991 1045 nec
2022 1006 2140 1062 my-

546 1093 836 1147 steriorum
870 1090 1077 1157 notitia,
1097 1097 1187 1141 aut
1215 1088 1328 1156 ipsa
1351 1086 1483 1142 lides
1501 1086 1802 1140 necessaria
1827 1085 1951 1151 erit,
1968 1100 2141 1155 quan-

546 1186 617 1239 do
645 1184 712 1239 ad
743 1200 803 1239 ea
836 1198 952 1253 qum
978 1197 1074 1252 per
1104 1181 1421 1251 mysterium
1443 1178 1901 1249 signiﬁcabantur,
1937 1189 1991 1233 ct
2018 1194 2142 1233 cre-

548 1277 814 1332 debantur
840 1290 904 1329 ex
930 1274 1053 1341 ﬁde,
1081 1272 1340 1341 perfeCtio
1361 1271 1665 1326 Christiana
1698 1269 2020 1340 pervenerit.
2045 1271 2146 1325 Ca-

550 1377 684 1431 ritas
710 1388 841 1429 vero
868 1372 953 1427 hic
979 1371 1195 1441 quidem
1227 1369 1526 1423 necessaria
1550 1377 1649 1434 est,
1683 1383 1801 1437 qua:
1844 1382 1940 1423 nos
1989 1382 2148 1437 sepa~

550 1475 696 1520 rata
726 1464 964 1529 diabolo,
1000 1461 1248 1532 puriﬁcat
1276 1475 1305 1513 a
1364 1470 1605 1529 peccato,
1656 1460 1973 1513 reconciliat
2003 1458 2143 1525 Deo;

551 1558 648 1612 sed
694 1557 765 1611 ibi
810 1554 1045 1625 perfecta
1074 1553 1199 1618 erit,
1222 1568 1342 1608 cum
1375 1554 1642 1623 perfectos
1680 1552 1812 1618 Deo,
1836 1567 1867 1606 a
1920 1567 2025 1622 quo
2064 1561 2148 1607 est

554 1660 583 1688 ³
600 1650 822 1714 donata,
851 1648 1213 1716 conjunxerit.

624 1744 674 1798 ὅ.
710 1743 898 1797 Adhuc
928 1742 1217 1812 Apostolus
1239 1739 1447 1821 laudem
1480 1739 1673 1792 divina:
1731 1738 1971 1794 caritatis
2024 1755 2143 1793 am-

2246 534 2476 591 buslibet
2502 540 2785 606 puritatem
2809 537 3100 600 exhibere;
3128 538 3274 592 nullo
3324 540 3463 593 fastu
3522 542 3841 610 perniciosae

2246 630 2492 685 vanitatis
2544 632 2751 696 inﬂari;
2803 631 2934 685 nihil
2983 644 3167 685 e0rutn
3209 648 3328 700 qua:
3352 646 3475 686 sunt
3504 635 3699 701 aliena,
3731 637 3839 691 cri-

2248 725 2394 781 mine
2415 724 2722 793 cupiditatis
2748 725 2985 788 ambire;
3018 740 3139 794 qua:
3168 740 3263 779 sua
3296 736 3423 779 sunt
3461 743 3570 795 pra:
3595 745 3843 783 commu-

2250 819 2423 871 nionis
2468 818 2608 871 bono
2641 833 2749 871 non
2795 832 3074 886 quazrere;
3107 817 3233 870 nulli
3269 818 3491 881 malum,
3517 819 3847 887 quibuslibet

2252 906 2270 945 ι
2302 910 2538 964 irritatos
2561 909 2790 979 injuriis,
2816 911 3081 979 cogitare;
3108 926 3212 963 non
3239 924 3402 978 super
3424 920 3461 945 τε
3487 912 3733 980 alicujus,
3754 920 3846 967 aut

2248 1003 2331 1057 sui
2380 1002 2562 1071 operis
2630 1001 2927 1071 iniquitate,
2983 1002 3077 1057 sed
3143 1004 3209 1057 de
3275 1002 3500 1058 veritate
3569 1004 3840 1075 gaudere;

2249 1103 2277 1130 ιλ
2308 1109 2497 1149 omnes
2535 1095 2821 1165 inquietos,
2848 1096 2933 1149 vel
2973 1095 3392 1165 inquietudiues,
3429 1095 3648 1151 fundata
3683 1099 3843 1153 animi

2251 1187 2655 1253 tranquillitate,
2687 1187 2937 1254 sufferre,
2974 1197 3088 1255 post
3122 1188 3258 1242 hanc
3284 1188 3445 1241 vitam
3479 1204 3666 1258 ptenas
3715 1189 3845 1244 divi-

2250 1282 2393 1337 nitus
2423 1284 2778 1337 comminatas
2806 1282 3031 1337 credere
3061 1291 3085 1317 ο
3125 1281 3433 1346 metuendo,
3468 1285 3690 1353 prtemia
3720 1299 3845 1354 pro-

2251 1378 2414 1431 missa
2441 1390 2659 1443 sperare
2688 1374 2990 1444 gaudendo,
3045 1374 3431 1429 revelationem
3482 1375 3718 1429 ﬁliorum
3755 1375 3846 1431 Dei

2252 1470 2563 1526 desiderare
2590 1469 2801 1523 fortiter
2825 1467 3141 1522 sustinendo
3173 1482 3187 1519 :
3217 1467 3430 1535 quando
3452 1482 3581 1537 ergo
3599 1468 3846 1525 videmus

2253 1567 2391 1629 lucc,
2434 1576 2488 1620 et
2511 1576 2536 1615 ι)
2567 1566 2691 1619 talia
2735 1565 2873 1619 bona
2919 1564 3127 1631 aliquos
3165 1575 3344 1629 posse,
3380 1562 3710 1627 noverimus,
3744 1577 3847 1618 non

2251 1673 2347 1713 eos
2377 1656 2739 1725 magnitudine
2768 1655 2981 1709 virtutis
3012 1667 3123 1707 sua:
3146 1666 3325 1722 posse,
3356 1653 3495 1723 quod
3540 1654 3728 1709 volunt
3763 1671 3850 1709 ar-

2253 1750 2473 1815 denter,
2504 1759 2559 1805 et
2584 1749 2813 1811 faciunt;
2847 1747 2941 1802 sed
2972 1746 3041 1800 de
3070 1745 3331 1800 beneﬁcio
3388 1746 3532 1800 illius
3574 1747 3845 1809 caritatis.

545 1837 812 1906 pliﬁcans,
862 1834 1102 1903 adjungit
1133 1843 1187 1887 et
1240 1834 1367 1887 dicit
1394 1852 1404 1885 :
1437 1832 1498 1887 Si
1552 1832 1853 1887 dislribuero
1898 1834 1952 1886 in
2009 1834 2143 1888 cibos
2174 1830 2224 1893 B
2251 1860 2371 1914 qua:
2403 1859 2508 1897 non
2537 1851 2621 1896 est
2648 1856 2715 1896 ex
2747 1839 2919 1905 nobis,
2948 1838 3042 1892 sed
3074 1836 3267 1891 diﬁ‘usa
3294 1846 3374 1892 est
3400 1837 3453 1891 in
3474 1837 3730 1893 cordibus
3758 1853 3851 1893 no-

545 1943 833 2001 pauperunt
865 1943 1035 1980 omnes
1057 1926 1325 1995 facultates
1350 1942 1506 1992 meas,
1546 1936 1594 1978 et
1622 1927 1680 1978 'si
1734 1926 1991 1979 tradidero
2031 1942 2142 1979 cor-

548 2038 647 2090 pus
669 2037 836 2073 meum
864 2065 879 2088 ,
907 2018 934 2057 δ
958 2020 1030 2073 ita
1073 2030 1128 2071 ut
1148 2019 1389 2083 ardeam;
1432 2020 1695 2071 caritatem
1723 2030 1892 2072 autem
1920 2035 2021 2071 non
2052 2018 2148 2072 ha-

548 2115 729 2178 buero,
761 2112 892 2166 nihil
919 2113 1044 2164 mihi
1076 2112 1279 2179 prodest
1307 2109 1360 2181 (Ι
1389 2110 1507 2164 Cor.
1540 2126 1657 2174 xm,
1685 2111 1759 2179 5).
1792 2110 1900 2165 Nec
1944 2112 2146 2166 imme-

548 2205 755 2261 rito.Si
781 2206 1050 2259 enimnon
1096 2203 1246 2272 quid,
1291 2202 1383 2257 sed
1437 2212 1653 2271 propter
1691 2202 1817 2264 quid
1868 2203 2145 2271 faciamus,

544 2295 605 2352 in
638 2296 724 2350 illa
756 2294 939 2349 ultima
970 2294 1363 2349 examinatione
1386 2293 1731 2363 quaerendum
1765 2302 1875 2359 est;
1907 2294 2145 2349 elcemo-

550 2402 723 2459 synze,
757 2386 839 2441 vel
872 2398 892 2425 ε
921 2386 1132 2440 traditio
1162 2387 1401 2454 corporis
1430 2386 1481 2438 in
1514 2398 1761 2450 mortem,
1792 2386 1917 2455 quid
1952 2387 2148 2455 prode~

550 2492 675 2534 runt
707 2495 812 2535 non
861 2478 1183 2533 habentibus
1227 2477 1539 2531 caritatem?
1581 2476 1698 2545 Ipsa
1746 2492 1873 2545 ergo
1905 2478 2146 2533 habenda

550 2583 657 2638 est,
686 2573 801 2641 ipsa
830 2570 1101 2635 sectanda,
1171 2569 1288 2623 sine
1327 2584 1430 2639 qua
1470 2584 1569 2624 nec
1619 2569 1991 2639 elcemosynm,
2048 2584 2148 2625 nec

550 2664 750 2718 occisio
779 2663 1037 2731 corporis,
1072 2675 1169 2714 nec
1201 2661 1287 2713 illa
1358 2660 1535 2713 omnia
1585 2660 1835 2728 superius
1866 2659 2025 2725 dicta,
2063 2661 2146 2715 vel

552 2756 654 2808 alia
682 2750 708 2789 ἀ
735 2769 855 2823 qua:
894 2754 937 2807 is
987 2752 1123 2807 bona
1156 2751 1457 2820 perducunt
1486 2762 1509 2788 θ
1534 2751 1741 2816 aliquos
1786 2750 1853 2803 ad
1897 2750 2145 2807 salutem.

550 2846 687 2913 Quia
719 2845 970 2914 qum-libet
1014 2842 1153 2896 actio
1194 2843 1333 2896 bona
1379 2842 1460 2896 vel
1505 2842 1706 2910 passio,
1740 2842 1841 2895 nisi
1890 2856 1954 2895 ex
2018 2842 2147 2910 ﬁde,

552 2952 674 3008 quae
716 2952 808 3005 per
835 2936 1175 2991 dilectionem
1208 2942 1461 3003 operatur
1504 2934 1649 3003 (Gal.
1690 2951 1739 2999 v,
1792 2935 1873 3005 6),
1912 2932 1953 2972 τ’
1986 2938 2150 2990 exsti-

552 3032 702 3098 terit,
738 3032 889 3086 nobis
937 3029 1192 3099 prodesse
1221 3042 1327 3083 non
1380 3027 1594 3095 poterit.
1627 3029 1963 3096 Quapropter
2015 3027 2149 3081 nihil

552 3126 635 3182 eis
663 3127 865 3196 peccati
921 3124 1238 3179 damnabilis
1266 3138 1551 3178 remanere
1575 3124 1791 3190 poterit,
1842 3137 1940 3177 nec
1976 3122 2149 3178 deerit

2252 1936 2377 1991 stris
2424 1952 2521 2006 per
2575 1934 2833 2004 Spiritum
2886 1942 3153 1997 sanctum,
3202 1930 3293 1999 qui
3348 1931 3505 1985 datus
3560 1940 3645 1985 est
3698 1931 3850 1986 nobis

2254 2027 2433 2098 (Rom.
2461 2043 2514 2093 ν,
2556 2027 2634 2096 5).

2863 2114 3087 2171 CAPUT
3124 2115 3239 2170 XV.

2294 2236 2555 2301 Quantum
2584 2233 2906 2304 perfectionis
2929 2234 3120 2286 caritas
3142 2234 3194 2286 in
3219 2248 3273 2290 se
3295 2231 3532 2300 fundatis
3560 2232 3816 2288 exhibeat.

2328 2370 2378 2423 Ι.
2402 2368 2543 2437 Ergo
2564 2368 2607 2421 si
2635 2367 2912 2421 caritatem
2940 2365 3051 2420 Deo
3080 2364 3429 2421 exhibeamus
3473 2374 3527 2419 et
3573 2366 3848 2434 proximo,

2254 2463 2315 2515 de
2338 2461 2487 2514 corde
2517 2475 2667 2530 puro,
2698 2470 2741 2512 et
2763 2458 3073 2511 conscientia
3113 2457 3263 2521 bona,
3317 2466 3364 2509 et
3418 2456 3519 2524 [ide
3572 2474 3673 2510 non
3724 2458 3846 2526 ﬁcta

2256 2552 2309 2624 (1
2344 2553 2480 2606 Tim.
2511 2568 2549 2619 ι,
2585 2552 2663 2620 5),
2700 2551 2853 2605 facile
2880 2561 3102 2619 peccato
3144 2551 3465 2613 resistimus,
3496 2550 3650 2604 bonis
3680 2553 3852 2607 omni-

2256 2646 2355 2698 bus
2398 2643 2757 2707 abundamus,
2791 2641 2972 2696 saeculi
3028 2641 3387 2696 blandimenta
3435 2644 3849 2709 contemnimus,

2255 2743 2309 2789 ct
2338 2734 2517 2789 omnia
2542 2749 2660 2803 qua:
2683 2732 2918 2788 difﬁcilia
2951 2742 3077 2786 sunt
3117 2732 3368 2786 humana:
3418 2732 3712 2801 fragilitati,
3769 2736 3851 2789 vel

2256 2844 2476 2899 aspera,
2536 2831 2697 2882 etiam
2754 2843 2874 2881 cum
2925 2837 2951 2875 (ι
2997 2826 3353 2881 delectatione
3413 2826 3758 2896 perﬁcimus;
3807 2830 3851 2883 si

2257 2932 2433 2975 tamen
2467 2921 2631 2974 Deum
2664 2920 2885 2973 caritate
2941 2918 3197 2987 perfecta,
3249 2933 3367 2988 qua:
3420 2920 3712 2977 nobis'ab
3761 2922 3851 2978 illo

2255 3024 2357 3081 est,
2393 3030 2455 3067 ex
2491 3022 2600 3066 toto
2630 3012 2817 3076 corde,
2848 3027 2914 3065 ex
2940 3020 3046 3064 tota
3078 3009 3274 3077 anima,
3310 3020 3361 3064 ct
3390 3025 3455 3065 ex
3488 3013 3615 3066 totis
3641 3014 3851 3069 .viribus

2255 3108 2536 3175 diligamus
2569 3105 2746 3177 (Deut.
2777 3120 2846 3169 γι,
2888 3105 2950 3169 5;
2994 3102 3184 3159 Matth.
3215 3120 3345 3170 χιιι,
3375 3103 3472 3169 57;
3500 3105 3631 3160 Luc.
3658 3124 3710 3173 ι,
3744 3107 3847 3173 27;

554 3219 753 3289 aliquid
812 3219 954 3282 boni,
1009 3218 1201 3285 quibus
1253 3216 1469 3280 caritas,
1515 3216 1692 3270 omnis
1760 3215 2146 3285 inquinameuti

2258 3200 2425 3254 Marc.
2462 3216 2551 3265 xu,
2586 3199 2700 3267 50).
2738 3198 2815 3251 Ex
2848 3212 2909 3251 ea
2958 3198 3099 3251 enim
3154 3206 3308 3266 parte
3374 3199 3495 3268 quis
3545 3210 3749 3270 peccat.
3783 3219 3847 3258 ex

554 3310 852 3376 mundatio,
910 3318 966 3364 et
1009 3308 1268 3362 bonorum
1323 3307 1559 3361 omnium
1613 3316 1783 3361 mater
1856 3307 2147 3363 alﬁuxerit.

554 3402 819 3468 Quoniam
849 3400 1063 3468 quidem
1088 3400 1133 3453 si
1156 3400 1345 3452 caritas
1372 3400 1572 3467 patiens
1606 3409 1709 3463 est,
1743 3398 1959 3468 benigna
1990 3410 2083 3465 est,
2103 3400 2148 3455 si

555 3510 659 3548 non
677 3493 969 3558 aemulatur,
990 3508 1091 3544 non
1118 3492 1222 3560 agit
1254 3506 1542 3557 perperam,
1564 3505 1666 3542 non
1694 3490 1927 3559 inflatur,
1947 3506 2047 3542 non
2074 3500 2149 3544 est

554 3586 842 3651 ambitiosa,
862 3601 963 3637 non
984 3584 1164 3651 quterit
1194 3599 1308 3651 quia
1335 3599 1429 3635 sua
1448 3590 1567 3633 sunt
1588 3597 1605 3643 ;
1635 3597 1737 3633 non
1766 3582 2021 3647 irritatur,
2046 3598 2149 3636 non

556 3680 740 3749 cogitat
782 3678 997 3741 malum,
1030 3692 1130 3728 non
1149 3677 1338 3744 gaudet
1365 3691 1516 3744 super
1544 3674 1835 3743 iniquitate,
1863 3676 2149 3743 congaudet

556 3780 730 3824 autem
757 3768 984 3832 veritati;
1017 3768 1061 3820 si
1094 3768 1265 3819 omnia
1302 3766 1504 3832 suffert,
1555 3766 1729 3818 omnia
1768 3764 1950 3827 credit,
1980 3766 2152 3820 omnia

557 3872 748 3927 sperat,
774 3862 945 3914 omnia
967 3862 1181 3913 sustinet
1205 3858 1258 3932 (1
1284 3858 1401 3913 Cor.
1436 3874 1549 3912 xm.
1580 3858 1613 3911 4
1643 3868 1690 3912 et
1711 3858 1906 3928 seqq.);
1934 3869 1959 3907 ε
1982 3870 2031 3914 et
2056 3876 2151 3915 eos

556 3955 614 4009 in
642 3953 835 4022 quibus
863 3952 1305 4015 l'uerit,omnibus
1329 3951 1411 4004 his
1442 3951 1594 4005 bonis
1622 3966 1740 4020 qua:
1767 3950 1923 4005 habet
1956 3952 2152 4019 imper-

560 4044 800 4115 titzquid
838 4044 873 4098 il
901 4045 943 4097 is
975 4057 1094 4098 esse
1133 4052 1306 4112 potest
1350 4043 1401 4096 in
1443 4043 1541 4098 hac
1570 4043 1678 4096 vita
1719 4043 2024 4112 perfectius,
2060 4044 2151 4113 qui

557 4140 723 4193 tantis
757 4138 1051 4205 abundant,
1086 4141 1308 4193 caritate
1344 4138 1396 4191 in
1429 4153 1489 4193 se
1520 4147 1795 4207 regnante,
1823 4138 2150 4192 virtutibus?

628 4233 684 4287 4.
731 4232 961 4287 l’roinde
1013 4232 1225 4301 quando
1278 4232 1520 4286 videmus
1588 4233 1797 4301 aliquos
1827 4228 2153 4299 hpatientia:

557 4327 698 4381 mole
728 4323 977 4378 ﬁtndatos
1002 4325 1377 4378 inconcussum
1411 4331 1594 4392 pectus
1624 4321 1973 4376 saevientibus
1996 4323 2151 4376 malis

557 4431 861 4485 opponere;
894 4416 1217 4470 abundantia
1247 4423 1447 4469 sancta:
1480 4414 1825 4483 benignitatis
1855 4412 1869 4450 ί
1906 4414 2147 4481 affectos,

556 4508 759 4561 bonum
790 4522 943 4561 suum
973 4507 1109 4561 velle
1146 4523 1265 4561 cum
1302 4507 1552 4562 omnibus
1594 4507 1790 4561 habere
1840 4522 2145 4573 commune,

2254 3310 2355 3363 qua
2398 3294 2573 3346 minus
2601 3291 2774 3360 diligit
2826 3290 2994 3345 Deum
3029 3306 3223 3360 :quem
3256 3291 3298 3345 si
3331 3307 3395 3346 ex
3422 3303 3532 3346 toto
3578 3294 3740 3350 corde
3764 3296 3847 3350 di-

2256 3388 2499 3456 liganius,
2526 3385 2658 3440 nihil
2716 3384 2818 3439 erit
2853 3384 2906 3437 in
2948 3384 3103 3437 nobis
3153 3384 3295 3439 unde
3338 3387 3538 3455 peccati
3567 3388 3849 3443 desideriis

2255 3483 2573 3536 serviamus.
2640 3477 2707 3531 Et
2748 3476 2875 3547 quid
2920 3487 3003 3531 est
3049 3478 3271 3548 diligere
3326 3480 3514 3547 Deum,
3563 3483 3667 3537 nisi
3701 3494 3722 3519 ⁸
3772 3484 3847 3540 illi

2255 3579 2505 3647 occupari
2581 3579 2783 3645 animo,
2837 3580 3122 3651 concipere
3160 3580 3399 3635 fruenda:
3458 3582 3683 3639 visionis
3730 3583 3847 3654 ejus

2254 3670 2526 3735 affectum,
2561 3673 2762 3741 peccati
2791 3674 2996 3738 odium,
3025 3673 3207 3727 mundi
3252 3672 3565 3740 fastidium;
3621 3676 3848 3746 diligere

2255 3765 2413 3817 etiam
2468 3764 2766 3831 proximum
2798 3763 3014 3835 (Matth.
3066 3781 3118 3830 v,
3176 3765 3293 3835 45),
3337 3781 3495 3835 quem
3542 3768 3655 3836 ipse
3696 3768 3748 3821 in
3786 3783 3847 3824 se

2254 3855 2465 3909 censuit
2510 3855 2837 3924 diligendum
2866 3856 2883 3891 ί
2911 3872 2924 3921 ;
2960 3856 3011 3909 in
3044 3856 3158 3925 ipso
3200 3871 3386 3912 amore
3416 3873 3629 3913 servare
3669 3859 3846 3929 legiti-

2255 3967 2398 4003 mum
2433 3952 2670 4016 modum,
2732 3965 2829 4004 nec
2891 3963 3195 4019 pervertere
3245 3952 3545 4007 dilectionis
3597 3952 3843 4009 ordinem

2255 4042 2640 4096 constitutum?
2670 4040 2924 4095 Ordinem
2954 4041 3259 4097 dilectionis
3286 4043 3361 4096 illi
3396 4054 3726 4112 pervertunt,
3746 4060 3845 4101 nec

2257 4134 2468 4188 modum
2499 4134 2752 4203 diligendi
2784 4135 3115 4202 custodiunt,
3178 4136 3266 4205 qui
3313 4144 3405 4189 aut
3442 4137 3698 4191 mundum
3754 4138 3845 4208 qui

2254 4227 2679 4280 contemnendus
2710 4236 2811 4289 εει,
2834 4223 3090 4293 diligunt,
3123 4233 3215 4278 aut
3249 4239 3475 4295 corpora
3535 4241 3631 4281 sua
3671 4228 3847 4283 minus

2255 4317 2545 4387 diligenda,
2606 4317 2721 4385 plus
2783 4316 3039 4386 diligunt;
3086 4326 3176 4370 aut
3227 4320 3501 4387 proximos
3552 4335 3658 4374 non
3709 4322 3847 4375 sicut

2254 4412 2481 4479 seipsos,
2510 4418 2597 4463 aut
2632 4408 2797 4463 Deum
2826 4409 2942 4477 plus
2983 4424 3140 4479 quant
3164 4409 3367 4480 seipsos
3402 4411 3538 4465 forte
3590 4428 3695 4468 non
3727 4414 3847 4468 dili-

2255 4515 2384 4574 gunt.
2422 4503 2699 4573 (Videntur
2729 4501 2862 4572 Aug.
2896 4518 3011 4570 cap.
3040 4501 3131 4567 ‘27,
3170 4502 3208 4556 l.
3242 4518 3279 4567 ι,
3313 4503 3375 4556 de
3426 4503 3577 4557 Doct.
3604 4504 3844 4576 Christ.).

559 4614 665 4653 non
696 4598 963 4669 aliquibus
989 4598 1226 4653 ardentis
1256 4599 1475 4653 invidiae
1523 4598 1724 4654 facibus
1755 4599 1769 4650 ἱ
1809 4600 1999 4669 coqui;
2041 4616 2147 4658 non
2178 4593 2234 4655 D
2328 4598 2384 4653 2.
2418 4596 2523 4653 Sed
2553 4597 2620 4650 de
2641 4594 2863 4663 mundo,
2895 4595 3034 4665 quod
3065 4596 3213 4667 diligi
3240 4597 3462 4651 omnino
3496 4614 3600 4653 non
3631 4598 3843 4669 debeat,

628 4744 655 4772 ⁸
689 4736 813 4790 Mss.
839 4734 968 4799 duo,
1000 4751 1031 4787 a
1057 4750 1156 4800 quo
1182 4743 1255 4786 est
1286 4734 1355 4787 eis
1379 4734 1588 4787 donata.

625 4804 654 4843 δ
685 4806 761 4860 lta
793 4821 924 4861 mss.
955 4820 1069 4860 sex.
1104 4805 1266 4872 Editi,
1297 4814 1351 4858 ut
1370 4807 1658 4870 ardea!;et
1716 4804 1873 4871 infra,
1920 4822 2021 4861 non
2052 4807 2145 4861 ha-

553 4879 718 4931 beam.

631 4960 653 4986 ο
681 4947 842 5015 Etliti,
872 4946 1189 5001 traditiones.
1219 4946 1343 5003 Mss.
1354 4989 1369 5015 ,
1399 4946 1627 5002 traditio.

624 5016 653 5055 τι
683 5019 811 5073 Mss.
846 5020 977 5086 duo,
1003 5017 1260 5089 qualibet.

627 5098 652 5125 '
684 5092 781 5146 Ms.
810 5106 968 5155 unus,
993 5092 1268 5142 hominem.
1303 5089 1474 5152 Alter,
1510 5089 1755 5144 homines.

629 5158 650 5197 ί
680 5163 805 5237 Mss.
838 5177 956 5237 scit,
986 5160 1653 5237 exstiterint....poterunt.
1711 5229 1723 5237 _
1802 5230 1814 5237 -
1923 5222 1939 5237 ’

625 5241 651 5279 κ
684 5235 808 5288 Mss.
828 5233 981 5287 Colb.
1039 5239 1267 5300 quatuor
1286 5232 1539 5285 omittunt
1589 5229 1937 5300 particulam'
1961 5240 2045 5299 et;
2086 5242 2142 5288 ct

552 5305 691 5360 infra
721 5316 830 5361 tres
860 5321 923 5357 cx
956 5301 1038 5357 his
1068 5318 1187 5356 cum
1220 5302 1350 5372 Reg.
1376 5302 1605 5368 duobus,
1628 5311 1677 5357 et
1705 5303 1827 5368 quid
1845 5303 1967 5357 illis.

624 5373 771 5431 th.
821 5374 1034 5441 Camb.,
1094 5374 1337 5441 patientia
1405 5372 1528 5428 bene
1581 5373 2036 5443 [undatoaUnus
2074 5389 2139 5430 ex

553 5445 704 5517 Colb.
738 5448 982 5517 patientia
1001 5448 1261 5517 fundatas.

634 5516 648 5553 ί
679 5513 775 5571 Ms.
817 5533 974 5582 unus,
1000 5515 1346 5581 a/fectuosius.
1380 5515 1478 5570 Ms.
1508 5513 1722 5581 Camb.,
1748 5514 1988 5584 effectum
2051 5516 2139 5571 bo-

554 5602 679 5640 num
708 5604 875 5651 suum,
899 5599 1003 5642 etc.
1458 5589 1468 5599 “

629 5659 645 5707 i
686 5658 779 5711 Ms.
812 5659 1320 5729 unus,coinquinari.
1346 5658 1483 5712 Editi
1513 5665 1562 5712 et
1590 5671 1692 5712 ms.
1726 5672 1883 5723 unus,
1914 5673 2012 5711 non
2044 5657 2143 5712 ali—

555 5729 738 5797 quibus
764 5727 1075 5782 ardentibus.

628 5799 649 5837 ι
684 5800 810 5853 Mss.
845 5799 992 5855 Colb.
1025 5809 1130 5855 tres
1157 5798 1413 5858 etCamb.
1442 5800 1621 5870 quibus
1648 5800 1791 5856 debet
1819 5800 2017 5869 puritas
2047 5815 2136 5855 es.-

2249 4736 2426 4791 hiberi.
2452 4732 2548 4788 Ms.
2577 4734 2709 4801 Reg.
2744 4748 2899 4799 unus,
2930 4734 3019 4787 sed
3044 4734 3415 4805 simplicitatem
3478 4752 3594 4789 cum
3616 4738 3846 4793 erunibus

2250 4806 2551 4878 quibuslibet
2574 4806 2810 4873 puritatis
2830 4805 3082 4860 exhibere.

2326 4876 2342 4915 1
2392 4879 2490 4932 Ms.
2537 4892 2693 4942 unus,
2727 4878 3028 4948 instigatos;
3052 4877 3331 4942 ms.alter,
3361 4877 3626 4948 irrogatis.

2321 4958 2360 4985 η’
2386 4950 2482 5003 Ms.
2514 4962 2671 5011 tinus,
2703 4965 2761 5001 ac
2786 4948 2888 5000 sui.
2921 4947 3087 5013 Alias,
3120 4948 3339 5016 alicujus
3368 4947 3570 5002 adversi
3590 4952 3781 5017 operis.

2316 5028 2343 5056 η
2360 5020 2457 5074 Ms.
2479 5032 2633 5082 unus,
2654 5035 2824 5071 omnei
2846 5019 3219 5087 inquietudines
3240 5020 3315 5072 vel
3331 5020 3577 5088 inquietos
3603 5022 3844 5089 fundata,

2246 5102 2354 5149 clc.
2382 5091 2479 5144 Ms.
2510 5089 2665 5153 alter,
2689 5107 2860 5143 omnes
2887 5090 3265 5158 inquietudines
3290 5094 3490 5159 fortiter
3516 5092 3700 5156 animi,
3737 5103 3842 5147 ctc.

2324 5171 2347 5197 °
2374 5161 2500 5215 Mss.
2518 5171 2765 5228 quatuOr,
2795 5177 2891 5214 non
2910 5162 3194 5214 metuendo.

2322 5244 2348 5281 ιι
2373 5232 2470 5285 Ms.
2502 5247 2660 5295 unus,
2696 5242 2740 5285 et
2762 5234 2866 5285 alia
2888 5232 3019 5284 bona
3044 5248 3190 5299 posse
3218 5233 3436 5303 aliquos.

2318 5313 2345 5353 τι
2376 5303 2499 5356 Mss.
2538 5311 2666 5367 tres,
2695 5319 2810 5355 cum
2831 5303 3117 5356 dilectione.

2323 5384 2343 5411 τ
2382 5374 2519 5428 Editi
2547 5388 2666 5427 cum
2700 5372 3013 5443 quibusdam
3042 5388 3193 5435 mss.,
3221 5390 3281 5427 ex
3301 5374 3392 5428 illo
3412 5383 3504 5431 est.

2325 5452 2352 5519 ξ
2378 5445 2539 5508 Editi,
2564 5446 2640 5519 illi
2663 5443 3181 5519 occuparenauimum.
3207 5445 3334 5519 Mss.
3368 5456 3508 5519 tres,
3567 5446 3658 5501 illo
3712 5446 3844 5519 [duo

2250 5514 2353 5586 illi]
2382 5518 2618 5586 occupari
2638 5518 2829 5569 animo.
2858 5515 3024 5579 Alias,
3048 5517 3125 5568 illi
3143 5518 3376 5585 copulari
3404 5518 3595 5569 aninto.

2326 5589 2343 5622 ί
2374 5587 2471 5642 Ms.
2494 5587 2647 5644 Colb.
2674 5603 2830 5651 unus,
2854 5588 2907 5639 in
2925 5588 3035 5661 ipso
3078 5604 3277 5661 seruare
3318 5604 3530 5661 amore_
3558 5590 3845 5661 legitimum

2248 5673 2459 5724 morem,
2487 5674 2576 5710 nec
2596 5670 2873 5728 pervertere
2902 5656 3129 5711 ordinem
3154 5658 3458 5712 dilectionis.
3490 5656 3845 5715 Couititutum

2248 5730 2477 5782 ordinem
2500 5728 2784 5784 dilectionis
2826 5729 2903 5782 illi
2949 5738 3261 5797 pervertunt,
3316 5738 3421 5785 etc.
