4124 6350
294 386 397 449 ιθτ

1343 390 1429 444 DE
1476 391 1630 444 γιτΑ
1670 390 2236 449 CONTEMPLATIVA
2282 356 2405 452 LIB:
2453 399 2534 456 Ill.

3466 404 3569 459 498

296 509 460 577 ipsius
512 507 602 561 Dei
635 509 799 563 nostri
822 524 917 577 per
969 517 1211 562 sanctum
1265 506 1522 560 Joannem
1577 508 1877 575 apostolum
1912 512 2130 589 Αίιιχιί,
2163 518 2289 573 mm.
2323 523 2462 591 quod
2518 524 2645 579 dicit
2689 525 2918 595 Spiritus
2964 538 3204 596 sanctus,
3235 526 3262 563 ι,
3297 528 3569 581 Ordinum

296 614 395 652 vox
425 607 528 663 est,
562 598 790 654 dicentis
825 614 839 653 :
875 597 1050 652 Nolite
1099 599 1309 669 diligere
1346 598 1589 650 mundum
1639 597 1690 665 (I
1723 597 1880 653 Joan.

296 705 354 755 ιι,
390 687 499 758 15).
530 687 737 759 Corpus
765 696 940 745 autem
980 696 1243 754 nostrum,
1275 689 1397 757 quia
1436 704 1559 757 pars
1583 690 1747 744 nostri
1776 700 1879 755 est,

295 780 359 834 ad
386 780 486 834 hoc
512 778 667 834 nobis
692 789 774 835 est
798 779 1149 850 diligendum,
1192 789 1251 834 ut
1294 780 1453 834 saluti
1509 780 1647 849 ejus,
1681 795 1742 835 ac
1773 779 1881 836 fra-

293 874 484 943 gilitati
512 874 826 928 naturaliter
855 874 1218 941 consulamus,
1242 882 1297 928 et
1350 858 1567 943 agamus
1616 885 1881 943 quatenus

293 963 508 1031 spiritui
541 972 567 1000 ι
597 964 842 1019 ordinate
880 963 1199 1033 subjectum,
1234 960 1299 1018 ad
1331 974 1584 1018 aeternam
1627 965 1874 1031 salutem,

292 1063 510 1125 accepta
541 1054 966 1122 immortalitate,
1014 1064 1067 1109 et
1121 1055 1522 1124 incorruptione
1567 1058 1874 1125 perveniat;

292 1161 401 1202 non
450 1148 561 1203 suis
615 1148 973 1218 voluptatibus
1035 1146 1351 1215 difﬂuendo,
1399 1150 1599 1203 animae
1646 1150 1877 1218 rigorem

294 1239 395 1294 sibi
423 1239 665 1295 cedentis
714 1239 974 1302 emolliat,
1028 1240 1315 1308 puritatem
1364 1240 1587 1308 polluat,
1628 1249 1682 1294 et
1710 1247 1876 1295 totam

290 1331 606 1401 dignitatem
651 1348 762 1388 sua:
820 1330 847 1369 δ
891 1332 1263 1387 delectationis
1307 1332 1495 1387 morbo
1542 1342 1873 1401 corrumpat.

291 1422 573 1478 Proximos
610 1434 786 1479 autem
835 1433 962 1479 tunc
1007 1424 1277 1493 diligimus
1326 1424 1463 1479 sicut
1514 1440 1631 1491 nos,
1676 1426 1719 1479 si
1768 1442 1875 1482 non

290 1525 509 1586 propter
538 1517 743 1587 aliquas
772 1517 1029 1571 utilitates
1056 1526 1289 1580 nostras,
1337 1532 1444 1570 non
1502 1527 1717 1587 propter
1754 1532 1875 1588 spe-

287 1616 403 1661 rata
465 1607 720 1663 beneficia
788 1608 869 1662 vel
929 1617 1167 1677 accepta,
1202 1623 1309 1663 non
1339 1618 1559 1678 propter
1585 1609 1876 1667 affinitates

287 1697 373 1751 vel
397 1698 921 1768 consanguinitates;
946 1698 1041 1752 sed
1078 1708 1295 1767 propter
1346 1699 1448 1752 hoc
1477 1708 1704 1765 tantum,
1730 1703 1870 1770 quod

285 1796 411 1843 sunt
440 1798 645 1843 natura:
672 1797 869 1843 nostrae
891 1790 1195 1858 participes,
1229 1789 1507 1858 diligamus
1557 1807 1571 1843 :
1616 1792 1738 1861 quia
1768 1808 1875 1846 non

1988 614 2039 666 in
2096 630 2175 667 me
2205 616 2464 668 caritatem
2497 616 2666 692 (Cant.
2700 634 2756 685 ll,
2788 621 2843 691 4)
2864 638 2878 686 ;
2901 630 2956 675 ut
2985 621 3125 675 sicut
3151 621 3396 674 ordinata
3424 620 3564 675 cari-

1988 717 2066 762 tas
2092 709 2283 778 poscit,
2320 710 2485 764 Deum
2518 711 2882 782 principaliter
2912 712 3229 782 diligamus;
3271 720 3325 767 et
3352 720 3571 781 propter

1985 802 2179 870 ipsum,
2214 802 2265 856 in
2292 801 2408 870 ipso
2430 818 2490 858 ea
2514 820 2632 873 qua:
2683 804 2948 874 diligenda
2990 812 3135 872 sunt,
3161 814 3364 859 tantum
3394 818 3568 874 quan-

1984 904 2093 949 tum
2153 896 2266 963 ipse
2294 897 2535 965 praecipit
2575 896 2857 964 diligamus
2918 895 3101 967 (Lavit.
3147 912 3259 961 nx,
3288 895 3401 963 l9).
3452 894 3570 964 Ipso

1981 990 2123 1044 enim
2170 987 2185 1023 ί
2255 989 2494 1057 ριωεὶρίι
2553 996 2611 1042 ιιι
2662 1003 2888 1055 corpora
2946 997 3127 1042 nostra
3178 997 3396 1056 propter
3448 1000 3570 1052 nos,

1981 1082 2254 1151 proximos
2290 1079 2302 1129 i
2335 1080 2474 1135 sicut
2496 1094 2613 1145 nos,
2628 1088 2684 1135 et
2704 1080 2875 1150 ipsum
2899 1078 3019 1147 plus
3043 1092 3201 1148 quam
3223 1092 3323 1133 nos
3346 1076 3573 1147 diligere

1979 1172 2271 1228 debeamus
2301 1172 2520 1240 (Matth.
2554 1170 2685 1240 χχιι)
2717 1186 2732 1227 :
2764 1170 2833 1225 ita
2862 1183 3013 1235 sane,
3037 1177 3097 1223 ut
3125 1169 3205 1223 eis
3250 1182 3386 1237 quos
3410 1166 3569 1221 nobis

1979 1266 2375 1336 coniunctiores
2428 1263 2759 1318 familiaritas
2810 1261 2963 1325 facit,
3021 1260 3066 1314 si
3122 1273 3216 1315 eos
3269 1258 3409 1313 fama
3459 1272 3570 1311 non

1979 1361 2251 1431 reprobat,
2281 1369 2335 1415 et
2363 1358 2469 1412 vita
2499 1356 2861 1419 commendat,
2887 1369 2985 1410 nos
3020 1354 3252 1424 amplius
3291 1349 3571 1421 impenda-

1976 1468 2128 1517 mus,
2152 1451 2390 1507 omnium
2435 1449 2705 1519 profectus
2758 1457 2970 1502 nostros
3008 1460 3129 1502 esse
3178 1444 3481 1507 credamus,
3514 1450 3573 1496 ct

1977 1546 2045 1601 de
2074 1545 2300 1599 aliorum
2328 1544 2560 1613 peccatis
2587 1551 2836 1610 tanquam
2865 1539 2933 1595 de
2978 1538 3177 1593 nostris
3206 1535 3569 1592 misericordi-

1983 1645 2063 1693 ter
2093 1640 2384 1706 lugeamus.
2412 1635 2501 1689 Sic
2529 1649 2656 1703 ergo
2684 1640 2908 1701 possunt
2934 1632 2987 1685 in
3015 1633 3115 1685 hac
3151 1630 3261 1685 vita
3314 1628 3386 1683 illi
3442 1640 3565 1681 esse

1979 1729 2194 1798 perfecti
2222 1768 2236 1791 ,
2268 1727 2357 1794 qui
2384 1724 2621 1794 perfecte
2640 1724 2865 1792 diligunt
2890 1723 3054 1777 Deum
3080 1738 3095 1784 ;
3138 1730 3191 1775 et
3222 1720 3296 1773 illi
3324 1719 3563 1787 perfecte

1983 1820 2148 1873 Deum
2175 1819 2423 1887 diligunt,
2452 1817 2541 1885 qui
2588 1814 2819 1871 volendo
2845 1814 3007 1897 quod
3059 1813 3355 1875 vultDeus,
3397 1819 3452 1865 et
3484 1826 3574 1864 no-

286 1887 666 1981 °°S-si°“‘_s"°s
693 1886 1127 1981 ίίῗῗθῖθωδίωξῗν
1158 1887 1373 1981 quam“?
1405 1901 1624 1981 ΡΜΡΨΓ
1664 1888 1756 1942 ma
1780 1902 1866 1981 εει·
1906 1883 1955 1944 Β
1984 1910 2143 1966 lendo
2164 1883 2307 1981 quod
2338 1925 2441 1964 non
2463 1883 2598 1974 vult,
2628 1922 2727 1962 nec
2750 1883 2895 1960 ullis,
2929 1905 3160 1975 peccatis
3183 1903 3373 1969 quibus
3399 1901 3573 1956 offen-

288 1978 470 2046 perius
518 1978 655 2032 dicta
706 1976 995 2046 diligimus.
1045 1976 1228 2046 Neque
1288 1978 1429 2031 cnim
1466 1988 1488 2015 ο
1521 1977 1642 2032 ideo
1702 1979 1880 2047 proxi-

283 2082 431 2123 mum
462 2079 710 2138 tanquam
761 2070 997 2138 seipsum
1048 2067 1219 2138 diligit
1273 2070 1533 2137 quisque,
1589 2069 1709 2137 quia
1769 2070 1870 2122 sibi

281 2157 471 2225 frater,
507 2168 597 2213 aut
633 2175 819 2223 soror,
855 2167 1005 2227 pater
1054 2168 1145 2212 aut
1186 2157 1347 2222 filius,
1397 2167 1567 2212 mater
1622 2168 1714 2212 aut
1744 2161 1872 2227 tilia,

282 2262 451 2319 nepos
495 2258 587 2303 aut
637 2250 812 2320 neptis
842 2257 945 2303 est.
997 2246 1294 2302 Carnaliter
1352 2246 1549 2316 quippe
1588 2256 1754 2314 amat,
1784 2250 1873 2318 qui

282 2341 461 2397 taliter
486 2351 628 2397 amat
691 2358 706 2397 :
756 2341 1004 2411 quoniam
1052 2355 1159 2394 non
1187 2340 1261 2393 illi
1297 2349 1496 2393 tantum
1527 2342 1875 2407 prosimino-

281 2432 379 2488 stri
400 2433 651 2489 credendi
675 2440 800 2487 sunt
828 2472 843 2495 ,
874 2446 1010 2501 quos
1040 2432 1192 2486 nobis
1212 2429 1410 2500 gradus
1437 2431 1713 2498 sanguinis
1747 2432 1874 2500 jun-

281 2526 386 2595 git;
416 2527 510 2582 sed
542 2525 769 2596 proximi
792 2526 959 2579 nostri
988 2524 1238 2579 credendi
1262 2534 1387 2577 sunt
1414 2539 1602 2579 omnes
1634 2526 1875 2584 homines

282 2628 486 2673 natura:
517 2608 732 2683 nestra-,
766 2616 902 2671 sicut
948 2616 1080 2683 dixi,
1124 2615 1432 2684 participes.
1486 2615 1616 2668 Nam
1666 2616 1708 2669 si
1753 2629 1877 2684 pro-

280 2707 513 2777 pinquos
544 2718 777 2775 nostros,
812 2706 1054 2777 quamvis
1076 2706 1500 2776 imcompositus,
1556 2715 1760 2776 turpes,
1810 2720 1875 2777 ac

280 2800 423 2855 male
450 2808 707 2865 moratos,
736 2776 852 2867 plus
882 2778 1041 2867 quam
1088 2797 1351 2866 quoslibet
1404 2807 1643 2861 sanctos,
1686 2776 1872 2865 quosa

280 2893 437 2949 nobis
465 2892 756 2949 secundum
809 2891 1120 2960 sanguinem
1155 2904 1409 2944 vocamus
1437 2899 1745 2954 extraneos,
1777 2888 1852 2942 di-

279 2987 541 3057 ligamus;
578 3002 683 3042 non
713 2986 884 3040 solum
915 2984 1201 3040 carnaliter
1237 2983 1523 3052 diligimus,
1572 2982 1667 3037 sed
1702 2982 1866 3038 etiam

282 3081 517 3149 graviter
547 3080 598 3133 in
623 3079 711 3132 tali
743 3093 930 3133 eorum
961 3077 1246 3131 dilectione
1276 3090 1578 3144 peccamus.

349 3172 401 3225 5.
433 3171 667 3227 Proinde
697 3170 988 3227 secundum
1022 3185 1117 3223 nos
1165 3170 1436 3238 proximos
1486 3184 1672 3223 omnes
1694 3168 1869 3237 diligi-

276 3280 420 3332 mus,
450 3266 664 3336 quando
693 3264 758 3319 ad
784 3278 961 3319 mores
1001 3263 1189 3325 bonos,
1217 3270 1271 3315 et
1318 3260 1384 3315 ad
1412 3269 1668 3314 aeternam
1698 3258 1861 3314 vitam
1889 3254 1935 3316 C

276 3354 734 3427 consequendam,
759 3354 899 3410 sicut
952 3353 1125 3419 nobis,
1184 3349 1344 3406 saluti
1392 3365 1577 3405 eorum
1631 3350 1869 3404 consuli-

278 3466 432 3513 mus;
462 3450 673 3519 quando
696 3462 794 3503 nos
824 3447 874 3501 in
904 3461 1088 3501 eorum
1120 3444 1352 3513 peccatis
1384 3457 1447 3496 ac
1502 3442 1753 3511 periculis
1777 3456 1867 3496 co-

276 3544 546 3609 gitamus;
578 3552 632 3597 et
659 3542 795 3596 sicut
838 3540 989 3594 nobis
1030 3535 1303 3593 subveniri
1329 3533 1354 3573 ά
1391 3544 1657 3604 optamus,
1683 3536 1752 3589 ita
1787 3535 1866 3590 eis

278 3645 305 3674 ο
326 3652 424 3707 pro
441 3638 644 3690 viribus
661 3632 1032 3697 subvenimus;
1062 3641 1155 3686 aut
1180 3631 1225 3685 si
1256 3628 1475 3684 facultas
1502 3629 1749 3696 defuerit,
1766 3644 1864 3684 vo-

276 3730 539 3784 luntatem
570 3725 919 3783 subveniendi
945 3733 1208 3780 tenemus.
1248 3723 1585 3791 Quapmpter
1627 3715 1741 3775 haec
1782 3730 1866 3777 est

275 3822 509 3891 proximi
563 3831 667 3875 tota
713 3820 951 3881 dilectio,
985 3826 1041 3871 ut
1089 3817 1289 3871 bonum
1328 3815 1468 3885 quod
1501 3814 1591 3869 tibi
1625 3814 1863 3869 conferri

275 3916 381 3982 vis,
412 3914 549 3969 velis
578 3922 630 3967 et
658 3912 942 3981 proximo;
983 3907 1000 3946 τ
1034 3918 1089 3963 et
1144 3906 1363 3972 malum,
1398 3906 1538 3976 quod
1581 3906 1675 3960 tibi
1725 3906 1864 3961 nolis

276 4002 546 4066 accidere,
580 4002 715 4055 nolis
746 4012 797 4055 et
822 4000 1086 4069 proximo.
1120 3997 1197 4052 Illi
1246 4011 1375 4051 vero
1418 3997 1539 4065 plus
1593 4010 1751 4065 quam
1803 4010 1864 4051 se

274 4097 713 4166 diliguntDeum,
743 4094 834 4164 qui
881 4109 978 4162 pro
1018 4092 1132 4161 ejus
1171 4105 1355 4145 amore
1406 4102 1518 4143 sum
1561 4088 1627 4142 ad
1653 4096 1865 4157 tempus

278 4190 442 4246 saluti
474 4205 581 4244 non
614 4196 869 4257 parcunt;
902 4186 1108 4255 seipsos
1132 4181 1563 4238 tribulationibus
1614 4196 1677 4236 ac
1722 4182 1865 4249 peri-

274 4282 413 4337 culis
465 4280 699 4344 tradunt,
738 4277 927 4334 nudari
982 4274 1320 4331 facultatibus
1370 4272 1622 4343 propriis,
1676 4272 1864 4341 patriae

274 4390 390 4429 suae
446 4381 690 4429 extorres
721 4370 858 4437 fieri,
896 4368 1206 4440 parentibus
1248 4374 1303 4421 et
1356 4363 1613 4419 uxoribus
1646 4377 1708 4418 ac
1740 4363 1863 4418 filiis

274 4465 389 4519 suis
444 4462 747 4518 renuntiare
792 4460 963 4530 parati
1019 4468 1171 4525 sunt;
1223 4466 1277 4512 et
1331 4465 1387 4511 ut
1438 4464 1606 4509 totum
1663 4455 1859 4523 dicam,

274 4556 447 4626 ipsam
475 4552 714 4623 corporis
747 4558 970 4605 mortem
1012 4565 1115 4604 non
1173 4549 1346 4603 solum
1397 4560 1504 4601 non
1560 4543 1854 4616 refugiunt,

1983 2001 2146 2069 ditur,
2171 2003 2549 2070 acquiescunt;
2579 2006 2635 2054 et
2686 2012 2901 2067 semper
2953 2011 3013 2051 se
3060 1995 3127 2049 ad
3162 1994 3408 2057 virtutes,
3437 2007 3572 2061 quas

1982 2095 2096 2161 ipse
2112 2095 2361 2163 dignatur
2390 2094 2611 2156 donare,
2647 2091 2946 2161 diligendas
2969 2098 3023 2145 et
3068 2087 3359 2152 habendas,
3388 2093 3573 2140 exten-

1979 2186 2133 2241 dunt.
2160 2186 2223 2240 Hi
2277 2186 2517 2255 suntqui
2545 2185 2725 2239 omnia
2772 2184 2907 2237 bona
2951 2197 3072 2250 qua:
3101 2179 3326 2247 implere
3378 2188 3570 2247 potue-

1979 2278 2105 2341 rint,
2135 2278 2317 2333 abillo
2340 2291 2397 2330 se
2428 2277 2638 2345 adiutos
2670 2285 2726 2330 ut
2757 2274 2964 2343 possint
2994 2272 3259 2327 veraciter
3306 2268 3568 2333 credunt;

1978 2368 2234 2439 quidquid
2266 2367 2293 2405 κ
2326 2368 2451 2423 mali
2481 2366 2874 2428 commiserint,
2921 2364 3051 2419 vitio
3100 2378 3213 2418 sua:
3270 2360 3565 2416 voluntatis

1978 2463 2289 2528 ascribunt;
2339 2460 2597 2532 quidquid
2650 2459 2778 2514 boni
2823 2473 2926 2513 non
2980 2454 3255 2526 potuerint
3306 2453 3564 2522 implere,

1979 2558 2048 2613 ab
2073 2556 2165 2610 illo
2189 2565 2246 2610 ut
2272 2555 2481 2625 possint
2521 2552 2721 2621 jugiter
2755 2558 2975 2619 petunt;
3015 2563 3136 2601 cum
3165 2546 3461 2615 potuerint,
3488 2544 3567 2599 illi

1978 2651 2175 2721 gratias
2228 2655 2413 2719 agunt.
2466 2647 2609 2699 Bona
2659 2644 2777 2713 ejus
2823 2656 2942 2712 quas
2992 2640 3193 2694 fuerint
3241 2638 3563 2703 consecuti,

1978 2751 2141 2805 etiam
2196 2746 2319 2800 aliis
2373 2740 2387 2779 ¹
2452 2737 2684 2795 conferri
2741 2734 3012 2790 socialiter
3037 2731 3245 2797 volunt,
3295 2739 3351 2785 et
3395 2742 3566 2798 usque

1977 2844 2030 2897 in
2055 2854 2183 2895 suos
2217 2835 2465 2893 inimicos
2492 2814 2797 2887 dilectionis
2836 2842 2948 2881 sua:
3008 2822 3342 2880 latitudinem
3391 2821 3564 2891 porri-

1972 2943 2183 3004 gentes,
2232 2929 2336 2982 boc
2362 2937 2551 2980 omnes
2580 2922 2802 2992 cupiunt
2820 2933 2941 2975 esse
2966 2916 3107 2988 quod
3138 2915 3241 2985 ipsi
3271 2922 3417 2969 sunt.
3466 2911 3564 2967 Sa-

1975 3030 2043 3085 tis
2072 3028 2139 3084 de
2158 3025 2303 3080 vitiis
2322 3034 2617 3089 eorumque
2642 3015 2895 3073 remediis
2915 3021 2999 3071 est
3022 3014 3384 3083 disputatum;
3419 3022 3561 3062 nunc

1970 3124 2079 3191 jam
2110 3117 2338 3189 qualiter
2366 3124 2701 3183 unaquaeque
2717 3108 2887 3164 virtus
2908 3102 3298 3177 possitacquiri
3324 3096 3559 3155 breviter

1973 3217 2321 3271 disseramus.

2569 3318 2795 3377 CAPUT
2828 3314 2969 3370 XVI.

1970 3425 2050 3479 De
2091 3421 2333 3490 qualitate
2370 3416 2609 3482 virtutis,
2633 3421 2710 3490 _et_
2755 3409 2975 3490 qualiter
3030 3405 3126 3459 sibs
3190 3400 3558 3457 consentientes

2626 3486 2887 3554 informet.

2045 3612 2096 3665 1.
2128 3606 2313 3662 Omnis
2340 3609 2524 3657 sancta
2556 3599 2727 3654 virtus
2756 3610 2848 3651 res
2892 3602 2976 3649 est
3004 3590 3207 3652 divina,
3241 3587 3555 3655 incorporea

1970 3716 2187 3773 prorsus
2232 3705 2393 3767 atque
2448 3688 2853 3749 mundissima:
2906 3698 3065 3755 quam
3116 3688 3325 3735 mentes
3386 3674 3557 3745 inqui-

1970 3768 2109 3851 nata:
2140 3808 2244 3847 non
2302 3787 2602 3858 inquinant,
2647 3781 2739 3836 sed
2770 3780 2883 3850 ipsa
2924 3774 3227 3846 inquinatas
3255 3768 3550 3833 emaculat;

1967 3889 2121 3959 cujus
2155 3881 2561 3955 participatione
2590 3884 2629 3913 ω
2661 3874 2960 3929 formantur
3002 3866 3270 3930 informia,
3292 3862 3555 3919 suscitan-

1968 3996 2054 4040 tur
2081 3989 2313 4044 mortua,
2335 3984 2362 4013 ιι
2391 3981 2651 4028 sanantur
2698 3967 2929 4029 infirma,
2970 3962 3311 4031 corriguntur
3364 3972 3548 4026 prava,

1966 4073 2378 4132 reconciliantur
2406 4076 2431 4101 ο
2456 4078 2663 4119 aversa.
2689 4061 2838 4115 Hanc
2860 4072 2963 4112 non
3001 4055 3163 4109 habet
3188 4051 3288 4105 nisi
3315 4050 3477 4114 Deus,
3498 4057 3554 4101 et

1968 4170 2014 4222 is
2063 4165 2149 4221 cui
2197 4159 2403 4216 dederit
2451 4157 2608 4209 Deus.
2660 4152 2790 4219 Quae
2839 4151 2892 4203 in
2948 4146 3127 4200 animo
3179 4141 3403 4207 habitat,
3455 4138 3550 4193 sed

1968 4270 1996 4308 ιι
2025 4257 2259 4311 animum
2291 4260 2591 4319 corpusque
2614 4240 2941 4303 sanctificat;
2965 4235 3031 4290 ad
3056 4247 3215 4304 quam
3244 4230 3421 4286 nullus
3460 4243 3550 4283 ac-

1966 4352 2110 4410 cedit
2131 4347 2514 4411 invitus,quam
2542 4336 2718 4391 nullus
2743 4328 3076 4399 amittit,nisi
3112 4324 3324 4397 propria
3352 4322 3546 4378 volun-

1967 4454 2075 4501 tate
2100 4442 2371 4508 deceptus.
2407 4432 2575 4488 Nemo
2614 4442 2732 4485 eam
2762 4425 2862 4480 sibi
2907 4421 3150 4479 conferre
3178 4428 3366 4485 potest,
3423 4431 3547 4471 cum

1965 4536 2135 4608 possit
2162 4532 2408 4591 auferre;
2456 4522 2608 4579 alteri
2638 4530 2816 4575 autem
2872 4527 3024 4571 qnec
3043 4511 3288 4569 conferre
3338 4523 3541 4579 praevao
3594 4597 3600 4603 .

180 4662 189 4665 "
273 4622 373 4702 s—cd
418 4622 584 4700 etiam,
605 4643 827 4697 libenter
856 4640 1149 4710 excipiunt,
1200 4637 1497 4691 ambientes
1543 4650 1570 4688 a
1617 4631 1938 4706 corporis!)
1965 4630 2053 4691 let,
2082 4639 2180 4681 nec
2204 4622 2435 4677 auferre.

273 4736 363 4793 sui
389 4736 497 4790 vita
524 4733 696 4805 magis
743 4746 902 4803 quam
944 4746 973 4784 a
1014 4731 1146 4797 Deo,
1189 4738 1213 4776 ε
1243 4729 1347 4783 vita
1393 4728 1514 4781 vitae
1562 4740 1692 4791 suae,
1749 4728 1859 4782 dis-

274 4831 492 4887 cedere.

348 4922 405 4975 4.
438 4921 541 4976 Iste
570 4919 729 4991 igitur
751 4918 906 4975 nobis
930 4913 1229 4972 dilectionis
1256 4911 1389 4968 ordo
1429 4909 1724 4966 servandus
1755 4917 1858 4972 est,

347 5096 375 5124 ι
408 5084 507 5139 Ms.
534 5096 690 5149 unus,
716 5081 995 5137 ordinanti.

348 5159 375 5196 δ
408 5157 535 5211 Mss.
564 5148 693 5218 tres,
725 5168 831 5206 sum
855 5148 1160 5203 dilectionis.

352 5240 374 5267 ε
402 5208 532 5281 Mss.
561 5208 815 5291 semidea
837 5238 889 5276 se
917 5220 1084 5291 diligit
1120 5216 1350 5286 quisque,
1392 5212 1512 5281 quia
1560 5208 1654 5264 sibi
1697 5210 1855 5278 frater

272 5309 364 5356 aut
394 5313 561 5361 soror,
588 5304 691 5351 etc.

346 5369 373 5407 δ
405 5367 529 5421 Mss.
553 5376 681 5429 tres,
706 5373 1019 5433 aptarentus.

351 5451 375 5478 ε
410 5420 595 5491 Inoino
616 5420 752 5501 7111's.,
772 5451 864 5504 pro
922 5431 1109 5484 viribus
1165 5426 1370 5482 nostris.
1403 5424 1458 5479 In
1516 5422 1619 5476 alio
1664 5420 1857 5475 desunt

272 5513 395 5568 hac
426 5509 664 5562 omnino.

362 5564 387 5619 τί
416 5579 540 5633 ﬂare
565 5576 723 5652 verba
760 5592 778 5652 :_
789 5574 855 5627 Et
875 5574 1065 5652 malum
1078 5571 1213 5652 quod
1231 5568 1321 5622 tibi
1342 5565 1472 5620 nolis
1485 5564 1734 5626 accidere,
1759 5576 1854 5614 no—

270 5654 339 5711 tis
360 5660 409 5708 et
446 5650 700 5720 proximo,
748 5643 1013 5720 desuntin
1038 5641 1205 5696 tribus
1233 5654 1363 5694 mss.

348 5733 374 5770 8
399 5714 523 5776 Mss.
547 5720 669 5782 duo,
707 5734 737 5769 a
769 5714 873 5768 Deo
905 5715 1017 5767 vita:
1036 5726 1161 5765 suae.

345 5790 371 5830 ¹³
402 5793 664 5853 Mss.sex,
703 5786 950 5840 Ordinate
979 5783 1142 5853 inme.

353 5864 373 5901 ί
406 5862 529 5918 Mss.
550 5852 804 5930 quinque,
832 5854 1089 5925 pracspit.
1119 5852 1209 5907 Sic
1242 5859 1296 5908 et
1325 5860 1438 5922 post
1462 5858 1647 5918 pauca.

1957 5695 2100 5768 ferri.

2029 4720 2085 4772 2.
2106 4718 2285 4785 Itaque
2311 4726 2431 4767 cum
2461 4708 2581 4763 talis
2610 4720 2673 4760 ac
2699 4710 2843 4758 tanta
2865 4702 3035 4755 virtus
3051 4692 3432 4752 ruilibet'inter
3454 4708 3546 4747 κι-

1963 4814 2190 4880 luptates
2219 4820 2344 4861 suas
2374 4802 2547 4856 adhuc
2570 4794 2920 4853 marcescenti
2944 4791 3233 4854 refulserit,
3262 4798 3282 4825 τ
3311 4796 3471 4857 atque
3492 4788 3543 4841 ei

1965 4905 2031 4960 ad
2063 4918 2123 4959 se
2142 4893 2622 4969 concupiscendam
2643 4887 2966 4944 desiderium
2997 4883 3210 4938 salubre
3232 4895 3541 4937 commove-

2037 5064 2050 5111 ι
2089 5060 2189 5114 Ms.
2220 5068 2377 5119 unus,
2404 5050 2665 5121 proximos
2692 5046 2820 5099 sicut
2846 5052 2891 5097 et
2910 5043 3076 5114 ipsum
3099 5040 3214 5110 plus
3242 5054 3397 5108 quant
3426 5051 3539 5105 nos,

1962 5133 2140 5187 minus
2167 5129 2320 5200 bene.
2476 5190 2487 5200 .
2708 5189 2719 5200 _
2810 5187 2821 5198 .

2036 5200 2062 5238 ¹ί
2093 5202 2219 5254 Mss.
2244 5198 2367 5259 duo,
2385 5190 2517 5247 male
2537 5190 2900 5244 commiserint.

2048 5269 2061 5308 ι
2101 5272 2223 5324 Mss.
2256 5267 2513 5334 quinque,
2533 5260 2785 5334 conferre.

2032 5352 2070 5378 πη
2104 5342 2225 5395 Mss.
2251 5329 2379 5397 ιιι-8.
2404 5329 2671 5401 ﬁrmantur
2689 5329 2918 5394 infirma.

2033 5420 2060 5447 ⁸³
2088 5412 2185 5466 Ms.
2219 5421 2376 5469 unus,
2407 5413 2653 5458 sanantur
2678 5405 2888 5468 trgrota.

2036 5494 2059 5517 υ
2092 5482 2218 5536 Mss.
2247 5488 2494 5546 quatuor,
2528 5475 2773 5529 adversa;
2803 5479 2959 5531 unus,
2993 5476 3181 5515 erersa.

2034 5563 2059 5601 ρ
2086 5552 2211 5605 Mss.
2245 5555 2491 5617 quatuor,
2536 5546 2780 5596 animant.

2032 5599 2056 5672 a
2086 5599 2366 5677 iiéi'ciiib.
2398 5599 2570 5680 unus.
2612 5628 2700 5666 nec
2727 5606 2948 5676 εοηῙετνί
2980 5599 3217 5672 Prwwm
3240 5638 3255 5662 ’
3310 5613 3399 5651 nec
3443 5613 3537 5650 an.

2030 5737 2189 5818 lZHMss
2235 5772 2361 5823 tres,
2387 5769 2532 5823 atque
2559 5769 2673 5807 eum
2693 5750 2759 5803 ad
2779 5764 2831 5803 se
2851 5741 3304 5814 concupiscendum
3340 5740 3403 5791 de
3430 5737 3538 5790 ide-

1951 5839 2028 5893 rio
2057 5834 2249 5892 salubri
2261 5826 2600 5887 commoverit.
