4124 6350
320 311 420 370 SOI

1344 308 1430 364 DE
1471 305 1632 363 VITA
1671 296 2245 359 CONTEMPLATIVA
2287 297 2414 354 LIB.
2456 297 2538 354 III.

3474 297 3576 354 802

321 428 542 484 famant.
597 425 703 482 Sed
721 398 749 464 ’⁸
777 427 866 498 qui
896 428 995 483 hoc
1046 440 1256 498 quoque
1283 424 1480 479 malum
1509 419 1770 476 divinitus
1799 414 1894 469 ad-
1925 414 1975 472 Α
2003 412 2162 476 dere;
2189 412 2282 467 sed
2305 427 2425 467 cum
2455 412 2831 482 proprietates,
2856 423 2912 468 et
2937 421 3086 467 actus
3108 427 3288 468 earum
3315 415 3578 482 coeperint

321 521 465 590 intus
489 520 728 587 evicerit,
754 529 809 576 et
835 521 1087 591 spiritalis
1115 517 1455 576 continentiae
1485 514 1685 568 viribus
1707 510 1894 574 fultus,

322 612 499 664 omnia
542 612 733 680 quibus
761 603 946 680 potest
977 631 1003 664 a
1037 611 1361 682 perfectione
1393 604 1686 667 retardari,
1729 603 1901 658 calca-

322 705 490 768 verit;
549 715 778 759 mentem
827 721 977 758 suam
1027 715 1226 760 sanctae
1276 702 1486 766 virtuti,
1543 697 1717 754 studio
1748 696 1900 750 homo

322 796 612 852 voluntatis
643 796 668 835 δ
701 797 920 852 inclinat
953 815 966 855 :
998 808 1121 853 tunc
1170 796 1556 853 delectabiliter
1602 809 1664 848 ac
1710 793 1900 845 devote

322 896 482 942 nutus
513 903 697 943 omnes
727 890 924 958 reginae
963 890 1172 943 virtutis
1220 890 1272 942 in
1317 903 1375 942 se
1408 884 1681 956 regnantis
1711 882 1899 937 obser-

322 986 408 1031 vat
439 994 453 1032 :
479 994 540 1033 ac
573 979 651 1033 sic
675 995 794 1033 cum
820 976 929 1034 Deo
961 994 1058 1034 suo
1101 993 1236 1034 unus
1263 977 1483 1047 Spiritus
1528 975 1720 1037 factus,
1770 971 1900 1025 nihil

323 1069 469 1124 aliud
500 1071 606 1140 agit
633 1085 844 1141 semper
871 1082 958 1126 aut
983 1074 1198 1142 cogitat,
1254 1071 1352 1126 nisi
1393 1069 1534 1124 unde
1563 1067 1758 1122 clarior
1794 1076 1812 1103 ε
1841 1079 1903 1118 ac

326 1163 557 1219 nobilior
587 1165 695 1232 ﬁat,
715 1173 768 1218 et
785 1163 1169 1221 oblectationes
1193 1162 1444 1218 vitiorum
1473 1159 1733 1223 omnium,
1757 1157 1903 1227 puris

325 1254 772 1314 delectationibus
803 1261 1000 1312 vincat.

892 1347 1118 1405 CAPUT
1159 1347 1340 1404 XVIII.

328 1441 454 1508 Qua:
471 1443 534 1495 sit
561 1443 871 1512 quaternarii
897 1444 1090 1496 numeri
1119 1442 1372 1494 credenda
1396 1438 1671 1512 perfectio;
1700 1445 1745 1489 et
1768 1433 1904 1512 quod

393 1503 612 1579 quatuor
641 1514 869 1580 virtutes,
891 1528 1006 1582 qua:
1033 1514 1182 1566 dicta!
1209 1521 1324 1565 sunt
1348 1503 1678 1579 principales,
1718 1503 1787 1559 ex,
1805 1503 1907 1572 ﬁde

400 1585 615 1638 viventes
639 1600 671 1637 η
702 1583 807 1637 Deo
832 1585 1033 1637 cauata
1046 1583 1350 1652 justiﬁoent.

401 1718 450 1771 1.
499 1718 783 1772 Videamus
816 1731 959 1772 nunc
988 1731 1053 1770 an
1082 1730 1208 1770 vera
1237 1714 1305 1769 sit
1335 1711 1770 1784 philosophorum
1818 1707 1905 1761 illa

327 1811 615 1874 sententia,
668 1825 768 1878 qua
797 1817 1026 1877 quatuor
1053 1807 1300 1870 virtutes,
1345 1803 1486 1858 velut
1515 1800 1774 1871 quosdam
1807 1798 1910 1852 vir-
1944 1780 1988 1839 Β

329 1910 504 1956 ιυιυω
533 1899 765 1955 omnium
800 1899 994 1964 fontes,
1049 1897 1176 1951 vitia
1221 1909 1432 1964 quoque
1476 1901 1724 1962 quatuor,
1769 1889 1914 1943 velut

329 1993 587 2060 quasdam
611 1990 844 2060 origines
874 1989 1133 2043 malorum
1177 1988 1415 2042 omnium
1444 1983 1724 2038 deﬁniunt.
1759 1980 1908 2034 [’rin-

326 2075 531 2148 c'ipales
560 2088 804 2148 quatuor,
857 2091 978 2132 esse
1007 2079 1233 2131 virtutes
1273 2090 1377 2129 non
1409 2073 1580 2127 solum
1612 2069 1910 2139 philosophi

325 2171 582 2233 sentiunt,
635 2169 728 2224 sed
774 2171 933 2223 etiam
979 2169 1145 2224 nostri
1199 2167 1560 2221 consentiunt.
1605 2163 1706 2217 Sed
1747 2174 1911 2229 quare

325 2268 572 2329 quatuor,
619 2260 701 2312 vel
750 2273 865 2328 qua:
913 2260 1020 2312 sint
1073 2271 1233 2326 opera
1266 2256 1619 2325 singularum,
1653 2253 1772 2316 hoc,
1807 2252 1911 2304 Do-

323 2351 473 2406 IllIllO
512 2350 866 2416 illuminante,
919 2349 1178 2403 debemus
1228 2348 1465 2402 breviter
1511 2349 1904 2401 demonstrare.

325 2444 733 2510 Quaternaritnn
762 2440 784 2478 ἀ
819 2457 1100 2497 numerum
1137 2441 1450 2511 perfectioni
1476 2450 1742 2496 sacratum
1775 2453 1910 2508 pene

326 2535 503 2590 nullus
531 2536 756 2605 ignorat.
784 2534 1059 2604 Siquidem
1095 2544 1236 2589 totus
1267 2535 1410 2589 orbis
1442 2536 1656 2588 Oriente
1689 2543 1710 2568 θ
1739 2532 1911 2586 etOe-

327 2623 561 2691 cidente,
593 2626 856 2696 Aquilone
886 2623 952 2680 'eL
967 2625 1206 2690 Meridie,
1227 2635 1470 2695 quatuor
1503 2623 1518 2661 τ
1562 2623 1909 2679 determinari

327 2719 567 2787 partibus
589 2719 702 2772 sive
735 2717 941 2787 angulis
974 2718 1275 2783 invenitur;
1323 2726 1376 2771 et
1418 2717 1531 2786 ipse
1583 2715 1770 2780 A‘dam,
1821 2715 1910 2784 qui

330 2822 409 2866 est
439 2811 655 2864 humani
683 2811 893 2881 generis
926 2819 1096 2880 pater,
1131 2810 1214 2864 vel
1245 2809 1494 2880 generale
1526 2821 1741 2871 nomen,
1767 2805 1907 2875 quod

331 2901 526 2956 dicitur
575 2902 770 2967 homo,
820 2913 1042 2970 quatuor
1094 2901 1283 2955 litteris
1336 2900 1648 2968 explicatur.
1701 2897 1910 2965 Corpus

331 3011 545 3065 quoque
577 3005 801 3064 quatuor
833 2995 1113 3050 elementis
1148 3005 1170 3040 ε
1201 3003 1552 3056 exstructum,
1587 2991 1908 3060 quaternarii

331 3087 538 3142 ntuneri
585 3067 741 3141 in.se
786 3086 1022 3141 continet
1066 3095 1478 3141 sacramentum.
1535 3085 1704 3153 Ipsius
1747 3083 1906 3147 etiam

2003 503 2221 572 aperiri,
2257 520 2321 558 ex
2354 504 2482 574 ipsis
2513 507 2524 555 i
2560 505 2930 561 affectionibus
2957 505 3304 575 singularum,
3328 521 3445 577 qua:
3474 507 3577 560 vir-

2005 604 2143 650 tutes
2175 611 2238 649 ex
2268 597 2460 665 quibus
2488 597 2772 662 exsistant,
2806 596 3024 651 forsitan
3059 597 3352 666 apparebit.

2075 686 2124 741 5.
2170 685 2550 741 Verumtamen
2580 688 2679 742 hoc
2709 687 2971 757 imprimis
3003 705 3161 744 nosse
3191 699 3242 743 et
3276 699 3458 744 tenere
3485 689 3579 744 de-

2004 781 2213 846 bemus,
2254 780 2394 850 quod
2422 781 2538 835 ista:
2572 792 2796 850 quatuor
2826 785 3069 851 virtutes,
3114 787 3195 841 vel
3232 801 3418 841 omnes
3461 801 3579 856 qua:

2005 887 2067 926 ex
2094 871 2198 926 illis
2225 873 2479 936 existunt,
2533 871 2672 927 dona
2704 876 2807 928 sint
2845 875 2967 939 Dei;
3018 887 3070 929 et
3105 878 3241 946 quod
3272 877 3448 933 nullus
3488 893 3580 932 eas

2006 961 2184 1024 habet,
2235 963 2434 1027 habuit,
2484 971 2575 1016 aut
2617 963 2852 1034 habebit,
2901 966 3001 1019 nisi
3043 967 3125 1019 cui
3165 965 3323 1030 Deus,
3374 968 3464 1037 qui
3500 976 3583 1022 est

2007 1053 2246 1108 omnium
2297 1055 2550 1108 virtutum
2597 1055 2893 1124 proprietas
2935 1066 2989 1110 et
3036 1057 3217 1126 origo,
3277 1061 3581 1114 contulerit.

2005 1147 2268 1214 Quoniam
2299 1149 2634 1216 quicunque,
2681 1163 3000 1217 quocunque
3051 1157 3309 1218 tempore,
3357 1150 3408 1204 in
3455 1167 3586 1220 qua-
3669 1215 3676 1224 .

2006 1253 2216 1309 cunque
2243 1248 2403 1307 gente
2443 1240 2494 1293 in
2529 1239 2699 1294 Deum
2729 1240 3011 1295 credentes
3042 1255 3107 1294 ex
3160 1239 3263 1295 ﬁde
3316 1241 3584 1306 vixerunt,

2008 1331 2150 1388 illius
2179 1333 2320 1387 dono
2352 1342 2712 1400 temperantes
2739 1347 2801 1387 ac
2828 1333 3138 1402 prudentes,
3171 1333 3317 1402 justi,
3351 1331 3375 1368 ¹ι
3398 1347 3458 1386 ac
3484 1331 3588 1386 for-

2007 1433 2088 1478 tes
2141 1424 2253 1479 ﬁeri
2310 1425 2492 1493 utique
2544 1434 2850 1492 potuerunt.
2913 1425 3013 1491 Qui
3063 1432 3238 1480 autem
3293 1424 3588 1478 nescientes

2009 1518 2199 1583 Deum,
2236 1518 2316 1571 vel
2345 1517 2505 1571 etiam
2542 1516 2994 1585 blaSphemantes,
3041 1519 3156 1572 sine
3191 1518 3294 1573 fide
3323 1519 3587 1584 vixerunt,

2011 1609 2143 1663 nihil
2171 1623 2353 1663 earnm
2383 1610 2636 1663 virtutum
2671 1625 2699 1661 a
2731 1611 2838 1664 Deo
2869 1611 3130 1680 accipere,
3161 1610 3242 1666 vel
3272 1611 3470 1667 habere
3497 1625 3612 1681 por

2013 1702 2180 1754 tuisse
2206 1697 2460 1754 credendi
2489 1710 2632 1753 sunt.

2601 1814 2828 1871 CAPUT
2869 1816 3010 1870 XIX.

2289 1926 2363 1981 De
2384 1937 2478 1982 tem
2487 1930 2734 1995 perantia
2751 1928 3022 1998 qualitate,
3051 1932 3127 1984 vel
3157 1947 3324 2001 opere.

2095 2081 2141 2131 1.
2186 2079 2288 2134 Sed
2313 2080 2424 2148 iam
2459 2075 2732 2134 vi'deamus
2760 2097 2879 2150 qua:
2910 2082 2978 2136 sit
3016 2085 3313 2153 proprietas
3359 2085 3593 2155 singufa-

2018 2184 2158 2223 rum.
2191 2169 2566 2240 Temperantia
2595 2181 2979 2238 temperantem
3023 2172 3168 2238 facit,
3217 2175 3592 2243 abstinentem,

2019 2277 2256 2327 parcum,
2305 2258 2978 2330 sobrium,.moderat'um,
3030 2265 3296 2334 pudicum,
3343 2270 3592 2332 tacitum,

2022 2351 2281 2418 1serium,
2317 2355 2696 2409 verecundum.
2728 2354 2850 2410 lizec
2880 2357 3046 2410 virtus
3077 2367 3112 2392 η’
3144 2359 3186 2411 si
3212 2358 3260 2411 in
3291 2361 3468 2412 animo
3498 2359 3590 2413 ha-

2017 2445 2169 2512 bitat,
2207 2447 2453 2503 lib'dincs
2484 2449 2675 2513 frenat,
2724 2447 2946 2503 affectus
2997 2459 3278 2520 temperat,
3333 2452 3594 2506 desideria

1974 2613 1981 2622 .
2018 2547 2200 2592 sancta
2236 2539 2570 2606 multiplicat,
2605 2541 2794 2594 vitiosa
2823 2543 3069 2612 castigat,
3125 2542 3301 2601 omnia
3334 2544 3470 2597 intra
3499 2559 3596 2598 nos

2017 2630 2236 2684 confusa
2271 2629 2504 2696 ordinat,
2547 2640 2573 2666 η
2607 2631 2852 2686 ordinata
2885 2632 3219 2698 corroborat,
3250 2635 3597 2702 cogitationes

2018 2737 2209 2790 pravas
2240 2731 2518 2788 removet,
2569 2724 2756 2777 inserit
2799 2734 3035 2790 sanctas,
3084 2725 3259 2794 ignem
3304 2725 3598 2781 libidinosa

2019 2816 2302 2883 voluptatis
2336 2816 2643 2886 exstinguit,
2684 2819 2847 2872 animi
2879 2828 3118 2886 teporem
3148 2817 3410 2873 desiderio
3455 2817 3596 2877 futu-

2016 2921 2092 2959 rae
2124 2907 2570 2961 remunerationis
2608 2907 2874 2974 accendit,
2923 2919 3153 2964 mentem
3201 2908 3410 2979 placida
3455 2919 3599 2964 tran-

2017 2998 2276 3067 quillltate
2300 2999 2592 3068 componit,
2641 3008 2693 3054 et
2725 3007 2747 3034 °
2780 3008 2943 3054 totam
2973 3015 3186 3070 semper
3233 2999 3299 3053 ab
3345 2999 3488 3054 omni
3519 2999 3599 3054 vi-

2020 3090 2213 3143 tiorum
2251 3100 2565 3157 tempestate
2615 3088 2875 3145 defendit.
2927 3091 3303 3162 Temperantia
3349 3093 3600 3161 intempe-

331 3180 524 3234 attinnt:
556 3187 782 3249 quatuor
830 3193 947 3234 esse
976 3179 1306 3243 affectiones,
1337 3179 1530 3247 quibus
1567 3178 1646 3231 vel
1679 3177 1742 3230 ad
1773 3177 1918 3231 bona
1940 3151 1988 3214 (ἶ
2023 3183 2250 3234 rantiam
2290 3190 2524 3234 nostram
2572 3182 2635 3235 ad
2665 3192 2690 3230 Ρ
2721 3185 3001 3237 honestum
3054 3151 3269 3237 modum
3319 3151 3600 3251 redigit-in

333 3275 559 3339 utimur,
591 3274 671 3327 Vel
695 3274 758 3326 ad
789 3279 947 3338 mala,
975 3283 1028 3328 et
1058 3274 1261 3342 antiqui
1286 3271 1550 3336 subtiliter
1577 3271 1914 3337 invenerunt,

334 3376 388 3422 et
420 3381 602 3419 eorum
631 3367 842 3418 inventa
877 3365 1163 3432 probantes
1195 3363 1394 3435 posteri
1428 3373 1797 3434 susceperunt.

407 3459 462 3512 Ξ.
507 3457 610 3513 Sed
640 3468 692 3512 et
721 3466 946 3528 quatuor
978 3457 1192 3511 flumina
1234 3473 1351 3528 quae
1397 3457 1463 3512 de
1504 3457 1732 3527 paradisi
1776 3457 1919 3510 fonte

337 3550 633 3621 procedunt
667 3549 818 3621 (Gen.
851 3565 907 3616 u,
952 3550 1058 3618 I0),
1112 3551 1194 3604 vel
1243 3560 1467 3618 quatuor
1499 3547 1803 3618 Evangelia,
1837 3547 1918 3602 dl-

337 3645 448 3699 vini
479 3660 665 3698 currus
713 3653 844 3697 rota:
885 3651 1131 3712 quatuor,
1180 3653 1234 3696 et
1258 3642 1535 3709 animalia,
1590 3642 1688 3696 ala:
1733 3655 1919 3695 eorum

338 3749 564 3805 qua'nor
611 3750 671 3790 ae
719 3734 879 3788 facies
913 3733 1122 3806 (Ezech.
1163 3750 1198 3802 ι,
1251 3735 1282 3789 5
1313 3743 1358 3788 et
1402 3733 1554 3804 seq.),
1609 3733 1920 3802 dignitatem

340 3826 552 3881 numeri
586 3827 740 3894 hujus
770 3825 981 3880 abunde
1007 3827 1423 3880 commendant:
1458 3835 1512 3880 et
1543 3824 1661 3878 ideo
1701 3822 1725 3859 ιι
1756 3825 1920 3877 virtu-

341 3931 424 3974 tes
455 3919 571 3973 ista:
602 3935 718 3988 quan
747 3927 948 3972 tantum
982 3917 1260 3972 continent
1285 3917 1626 3987 perfectionis
1659 3917 1708 3970 in
1739 3929 1925 3971 nume-

341 4028 425 4075 ro,
456 4010 1055 4066 sollicite'considerare
1095 4009 1372 4075 debemus,
1428 4018 1678 4077 quantam
1727 4009 1924 4062 sancti-

344 4115 508 4161 tatem
560 4103 837 4159 conferant
889 4104 1066 4157 animo
1105 4102 1432 4167 Christiano,
1487 4111 1539 4155 et
1587 4117 1745 4168 quam
1795 4100 1926 4153 nihil

342 4199 690 4271 perfectionis
728 4198 740 4234 ί
781 4213 1003 4269 usquam
1053 4198 1142 4262 sit,
1185 4196 1326 4266 quod
1379 4197 1428 4248 in
1481 4196 1594 4251 istis
1643 4193 1928 4249 virtutibus

343 4310 451 4349 non
479 4294 565 4348 sit.
601 4292 729 4347 Nam
761 4294 804 4347 si
839 4292 963 4347 facit
997 4292 1342 4360 temperantia
1371 4298 1772 4358 temperantem,
1805 4304 1930 4358 pru-

344 4388 528 4443 dentia
556 4386 891 4458 prudentem,
923 4384 1370 4456 justitiajustum,
1407 4383 1660 4438 fortitudo
1702 4382 1927 4446 fortem;

345 4499 412 4536 eo
445 4481 534 4551 qui
569 4487 948 4550 temperanter,
975 4476 1139 4546 juste,
1165 4485 1220 4533 et
1249 4475 1540 4546 prudenter
1571 4475 1698 4544 agit,
1733 4490 1794 4528 ac
1826 4475 1934 4528 for-

349 4576 496 4641 titer,
530 4573 712 4628 nescio
743 4571 869 4641 quid
901 4570 1068 4640 possit
1093 4584 1212 4624 esse
1239 4568 1545 4637 perfectius.
1579 4568 1764 4636 Itaque
1791 4566 1934 4621 difﬁ—

347 4669 454 4724 cile
477 4667 692 4738 quidem
723 4674 805 4721 est
842 4665 994 4720 nobis
1019 4665 1237 4719 nomina
1265 4665 1540 4730 virtutum,
1584 4677 1702 4731 quae
1732 4676 1795 4716 ex
1827 4645 1930 4714 illis

348 4769 600 4830 quatuor,
633 4772 764 4829 quas
792 4757 1115 4828 principales
1152 4756 1402 4821 diximus,
1442 4755 1708 4823 oriuntur,
1751 4763 1931 4810 osten-

429 4948 453 4975 ι
489 4938 652 4998 Alias,
689 4937 892 5006 siquis.

428 5009 453 5047 δ
488 5007 562 5063 Ita
592 5021 720 5062 mss.
755 5002 1004 5076 quatuor.
1044 5003 1142 5058 Ms.
1175 5005 1327 5071 alter,
1381 5004 1611 5058 inclinet.
1662 5002 1824 5066 Editi,
1857 5003 1938 5053 in-

352 5079 636 5136 clinaverit.

433 5163 454 5188 ε
487 5150 614 5204 Mss.
647 5158 771 5213 tres,
805 5158 892 5199 aut
922 5145 1158 5200 nobilior.
1251 5194 1255 5199 .

429 5220 455 5257 ά
488 5221 586 5274 Ms.
625 5234 780 5282 unus,
825 5218 1148 5287 perfectione.
1199 5216 1363 5276 Alter,
1413 5215 1810 5281 Quaternaritun
1844 5228 1936 5264 nu-

353 5308 498 5348 rnero
528 5291 848 5360 perfectionis
877 5296 1153 5340 sacratum.

435 5374 458 5401 ο
489 5362 615 5415 Mss.
649 5360 754 5414 duo
784 5360 867 5412 hic
893 5359 1146 5413 omittunt
1174 5366 1241 5424 et,
1291 5356 1432 5427 quod
1480 5357 1671 5426 legitur
1718 5355 1769 5408 in
1821 5353 1941 5406 aliis

354 5432 654 5491 codicibus.

439 5504 457 5541 ί
486 5503 610 5556 Mss.
642 5502 768 5564 duo,
799 5501 1080 5554 terminari.

439 5585 464 5622 ε
489 5572 586 5625 Ms.
620 5588 775 5635 unus,
809 5573 1108 5624 instructum

436 5642 463 5680 ιι
495 5643 594 5697 Ms.
627 5657 783 5705 unus,
818 5643 1019 5694 virtutes
1047 5644 1187 5696 istas.

440 5715 458 5752 ί
494 5715 617 5767 Mss.
650 5723 894 5780 quatuor,
928 5729 1206 5778 nunquam.
1618 5778 1640 5780 ,_
1685 5776 1713 5780 __
1899 5763 1912 5773 ο

439 5785 456 5836 1
498 5784 595 5840 M8.
631 5776 758 5852 Ii'eg.
795 5798 947 5848 unus,
989 5776 1270 5850 affectibus.
1324 5782 1472 5837 Alter
1515 5787 1567 5834 et
1605 5776 1756 5832 COIb.
1807 5789 1948 5833 unus

1530 5941 1568 5950 ’ν’
1683 5939 1762 5948 -οσυ
1793 5929 1845 5948 ,4.-

2024 3274 2146 3328 eibo
2177 3274 2294 3343 ipso
2325 3273 2407 3328 vel
2451 3282 2598 3342 potu,
2643 3281 2696 3327 ut
2736 3275 2970 3328 contenti
3002 3274 3168 3327 simus
3204 3273 3459 3341 appositis
3490 3289 3501 3321 :
3536 3286 3602 3326 ne

2025 3381 2310 3435 poscamus
2361 3366 2699 3434 impudenter
2747 3365 2888 3434 quod
2950 3373 3040 3418 aut
3095 3363 3184 3417 ille
3230 3364 3316 3431 qui
3367 3363 3603 3431 poscitur

2027 3455 2164 3511 forte
2193 3466 2218 3504 οι
2252 3470 2354 3508 non
2389 3454 2615 3517 habeat;
2662 3465 2748 3507 aut
2794 3455 2926 3508 alios
2956 3453 3095 3522 quod
3123 3451 3390 3506 desiderio
3421 3459 3605 3506 nostro

2029 3550 2206 3620 placet
2237 3548 2492 3614 offendat,
2526 3559 2618 3604 aut
2653 3549 2789 3620 gula:
2821 3559 3018 3603 nostrae
3057 3551 3414 3617 intemperans
3445 3561 3605 3617 appe-

2030 3644 2159 3698 titus
2186 3652 2471 3711 appareat;
2501 3657 2601 3697 nee
2627 3641 2929 3711 iudicemus
2951 3631 3049 3696 eos
3071 3640 3161 3710 qui
3183 3641 3368 3694 volunt
3399 3650 3419 3677 τ
3449 3640 3603 3706 cibis,

2029 3749 2167 3802 quos
2214 3735 2310 3802 ipsi
2357 3733 2705 3802 percipimus,
2753 3733 3056 3798 abstinere;
3090 3745 3186 3786 nec
3232 3733 3310 3786 eis
3352 3743 3607 3788 verecun-

2031 3826 2174 3878 diam
2207 3824 2463 3879 faciamus
2504 3825 2592 3892 qui
2625 3838 2685 3879 ea
2717 3823 2908 3894 quibus
2947 3824 3044 3892 ipsi
3075 3823 3425 3889 abstinemus,
3473 3821 3609 3877 forte

2033 3917 2360 3984 percipiunt,
2401 3915 2454 3970 et
2499 3915 2607 3971 Deo
2655 3917 2850 3986 gratias
2904 3915 3258 3985 aguntzcerti
3290 3914 3430 3983 quod
3481 3915 3610 3968 satis

2035 4009 2293 4061 miserum
2327 4007 2392 4059 sit
2440 4007 2646 4075 aliquos
2674 4007 2739 4061 de
2785 4007 2889 4061 cibi
2935 4007 3015 4059 vcl
3064 4015 3219 4073 potus
3268 4006 3612 4074 perceptione

2036 4099 2313 4161 damnare,
2357 4105 2445 4150 aut
2475 4098 2624 4151 nobis
2664 4113 2916 4168 arrogare
2965 4112 3058 4165 per
3089 4097 3463 4173 abstinentiam
3493 4112 3608 4149 san-

2037 4191 2302 4244 ctitatem.

2110 4285 2164 4337 2.
2199 4283 2586 4352 Temperantia:
2625 4280 2876 4349 estquod
2923 4281 3281 4334 reverentiam
3317 4277 3613 4332 seniorith

2043 4377 2382 4440 exhibemus,
2417 4377 2650 4444 :equales
2683 4372 3010 4443 germanitus
3054 4371 3396 4433 honoramns,
3438 4370 3613 4436 junio«

2043 4467 2191 4522 ribus
2243 4467 2464 4537 gratiam
2507 4475 2527 4501 ·
2579 4473 2812 4533 paternae
2867 4459 3172 4516 dilectionis
3230 4459 3615 4528 impendimus;

2045 4562 2188 4633 quod
2238 4568 2551 4630 praestamus
2596 4556 2836 4626 loquenti
2883 4555 3078 4610 seniori
3131 4552 3430 4618 silentium,
3478 4551 3614 4620 quod

2047 4657 2214 4726 ipsius
2244 4655 2309 4709 ad
2353 4652 2674 4723 loquendum
2719 4648 3088 4718 prmstolamur
3136 4646 3438 4711 imperium,
3477 4643 3616 4712 quod

2047 4765 2155 4807 non
2179 4748 2468 4806 attollimus
2510 4744 2916 4800 immoderatum
2950 4736 3019 4793 in
3049 4737 3490 4792 collocutionibns
3529 4751 3619 4792 so-

2049 4942 2171 4981 cum
2195 4924 2405 4984 Camb.,
2440 4919 2717 4986 e/i'ectibus.
3555 4955 3571 4986 Ι

2122 4995 2148 5032 ι
2183 4997 2308 5049 Mss.
2340 4993 2465 5052 duo,
2499 4992 2573 5043 vel
2601 4994 2775 5056 fortes.

2126 5064 2144 5101 -‘-
2181 5067 2232 5119 In
2266 5077 2394 5117 mss.
2428 5053 2633 5115 duobus
2663 5056 2813 5112 Colb.
2845 5053 2994 5108 deest
3023 5069 3120 5106 vox
3154 5053 3360 5107 serium.

2125 5146 2162 5171 ηι
2189 5136 2284 5188 Ms.
2313 5132 2462 5187 Colb.
2501 5145 2654 5193 unus,
2684 5129 2735 5180 in
2767 5127 2934 5178 animo
2964 5124 3046 5176 ubi
3087 5123 3298 5187 habitat,
3333 5122 3528 5188 absque
3557 5120 3618 5172 si.

2123 5215 2148 5241 υ
2185 5206 2278 5258 Ms.
2317 5217 2451 5256 unus
2477 5200 2652 5265 Colb.,
2678 5199 2882 5266 inﬁrma
2913 5193 3221 5248 corroborat.
3255 5262 3264 5268 _
3439 5258 3448 5268 ⁸

2129 5287 2150 5310 υ
2181 5277 2280 5330 Ms.
2309 5273 2462 5327 Colb.
2509 5262 2667 5330 unus.
2711 5262 2754 5321 ct
2793 5276 2954 5320 tutam
2992 5279 3186 5332 semper
3213 5262 3274 5314 ab
3316 5262 3448 5313 omni
3480 5262 3622 5310 vitio-

2053 5363 2168 5399 rum
2195 5351 2438 5413 potestate
2467 5340 2712 5410 defendit.

2129 5435 2157 5469 ιι
2184 5409 2282 5470 Ms.
2312 5409 2540 5478 unu,s,ad
2568 5409 3072 5478 omnemrhonestum.
3333 5476 3339 5478 Α
3519 5468 3547 5478 Η

2129 5497 2158 5538 tl
2187 5487 2281 5540 Ms.
2319 5469 2475 5548 unus,
2510 5499 2608 5537 non
2639 5477 2866 5534 habebat.
2916 5475 3018 5548 Ms.
3056 5485 3207 5534 unus,
3253 5476 3339 5522 aut
3381 5484 3438 5519 ne
3479 5469 3624 5532 alios,

2057 5569 2163 5616 etc.
2198 5557 2400 5613 Desunt
2431 5547 2544 5609 hinc
2570 5555 2622 5607 in
2650 5568 2750 5606 ms.
2780 5561 2886 5602 uno
2912 5547 3040 5612 lieg.

2133 5641 2154 5667 π
2190 5630 2315 5683 Mss.
2348 5627 2475 5692 duo,
2509 5643 2539 5678 a
2569 5623 2735 5694 cibis.
2824 5690 2832 5694 _
2909 5687 2919 5694 .

2134 5710 2156 5739 ³
2191 5701 2287 5755 Ms.
2321 5690 2476 5766 unus,
2503 5690 2966 5764 purwdilectionir.
