4124 6350
551 339 654 395 505

1832 341 2092 397 JULIANI
2132 340 2413 398 POMERII

3729 348 3829 408 504

549 473 699 522 nunt,
725 464 867 528 quod
895 468 920 496 ι
962 458 1093 513 risui
1140 472 1493 526 prorumpere
1534 472 1641 513 non
1686 460 2049 528 permittimus
2089 459 2142 514 in
2168 460 2227 520 Δ
2249 464 2513 534 augentia,
2546 465 2641 521 sed
2672 467 2725 520 in
2757 467 2836 523 eis
2868 476 3070 522 tantum
3101 482 3236 538 quos
3263 468 3471 523 fortiter
3519 469 3639 522 facit
3671 469 3831 523 susti-

547 550 892 615 cachinnum,
915 548 1058 620 quod
1091 549 1215 603 nulli
1239 549 1595 614 detrahimus,
1648 566 1748 606 nec
1782 550 1809 589 ι)
1847 551 2136 608 detrahen-

549 654 631 699 tes
660 644 1034 713 aequanimiter
1060 644 1423 699 sustinemus:
1454 646 1707 710 scientes,
1739 645 1884 715 quod
1923 654 2029 700 tam
2063 644 2139 699 illi

547 737 639 803 qui
680 735 966 791 detrahunt
1006 750 1165 806 quam
1212 735 1289 790 illi
1341 736 1431 805 qui
1469 736 1877 792 detrahentibus
1921 736 2138 807 acquie-

544 837 725 894 scunt,
752 827 1002 882 vanitatis
1043 827 1232 883 morbo
1274 828 1510 898 corrupti
1552 836 1703 893 sunt;
1740 838 1761 866 ο
1794 828 1882 897 qui
1927 828 1993 883 ad
2035 827 2137 882 hoc

541 921 675 974 alios
698 921 835 975 viles
873 920 1043 976 videri
1090 920 1300 987 volunt,
1354 931 1409 975 ut
1454 935 1514 976 se
1541 922 1920 977 commendent
1949 936 2134 977 eorum

540 1014 951 1083 comparatione
978 1029 1110 1084 quos
1134 1023 1380 1084 carpunt,
1405 1024 1461 1070 et
1483 1015 1769 1070 videantur
1786 1031 1848 1071 ea
1869 1018 1998 1072 vitia
2028 1032 2134 1071 non

470 1132 482 1145 -
544 1105 765 1171 habere,
803 1121 922 1174 quae
956 1106 1228 1161 malitiose
1267 1106 1317 1160 in
1362 1107 1482 1161 aliis
1527 1106 1947 1176 reprehendunt,
1992 1108 2135 1176 quod

541 1196 741 1250 malum
774 1198 1127 1264 temperantia
1164 1197 1334 1263 tollit;
1384 1198 1466 1251 cui
1515 1198 1605 1268 qui
1641 1199 1845 1253 servire
1882 1199 2133 1265 voluerit,

542 1300 649 1338 non
672 1286 811 1354 quod
844 1285 1204 1354 reprehendat
1241 1285 1293 1339 in
1341 1286 1619 1352 fratribus,
1653 1286 1747 1341 sed
1780 1286 1922 1341 unde
1967 1288 2133 1342 Deum

543 1375 721 1431 laudet
748 1377 992 1431 attendit.
1041 1380 1119 1432 Ac
1152 1392 1246 1447 per
1290 1377 1390 1431 hoc
1421 1379 1590 1447 ipsius
1622 1380 1992 1448 temperantia:
2022 1390 2128 1445 est,

543 1467 680 1535 quod
714 1481 818 1520 non
846 1468 1018 1522 solum
1052 1480 1412 1535 temperantes
1434 1470 1485 1524 in
1510 1472 1748 1524 omnium
1769 1471 2133 1527 membrorum

542 1558 735 1615 oftlciis
777 1573 984 1625 sumus,
1016 1559 1109 1613 sed
1135 1560 1296 1613 etiam
1328 1559 1470 1629 quod
1501 1559 1678 1614 omnia
1716 1561 1968 1628 libenter,
2011 1576 2133 1631 qua:

542 1668 642 1707 nos
670 1652 975 1707 moderatos
1007 1668 1071 1707 ac
1108 1653 1319 1707 sobrios
1347 1654 1567 1719 faciunt,
1600 1654 1972 1710 observamus.
2024 1654 2131 1710 Sed

541 1747 607 1801 de
633 1748 981 1815 temperantia
1011 1747 1127 1803 hare
1161 1748 1296 1803 dicta
1329 1748 1615 1813 sufficiant,
1650 1747 1673 1787 ά
1710 1759 1766 1806 ut
1795 1750 1942 1806 etde
1969 1750 2128 1806 forti-

541 1838 725 1895 tudine
750 1838 1101 1895 disseramus.

1141 1934 1366 1990 CAPUT
1400 1933 1525 2017 .xx.

617 2026 805 2094 Quales
826 2043 932 2081 esse
950 2026 1164 2081 debeant
1189 2044 1317 2097 quos
1340 2027 1498 2081 animi
1522 2028 1775 2095 fortitudo
1796 2031 2048 2085 nobilitat.

615 2119 663 2175 1.
695 2120 872 2181 Animi
904 2119 1160 2173 fortitudo
1193 2135 1255 2173 ea
1296 2119 1454 2174 debet
1495 2120 1716 2190 intelligi
1757 2138 1875 2189 qua:
1900 2138 2004 2177 non
2032 2138 2127 2179 so-

539 2214 649 2270 lum
678 2214 906 2269 diversis
938 2213 1145 2281 pulsata
1170 2213 1435 2269 molestiis
1452 2214 1773 2270 inconcussa
1794 2228 2124 2284 permaneat,

538 2296 633 2363 sed
656 2307 818 2363 etiam
854 2308 1016 2362 nullis
1045 2308 1383 2377 voluptatum
1432 2292 1703 2364 illecebris
1741 2310 1974 2365 resoluta
2008 2325 2128 2365 suco

538 2400 773 2454 cumbat.
818 2398 1069 2467 Alioquin
1110 2398 1156 2452 si
1198 2398 1428 2465 impetus
1457 2399 1672 2467 quidem
1724 2401 1985 2455 malorum
2027 2418 2128 2457 sa:-

538 2494 795 2547 vientium
838 2495 1079 2560 frangat,
1128 2492 1171 2546 si
1214 2479 1612 2547 calamitatibus
1658 2493 1985 2563 quibuslibet
2027 2496 2129 2550 im-

537 2587 711 2654 pactis
753 2597 775 2623 °
818 2585 1067 2650 obsistat,
1116 2587 1161 2641 si
1215 2586 1353 2640 inter
1405 2586 1719 2655 injuriarum
1761 2601 1936 2652 saeva,
1986 2589 2127 2644 inter

534 2677 806 2745 procellas
847 2677 1156 2747 augentium
1201 2691 1597 2745 pressurarum,
1640 2678 1778 2732 inter
1818 2678 2126 2737 inimicitias

535 2786 597 2827 ac
624 2772 818 2826 damna
847 2771 1152 2841 praesentia,
1180 2780 1339 2839 atque
1356 2770 1697 2825 multimodas
1724 2773 2124 2840 persecutiones

534 2863 811 2934 inlatigata
838 2863 1110 2932 persistat,
1148 2872 1203 2917 et
1249 2870 1428 2916 tamen
1457 2861 1525 2917 de
1550 2862 1660 2930 ipsa
1702 2877 1759 2915 se
1787 2863 2123 2919 adversario-

534 2972 651 3012 rum
682 2957 1000 3013 sustinentia
1024 2956 1210 3026 jactet,
1251 2971 1351 3010 nec
1382 2955 1450 3010 de
1486 2956 1630 3011 dono
1664 2956 1781 3021 Dei,
1820 2958 1837 2994 τ
1870 2973 1976 3029 quo
2006 2959 2124 3014 illu-

532 3057 757 3114 stratur,
796 3050 1049 3113 exsultet,
1090 3048 1183 3102 sed
1222 3048 1515 3102 carnaliter
1551 3063 1613 3103 se
1648 3049 1715 3103 de
1747 3051 1887 3119 vulgi
1921 3053 2120 3117 favore,

453 3146 471 3158 '
532 3155 638 3210 quo
660 3139 997 3209 praedicatur,
1017 3138 1273 3201 oblectet;
1302 3139 1528 3208 plusque
1548 3141 1777 3208 gaudeat
1800 3157 1864 3196 ex
1888 3158 1953 3197 eo
1978 3145 2119 3213 quod

532 3232 796 3299 laudatur,
828 3249 984 3303 quam
1007 3248 1076 3289 ex
1109 3248 1172 3285 eo
1199 3232 1339 3302 quutl
1370 3232 1532 3286 habet
1570 3232 1710 3293 unde
1738 3234 2017 3301 laudetur;
2066 3248 2120 3292 et
2148 3202 2195 3267 δ

532 3339 629 3393 per
657 3326 760 3381 hoc
783 3326 1067 3380 humanam
1099 3324 1311 3379 laudem
1336 3324 1534 3379 divinis
1567 3334 1591 3372 Β
1626 3326 1940 3382 muneribus
1960 3339 2117 3385 ante-

531 3427 696 3486 ponat
719 3434 734 3472 :
767 3417 887 3487 quis
914 3417 1119 3473 dubitet
1143 3416 1279 3473 hanc
1295 3418 1460 3472 animi
1488 3418 1841 3475 intentionem
1867 3422 2117 3477 virtutem

528 3509 633 3564 dici
659 3526 767 3564 non
799 3511 992 3579 posse?
1036 3511 1166 3577 Quae
1197 3511 1241 3565 si
1286 3510 1456 3564 virtus
1500 3518 1665 3576 esset,
1708 3509 1918 3565 fortiter
1955 3514 2118 3568 etiam

528 3602 910 3658 blandimentis
947 3603 1142 3657 talibus
1180 3610 1536 3671 repugnaret;
1591 3616 1688 3656 nec
1743 3603 2117 3671 acquiesceret

526 3693 781 3749 mollibus
808 3709 947 3762 quae,
985 3693 1271 3761 adjuvante
1305 3693 1549 3755 Domino,
1594 3694 1727 3746 dura
1758 3709 1982 3761 quaeque
2026 3696 2113 3749 vel

529 3800 720 3855 aspera
765 3794 1098 3851 superasset.
1142 3784 1413 3849 Quosdam
1457 3798 1687 3852 namque
1725 3783 2114 3851 insuperabiles

527 3877 735 3945 asperis
765 3876 1104 3944 passionibus
1128 3876 1255 3930 facit
1280 3876 1463 3931 mundi
1493 3876 1795 3944 cupiditas:
1838 3878 1890 3931 in
1920 3878 2112 3944 quibus

527 3982 633 4037 non
664 3966 915 4037 patientia
944 3966 1209 4023 laudanda
1241 3975 1343 4029 est,
1369 3967 1464 4023 sed
1493 3964 1517 4003 ¹²
1551 3968 1791 4022 miranda
1822 3968 2037 4025 duritia.

595 4062 649 4116 εξ.
678 4063 786 4117 Eos
807 4076 937 4117 vero
959 4076 1093 4129 quos
1121 4061 1188 4116 ad
1223 4062 1560 4117 tolerantiam
1589 4062 1900 4131 passionum
1938 4062 2111 4121 fortes

524 4156 620 4210 Dei
659 4150 854 4211 caritas
895 4154 1091 4221 reddit,
1144 4154 1287 4209 nulla
1336 4154 1620 4209 delectatio
1662 4154 1915 4218 carnis,i
1961 4157 2108 4212 nulla

522 4249 766 4315 voluptas
812 4248 953 4303 male
981 4247 1175 4303 blanda
1203 4247 1567 4309 corrumpit.i
1620 4248 1882 4317 Quoniam
1919 4250 1962 4304 si
1999 4267 2108 4307 non

521 4342 670 4409 quid,
709 4340 802 4395 sed
826 4350 1044 4410 propter
1072 4340 1198 4409 quid
1235 4340 1520 4409 patiamur,
1564 4340 1850 4409 plttrimum
1898 4343 2104 4397 refert:

524 4448 630 4487 non
662 4434 714 4487 in
752 4434 831 4487 eis
870 4443 954 4488 est
984 4433 1238 4501 patientia
1280 4434 1371 4502 qui
1414 4433 1785 4502 :cquanimiter
1833 4434 2109 4502 patiuntur

597 4583 621 4609 ι
653 4572 777 4627 Mss.
809 4582 918 4625 tres
947 4572 1278 4640 Colb.,qued
1304 4573 1463 4625 risum
1500 4585 1828 4639 prorumpere
1860 4586 1962 4623 non
1990 4588 2105 4641 ρετ·
2131 4576 2186 4635 D

521 4643 791 4696 mittimus.
822 4642 985 4707 Alter,
1009 4642 1134 4695 risui
1159 4657 1489 4712 prorumpere
1503 4657 1606 4693 non
1623 4641 1979 4712 permittimus.
2005 4641 2102 4698 Ms.

521 4713 678 4767 (λιιι).
713 4728 849 4766 unus
872 4723 925 4766 et
945 4710 1167 4780 Camb.,
1205 4714 1312 4766 risu
1348 4727 1680 4782 prorumpere
1706 4726 1803 4782 non
1833 4710 2102 4782 audemus.

594 4783 621 4821 δ
656 4784 749 4837 Ms.
785 4783 916 4853 Reg.
956 4799 1117 4843 unus,
1144 4778 1235 4836 nec
1265 4778 1629 4836 detrahentem.
1650 4782 1745 4834 Ms.
1770 4778 1918 4853 Coll).
1946 4797 2104 4853 unus,

521 4864 567 4905 et
599 4852 937 4907 detrahentes.
974 4856 1072 4908 Ms.
1101 4855 1237 4908 alter
1267 4869 1333 4908 ex
1366 4854 1563 4922 Regiis,
1594 4867 1683 4905 nec
1711 4852 1993 4907 detrahenti
2019 4870 2105 4922 ag:-

519 4926 847 4991 quiesrimus,
877 4941 965 4978 nec
994 4926 1343 4993 aequanimiter
1372 4925 1674 4978 sustinemus

594 5005 615 5031 ε
651 4996 779 5049 Mss.
815 4997 1112 5061 tres,,quia
1137 4995 1204 5048 ad
1233 4995 1348 5047 hoc.
1428 5050 1434 5056 ,

589 5064 613 5100 ¹¹
649 5067 747 5119 Ms,
785 5080 938 5129 unus,
968 5082 1103 5119 nunc
1130 5070 1194 5119 de
1218 5066 1536 5133 fortitudine.

593 5148 615 5171 ἰ
645 5137 741 5190 Ms.
776 5152 930 5204 unus,
982 5137 1243 5189 subsistat.

593 5206 612 5242 ¹
640 5210 737 5261 Ms.
771 5223 925 5273 unus,
956 5208 1045 5275 qui
1064 5206 1371 5272 illustratur,

590 5286 615 5349 β
642 5280 769 5333 Mss.
805 5279 935 5349 Reg.
966 5278 1071 5331 duo
1098 5285 1152 5331 et
1179 5277 1391 5349 Camb.,
1415 5278 1671 5347 operibus.

588 5346 613 5382 ¹ι
642 5350 738 5404 Ms.
770 5346 930 5415 unus,
963 5348 1271 5402 miseranda.

594 5416 605 5452 ί
640 5421 761 5474 Mss.
801 5432 910 5475 tres
938 5420 1141 5474 addunt
1172 5419 1328 5472 mala.
1365 5418 1533 5484 Unus,
1566 5438 1667 5472 non
1692 5418 1947 5489 voluptas.

589 5488 602 5559 ξ
639 5490 735 5542 Ms.
763 5507 921 5555 unus,
960 5491 1216 5556 Quoniam
1243 5491 1376 5543 enim
1404 5507 1505 5543 non
1535 5492 1678 5559 quid.

589 5556 613 5593 ιε
645 5560 768 5613 llaec
810 5578 915 5616 vox
949 5561 1096 5617 Beati
1124 5564 1309 5616 aberat
1352 5563 1419 5615 ab
1446 5556 1641 5617 editis:
1685 5562 1983 5617 restituitur
2026 5574 2094 5616 ex

518 5645 649 5685 mss.
682 5647 935 5699 quinque.

592 5699 769 5753 litiss.
816 5717 1005 5759 omnes
1052 5704 1139 5759 hic
1168 5706 1367 5761 addunt
1415 5705 1490 5760 vel
1537 5715 1902 5776 superatorum.
1955 5704 2091 5761 Edit’t

514 5781 783 5827 οιιιιιιιιιιι.

582 5851 622 5879 ⁸³³
653 5841 749 5900 διδ.
785 5841 997 5902 Camb.,
1030 5847 1184 5899 cadit.

2245 572 2375 613 nere
2398 557 2626 626 justitia.
2668 560 2911 631 Denique
2944 562 3204 618 Dominus
3246 578 3351 617 non
3382 562 3475 629 ait,
3508 561 3534 600 ι
3568 562 3714 616 Beati
3743 565 3829 631 qui

2242 652 2645 722 persecutionem
2673 656 2940 725 patiuntur
2971 654 3189 728 (Matth.
3208 654 3392 726 v,10),
3427 664 3483 711 et
3508 657 3705 721 tacuit;
3736 654 3831 711 sed

2239 745 2456 815 adjecit,
2505 756 2713 819 prapter
2748 750 3012 821 justitiam
3049 765 3069 804 :
3102 759 3163 803 ut
3206 748 3484 806 evidenter
3523 749 3830 806 ostenderet

2239 839 2380 907 quod
2414 842 2726 909 patientiam
2757 858 2937 899 veram
2971 859 3079 897 non
3108 843 3237 899 facit
3286 860 3465 913 paena,
3509 845 3601 899 sed
3634 859 3825 909 causa;

2239 937 2294 984 et
2323 930 2443 986 ideo
2470 932 2853 989 beatitudinem
2882 949 2988 991 non
3018 937 3448 1006 persecutionem
3482 938 3825 1005 patientibus,

2239 1021 2332 1077 sed
2362 1031 2583 1093 prepter
2605 1024 2864 1095 justitiam
2922 1026 3251 1097 patientibus
3298 1030 3627 1099 repromisit.
3675 1029 3824 1095 Quol

2237 1116 2282 1171 si
2332 1118 2404 1173 ita
2462 1133 2564 1186 εει,
2622 1121 3052 1190 superandorum
3096 1121 3115 1160 ι
3159 1124 3421 1180 malorum
3480 1127 3825 1190 sustinentia,

2238 1219 2367 1265 tunc
2396 1222 2480 1266 est
2506 1227 2632 1267 vera
2664 1213 2940 1282 patientia,
2990 1215 3035 1269 si
3064 1214 3222 1272 fuerit
3244 1216 3390 1284 justa
3415 1233 3429 1270 :
3459 1225 3514 1271 et
3544 1218 3595 1272 in
3628 1218 3707 1271 eis
3735 1217 3826 1285 jn-

2238 1314 2319 1358 sta
2346 1313 2429 1361 est
2458 1306 2711 1375 patientia
2737 1322 2965 1377 quorum
3000 1323 3099 1364 nec
3128 1306 3426 1375 doloribus,
3457 1321 3556 1365 nec
3584 1310 3826 1376 volupta-

2238 1397 2382 1455 tibus
2418 1405 2458 1433 ω
2490 1398 2633 1452 cedit
2679 1400 2874 1454 mentis
2920 1398 3135 1455 invictae
3184 1403 3505 1456 constantia.
3553 1402 3659 1457 Sed
3712 1401 3826 1456 btec

2238 1488 2399 1543 animi
2427 1489 2682 1545 fortitudo
2725 1491 2794 1544 ab
2832 1491 2926 1547 illo
2964 1501 3047 1547 est
3078 1492 3233 1548 nobis
3276 1495 3361 1549 cui
3392 1508 3512 1549 cum
3557 1500 3819 1563 prepheta

2236 1588 2264 1615 υ
2286 1591 2597 1635 cantamus:
2621 1579 2894 1636 Fortitudo
2922 1600 3051 1647 mea,
3072 1594 3119 1638 et
3144 1593 3168 1620 ο
3198 1584 3313 1639 laus
3334 1582 3446 1638 mea
3478 1584 3753 1650 Dominus,
3769 1594 3818 1639 et

2236 1670 2402 1739 factus
2430 1682 2503 1725 est
2531 1672 2655 1726 mihi
2675 1672 2729 1726 in
2757 1671 2975 1727 salutem
3006 1673 3179 1746 (Psal.
3210 1691 3374 1740 cxvn,
3397 1675 3514 1753 Μ).
3543 1676 3823 1733 Fortitudo

2237 1772 2417 1817 nostra
2448 1772 2532 1818 est
2552 1774 2603 1830 P,
2644 1765 2768 1834 quia
2809 1766 2881 1818 ita
2907 1779 3005 1820 nos
3034 1774 3218 1821 contra
3247 1766 3426 1821 omnia
3454 1766 3581 1821 vitia
3625 1767 3821 1822 invicta

2165 1832 2214 1891 Β
2240 1854 2569 1917 protectione
2615 1832 2958 1922 corroborat,
3007 1864 3068 1910 ut
3108 1856 3344 1912 animum
3394 1866 3638 1912 nostrum
3662 1868 3694 1909 ιι
3720 1873 3823 1914 nec

2232 1944 2423 1999 blanda
2466 1945 2790 2011 dissolvant,
2842 1959 2943 2002 nec
2987 1945 3215 2003 adversa
3261 1947 3545 2017 dejiciant;
3596 1957 3651 2004 et
3695 1958 3822 2004 tunc

2232 2037 2349 2092 laus
2379 2046 2560 2093 nostra
2594 2039 2847 2093 Dominus
2878 2040 2955 2104 fit,
3000 2040 3047 2095 si
3093 2055 3198 2096 non
3248 2055 3347 2096 nos
3398 2040 3467 2097 de
3511 2042 3822 2097 muneribus

2234 2126 2357 2194 Dei,
2384 2128 2478 2183 sed
2501 2128 2678 2184 divina
2703 2129 2756 2184 in
2786 2131 2940 2186 nobis
2964 2132 3245 2200 cupiamus
3268 2147 3489 2189 munera
3515 2133 3817 2202 praedicari.

2230 2220 2340 2275 Nee
2371 2221 2446 2275 illi
2471 2235 2623 2276 suam
2649 2232 2873 2292 possunt
2892 2224 3099 2292 jactare
3120 2222 3401 2291 virtutem,
3423 2224 3615 2295 quibus
3636 2222 3819 2280 Domi-

2231 2326 2332 2366 nus
2362 2311 2534 2367 factus
2556 2321 2640 2368 est
2671 2314 2723 2366 in
2753 2313 3002 2369 salutem.

2302 2402 2355 2455 5.
2397 2403 2445 2457 Is
2476 2418 2605 2473 ergo
2623 2413 2653 2470 ι
2687 2404 2772 2459 cui
2800 2404 3057 2459 Dominus
3086 2417 3170 2461 est
3196 2406 3358 2461 animi
3383 2405 3660 2471 fortitudo,
3690 2405 3815 2460 nul-

2230 2493 2294 2548 lis
2335 2493 2639 2548 carnalibus
2688 2495 2970 2550 desideriis
3017 2496 3196 2562 cedat,
3244 2496 3405 2551 nullis
3456 2494 3817 2567 voluptatibus

2190 2607 2198 2617 ε
2228 2590 2558 2659 acquiescat,
2607 2591 2952 2647 ambitionem
3001 2606 3064 2646 ac
3108 2594 3418 2661 popularem
3449 2592 3674 2662 gloriam
3700 2592 3817 2646 vin-

2227 2691 2331 2736 cat.
2388 2681 2501 2735 Non
2530 2697 2654 2735 eum
2680 2678 3113 2750 pecunite'amor
3151 2683 3364 2737 addicat
3395 2693 3441 2746 ³,
3475 2698 3578 2737 non
3611 2683 3816 2738 acerbi-

2229 2784 2311 2828 tas
2338 2776 2355 2810 ί
2391 2774 2699 2844 passionum
2727 2774 3154 2844 damnorumque
3180 2775 3448 2843 subjiciat.
3478 2775 3558 2831 Sit
3578 2776 3650 2829 illi
3678 2775 3817 2829 Deus

2227 2868 2343 2929 laus
2385 2878 2515 2932 tota,
2570 2866 2802 2935 perfecta
2851 2867 3019 2938 gloria
3050 2876 3099 2930 υ.
3153 2866 3439 2922 delectatio
3492 2881 3646 2936 pura,
3691 2880 3815 2936 spes

2225 2971 2393 3027 centa,
2428 2960 2689 3015 securitas
2718 2959 2894 3026 ﬁrma,
2945 2959 3272 3029 possibilitas
3298 2974 3452 3023 sana,
3503 2958 3707 3013 sanitas
3734 2958 3812 3012 in-

2224 3062 2601 3122 corruptazut
2629 3054 2677 3108 ei
2722 3052 2981 3122 quidquid
3012 3052 3320 3108 carnalibus
3366 3052 3562 3121 placet,
3610 3051 3664 3104 in
3714 3050 3815 3107 hoc

2224 3136 2423 3200 mundo
2454 3144 2769 3213 displiceat;
2799 3143 3058 3214 quidquid
3092 3145 3384 3212 pretiosum
3414 3144 3627 3198 videtur
3667 3158 3809 3208 esse,

2226 3239 2479 3302 vilescat;
2521 3235 2777 3307 quidquid
2807 3237 3055 3303 nitidum',
3098 3236 3396 3292 futurorum
3422 3247 3449 3275 ν
3480 3237 3812 3306 contempla-

2227 3332 2370 3385 tione
2395 3329 2700 3395 sordescat;
2748 3343 2846 3383 nec
2872 3329 2939 3383 ab
2969 3328 3053 3383 his
3079 3343 3198 3399 qua:
3222 3328 3330 3397 jam
3364 3336 3391 3365 ι
3434 3343 3534 3397 per
3579 3328 3803 3395 gratiam

2225 3422 2319 3476 Dei
2352 3421 2513 3486 elisit,
2546 3435 2605 3475 se
2652 3419 2880 3490 patiatur
2918 3419 3041 3475 elidi
3078 3436 3090 3472 :
3128 3420 3251 3490 quia
3278 3427 3333 3475 et
3360 3419 3569 3489 turpius
3598 3418 3810 3474 videtur

2224 3522 2252 3561 γ
2279 3513 2515 3568 animum
2541 3512 2610 3566 ab
2641 3511 2724 3565 bis
2755 3511 2898 3565 vitiis
2925 3511 3064 3566 vinci
3096 3526 3216 3581 quae
3245 3511 3445 3567 vicerat
3474 3530 3487 3563 :
3518 3519 3573 3567 et
3602 3512 3733 3566 nihil
3756 3511 3809 3567 ei

2228 3614 2248 3638 κ
2288 3604 2502 3672 prodest
2538 3602 2715 3671 aliqua
2741 3616 3044 3672 superasse,
3072 3604 3113 3657 si
3147 3603 3308 3658 alicui
3339 3601 3481 3672 quod
3512 3602 3808 3674 neglexerit

2221 3708 2477 3761 superare
2503 3701 2561 3731 ⁸⁸
2589 3693 2864 3761 subjaceat
2886 3710 2899 3746 :
2924 3693 3137 3762 quando
3160 3708 3265 3748 non
3304 3692 3395 3748 ille
3426 3691 3579 3748 fortis
3621 3692 3807 3750 haberi

2220 3786 2390 3841 soleat
2419 3785 2510 3856 qui
2538 3786 2589 3840 in
2617 3785 2880 3841 adeundis
2911 3785 3178 3841 laboribus
3207 3786 3566 3857 periculisque
3594 3787 3805 3841 claruit-

2218 3879 2309 3943 rit,
2334 3888 2425 3933 aut
2454 3876 2511 3917 ω)
2537 3877 2808 3933 frenandis
2838 3878 3199 3948 voluptatibus
3242 3893 3306 3933 ac
3332 3878 3613 3933 domandis
3640 3874 3800 3932 insti-

2218 3970 2375 4037 terit;
2403 3969 2497 4025 sed
2524 3969 2615 4025 ille
2644 3985 2868 4039 magnus
2896 3980 2951 4026 et
2991 3970 3259 4039 sublimis,
3293 3970 3385 4025 ille
3425 3979 3614 4040 potens
3642 3979 3806 4041 atque

2218 4061 2411 4130 dignus
2456 4060 2787 4117 fortitudinis
2826 4061 3185 4132 appellatione
3213 4061 3515 4117 censendus
3555 4069 3658 4121 est.
3708 4063 3803 4129 qui

2217 4155 2347 4210 nihil
2376 4156 2475 4212 sibi
2526 4155 2639 4211 vitii
2688 4155 2970 4224 rebellare,
3005 4165 3097 4212 aut
3144 4156 3408 4211 dominari
3456 4156 3799 4226 permiserit:

2221 4260 2275 4290 οε
2300 4249 2459 4305 modo
2480 4250 2619 4305 absit
2649 4246 2707 4286 άά
2734 4248 2964 4317 ignavia,
2981 4264 3049 4304 ne
3077 4264 3173 4305 nos
3196 4248 3246 4304 id
3270 4248 3618 4318 desperemus
3644 4264 3805 4319 posse

2215 4342 2355 4412 quod
2390 4355 2705 4411 possumus;
2748 4340 2887 4395 absit
2914 4341 3260 4410 praesumptio
3302 4342 3514 4404 vitiosa,
3556 4357 3622 4395 ne
3649 4342 3802 4397 nobis

2218 4435 2320 4492 hoc
2366 4434 2509 4506 quod
2562 4449 2657 4504 per
2700 4432 2798 4490 Dei
2843 4432 3071 4504 gratiam
3112 4449 3396 4504 possumus
3446 4435 3798 4492 ascribamus.

2286 4583 2314 4609 υ
2341 4574 2439 4627 Ms.
2467 4572 2676 4635 Camb.,
2712 4571 2962 4625 canimus.

2286 4656 2310 4682 ο
2335 4644 2461 4698 Mss.
2490 4652 2738 4709 quatuor,
2770 4649 2816 4695 et
2845 4640 3071 4696 laudatio
3103 4660 3232 4697 mea.

2281 4726 2309 4765 ρ
2336 4715 2462 4769 Mss.
2497 4723 2625 4777 tres,
2650 4714 2874 4784 quazita.
2902 4711 3027 4765 Mss.
3061 4713 3187 4777 duo,
3214 4715 3304 4784 qui
3325 4716 3415 4771 ita.

2282 4798 2308 4837 ει
2339 4786 2463 4840 Mss.
2488 4785 2615 4848 duo,
2649 4799 2738 4836 nec
2766 4782 3130 4839 blandimenta.

2284 4867 2305 4895 τ
2333 4858 2459 4910 Mss.
2491 4855 2599 4909 duo
2625 4853 2800 4927 (Iol_b.,
2828 4856 2910 4927 cui
2932 4856 3095 4924 factus
3125 4865 3200 4910 est
3220 4856 3468 4911 Dominus
3494 4858 3769 4927 fortitudo.

2282 4938 2303 4964 ⁸
2337 4928 2435 4983 Ms.
2467 4939 2605 4979 unus
2626 4924 2772 4977 addit
2801 4924 3003 4978 alienaz.
3272 4946 3285 4958 ο

2284 5000 2301 5035 ⁸
2330 5000 2427 5052 ills.
2455 5010 2611 5068 unus,
2637 4995 2886 5068 passionis
2899 4997 3305 5068 damnorumque
3327 5000 3558 5065 obiiciat.

2278 5077 2307 5105 ιι
2332 5069 2458 5122 Mss.
2489 5066 2738 5134 quinque.
2774 5065 2976 5118 dilectio
3000 5084 3150 5137 pura.

2278 5149 2306 5176 ν
2336 5138 2435 5192 Ms.
2466 5149 2621 5201 unus,
2650 5138 3046 5205 comparatione.

2286 5219 2314 5246 ι
2338 5210 2437 5264 Ms.
2470 5222 2629 5271 unus,
2659 5207 2827 5275 gratia
2851 5206 2986 5275 Dei.

2278 5292 2307 5329 γ
2334 5281 2463 5335 Mss.
2486 5286 2732 5344 quatuor,
2768 5278 2988 5330 animus.

2280 5362 2303 5389 ι
2338 5353 2433 5404 Ms.
2460 5347 2612 5404 Colb.
2643 5362 2797 5420 unus,
2819 5349 3055 5415 prodest;
3080 5350 3284 5417 caeteri,
3312 5362 3491 5420 prosit.

2276 5431 2334 5461 ⁸⁸
2359 5422 2456 5475 Ms.
2490 5434 2649 5483 unus,
2676 5418 2994 5489 subjiciatur.

2271 5491 2331 5531 δι’
2360 5493 2457 5545 Ms.
2481 5506 2638 5554 unus,
2664 5489 3004 5559 refrenandis.

2276 5573 2330 5602 οε
2358 5562 2483 5617 Haec
2508 5575 2635 5625 vox,
2679 5561 2850 5626 modo,
2894 5560 3111 5616 inducta
3139 5571 3223 5617 est
3268 5562 3320 5616 in
3351 5578 3455 5617 tus.
3484 5562 3701 5631 Catttb.,
3731 5565 3789 5622 in

2198 5635 2410 5708 quosie
2440 5649 2453 5686 :
2483 5633 2623 5708 Absit
2650 5632 2825 5708 igitur.

2234 5691 2327 5791 ξάδ
2354 5706 2450 5760 Ms.
2482 5718 2547 5759 ex
2573 5691 2721 5761 Colb.
2748 5717 2905 5767 unus.
2933 5703 3147 5772 piqritia
3168 5704 3372 5773 misera,
3403 5705 3605 5775 inertia,
3634 5708 3788 5777 igua.

2199 5796 2297 5848 tua,
2326 5795 2388 5831 ne
2414 5794 2523 5832 nos.
3704 5800 3709 5803 -
