4124 6350
294 336 398 394 505

288 558 598 613 spcremus;
631 544 742 598 sive
774 558 869 598 nos
898 542 965 598 de
995 552 1174 598 nostra
1202 541 1557 611 possibilitate
1585 542 1873 611 jactemus,

288 634 467 688 idonei
510 635 577 687 ad
604 635 959 689 resistendum
1010 634 1153 689 vitiis
1182 649 1303 689 esse
1333 649 1438 688 non
1472 648 1773 703 possumus.
1807 634 1875 690 Et

291 726 473 796 utique
500 727 663 781 animi
683 726 936 782 fortitudo
960 734 1064 780 tam
1086 724 1407 795 desperandi
1427 724 1691 795 ignaviam
1717 724 1875 781 debet

287 826 540 873 excutere
562 832 720 888 quam
749 817 1019 887 iactantiae
1047 818 1335 873 contraire.

880 909 1102 967 CAPUT
1136 910 1281 965 XXI.

468 1002 544 1058 De
561 1002 788 1075 justitia,
812 1000 887 1056 vel
913 1001 1032 1069 ﬁde,
1065 1017 1179 1072 qua:
1213 1018 1277 1056 ea:
1302 1002 1417 1072 ipsa
1444 1005 1691 1077 procedit.

357 1097 628 1152 Hactenus
656 1095 723 1150 de
741 1095 939 1150 virtute
965 1096 1050 1150 cni
1079 1112 1275 1151 nomen
1306 1105 1395 1152 est
1421 1097 1675 1153 fortitudo
1700 1106 1727 1135 ιι
1759 1097 1874 1152 dis-

287 1190 614 1259 putavimus.
650 1188 936 1244 Videamus
967 1188 1075 1258 iam
1104 1188 1233 1259 quid
1252 1188 1279 1227 ι)
1308 1190 1470 1244 etiam
1489 1190 1695 1260 justitia
1724 1190 1878 1246 nobis

284 1281 474 1337 all'erat
504 1280 688 1348 ithac
729 1282 835 1336 vita
866 1280 1155 1351 ‘prtesidii,
1185 1290 1239 1336 et
1261 1282 1494 1349 qualiter
1522 1282 1635 1351 ipsa
1662 1297 1874 1353 quoque

287 1375 339 1429 in
369 1389 554 1430 eorum
583 1374 891 1444 pectoribus
925 1375 1016 1443 qui
1045 1388 1105 1429 se
1142 1374 1217 1429 illi
1264 1384 1287 1415 ο
1341 1376 1680 1443 tradiderint,
1717 1376 1879 1431 nullis

286 1467 540 1522 vitiorum
609 1467 786 1523 valeat
840 1467 1330 1538 impugnationibus
1383 1468 1649 1538 superari.
1717 1468 1878 1523 Fides

286 1564 452 1627 enim,
484 1578 601 1632 qua:
633 1572 717 1618 est
762 1561 986 1630 justitize
1039 1560 1470 1627 fundamentum,
1519 1577 1682 1631 quam
1736 1561 1881 1616 nulla

286 1654 426 1710 bona
456 1669 619 1724 opera
651 1653 963 1724 praecedunt
988 1650 1039 1719 ά,
1072 1662 1126 1709 et
1150 1669 1216 1709 ex
1247 1668 1353 1723 qua
1387 1654 1568 1708 omnia
1595 1653 1733 1708 bona
1759 1666 1883 1721 pro-

289 1745 513 1809 cedunt,
543 1745 658 1814 ipsa
686 1759 784 1798 nos
812 1759 844 1799 a
876 1744 1112 1814 peccatis
1146 1744 1400 1799 omnibus
1423 1752 1634 1813 purgat,
1674 1752 1883 1798 mentes

1230 358 1239 367 -
1330 336 1417 390 DE
1460 336 1619 391 VITA
1660 334 2235 391 CONTEMPLATIVA
2274 338 2399 392 LIB.
2449 338 2532 393 III.

189 522 194 526 _
288 452 420 517 Quia
452 451 563 505 sive
589 450 655 505 de
686 466 905 506 munere
938 449 1058 515 llei,
1102 465 1205 520 quo
1250 449 1416 505 fortes
1460 448 1747 513 efficimur,
1780 450 1871 503 de-
1901 452 1953 509 Δ
1980 452 2347 520 opprimendis
2389 462 2413 487 η
2442 469 2505 507 ac
2534 449 2865 524 decipiendis
2922 454 3226 509 hominibus
3265 464 3289 489 ο
3324 452 3565 506 homines

3463 339 3564 394 5οΰ

1981 545 2088 598 nati
2119 545 2433 614 persistunt,
2469 546 2519 600 in
2551 562 2730 601 mores
2761 548 3028 617 ferinos,t‘
3060 563 3161 603 non
3204 560 3405 602 natura:
3425 586 3439 609 ,
3470 544 3565 600 scd

1979 636 2101 691 vita:
2123 636 2418 693 mutatione
2451 630 2797 710 degenerem.

2546 731 2775 789 CAPUT
2804 733 2994 790 XXIII.
3117 765 3149 779 ς

2324 821 2474 886 Quod
2496 823 2600 877 duo
2620 825 2721 878 sint
2745 825 3016 897 injustitice
3043 842 3247 897 genera.

2056 917 2106 970 I.
2138 916 2254 971 Duo
2285 926 2412 970 sunt
2460 915 2734 985 iniustitia:
2774 933 2972 987 genera
3002 935 3201 973 :unum
3233 929 3260 968 (ι
3285 932 3390 988 quo
3433 916 3572 985 inju-

1984 1011 2091 1066 rias
2115 1010 2433 1079 irrogamus,
2455 1010 2680 1065 alterum
2708 1025 2815 1080 quo
2846 1020 2868 1049 τ
2894 1012 2962 1068 ab
2990 1012 3109 1067 aliis
3133 1013 3416 1081 irrogatas,
3447 1024 3569 1066 cum

1982 1113 2289 1169 possumus,
2348 1099 2666 1168 propulsare
2720 1101 3055 1171 negligimus.
3111 1100 3356 1169 Quodam
3410 1100 3571 1155 modo

1983 1191 2125 1245 enim
2151 1206 2253 1245 nos
2282 1191 2635 1259 opprimimus
2665 1191 2881 1260 quando
2909 1206 3201 1262 oppressos
3221 1207 3341 1245 cum
3371 1190 3564 1246 defen-

1984 1281 2113 1337 dere
2139 1291 2481 1351 ﬁpossumus,
2505 1283 2572 1337 ab
2614 1284 2966 1353 oppressione
3004 1284 3419 1340 contemnimus.
3460 1282 3572 1339 Nec

1984 1374 2116 1430 mihi
2145 1374 2341 1444 aliquid
2364 1375 2601 1443 prodest,
2632 1376 2774 1445 quod
2798 1392 2903 1431 non
2923 1377 3288 1433 circumvenio
3312 1376 3571 1444 aliquem,

1988 1481 2163 1537 neque
2180 1466 2475 1536 decipio,si
2508 1472 2524 1505 ι
2557 1468 2755 1537 decipi,
2788 1478 2881 1523 aut
2901 1470 3274 1525 circumveniri
3293 1470 3567 1540 permitto.

1985 1558 2098 1614 Hoc
2119 1558 2260 1613 idem
2283 1558 2351 1613 de
2376 1558 2616 1628 peccatis
2640 1568 2667 1596 ιι
2684 1560 2808 1615 licet
2828 1561 3088 1631 intelligi:
3116 1563 3240 1632 quia
3268 1561 3314 1617 si
3341 1575 3573 1631 peccan-

1989 1661 2095 1708 tem
2120 1650 2298 1721 video,
2348 1660 2402 1707 et
2446 1667 2552 1707 non
2597 1652 2769 1707 solum
2798 1667 2902 1707 non
2947 1668 3135 1724 arguo,
3160 1653 3254 1708 sed
3276 1654 3438 1708 etiam
3468 1661 3495 1690 τ
3522 1652 3574 1708 ei

1990 1748 2238 1818 peccanti
2264 1749 2564 1815 consentio,
2592 1749 2906 1819 participem
2954 1765 3041 1805 me
3072 1747 3433 1803 damnationis
3457 1746 3577 1815 ejus

289 1846 514 1891 nostras
543 1835 830 1900 illuminat,
864 1835 974 1889 Deo
1008 1844 1031 1872 θ
1059 1834 1334 1900 conciliat,
1377 1843 1432 1890 et
1471 1834 1677 1888 cunctis
1721 1834 1882 1903 parti-
1913 1833 1961 1893 B
1988 1838 2169 1895 efficio
2198 1856 2213 1904 ;
2244 1848 2295 1895 et
2327 1835 2392 1894 'in
2446 1840 2696 1894 omnibus
2738 1840 3087 1910 peccantibus
3122 1854 3308 1911 pecco,
3362 1839 3578 1909 quando

296 1926 509 1997 cipibus
538 1935 743 1981 naturae
774 1936 972 1980 nostra:
994 1926 1296 1991 consociat;
1328 1940 1478 1996 spem
1510 1924 1666 1979 nobis
1692 1925 1896 1979 futura?

290 2017 744 2074 remunerationis
768 2017 1014 2086 inspirat,
1039 2027 1198 2087 auget
1228 2016 1282 2071 in
1314 2018 1469 2071 nobis
1505 2016 1729 2072 virtutes
1756 2030 1883 2071 san-

290 2118 427 2179 ctas,
452 2125 518 2167 ac
543 2124 642 2167 nos
673 2110 726 2166 in
759 2124 946 2166 earum
976 2111 1319 2179 possessione
1360 2108 1665 2164 confirmat.

831 2222 1086 2280 'CAPUT
1141 2222 1309 2278 XXII.

362 2315 441 2371 De
467 2316 707 2388 tequitate
722 2331 742 2382 ,°
763 2314 902 2386 quod
917 2314 987 2388 ad
1030 2315 1263 2388 eamdem
1282 2314 1533 2385 pertineat
1572 2314 1809 2368 humana:

821 2386 1075 2441 societatis
1120 2385 1340 2439 utilitas.

367 2479 447 2535 Ex
476 2479 682 2549 jus‘titia
725 2487 908 2533 manat
949 2485 1005 2532 et
1050 2476 1297 2547 aequitas,
1346 2491 1464 2547 quae
1508 2490 1606 2531 nos
1656 2475 1777 2531 facit
1825 2483 1883 2530 ut

288 2572 532 2627 omnium
554 2569 905 2625 necessitates
930 2567 1207 2623 hominum
1232 2580 1448 2623 nostras
1469 2582 1589 2623 esse
1615 2567 1880 2629 dicamus,

290 2679 393 2721 nec
420 2663 575 2719 nobis
602 2672 830 2727 tantum,
852 2661 947 2717 sed
963 2662 1125 2716 etiam
1156 2662 1341 2731 generi
1364 2662 1599 2716 humano
1628 2660 1645 2699 τ
1665 2676 1762 2716 nos
1784 2677 1887 2716 na-

291 2766 375 2811 tos
403 2769 523 2811 esse
551 2753 871 2820 credamus;
904 2761 958 2807 et
994 2751 1251 2823 quidquid
1292 2752 1510 2807 cuilibet
1547 2750 1750 2807 homini
1791 2768 1883 2808 no-

291 2866 415 2906 cere
441 2857 635 2918 potest,
671 2858 696 2897 8
732 2856 984 2918 tanquam
1032 2847 1077 2901 si
1126 2845 1281 2902 nobis
1334 2854 1543 2910 noceat,
1575 2848 1877 2901 evltemus:

291 2944 413 3011 quia
445 2939 473 2979 ιι
501 2942 591 3013 qui
646 2941 894 2996 homines
941 2954 1157 3006 sumus,
1204 2937 1335 2993 nihil
1377 2938 1595 2992 humani
1643 2954 1671 2991 a
1724 2937 1881 2993 nobis

292 3036 526 3091 alienum
578 3042 770 3104 putare
823 3032 1105 3088 debemus.
1161 3031 1434 3100 Siquidem
1491 3030 1753 3086 bellarum
1794 3040 1877 3086 est

300 3129 438 3186 isibi
455 3128 656 3194 vivere,
673 3141 771 3183 nec
794 3140 919 3182 suas
946 3124 1204 3205 utilitates
1220 3123 1271 3179 in
1287 3138 1573 3179 commune
1601 3124 1873 3179 conferre.

1990 1948 2086 1990 eos
2110 1948 2245 2004 quos
2265 1935 2378 1989 scio
2404 1949 2655 2003 peccasse
2680 1935 2793 1989 sive
2821 1948 3065 2003 peccare,
3087 1934 3315 2005 quadam
3342 1932 3579 1989 crudelis
3610 1940 3615 1945 '

1986 2026 2151 2081 animi
2178 2026 2509 2096 malignitate
2528 2040 2632 2080 non
2655 2026 2877 2096 increpo

2055 2116 2111 2170 2.
2139 2115 2247 2171 Nec
2276 2131 2405 2170 vero
2437 2116 2686 2171 audiendi
2717 2126 2844 2171 sunt
2882 2117 2956 2171 illi
2988 2118 3078 2186 qui
3124 2132 3181 2171 se
3222 2116 3406 2171 dicunt
3454 2131 3578 2187 pro-

1986 2214 2168 2276 pterea
2212 2205 2587 2275 delinquentes
2618 2215 2644 2243 ι
2673 2208 2959 2277 ohjurgare
3015 2222 3118 2263 non
3160 2222 3341 2278 posse,
3373 2222 3440 2262 ne
3474 2220 3571 2261 eos

1984 2298 2075 2369 qui
2105 2306 2133 2346 γ
2162 2312 2221 2352 se
2261 2297 2552 2353 emendare
2604 2298 2893 2363 noluerint,
2912 2299 3013 2355 sibi
3060 2298 3259 2354 faciant
3306 2298 3573 2354 inimicos.

1984 2386 2084 2454 Qui
2112 2388 2237 2442 dum
2270 2396 2496 2457 parcunt
2540 2402 2727 2443 eorum
2770 2389 3058 2455 voluntati,
3107 2388 3267 2443 saluti
3308 2403 3413 2442 non
3448 2402 3574 2457 par-

1985 2488 2133 2534 cunt.
2170 2488 2191 2515 ι
2218 2480 2286 2533 At
2316 2479 2358 2533 si
2390 2496 2494 2535 non
2527 2496 2592 2534 ex
2619 2481 2897 2549 iactantia,
2936 2480 3030 2535 sed
3080 2496 3148 2535 ex
3183 2480 3576 2548 misericordia,

1987 2578 2185 2626 etcum
2217 2570 2445 2641 quadam
2482 2572 2678 2640 pietate
2729 2570 3108 2641 compatientis
3157 2573 3319 2626 animi
3348 2572 3578 2642 castige-

1986 2680 2127 2732 mus,
2160 2673 2217 2703 ιι
2246 2672 2301 2720 et
2323 2664 2397 2719 illi
2438 2680 2537 2719 nos
2570 2663 2807 2719 sentiant
2835 2681 2942 2719 non
2974 2666 3150 2720 minus
3194 2666 3425 2735 peccatis
3465 2666 3578 2721 suis

1986 2758 2190 2815 moveri
2222 2774 2379 2827 quam
2412 2758 2642 2819 nostris;
2684 2759 2861 2813 autin
2912 2759 3109 2813 bonum
3154 2768 3356 2813 statum
3397 2758 3576 2814 reforo

1986 2851 2133 2917 mali,
2160 2850 2441 2905 nobiscum
2474 2849 2583 2905 Deo
2606 2848 2665 2889 δι’
2694 2852 2894 2922 gratias
2936 2860 3130 2921 agunt;
3180 2860 3274 2906 aut
3303 2851 3345 2905 si
3386 2865 3482 2906 eos
3522 2851 3578 2909 in

1984 2955 2205 3013 peccato
2229 2952 2374 2998 tenet
2394 2942 2569 2997 adhuc
2596 2944 2851 3012 peccandi
2888 2944 3138 3010 dulcedo,
3175 2952 3232 3000 et
3260 2955 3313 2985 οο
3347 2945 3575 2999 salutem

1984 3048 2134 3088 suam
2175 3034 2329 3090 nobis
2348 3049 2490 3089 cura:
2512 3048 2634 3090 esse
2662 3045 2970 3103 cernentes,
2994 3038 3192 3091 malum
3220 3036 3451 3092 reddere
3478 3050 3579 3107 pro

1984 3128 2127 3182 bono
2160 3127 2460 3194 voluerint;
2483 3124 2541 3164 ἀά
2571 3128 2732 3183 malle
2752 3128 3012 3183 debemus
3032 3144 3217 3184 eorum
3246 3128 3575 3196 inimicitias,

293 3224 336 3277 Α
367 3221 562 3292 quibus
587 3235 695 3274 non
742 3218 917 3273 solum
950 3217 1143 3272 mentis
1183 3216 1557 3286 praerogativa,
1594 3216 1688 3271 sed
1720 3217 1882 3272 etiam
1911 3212 1959 3278 C
1988 3219 2080 3289 qui
2102 3220 2374 3276 noluerint
2395 3219 2692 3287 emendari,
2722 3220 3065 3288 contrahere,
3099 3235 3256 3290 quam
3285 3220 3377 3275 Dei
3408 3218 3576 3275 allen-

272 3311 650 3381 'servatajnris
671 3311 684 3361 1
709 3303 1014 3378 aequalitate
1031 3307 1314 3375 distamus,
1341 3306 1386 3361 si
1404 3321 1502 3362 nos
1523 3306 1575 3361 in
1591 3304 1614 3343 ¹ί
1639 3308 1878 3362 omnium

293 3402 592 3460 commodis
622 3401 707 3457 vel
734 3398 1094 3456 incommodis
1122 3399 1451 3469 cogitantes,
1500 3398 1640 3453 sicut
1680 3399 1881 3455 nostris

295 3495 633 3557 utilitatibus,
674 3494 748 3553 ita
784 3490 1025 3547 omnium
1073 3492 1342 3545 sociorum
1381 3489 1399 3527 ι
1433 3499 1639 3545 natura:
1680 3499 1881 3565 nostra:

291 3588 562 3642 vivamus.
592 3593 632 3621 ω
665 3582 867 3639 Deinde
890 3581 936 3637 si
959 3581 1185 3636 invicem
1214 3582 1488 3651 persequi,
1514 3581 1771 3646 lacerare,
1796 3582 1880 3637 vel

292 3680 544 3751 perdere,
580 3680 810 3734 ferarum
842 3686 925 3733 est
970 3677 1265 3747 proprium,
1298 3676 1417 3747 quis
1442 3678 1650 3733 dubitet
1696 3678 1875 3733 excel-

292 3772 475 3829 lentiae
500 3771 748 3825 humanae
774 3780 1106 3838 competere,
1138 3758 1195 3824 nt'
1223 3784 1283 3824 se
1310 3762 1625 3825 alterutrum
1666 3754 1874 3840 iuvent,

292 3865 583 3928 instruant,
616 3862 899 3927 :edilicent,
946 3870 1001 3917 et
1040 3862 1322 3917 utilitatem
1374 3877 1715 3919 communem
1762 3874 1876 3919 tan-

288 3973 447 4030 quam
480 3955 750 4027 propriam
774 3955 997 4010 curent?
1022 3954 1174 4011 Unde
1198 3955 1354 4010 datur
1375 3955 1597 4027 intelligi
1623 3958 1763 4028 quod
1786 3959 1875 4028 qui

358 4146 540 4219 {Haec
570 4160 700 4219 vos,
745 4148 1139 4218 disputavimus,
1166 4149 1319 4205 abest
1367 4163 1397 4202 a
1444 4163 1574 4204 mss.
1616 4156 1871 4219 quatuor;

285 4218 341 4279 in
368 4217 541 4276 altera
568 4216 792 4275 habetur
818 4216 1164 4274 tractavimus.

361 4292 391 4332 ι’
424 4293 549 4348 Mss.
595 4290 803 4347 duobus
824 4290 975 4346 deest
1002 4291 1178 4344 etiam.
1205 4290 1302 4345 Ms.
1326 4288 1516 4344 Camb.
1541 4299 1664 4358 post
1684 4304 1871 4359 pauca.

287 4364 587 4501 Oﬁzﬂgditi,
620 4431 960 4503 tradiderunt.
995 4432 1135 4503 Mss.
1152 4433 1407 4503 quinque,
1442 4431 1762 4485 tradiderint.

360 4506 389 4597 εί
418 4504 511 4559 Sic
541 4518 670 4559 mss.
703 4502 836 4586 Reg.
853 4502 966 4597 duo
1010 4512 1063 4557 et
1107 4502 1262 4597 (ξομ).
1285 4502 1686 4597 ⁴πηὲεῇ
1720 4518 1868 4569 vero,
1902 4537 1955 4597 Β

286 4576 379 4631 sed
409 4592 472 4629 ea:
498 4591 601 4644 qua
640 4575 810 4627 omnia
839 4573 978 4644 bona
1022 4576 1321 4639 procedunt.
1375 4574 1538 4636 Editi,
1592 4586 1637 4625 et
1687 4591 1745 4628 es
1774 4591 1875 4644 quo

283 4646 465 4773 Emme
493 4643 794 4717 procedunt.
821 4643 951 4711 Qua:
974 4645 1150 4699 omnia
1177 4645 1370 4701 absunt
1413 4661 1441 4699 a
1492 4645 1699 4700 duobus
1738 4660 1872 4703 mss.

331 4733 365 4772 ο
429 4758 443 4771 .

331 4719 443 4773 011).

367 4798 391 4825 θ
420 4788 547 4843 Mss.
581 4784 758 4853 L'Uibu
792 4798 922 4853 tres,
954 4788 1263 4840 reconciliet.

369 4857 390 4896 τ
435 4861 533 4913 Ms.
561 4872 695 4913 unus
709 4857 886 4920 Colb.,
913 4867 1056 4911 natos
1082 4858 1228 4912 utiles
1250 4874 1372 4913 esse.

365 4940 393 4976 κ
424 4930 519 4985 Ms.
550 4943 710 4993 unus,
738 4929 792 4981 id
816 4929 981 4990 quasi.

360 5000 390 5036 ιι
422 5001 522 5055 Ms.
550 5013 689 5054 unus
718 5012 784 5052 ex
810 4996 988 5057 Colb..
1019 5000 1139 5069 quia
1160 4999 1388 5052 homines
1420 5014 1617 5062 sumus,
1660 4999 1795 5053 unde
1825 5008 1875 5055 et

286 5074 583 5125 humanitas
610 5071 768 5135 dicta,
791 5085 893 5139 qua
916 5085 1005 5124 nos
1032 5071 1242 5123 invicem
1272 5079 1490 5133 tuemur,
1520 5070 1652 5123 sicut
1679 5079 1873 5123 morta-

291 5145 365 5197 les
392 5160 410 5206 ;
441 5142 567 5194 nihil
597 5144 806 5193 humani
828 5157 858 5193 a
884 5140 1048 5206 nobis,
1074 5150 1177 5194 etc.

368 5218 382 5249 ί
420 5213 581 5266 Deest
599 5226 701 5266 vox
730 5212 828 5264 sibi
857 5212 907 5264 in
941 5226 1039 5263 tus.
1072 5226 1197 5262 uno.

364 5288 379 5333 l
422 5283 517 5337 Ms.
540 5280 696 5335 Coll).
724 5295 879 5347 unus,
915 5298 945 5333 a
974 5281 1154 5347 quibus
1186 5296 1284 5352 non
1314 5282 1478 5333 solum
1510 5282 1729 5345 meritis,
1758 5296 1878 5352 gra-

286 5358 362 5407 tia
391 5353 673 5423 praemissi,
700 5354 777 5405 vel
806 5353 1029 5420 propria:
1070 5351 1335 5423 dignitatis
1390 5351 1876 5423 pra'rogatiua,sed

284 5420 540 5478 etiam...
568 5423 908 5487 thaabilitate
960 5420 1277 5475 dislabimus.
1307 5422 1429 5475 Mss.
1468 5420 1575 5476 tres
1606 5433 1657 5475 ct
1682 5421 1874 5490 I.ugd.,

286 5496 531 5566 (equitate
557 5494 822 5547 distamus.

365 5567 393 5609 κ
426 5564 523 5620 Ms.
551 5578 710 5628 unus,
738 5566 792 5616 in
823 5564 1046 5616 omnium
1079 5564 1252 5627 lucris,
1288 5563 1584 5627 commodis,
1618 5572 1724 5617 etc.

368 5636 386 5674 ι
428 5636 480 5689 In
508 5635 665 5689 editis
702 5634 1037 5688 interseritur
1066 5651 1165 5688 vox
1215 5634 1452 5689 utilitate.
1484 5648 1601 5700 quin
1644 5637 1796 5688 abest
1845 5650 1873 5687 τι

287 5723 424 5762 mss.
457 5705 737 5770 omnibus;
770 5720 888 5773 quae
908 5707 1130 5761 omissio
1170 5713 1318 5760 recto
1359 5705 1541 5759 sensui
1586 5705 1682 5758 loci
1716 5704 1879 5759 huius

288 5782 441 5850 [δνοΙί·
465 5781 522 5830 it.

368 5860 405 5885 ιιι
442 5851 534 5903 Ms.
570 5863 725 5913 unus,
766 5845 1011 5917 Denique.

1946 3364 1959 3376 ,
1991 3326 2130 3379 sam,
2162 3312 2286 3367 dum
2334 3321 2618 3380 peccantes
2660 3312 2976 3382 palpamus,
3031 3313 3326 3367 incurrere.
3371 3313 3476 3367 Sed
3509 3312 3577 3367 de

1991 3403 2075 3459 his
2113 3405 2363 3475 quoniam
2393 3406 2444 3459 in
2474 3404 2614 3460 libro
2644 3405 2881 3460 secundo
2904 3405 3060 3476 (Cap.
3087 3407 3178 3460 let
3206 3406 3265 3473 2)
3288 3406 3434 3475 plura
3459 3406 3571 3475 jam

1990 3496 2248 3563 diximus,
2278 3496 2511 3568 reliquas
2536 3496 2760 3567 iustitia:
2792 3508 2995 3567 partes,
3025 3508 3080 3553 nt
3104 3498 3385 3567 cmpimus,
3420 3511 3575 3553 exse-

1990 3604 2232 3659 quamur.

2555 3680 2784 3739 CAPUT
2829 3683 3019 3739 XXIV.

2036 3777 2109 3830 De
2140 3775 2477 3843 liberalitate;
2508 3786 2553 3831 et
2582 3778 2803 3844 qualiter
2830 3777 3176 3861 beneﬁcentiae
3200 3794 3329 3849 opus
3366 3778 3540 3835 debeat

2655 3864 2881 3903 exercert
2892 3888 2905 3903 .

2060 3961 2111 4014 l.
2146 3960 2221 4016 De
2240 3960 2461 4030 justititc
2485 3971 2541 3999 εθ
2562 3962 2738 4017 adhuc
2762 3962 2911 4019 fonte
2931 3965 3227 4034 procedunt
3259 3965 3571 4036 liberalitas,

2058 4158 2083 4184 υ
2121 4149 2247 4204 Mss.
2293 4158 2422 4215 tres,
2452 4161 2561 4204 aut.

2058 4228 2083 4255 ο
2115 4220 2170 4294 In
2232 4220 2397 4289 Lugd.
2436 4221 2589 4276 deest
2634 4236 2735 4276 vox
2789 4221 3037 4278 homines.
3084 4224 3303 4294 Legitur
3351 4223 3403 4278 in
3451 4223 3573 4281 aliis

1984 4290 2254 4345 omnibus.

2057 4371 2083 4409 Ρ
2116 4362 2211 4415 Ms.
2245 4377 2402 4425 unus,
2436 4378 2535 4416 non
2580 4371 2798 4431 natum,
2840 4366 2931 4419 sed
2958 4368 3085 4423 vitii.
3117 4367 3216 4422 Ms.
3259 4368 3412 4434 alter,
3467 4382 3571 4422 non

1983 4442 2187 4497 natura,
2212 4434 2301 4485 sed
2327 4434 2459 4487 vitae

2054 4513 2081 4553 (ι
2107 4504 2233 4580 Mss.
2264 4504 2389 4570 duo,
2421 4506 2809 4580 unumquod...
2840 4508 3056 4562 alterum
3086 4511 3245 4580 quod.

2060 4584 2082 4612 τ
2115 4574 2212 4630 Ms.
2243 4589 2400 4641 unus,
2426 4576 2546 4628 aliis
2575 4576 2851 4645 irrogalas.

2058 4654 2078 4680 '
2112 4645 2209 4699 Ms.
2243 4662 2396 4711 unus,
2432 4650 2698 4713 pessimus.

2058 4717 2076 4752 ι
2106 4716 2229 4771 Mss.
2259 4725 2386 4791 tres,
2417 4720 2461 4769 si
2482 4717 2755 4785 decipienti
2776 4721 3136 4775 circumvenire
3172 4724 3426 4791 permitto.
3467 4723 3566 4777 Ms.

1982 4786 2148 4869 alter,
2198 4788 2334 4856 quod
2384 4803 2485 4840 non
2520 4792 2859 4843 circumvenio
2907 4808 3065 4858 neque
3113 4786 3331 4862 decipio,
3361 4794 3447 4847 sed
3482 4794 3569 4847 des

1984 4868 2105 4911 cini.
2132 4868 2236 4911 etc.

2033 4875 2105 4928 pr,
2132 4874 2236 4912 etc.

2054 4938 2077 4961 "
2107 4932 2233 4983 Mss.
2268 4937 2517 4996 quatuor,
2552 4929 2714 4983 debet.

2054 5008 2080 5033 ν
2104 4998 2199 5069 Ms.
2235 5014 2392 5069 unus,
2424 5002 2533 5069 ejus
2565 5001 2799 5065 peccatis.

2056 5078 2079 5104 ι
2110 5068 2205 5146 Ms.
2237 5067 2389 5146 Galli.
2425 5067 2585 5133 unus,
2606 5069 2885 5146 increpare
2906 5072 2995 5146 rvel
3026 5072 3314 5146 objurgare.

2058 5148 2085 5187 γ
2124 5139 2250 5192 Mss.
2278 5139 2402 5203 duo,
2436 5141 2696 5192 emendari
2715 5141 2991 5197 noluerint.

2058 5218 2077 5243 ²
2114 5209 2212 5281 Ms.
2242 5208 2391 5263 Colb.
2410 5225 2563 5273 unus,
2586 5212 2653 5263 Ac
2672 5213 2734 5265 si.
2759 5212 2929 5278 Alter,
2957 5214 3163 5270 Sinon.
3186 5216 3355 5281 Alius,
3390 5214 3563 5269 Autsi.

2056 5288 2111 5315 ιιι
2141 5280 2263 5333 Mss.
2300 5281 2426 5345 duo,
2457 5291 2512 5333 ut
2538 5281 2635 5335 illi.

2054 5348 2110 5387 δι’
2149 5351 2272 5404 Mss.
2308 5352 2439 5415 duo,
2469 5356 2663 5422 gratias
2688 5366 2863 5421 agant.
2891 5355 2988 5408 Ms.
3022 5356 3179 5409 CoIh.
3213 5372 3376 5422 unus,
3398 5364 3486 5407 aut
3513 5356 3566 5408 in

1982 5423 2110 5474 bono
2136 5423 2397 5475 nobiscum
2425 5397 2618 5476 statim.
2648 5397 2815 5491 Aller,
2850 5436 2934 5479 aut
2964 5428 3015 5479 in
3046 5427 3229 5479 bonum
3254 5397 3427 5479 statim
3454 5422 3565 5480 Deo

1980 5494 2170 5560 gratias
2194 5504 2369 5563 agunt.

2054 5573 2107 5600 σε
2139 5563 2237 5617 Ms.
2276 5579 2431 5627 unus,
2458 5565 2638 5618 salutis
2659 5582 2767 5621 suta
2791 5567 2934 5620 nobis
2956 5582 3127 5619 curam
3151 5584 3274 5621 esse.

2055 5633 2113 5669 αα
2144 5636 2231 5688 Sic
2248 5635 2412 5688 editio
2436 5635 2605 5701 Lugd.
2625 5637 2779 5701 Alia',
2794 5639 2957 5705 magis
2972 5638 3146 5691 malle.
3168 5640 3239 5693 Ex
3256 5637 3411 5693 Colb.
3428 5653 3558 5694 mss.

1981 5706 2329 5780 tttttts,_magis
2354 5707 2590 5780 debemus
2632 5722 2805 5759 eorum
2832 5708 3148 5776 inimicitias,
3177 5711 3263 5780 qui
3304 5710 3558 5767 noluerint

1977 5777 2233 5828 emendari
2256 5778 2569 5828 contrahere.

2057 5855 2111 5881 υ·
2148 5846 2242 5899 Ms.
2268 5862 2423 5912 unus,
2464 5847 2536 5898 De
2558 5846 2775 5916 justitia:
2802 5858 2973 5901 autem
2995 5852 3182 5906 adhuc.
