4124 6350
523 295 623 350 507

1861 289 2126 369 JULlANl
2167 291 2444 352 Patienti

3705 288 3822 346 508-

523 409 894 476 beneficentia,
927 410 1122 468 caritas
1144 418 1198 466 et
1225 418 1420 470 caetera
1451 409 1948 482 θῇιιειιιοὰἰμιιιιιιιιε
1967 411 2103 467 mul-
2133 411 2188 472 A
2213 410 2616 478 incomparabili
2673 409 2983 465 diversitate
3034 408 3377 477 praestantior
3408 448 3421 472 ,
3477 423 3584 478 quo
3639 409 3801 462 Deum

526 505 971 574 tiplieiterjuvari
1005 502 1250 558 ltomines
1299 514 1542 572 possunt.
1596 503 1913 560 Liberalitas
1965 513 1989 540 ιι
2037 510 2117 560 est

525 613 645 662 quae
671 598 828 651 etiam
863 599 912 650 in
963 613 1056 652 eos
1081 599 1170 666 qui
1203 598 1334 652 nihil
1378 599 1616 670 indigere
1667 599 1938 666 videnlur,
1976 614 2116 654 exu-

527 689 711 748 berat;
749 693 799 744 in
830 705 932 759 qua
962 690 1285 754 liberalitate
1315 690 1393 745 rei
1419 690 1695 746 familiaris
1749 692 1960 761 ponitur
2000 708 2117 746 atu-

529 783 750 852 ιιΙιιιιιΙο.
787 783 1160 839 Beneficentite
1208 784 1372 840 multa
1402 792 1530 840 sunt
1575 799 1762 854 opera,
1795 786 1987 852 quibus
2021 799 2115 840 ne-

527 875 763 934 cessitati
809 875 1165 932 laborantium
1225 879 1647 934 misericorditer
1693 877 2029 942 subvenitur,
2062 886 2118 933 et

527 965 595 1020 de
625 975 840 1022 terreno
869 983 1032 1024 censu
1059 970 1209 1039 regni
1236 969 1470 1026 ccclestis
1504 969 1795 1028 bmreditas
1837 985 2116 1040 compara-

527 1065 633 1120 tur,
659 1057 703 1112 si
734 1057 895 1115 modo
921 1059 1124 1130 absque
1173 1061 1278 1116 ulla
1324 1063 1684 1118 ostentatione
1727 1079 1861 1132 opus
1912 1065 2114 1120 benetio

527 1151 719 1206 ccutiat
752 1152 861 1219 fiat,
924 1167 1044 1209 nec-
1082 1169 1178 1208 nos
1225 1155 1288 1207 ad
1337 1155 1762 1212 misericordiam
1818 1155 2114 1214 faciendam

531 1243 702 1312 turpis
729 1259 882 1297 amor
909 1245 1094 1315 gloria:
1122 1247 1393 1316 popularis
1435 1249 1692 1317 impellat.
1749 1249 1953 1304 Inventi
1991 1258 2117 1303 sunt

530 1334 748 1404 quidam
778 1335 868 1406 qui
908 1335 1132 1392 diversis
1160 1338 1374 1408 quidem
1408 1340 1742 1398 diversorum
1777 1342 2115 1398 necessitati-

536 1423 640 1498 bus
664 1425 1049 1492 subvenirent;
1073 1428 1166 1484 sed
1193 1440 1282 1484 aut
1303 1432 1543 1500 appetitu
1591 1433 1967 1503 comparandae
1999 1435 2114 1504 opi-

534 1517 710 1574 nionis
776 1518 1008 1586 impulsi,
1065 1529 1155 1574 aut
1201 1522 1403 1576 carnali
1456 1523 1652 1590 pietate
1704 1525 1978 1587 commoti,
2023 1535 2114 1580 aut

539 1623 636 1682 spe
658 1609 950 1688 recipiendi
981 1611 1123 1680 quod
1155 1612 1363 1681 darent,
1389 1623 1480 1670 aut
1502 1615 1760 1672 reddendi
1792 1617 1931 1687 quod
1959 1632 2114 1674 acce-

532 1701 734 1770 pissent
763 1705 1082 1760 necessitate
1118 1704 1144 1743 ιθ
1177 1708 1473 1764 constricti.

2220 501 2387 571 gratis
2411 501 2702 572 diligimus,
2757 510 2811 556 et
2858 501 3110 555 amicum.
3142 500 3408 555 (Steterunt
3455 500 3542 568 qui
3570 500 3798 554 amicum

2223 604 2439 664 propter
2484 594 2830 649 commodum
2883 592 3161 663 quodlibet
3213 601 3378 661 amat,
3435 607 3540 646 non
3572 591 3801 646 amicum

2219 686 2556 740 convincitur
2593 699 2796 752 amare,
2820 685 2916 742 sed
2968 684 3335 740 commodum.
3389 685 3455 738 Et
3495 685 3678 754 utique
3717 687 3805 752 qui

2219 776 2450 846 aliquem
2485 785 2702 845 propter
2732 791 2844 832 rem
2876 777 3230 846 temporalem
3275 776 3569 846 quamlibet
3596 791 3808 831 amave-

2226 872 2314 934 rit,
2349 886 2468 923 cum
2501 885 2587 924 res
2613 871 2728 940 ipsa
2772 870 2782 918 t'
2843 879 3027 939 utpote
3062 870 3373 938 temporalis
3412 869 3632 924 desierit
3665 884 3805 932 esse,

2220 978 2402 1018 amare
2430 963 2682 1020 cessabit.
2716 964 2817 1032 Qui
2847 974 3028 1020 autem
3059 963 3230 1034 diligit
3258 973 3476 1034 propter
3518 963 3705 1027 Deum,
3738 963 3802 1014 si-

2223 1065 2312 1109 cut
2342 1055 2482 1110 Deus
2511 1064 2745 1110 internus
2778 1055 2802 1092 ¹ι
2849 1065 2955 1124 est,
3012 1058 3081 1110 ita
3120 1057 3170 1110 in
3223 1064 3481 1111 retentum
3507 1056 3620 1124 ipsa
3647 1054 3802 1109 amici

2219 1149 2434 1208 dilectio
2484 1151 2837 1221 permanebit.
2889 1151 2955 1205 Et
2995 1151 3114 1208 ideo
3159 1152 3319 1216 Dens,
3357 1149 3372 1187 ι
3409 1166 3513 1220 quo
3559 1151 3690 1204 nihil
3721 1159 3801 1203 est

2221 1243 2393 1312 majus
2443 1254 2536 1299 aut
2590 1244 2779 1300 melius
2833 1254 3052 1314 propter
3091 1245 3233 1315 quod
3278 1245 3549 1325 diligatur,
3585 1255 3798 1313 propter

2221 1335 2454 1404 seipsum
2489 1339 2726 1408 perfecte
2777 1338 3034 1408 diligitur.
3095 1341 3150 1395 Si
3205 1354 3333 1394 vero
3372 1339 3561 1394 saltem
3596 1346 3808 1408 propter

2222 1436 2260 1463 ω
2282 1428 2374 1484 illa
2402 1445 2522 1498 quae
2543 1439 2761 1499 praestat
2782 1440 3013 1498 amatur,
3039 1448 3147 1487 non
3171 1432 3349 1500 utique
3377 1431 3541 1502 gratis
3567 1442 3803 1484 amatur:

2221 1521 2342 1591 quia
2361 1521 2473 1590 jam
2507 1523 2631 1577 illud
2659 1533 2876 1594 propter
2909 1524 3052 1593 quod
3087 1523 3350 1605 diligitur,
3391 1525 3463 1589 ei,
3496 1523 3634 1592 quod
3667 1522 3808 1576 dictu

2221 1628 2430 1682 queque
2462 1613 2612 1671 nefas
2638 1625 2742 1680 est,
2771 1615 3089 1672 antefertur.
3126 1617 3244 1684 Ipse
3292 1616 3486 1684 quippe
3529 1624 3610 1670 est
3640 1613 3811 1669 omni-

2221 1706 2319 1761 bus
2346 1707 2677 1762 amatoribus
2706 1708 2818 1762 suis
2849 1709 2954 1772 vita
2980 1709 3157 1774 beata,
3201 1723 3265 1762 ac
3303 1708 3446 1762 salus
3494 1719 3716 1770 attenta,
3757 1715 3812 1761 et

514 1814 520 1844 ι
599 1797 652 1852 ‘2.
683 1797 818 1852 Sunt
848 1798 940 1854 alii
965 1815 1097 1872 quos
1124 1799 1192 1855 ad
1218 1801 1553 1872 largiendum
1581 1806 1794 1876 aliquid
1822 1809 1872 1861 in
1918 1789 2114 1877 paupe.
2143 1800 2194 1860 B
2222 1812 2464 1868 regnum,
2495 1799 2858 1872 gaudiumque
2883 1811 3228 1869 perpetuum.
3261 1798 3388 1854 llaec
3429 1799 3693 1867 accipient
3721 1797 3811 1868 qui

528 1907 616 1950 res
647 1895 759 1950 sola
788 1905 966 1950 movet
994 1906 1208 1954 versuta
1233 1900 1528 1968 cupiditas;
1562 1903 1653 1970 qui
1673 1912 1693 1940 ε
1720 1902 1784 1958 ad
1814 1903 1915 1960 hoc
1936 1905 2114 1974 aliqua

528 1995 771 2056 erogant,
800 1995 858 2041 ut
888 1987 973 2043 hic
996 1989 1197 2058 majora
1229 1991 1520 2062 recipiant;
1550 2003 1603 2049 et
1629 1995 1884 2065 quidquid
1917 1998 1996 2051 eis
2022 2012 2114 2052 ve-

529 2085 606 2141 lut
638 2102 927 2157 pauperum
965 2085 990 2125 ἀ
1038 2091 1342 2158 pastoribus
1397 2081 1583 2146 datum
1625 2091 1786 2148 fuerit
1816 2102 1838 2130 ⁸
1880 2108 2112 2163 erogan-

530 2177 678 2245 dum,
713 2179 1076 2237 esurientibus
1116 2181 1219 2237 illis
1251 2197 1346 2251 pro
1377 2183 1569 2252 quibus
1621 2185 1986 2241 sustentandis
2025 2201 2113 2240 ac-

529 2269 752 2339 cipiunt,
797 2279 987 2339 totum,
1021 2281 1114 2326 aut
1138 2288 1305 2342 prope
1339 2282 1506 2330 tet-um
1530 2275 1674 2344 quod
1695 2278 2024 2347 acceperint,
2060 2278 2113 2334 in

529 2374 652 2418 mas
684 2361 982 2430 voluptates
1024 2364 1364 2434 expendunt:
1415 2376 1503 2434 et,
1537 2368 1680 2437 quod
1725 2377 1810 2424 est
1851 2368 2110 2435 dctetius,

530 2454 668 2510 inter
699 2453 979 2511 munificos
1022 2471 1084 2510 ac
1134 2458 1515 2516 misericordes
1563 2460 1768 2527 haberi,
1824 2462 1908 2518 vel
1953 2463 2114 2518 etiam

531 2564 644 2617 prae
679 2548 782 2603 illis
829 2549 1106 2618 praedicari
1153 2553 1377 2622 turpi-ter
1429 2555 1830 2624 concupiscunt.
1888 2556 1968 2610 Ab
2029 2555 2115 2611 his

530 2643 798 2709 omnibus,
829 2653 884 2699 et
905 2643 1096 2700 horum
1119 2645 1404 2713 similibus,
1431 2647 1587 2718 longe
1614 2649 1810 2704 diversi
1833 2659 1957 2704 sunt
1987 2647 2004 2686 ί
2039 2650 2113 2704 illi

531 2734 617 2802 qui
646 2749 751 2788 non
780 2748 839 2790 se
867 2735 918 2789 itt
946 2735 1202 2804 operibus
1235 2738 1370 2804 suis,
1401 2739 1495 2792 sed
1527 2741 1690 2794 Deum
1729 2741 1951 2806 cupiunt
1978 2754 2114 2808 prai-

531 2824 729 2891 dicari;
759 2842 896 2894 quos
921 2827 988 2882 ad
1017 2842 1147 2897 opus
1184 2829 1385 2886 bonum
1415 2846 1541 2902 spes
1583 2831 1776 2888 futura:
1804 2847 2114 2888 remunera-

533 2916 693 2976 tionis
737 2917 988 2985 adducit;
1038 2928 1093 2976 et
1138 2921 1310 2990 ipsum
1365 2923 1537 2978 solum
1571 2925 1755 2979 volunt
1801 2925 2002 2982 habere
2026 2930 2112 2982 sui

530 3010 708 3079 operis
737 3019 947 3078 testem,
978 3029 1007 3067 a
1039 3028 1147 3083 quo
1179 3028 1238 3071 se
1258 3025 1572 3084 recepturos
1591 3016 1820 3073 credunt
1849 3027 1956 3074 tota
1989 3019 2112 3076 fidei

533 3106 784 3162 firmitate
817 3107 1143 3164 mercedem.

1115 3220 1340 3276 CAPUT
1374 3222 1536 3277 XXV.

570 3331 646 3386 De
674 3333 963 3400 differentia
1005 3348 1259 3400 auroram,
1308 3349 1354 3391 et
1388 3349 1636 3408 quantum
1673 3341 1734 3394 ab
1765 3341 1834 3393 eis
1870 3339 2076 3406 differat
2157 3350 2173 3366 ‘

1070 3408 1296 3478 perfecta
1344 3410 1570 3464 dilectio.

603 3542 783 3612 Itaque
804 3544 914 3614 jam
943 3545 1008 3600 de
1037 3545 1280 3611 caritate,
1316 3547 1453 3602 unde
1476 3549 1623 3616 plura
1651 3548 1702 3602 in
1736 3549 1834 3604 hoc
1863 3550 1996 3606 libto
2023 3565 2114 3605 su-

533 3651 627 3706 pra
678 3637 928 3707 disserui,
963 3641 1084 3708 quia
1130 3640 1277 3697 locus
1328 3642 1510 3710 exigit,
1570 3643 1654 3696 hic
1702 3659 1913 3714 quoque
1946 3661 2109 3712 pauca

533 3732 911 3801 perstringam.
947 3733 1123 3787 'l‘acco
1151 3734 1216 3789 de
1247 3737 1443 3792 carnali
1475 3751 1656 3792 amore
1683 3740 1769 3807 qui
1800 3739 2058 3807 incipiens
2082 3756 2110 3792 a

534 3823 782 3892 conjugio
831 3834 1010 3879 manat
1060 3825 1112 3879 in
1145 3825 1301 3892 filios,
1333 3830 1453 3897 quia
1496 3830 1650 3883 talem
1702 3845 1943 3884 amorem
1991 3846 2109 3884 cum

533 3913 818 3984 pecoribus
843 3915 1119 3988 habemus,
1149 3919 1439 3990 bestiisque
1473 3909 1838 3976 Communem.
1888 3922 2112 3991 [‘mpin-

533 4021 758 4076 quorum
795 4018 818 4054 ε
847 4000 1007 4064 etiam
1063 4023 1360 4078 praetereo,
1413 4014 1533 4082 quia
1577 4023 1630 4066 et
1682 4013 1794 4082 ipse
1838 4014 2010 4068 adhuc
2045 4014 2109 4068 ad

533 4115 742 4156 carnem
771 4103 1036 4172 pertinere
1071 4105 1282 4160 videtur
1308 4115 1361 4160 et
1400 4109 1734 4176 sanguinem.
1787 4107 1894 4164 Nec
1925 4110 1990 4163 de
2022 4109 2111 4163 illo

532 4194 728 4264 aliquid
755 4195 900 4262 dico,
927 4212 1032 4267 quo
1059 4197 1160 4252 etsi
1209 4199 1414 4256 amicos
1443 4214 1707 4266 amamus,
1744 4211 1918 4256 tamen
1949 4202 2110 4258 etiam

532 4286 556 4326 ιι
599 4291 712 4360 ipse
761 4292 990 4348 refertur
1043 4293 1108 4348 ad
1167 4293 1382 4364 aliquod
1416 4295 1758 4350 commodum
1797 4299 2108 4367 temporale.

532 4380 646 4435 [\on
701 4384 840 4452 quod
891 4384 945 4438 hi
995 4399 1206 4439 amores
1261 4385 1474 4440 honesti
1535 4402 1637 4440 non
1676 4387 1809 4452 sint,
1842 4404 1960 4444 cum
2007 4391 2114 4443 sint

535 4471 781 4526 omnibus
812 4474 1108 4540 naturales;
1137 4474 1231 4530 sed
1262 4476 1405 4545 quod
1447 4477 1530 4530 his
1571 4479 1820 4534 omnibus
1855 4479 1866 4514 ί
1919 4482 1986 4536 sit
2024 4482 2112 4537 ille

611 4679 637 4749 ξ
670 4670 917 4749 additur,
948 4683 1040 4740 est,
1074 4688 1139 4731 ex
1175 4689 1314 4749 mss;
1340 4684 1595 4749 quatuor;
1628 4679 1812 4734 aberat
1841 4685 1907 4737 ab
1936 4682 2114 4739 editis.
2147 4689 2202 4749 D

610 4739 635 4778 ιι
670 4742 950 4817 Mss._duo,
1009 4739 1268 4799 constricti
1317 4739 1450 4800 sunt.
1513 4747 1742 4817 .iliquos,
1804 4763 1906 4807 etc.
1956 4750 2028 4808 fta
2061 4768 2116 4812 et

540 4812 724 4892 f.ugd._
759 4814 929 4892 A_lter,
982 4818 1241 4892 constricti
1289 4827 1424 4871 sunt.
1478 4816 1579 4872 Alli
1610 4812 1762 4890 quos.
1817 4824 1912 4879 Ms.
1956 4825 2110 4892 alius,

538 4885 952 4958 constriclijunt.
985 4888 1086 4939 Alii
1111 4897 1226 4940 sunt
1257 4905 1402 4958 quos.

611 4966 631 5034 ξπ
669 4954 932 5037 Μεηῐξςες...
962 4973 1119 5020 unus,
1175 4954 1376 5037 propter
1407 4961 1618 5016 Itoc.....
1652 4973 1703 5016 ut
1747 4966 1865 5018 hinc
1895 4972 2113 5037 majora.

540 5024 708 5104 Alius,
742 5035 794 5078 et
820 5025 972 5104 (Zoili.
1005 5024 1446 5104 tinus,ad'lioc...
1480 5044 1531 5086 ut
1564 5037 1781 5104 majora.
1812 5038 1925 5093 Duo
1960 5024 2112 5094 Coll).

538 5100 604 5148 al
629 5097 881 5169 ltoc...Aut
912 5097 1029 5151 hinc
1057 5101 1272 5169 majora.

612 5166 637 5203 ιί
669 5167 762 5240 Ms.
797 5166 1006 5236 Camb.,
1030 5166 1275 5240 patribus.

617 5249 639 5310 ξ
674 5239 771 5292 Ms.
803 5254 960 5307 unus,
995 5239 1066 5292 ad
1089 5243 1418 5310 erogandum.

614 5307 634 5346 ί
665 5310 762 5364 Ms.
797 5327 954 5378 unus,
977 5312 1066 5365 alii
1085 5307 1189 5378 qui;

616 5390 640 5453 β
669 5381 798 5453 Mss.
830 5392 1057 5451 septem,
1085 5399 1298 5453 quoque.

617 5447 641 5526 'f
791 5447 945 5526 unus,
975 5447 1126 5507 etiam
1153 5447 1248 5525 ipsi
1275 5457 1585 5526 referuntur.

623 5521 637 5554 ί
673 5521 794 5576 Mss.
821 5523 971 5602 Colb.
1026 5521 1583 5602 duo,'itic_oriiparabili
1628 5535 1939 5588 necessitate.
1974 5538 2113 5602 Quo-

547 5604 849 5669 rurtt_t_tttus,
883 5597 998 5648 dum
1023 5597 1181 5666 gratis
1212 5597 1537 5669 diligiinus—et
1570 5605 1782 5668 amicos,
1813 5616 1857 5657 ct
1883 5597 2107 5659 acciti-os.

531 5662 588 5745 th
612 5660 793 5745 inhi-ss.
820 5677 931 5728 sex,
967 5660 1136 5745 utpote
1163 5660 1476 5736 temporalis.
1508 5671 1652 5727 Unus
1675 5688 1737 5728 ex
1767 5660 1866 5743 his,
1895 5689 1944 5730 ut
1975 5687 2116 5745 puta.

549 5731 688 5802 Edili
711 5730 795 5785 hic
825 5743 1006 5787 carent
1023 5730 1226 5802 utpote.

618 5800 641 5839 ⁸
673 5801 771 5858 Ms.
806 5817 938 5861 unus
965 5800 1108 5861 caret
1129 5809 1462 5869 substantive
1493 5823 1582 5870 est.

2223 1887 2390 1944 Deum
2422 1888 2674 1960 diligunt,
2708 1893 2830 1958 quia
2864 1892 3013 1945 solus
3054 1893 3155 1946 erit
3198 1891 3304 1946 illis
3347 1891 3549 1962 omnia,
3597 1890 3810 1961 quando

2219 1982 2333 2052 ipse
2365 1984 2520 2040 fuerit
2546 1985 2597 2039 in
2626 1985 2874 2040 omnibus
2903 1983 3106 2040 omnia.

2793 2121 3020 2180 CAPUT
3052 2121 3235 2176 XXVI.

2597 2237 2734 2301 Quid
2765 2238 2830 2290 sit
2853 2253 2948 2290 sua
2976 2238 3157 2301 cuique
3185 2236 3424 2290 tribuere.

2274 2348 2622 2418 .Quapropler
2649 2348 2693 2402 si
2727 2349 2777 2402 in
2826 2349 2924 2404 hac
2963 2349 3068 2402 vita
3110 2348 3370 2415 justitiam
3410 2363 3668 2402 conamur
3712 2347 3809 2400 iut-

2220 2442 2391 2510 plcre,
2424 2441 2576 2509 cujus
2613 2441 2832 2510 justitite
2875 2457 3007 2511 opus
3048 2453 3128 2495 ρει
3171 2443 3443 2512 proprium
3482 2457 3574 2496 sua
3623 2441 3811 2512 cuique

2219 2531 2476 2598 tribuere,
2505 2533 2612 2587 Deo
2637 2548 2753 2599 nos,
2787 2550 2818 2588 a
2848 2549 2952 2602 quo
2980 2549 3163 2590 sumus
3191 2532 3336 2596 facti,
3363 2531 3646 2587 reddamus
3676 2549 3686 2582 :
3713 2546 3810 2585 nec

2219 2625 2482 2681 dominari
2513 2626 2662 2682 nobis
2698 2642 2757 2680 ea
2790 2625 2978 2695 quibus
3027 2641 3212 2680 sumus
3245 2625 3556 2680 naturaliter
3609 2640 3814 2693 praepo-

2219 2719 2304 2772 siti
2339 2719 2729 2788 permittamus.
2775 2717 3087 2773 Dominetur
3131 2717 3269 2794 vitiis
3307 2718 3461 2779 ratio,
3499 2715 3813 2784 subjiciatur

2217 2827 2412 2882 corpus
2464 2813 2660 2880 animo,
2723 2812 2931 2865 animus
2993 2811 3119 2873 Deo,
3164 2822 3216 2866 et
3253 2810 3466 2882 impleta
3511 2821 3588 2862 est
3634 2817 3659 2842 υ
3713 2808 3812 2861 ho-

2217 2905 2377 2960 minis
2445 2913 2552 2958 tota
2595 2906 2867 2974 perfectio.
2939 2906 3014 2957 Ac
3080 2919 3173 2973 per
3216 2904 3336 2963 hoc,
3370 2911 3424 2957 et
3463 2917 3559 2954 nos
3596 2901 3814 2968 justitite

2217 2997 2341 3052 facti
2374 2997 2688 3065 participes,
2739 3012 2832 3050 sua
2881 2995 3072 3064 cuique
3119 2995 3418 3055 tribuimus,
3473 2994 3516 3046 si
3563 2992 3812 3047 inferiora

2217 3089 2546 3160 melioribus,
2581 3102 2630 3147 et
2668 3089 2957 3146 virtutibus
2994 3090 3225 3144 carnalia
3257 3089 3652 3143 oblectamenta
3686 3087 3811 3139 sult-

2144 3174 2194 3257 ε
2222 3185 2441 3251 damus;
2468 3193 2491 3220 ο
2517 3196 2568 3240 et
2599 3186 2735 3240 sicut
2771 3185 3002 3239 viventia
3047 3185 3150 3238 vita
3181 3184 3508 3248 carentibus,
3543 3180 3812 3236 sensibilia

2222 3281 2524 3336 viventibus
2553 3322 2567 3344 ,
2625 3278 3000 3336 intellectualia
3048 3277 3395 3331 sensibilibus
3427 3317 3441 3340 ,
3496 3274 3835 3328 immortalia.

2219 3373 2554 3436 mortalibus,
2584 3370 2950 3426 ratiocinando
3003 3369 3360 3438 ptmponimus
3389 3408 3402 3429 ,
3457 3367 3529 3420 ita
3580 3367 3712 3421 bene
3743 3364 3814 3417 ιι-

2219 3464 2393 3519 vendo
2423 3462 2753 3531 voluptuosis
2787 3461 2956 3524 utilia,
3000 3460 3218 3525 utilibus
3260 3459 3481 3514 honesta
3505 3499 3518 3522 ,
3577 3457 3811 3510 Ιιοιὶιιειιίδ

2219 3543 2422 3624 sancta,
2451 3568 2476 3605 P
2507 3556 2705 3611 sanctis
2733 3554 2967 3624 perfecta
2991 3553 3167 3608 omnia
3193 3553 3558 3623 praeferamus.
3587 3550 3810 3604 Verum-

2219 3659 2397 3704 tamen
2430 3663 2525 3702 nec
2555 3662 2749 3715 corpus
2789 3646 3021 3714 Spiritui,
3072 3659 3167 3699 nec
3217 3644 3484 3712 appetitus
3530 3642 3810 3709 obtempe-

2219 3738 2338 3796 rai‘e
2385 3743 2577 3809 poterit
2619 3740 2833 3802 rationi,
2881 3739 2977 3792 nisi
3029 3739 3188 3803 Deus,
3233 3737 3322 3807 qui
3365 3737 3532 3806 ipsum
3565 3734 3808 3804 spiritum

2219 3836 2418 3890 creavit
2448 3843 2502 3888 et
2525 3848 2740 3901 corpus,
2782 3832 3080 3886 delectatus
3132 3830 3538 3900 cogitationibus
3590 3827 3812 3888 nostris,

2219 3927 2582 3994 requiescatin
2613 3924 2787 3991 nobis,
2816 3939 2880 3979 ac
2899 3934 3146 3992 tanquam
3173 3938 3328 3977 verus
3353 3921 3580 3990 agricola
3604 3922 3650 3970 iu
3679 3934 3812 3988 agro

2218 4034 2337 4083 suo,
2368 4029 2394 4066 (ι
2424 4019 2583 4072 corde
2629 4026 2812 4071 nostro
2863 4016 3152 4083 proficiat:
3192 4026 3211 4051 τ
3265 4026 3320 4068 ιιι
3371 4012 3622 4082 quidquid
3667 4011 3716 4064 in
3754 4027 3820 4064 eo

2220 4112 2354 4166 fides
2400 4111 2624 4180 plantat,
2680 4109 2896 4164 devotio
2948 4109 3103 4178 rigat,
3152 4107 3262 4175 ipse
3308 4106 3369 4158 ad
3427 4107 3815 4158 iuetemcntum

2219 4211 2602 4258 consummata:
2648 4199 2973 4253 maturitatis
3023 4199 3288 4259 adducat;
3330 4207 3490 4264 atque
3551 4195 3620 4248 ita
3665 4195 3820 4246 nobis

2222 4297 2516 4352 voluntarie
2547 4295 2647 4349 sibi
2681 4294 2938 4364 Sulijectis
2972 4291 3243 4347 desideria
3278 4291 3415 4343 mala
3454 4290 3723 4358 subjiciat,
3762 4298 3816 4339 ut

2221 4409 2286 4447 ex
2321 4393 2448 4461 ipsis
2472 4390 2676 4446 actibus
2705 4388 2925 4453 nostris,
2975 4386 3065 4455 qui
3105 4385 3174 4438 sit
3218 4384 3489 4438 liﬂbilﬂl'll'
3531 4394 3734 4446 noster,
3770 4392 3818 4434 et

2222 4485 2375 4554 cujus
2409 4485 2460 4539 in
2494 4483 2651 4538 nobis
2689 4492 2707 4516 ⁸
2755 4482 2847 4534 fiat
2874 4471 3140 4544 voluntas,
3171 4486 3450 4546 appareat.

2309 4683 2322 4721 ¹
2364 4684 2458 4739 Ms.
2481 4686 2630 4739 Colh.
2663 4700 2820 4748 unus,
2853 4685 2973 4754 quia
2993 4683 3121 4736 nihil
3137 4691 3278 4737 est...
3311 4681 3480 4752 majus
3500 4692 3591 4754 aut
3616 4682 3816 4754 pictius,

2229 4767 2434 4827 prapter
2491 4756 2613 4822 quid
2668 4753 2935 4824 diligatur.
2989 4755 3138 4827 Colit.
3189 4754 3342 4816 alter,
3379 4753 3663 4827 etpLugd.
3697 4768 3816 4805 cum

2229 4823 2456 4892 Lovau.,
2516 4843 2612 4895 quo
2664 4823 2792 4879 nihil
2828 4838 2972 4880 est...
3001 4826 3166 4894 majus
3209 4835 3298 4877 aut
3338 4823 3543 4882 melius.
3607 4833 3816 4892 propter

2229 4901 2365 4969 quod
2389 4899 2654 4967 diligatur.
2683 4899 2775 4950 Ms.
2801 4898 2906 4950 duo
2950 4896 3106 4969 fteg._,
3139 4907 3345 4969 propter
3370 4895 3507 4969 quod
3558 4895 3812 4969 diligitur,

2232 4965 2438 5039 propter
2459 4965 2682 5036 seipsum
2712 4970 2931 5037 perfecte
2955 4967 3207 5039 diligitur.
3249 4965 3414 5039 Editi,
3453 4976 3659 5039 proptir
3693 4967 3817 5039 quid

2231 5036 2494 5110 diligitur;
2529 5040 2638 5103 alii,
2666 5036 2910 5109 diligatur
2933 5039 2956 5090 ἱ)
2988 5036 3210 5105 Propter
3237 5038 3456 5108 seipsum
3482 5037 3701 5106 perfecte
3732 5037 3816 5087 tli-

2231 5113 2427 5164 linitur.

2309 5131 2320 5162 t
2386 5131 2427 5164 r.

2273 5131 2668 5256 gnilfpls,_upns,
2699 5190 2905 5250 propter
2928 5181 3081 5256 ἱρδα.Δ
3255 5255 3261 5256 γ
3344 5250 3353 5256 _
3453 5248 3498 5256 ..
3725 5249 3734 5256 -

2303 5265 2328 5289 ι·
2359 5253 2455 5307 Ms.
2481 5248 2717 5307 Colbert‘.
2757 5248 2915 5316 unus,
2945 5248 3108 5305 atmiis
3144 5250 3405 5321 perfectio.
3438 5248 3606 5316 Alter,
3640 5258 3684 5300 et
3718 5249 3818 5298 im-

2233 5325 2370 5395 pleta
2399 5326 2492 5377 erit
2525 5324 2574 5375 in
2609 5322 2750 5376 nobis
2775 5332 2878 5395 tota
2905 5324 3170 5392 perfectio.

2305 5406 2327 5430 ί·
2350 5395 2474 5449 Mss.
2511 5403 2735 5462 quatuor
2762 5392 2938 5460 Colb.,
2973 5395 3202 5446 utsicut.

2301 5477 2325 5513 Ρ
2358 5467 2455 5519 Ms.
2497 5461 2645 5517 (iolb.
2699 5480 2854 5531 unus,
2901 5466 3090 5518 sanctis
3137 5473 3183 5517 et
3232 5463 3468 5533 perfectis
3511 5461 3821 5536 perfectiora

2226 5539 2443 5604 prwfm'a
2454 5555 2490 5586 :i.
2505 5553 2578 5587 iis.

2298 5602 2478 5660 ιιΜες.
2513 5615 2742 5673 septem,
2778 5607 2830 5660 in
2858 5623 2980 5676 agro
3008 5624 3098 5661 suo
3129 5606 3280 5660 corde
3305 5615 3498 5660 nostro.
3538 5602 3701 5667 Editi,
3745 5603 3822 5654 sic

2228 5677 2281 5728 in
2321 5678 2472 5729 corde
2509 5687 2700 5730 nostra.

2307 5757 2325 5782 τ
2364 5749 2484 5800 Mss.
2513 5761 2623 5810 sex,
2655 5757 2698 5800 cl
2729 5749 2989 5816 quidquid.

2305 5826 2324 5851 ⁸
2358 5819 2480 5873 Mss.
2514 5828 2640 5882 tres,
2675 5820 2738 5871 sit
2765 5819 3015 5875 voluntas.
3389 5835 3492 5869 -..«-'-
