4124 6350
190 314 198 321 ’
281 330 386 404 δοι)
1324 334 1412 390 ne
1456 331 1617 388 VITA
1656 330 2229 392 CONTEMPLATIVA
2270 331 2397 388 ue.
2442 331 2528 387 lll.
2808 308 2816 314 ’
3457 333 3561 396 sto

830 446 1052 531 etiam
1088 447 1296 502 xxvn.

283 556 435 623 Quod
464 559 715 631 actualem
747 563 899 616 vitam
944 572 1042 616 tres
1074 565 1294 628 virtutes,
1322 565 1375 617 id
1400 574 1472 618 est
1506 562 1864 631 temperantia,

350 629 613 697 fortitudo,
630 632 935 704 justitiaqne
961 645 1300 692 consumment
1323 653 1342 700 ;
1368 645 1414 690 et
1435 629 1728 699 prudentia,
1754 648 1868 702 qua:

351 709 422 752 est
452 711 635 768 quarta
654 703 826 771 virtus,
859 705 1010 758 menti
1037 707 1373 775 cognitionem
1404 722 1573 759 rerum
1603 704 1864 758 latentium

349 781 574 840 praestet.

354 903 448 960 llic
479 913 563 965 est
592 905 723 962 ordo
745 916 949 964 natura:
979 918 1138 980 atque
1158 909 1401 980 justitizn,
1435 927 1594 983 quem
1625 919 1648 947 ⁸
1675 910 1762 981 qui
1791 918 1866 964 te-

277 1015 406 1054 nere
431 1000 659 1058 voluerit
687 1013 740 1058 et
767 1005 1076 1072 observare,
1103 1007 1490 1076 perfectionem
1524 1009 1649 1064 vita:
1684 1016 1865 1064 actua-

277 1094 341 1148 lis
391 1096 648 1166 implebit.
700 1097 795 1156 Cui
834 1102 1028 1156 actuali
1054 1103 1176 1156 vitae
1209 1113 1317 1160 tres
1365 1105 1466 1159 illa:
1498 1104 1725 1159 virtutes
1768 1103 1862 1175 (de

275 1187 467 1256 quibus
489 1203 609 1259 quae
638 1189 861 1250 dicenda
894 1193 919 1232 δ
941 1193 1089 1263 jussa
1119 1206 1264 1263 sunt,
1300 1198 1411 1252 Deo
1440 1199 1698 1262 donante,
1723 1196 1856 1267 dixi)

275 1281 587 1350 proficiunt.
602 1285 874 1356 Siquidem
898 1295 1272 1362 temperantia,
1303 1301 1358 1348 et
1377 1294 1541 1348 artiori
1576 1291 1856 1354 fortitudo.

274 1383 434 1442 atque
459 1377 664 1444 justitia
691 1379 945 1449 spiritalis
974 1392 1057 1438 est
1075 1386 1238 1451 actio,
1266 1387 1382 1442 sine
1411 1403 1515 1457 qua
1541 1386 1670 1442 nihil
1693 1387 1867 1442 omni-

273 1479 345 1520 no
369 1465 505 1522 valet
533 1467 619 1524 illa
666 1485 788 1540 qua:
835 1473 902 1528 ad
941 1474 1279 1546 prudentiam
1332 1479 1544 1534 videtur
1585 1479 1856 1548 pertinere

274 1558 530 1626 cognitio.
551 1560 684 1627 Quia
713 1563 846 1620 nihil
877 1565 1032 1621 nobis
1060 1567 1300 1636 proderit
1328 1569 1596 1640 implenda
1634 1569 1854 1624 didicis-

273 1662 353 1714 se,
381 1650 481 1706 nisi
513 1666 575 1707 ea
605 1667 724 1722 qua:
752 1653 1059 1723 didicimus,
1088 1658 1402 1720 studeamus
1431 1663 1679 1730 iinp'ere.
1713 1661 1851 1731 Ergo

273 1739 355 1794 vis
390 1741 617 1810 canimi,
641 1757 761 1813 qua:
783 1744 836 1800 in
867 1748 1165 1818 appetitum
1197 1752 1573 1821 rationemque
1590 1750 1864 1816 dividitur,

1892 449 1943 506 Α
1973 447 2203 514 operati,
2236 445 2452 502 socialis
2483 445 2729 517 quadam
2764 446 2928 504 virtus
2960 440 3258 516 accipitur.
3301 459 3366 502 eo
3414 446 3555 516 quod

1973 539 2087 608 ipsa
2117 539 2388 593 beneficiis
2414 547 2436 571 ο
2467 555 2586 610 qua:
2615 541 2732 595 aliis
2759 551 2972 610 pra-stat
2999 548 3239 611 augetur.
3259 538 3390 608 Quis
3411 538 3554 592 enim

1973 647 2078 686 non
2103 646 2166 686 eo
2199 631 2313 702 ipso
2345 632 2574 701 prolicit,
2601 648 2704 702 quo
2735 634 2991 702 prolicere
3015 634 3174 688 alium
3205 633 3383 699 eripit?
3412 630 3544 697 Quis

1973 741 2079 779 non
2123 725 2523 782 misericordem
2556 727 2654 784 sibi
2702 727 2862 781 Deum
2918 727 3062 792 facit,
3114 727 3200 797 qui
3253 725 3557 780 misericors

1971 832 2093 887 erga
2124 817 2426 872 laborantes
2453 818 2531 873 vel
2557 827 2799 872 errantes
2828 819 3128 873 exstiterit?
3159 821 3260 871 Aut
3292 815 3556 886 quomodo

1971 925 2076 966 non
2105 909 2318 979 augebit
2341 911 2391 962 in
2419 925 2476 963 se
2503 911 2678 964 munia
2712 911 2846 964 bona
2868 921 3026 974 sua,P
3049 912 3138 979 qui
3164 927 3223 965 ea
3255 926 3356 964 non
3387 907 3555 963 solum

1972 1017 2077 1055 non
2107 1001 2303 1058 invidet
2337 1000 2676 1067 habentibus,
2724 1001 2816 1056 sed
2851 1002 3010 1058 etiam
3065 1018 3166 1056 non
3217 1001 3556 1057 habentibus.

1971 1097 2023 1150 in
2057 1107 2310 1165 quantum
2359 1105 2529 1164 potest
2561 1095 2814 1149 divinitus
2848 1096 3136 1163 inspiratus
3169 1095 3437 1164 impertit?
3482 1093 3555 1146 lix

1971 1198 2075 1258 qui:
2102 1188 2386 1243 videndum
2419 1201 2497 1240 ρει
2531 1197 2703 1242 utrum
2726 1187 2869 1254 juste
2893 1187 3087 1240 faciant
3111 1196 3135 1234 tt
3168 1184 3242 1238 illi
3276 1186 3360 1254 qni
3387 1201 3444 1237 se
3475 1201 3557 1237 re-

1973 1289 2250 1334 moventes
2281 1281 2348 1332 ab
2371 1277 2811 1348 occupationibus
2842 1278 3069 1343 cunctis,
3097 1291 3155 1329 ac
3183 1275 3373 1329 studiis
3397 1275 3560 1343 spiri-

1973 1374 2202 1428 tualibus
2251 1372 2558 1435 offerentes,
2611 1371 2739 1424 nihil
2803 1372 3048 1424 humana:
3101 1365 3344 1422 societati
3397 1367 3555 1436 proli-

1971 1467 2146 1529 ciunt;
2180 1473 2234 1520 et
2275 1464 2536 1524 desideria
2574 1479 2668 1518 sua
2701 1462 2996 1518 commodis
3035 1472 3055 1498 τ
3091 1460 3326 1516 omnium
3371 1459 3560 1530 praefe~

1971 1567 2172 1621 rentes,
2207 1559 2485 1611 utilitatem
2539 1572 2875 1611 connnuneni
2919 1555 3234 1610 desiderata:
3265 1553 3560 1608 vacationis

1973 1650 2240 1705 electione
2298 1656 2666 1716 contemnunt.
2717 1646 2849 1700 Cum
2901 1647 3136 1715 prochIo
3197 1645 3559 1700 labor-antibus

1974 1757 2130 1810 opem
2178 1741 2315 1796 ferre
2355 1740 2519 1804 nolle,
2548 1755 2688 1800 “cum
2730 1747 2748 1772 ε
2779 1738 2972 1808 possis,
3005 1746 3058 1793 et
3103 1737 3371 1794 communi
3423 1735 3561 1791 bono

274 1831 340 1886 ad
369 1834 754 1902 perfectionem
786 1836 942 1894 bona:
963 1840 1190 1896 actionis
1222 1842 1571 1912 implendam,
1601 1845 1862 1913 cognitio.
1897 1829 1946 1890 Β
1969 1835 2297 1906 posthabito,
2350 1835 2522 1890 otiosa
2571 1835 2750 1903 quiete
2800 1832 2904 1888 frui
2942 1833 2957 1867 ι
2992 1832 3149 1901 velle,
3185 1831 3316 1886 nihil
3365 1831 3557 1886 habeat

277 1935 513 1992 nemque
561 1940 739 1982 rerum
793 1927 1075 1985 latentium
1123 1933 1590 2004 consequendam,
1625 1935 1709 1989 his
1739 1951 1865 2004 qua-

279 2021 401 2068 tuor
430 2015 735 2082 virtutibus,
770 2018 911 2076 unde
951 2017 978 2056 ‘1
1018 2021 1178 2078 etiam
1211 2023 1324 2093 jam
1371 2023 1459 2078 diu
1490 2025 1862 2093 disseruimus,

272 2101 576 2176 adjuvetur.
615 2117 637 2144 ο
661 2109 896 2174 Quarum
928 2113 1120 2180 tribus,
1174 2116 1528 2185 temperantia
1551 2117 1776 2182 scilicet,
1813 2127 1867 2172 et

271 2192 436 2250 animi
485 2196 814 2265 fortitudine,
843 2210 1001 2274 atque
1034 2204 1239 2276 justitia
1279 2205 1601 2268 informatur
1633 2209 1746 2277 ipse
1771 2224 1856 2278 ap-

275 2287 474 2356 petitus
516 2297 571 2342 ut
601 2291 742 2344 actio
774 2292 900 2358 fiat;
935 2296 1215 2364 prudentia
1249 2313 1380 2354 vero
1423 2299 1708 2365 rationein,
1740 2316 1860 2370 qua:

269 2384 352 2432 est
398 2379 542 2434 acies
588 2382 806 2448 mentis,
838 2383 1103 2442 illuminat
1142 2397 1244 2444 :ut
1277 2401 1330 2443 et
1381 2392 1514 2445 ratio
1571 2392 1863 2460 appetitum

275 2465 294 2504 ί
317 2470 602 2554 gubernet,
621 2483 675 2528 ct
706 2476 897 2534 rationi
920 2480 1186 2547 appetitus
1213 2482 1570 2552 obtemperet.
1601 2483 1730 2538 Nam
1756 2485 1859 2538 vir-

270 2569 356 2615 tus
389 2563 563 2618 omnis
615 2565 775 2636 (sicut
822 2572 1094 2630 veteribus
1140 2574 1335 2646 placet)
1369 2576 1538 2630 tribus
1592 2579 1642 2629 in
1704 2577 1863 2632 rebus

269 2668 298 2706 ι
323 2656 434 2718 fere
461 2670 704 2722 versatur
723 2679 973 2734 :quarum
999 2683 1103 2722 una
1129 2680 1211 2725 est
1235 2670 1284 2723 in
1323 2671 1715 2741 perspic'eudo,
1737 2663 1862 2743 quid

267 2751 324 2818 in
357 2748 383 2787 ιι
412 2767 622 2824 quaque
655 2769 711 2812 rc
745 2771 951 2824 rerum,
983 2743 1362 2831 sincerumque
1407 2763 1520 2827 sit,
1553 2765 1692 2832 quod
1739 2781 1861 2832 pru-

269 2843 470 2907 dentia:
496 2862 689 2904 munus
719 2860 800 2904 est
831 2852 1128 2922 proprium,
1166 2851 1180 2890 ί
1210 2854 1278 2910 de
1307 2870 1414 2924 quo
1443 2856 1563 2912 loco
1591 2871 1692 2910 suo
1718 2857 1863 2912 vide-

267 2935 474 3005 bimus;
511 2939 700 3006 altera,
725 2955 843 3011 qua:
877 2943 1042 2998 animi
1073 2946 1413 3014 perturbatos
1442 2946 1685 3015 affectus,
1728 2963 1863 3018 quos

267 3026 441 3086 Graeci
472 3031 658 3088 dicunt
680 3037 816 3095 πάθη
853 3036 866 3085 i
910 3051 1124 3094 coercet
1176 3054 1238 3094 ac
1269 3049 1557 3112 temperat,
1583 3051 1642 3097 ut
1675 3057 1862 3100 omnes

266 3123 653 3191 appetitiones,
689 3142 822 3196 quas
862 3127 938 3182 illi
979 3128 1005 3166 ιι
1037 3130 1201 3206 ὁρμὰς
1247 3143 1462 3200 vocant,
1499 3135 1691 3190 rationi
1735 3136 1861 3191 obe-

1973 1929 2256 2000 mquitatis.
2288 1927 2383 1984 Cui
2412 1927 2648 1993 aequitati
2677 1927 2767 1996 qui
2807 1925 3072 1994 serviunt,
3099 1938 3289 1982 omnes
3318 1922 3556 1978 omnium

1973 2023 2115 2080 bono
2139 2023 2346 2086 vivunt,
2367 2030 2392 2056 ι
2414 2036 2476 2076 ac
2501 2021 2646 2075 velut
2671 2020 2772 2076 sibi
2797 2020 3021 2075 invicem
3043 2015 3174 2085 na'ti,
3200 2017 3422 2074 salutem
3449 2033 3562 2070 mu-

1973 2125 2116 2170 tuam
2141 2123 2356 2172 tuentur
2375 2128 2438 2168 ac
2462 2113 2712 2184 diligunt.
2737 2113 2812 2168 Ac
2830 2127 2924 2184 per
2948 2114 3070 2178 hoc,
3096 2122 3277 2166 contra
3299 2111 3559 2180 justitiam

1970 2207 2168 2262 faciunt
2208 2206 2260 2260 hi
2288 2205 2373 2276 qui
2410 2206 2604 2260 merito
2635 2220 2745 2259 sua:
2787 2203 3214 2262 conversationis
3261 2203 3343 2260 vel
3376 2201 3555 2258 erudi-

1972 2282 2131 2354 tio-nis
2160 2297 2338 2360 electi,
2371 2297 2601 2352 otiosum
2633 2295 2866 2352 studium
2902 2295 3186 2358 fructuosa:
3229 2294 3438 2348 utilitati
3471 2309 3554 2348 rt:-

1968 2389 2157 2458 genda:
2204 2387 2562 2444 multitudinis
2607 2397 2972 2458 anteponunt;
3020 2395 3076 2442 et
3117 2401 3236 2442 cum
3271 2395 3297 2422 '
3349 2385 3555 2456 possint

1971 2485 2236 2541 laboranti
2285 2483 2540 2540 Ecclesia:
2575 2483 2888 2550 subvenire,
2918 2497 3160 2551 operosa:
3206 2479 3555 2536 administra-

1971 2578 2129 2634 tionis
2158 2577 2416 2643 laborem,
2443 2577 2679 2634 fruendan
2701 2576 2893 2646 quietis
2921 2573 3381 2643 contemplatione
3409 2571 3552 2626 refu-

2007 2673 2016 2683 .

1969 2681 2139 2743 stunt.
3251 2723 3256 2730 ,

2038 2763 2092 2818 2.
2141 2763 2245 2820 Sed
2277 2763 2528 2834 quoniam
2561 2770 2687 2818 sunt
2715 2761 2867 2818 multi
2913 2763 3001 2832 qui
3034 2775 3094 2817 se
3131 2760 3360 2829 impares
3395 2767 3555 2812 tanta:

1967 2856 2192 2912 sarcina:
2241 2864 2458 2919 norunt,
2508 2855 2637 2910 tales
2681 2854 2823 2924 juste
2853 2868 2932 2922 se,
2967 2852 3128 2910 etiam
3174 2851 3413 2922 quaesiti,
3451 2867 3553 2904 non

1968 2947 2199 3002 offerunt
2243 2964 2252 2998 :
2295 2961 2362 3000 ne
2412 2945 2692 3003 videantur
2734 2960 2839 3002 non
2905 2943 3304 3002 ecclesiasticos
3348 2942 3555 2998 labores

1967 3039 2104 3094 velle
2134 3038 2429 3107 suscipere,
2462 3038 2555 3094 sed
2591 3038 2822 3093 honores
2859 3045 2883 3072 κ
2909 3036 3137 3102 ambire,
3171 3051 3289 3092 cum
3323 3035 3551 3105 dignitas

1968 3129 2326 3184 ecclesiastica
2360 3143 2457 3183 nec
2484 3129 2764 3184 ambiemla
2794 3128 2862 3182 sit
2901 3143 2997 3182 nec
3028 3127 3260 3182 vitanda.
3294 3127 3393 3195 Qui
3429 3143 3554 3182 vero

264 3211 478 3268 dientes
505 3215 729 3296 efficiat;
764 3220 914 3271 tertia
956 3229 1014 3274 ut
1051 3222 1134 3275 his
1164 3224 1355 3292 quibus
1391 3224 1403 3261 ¹
1441 3241 1852 3296 congregamur,
1891 3209 1938 3273 C
1970 3234 2199 3289 praeesse
2229 3228 2282 3274 et
2314 3219 2566 3288 prodesse
2594 3219 2802 3289 populis
2833 3228 3081 3288 possunt,
3129 3221 3170 3272 si
3203 3220 3412 3288 quaesiti
3448 3236 3550 3272 non

265 3304 350 3358 uti
384 3295 612 3359 velimus
643 3316 680 3342 ω
715 3307 779 3362 ad
814 3323 1000 3364 eorum
1032 3313 1219 3367 salutis
1260 3325 1311 3369 et
1345 3295 1844 3386 nostr-.eiplenitudi-

263 3407 390 3452 nem
438 3399 777 3486 capiendam.
811 3403 944 3470 Quae
976 3409 1153 3461 omnia
1211 3408 1275 3462 ad
1323 3409 1650 3480 reliquarum
1689 3412 1847 3466 trium

263 3491 525 3546 virtutum
555 3493 824 3563 pertinere
854 3498 1108 3556 videntur
1122 3499 1358 3556 officium
1383 3520 1394 3555 :
1427 3504 1621 3573 quibus
1651 3515 1850 3574 tempe-

264 3585 439 3638 rantia
490 3593 545 3640 et
593 3587 850 3643 fortitudo
903 3591 1188 3659 plurimum
1233 3596 1414 3652 valent
1457 3599 1510 3652 in
1545 3600 1860 3654 coercendis

263 3675 430 3729 Inimi
456 3679 952 3745 perturbationibus
982 3699 1042 3737 ac
1082 3685 1376 3755 frenandis,
1415 3697 1439 3723 η
1474 3705 1605 3757 quas
1653 3700 1860 3759 pertur-

264 3767 516 3826 bationes
548 3775 791 3830 nonnulli
834 3776 1130 3844 passiones,
1161 3780 1248 3834 alii
1273 3781 1620 3850 mgritudines
1642 3795 1856 3838 vocant.

266 3859 477 3925 Quibus
506 3865 842 3934 modificatis,
876 3879 931 3922 et
968 3870 1196 3939 quadam
1227 3876 1594 3942 temperantia:
1625 3891 1688 3932 ac
1717 3875 1863 3931 forti-

265 3952 474 4009 tudinis
507 3954 624 4026 lege
670 3959 1003 4028 compositis,
1050 3978 1239 4020 omnes
1287 3967 1512 4020 virtutes
1545 3967 1599 4020 in
1646 3969 1861 4023 homine

266 4058 371 4099 suo
392 4048 630 4102 creatori
646 4049 889 4119 subjecto
911 4053 1028 4108 sine
1056 4055 1180 4110 ullis
1206 4057 1457 4112 vitiorum
1485 4059 1860 4114 contradictio.

265 4138 427 4194 nibus
458 4151 704 4209 regnant.

808 4235 1033 4292 CAPUT
1094 4237 1328 4293 XXVIII.

268 4322 348 4380 De
387 4325 824 4403 socialisirtute;
855 4336 905 4403 _ct
931 4330 1067 4394 quod
1095 4345 1197 4383 non
1227 4341 1359 4403 recte
1382 4332 1573 4401 faciant
1594 4335 1701 4403 qui,
1747 4351 1862 4387 cum

449 4399 665 4467 possint,
694 4397 822 4452 nihil
845 4399 1081 4454 Immone:
1117 4402 1346 4456 societati
1382 4397 1678 4472 proﬁciunt.

343 4513 399 4566 1.
427 4510 640 4568 Iustitia
685 4527 814 4569 vero
852 4528 955 4584 qua
989 4515 1124 4570 fiunt
1161 4515 1312 4585 justi,
1361 4518 1451 4600 qui
1504 4535 1620 4573 eam
1667 4521 1863 4576 fuerint

343 4704 371 4731 “
400 4693 500 4749 Ms.
532 4709 692 4762 unus,
722 4696 763 4748 si
789 4697 920 4763 quis.

340 4763 370 4802 1³
406 4766 530 4820 Mss.
567 4781 776 4832 omnes,
807 4766 917 4820 visa
960 4775 1098 4820 sunt.
1149 4765 1297 4821 Unus
1327 4783 1389 4818 ex
1425 4767 1502 4819 his
1563 4777 1731 4821 totum
1783 4767 1859 4821 sic

268 4835 514 4892 exhibet.
545 4836 672 4891 Cum
702 4836 954 4891 actualth
980 4838 1131 4891 vitam
1155 4847 1254 4892 tres
1280 4837 1313 4890 il
1323 4839 1384 4890 liv
1404 4839 1682 4892 virtutes...
1707 4841 1856 4908 per/i-

270 4918 437 4960 cumt.
993 4944 995 4946 -

349 4989 371 5012 “-
405 4978 527 5031 Mss.
556 4978 683 5039 duo,
715 4979 786 5031 vis
817 4979 1020 5032 animle.

347 5048 372 5085 δ
413 5050 536 5103 Mss.
581 5065 788 5109 omnes,
821 5051 954 5101 unde
977 5065 1090 5102 ecce
1113 5051 1225 5118 jam
1256 5051 1362 5102 (lin.

350 5129 373 5156 ο
405 5120 528 5173 Mss.
561 5130 686 5172 tres.
726 5119 916 5183 Quibus
950 5121 1128 5172 tribus.
1182 5131 1186 5134 '

353 5189 370 5225 ί
409 5190 502 5243 Ms.
531 5206 689 5255 unus,
711 5191 875 5259 juret.
904 5191 1027 5243 Hice
1057 5192 1240 5255 verba,
1271 5199 1320 5242 nt
1350 5206 1394 5244 et
1421 5193 1573 5255 ratio,
1605 5199 1737 5256 etc.,
1769 5191 1859 5244 de-

274 5269 403 5314 sunt
431 5261 485 5314 in
513 5276 614 5314 ms.
648 5275 775 5320 uno.

351 5342 375 5376 κ
412 5331 573 5394 Editi,
605 5347 732 5383 vere.
758 5329 881 5383 Mss.
917 5345 1032 5394 sex,
1063 5333 1186 5401 fere.

349 5401 374 5472 II
411 5401 538 5455 Mss.
567 5413 693 5464 tres,
726 5401 775 5452 in
797 5417 993 5469 quoque
1021 5399 1092 5455 re.
1140 5401 1304 5469 Unus,
1337 5405 1388 5454 in
1437 5399 1740 5472 unaquaque
1786 5417 1858 5453 re.

275 5471 448 5532 Editi,
480 5472 529 5524 in
552 5489 651 5539 qua
685 5487 757 5524 re.

356 5555 367 5614 ξ
410 5544 508 5596 Ms.
545 5557 678 5595 unus
699 5551 750 5596 et
780 5542 943 5611 Lugd.
978 5559 1097 5596 cum
1127 5543 1355 5609 Lovan.,
1384 5545 1446 5596 de
1461 5560 1577 5612 qua.
1647 5603 1678 5614 υ

352 5613 368 5683 i
409 5615 504 5666 Ms.
533 5628 688 5673 unus,
736 5605 912 5665 vorant
940 5615 1090 5670 πάθην
1139 5617 1306 5679 Alter,
1341 5605 1517 5668 dicunt
1551 5605 1750 5683 patft'os.

352 5682 374 5719 ¹ι
409 5683 504 5736 Ms.
543 5697 696 5745 unus,
728 5699 892 5736 armas
919 5686 1109 5737 dicunt.

355 5752 368 5790 ¹
403 5754 501 5806 Ms.
526 5768 691 5819 unus,
723 5755 1093 5823 congredimur.

351 5833 387 5859 ιιι
415 5823 512 5878 Ms.
547 5837 700 5886 unus,
737 5824 800 5874 ad
841 5840 1010 5876 eorum
1056 5827 1269 5880 salutem
1311 5837 1483 5881 nostra
1520 5827 1856 5894 plenitudine.

1967 3311 2183 3377 fuerint,
2213 3312 2355 3380 juste
2401 3311 2606 3380 seipsos
2642 3311 3000 3380 percipienda:
3040 3311 3314 3380 sapientia:
3363 3311 3552 3362 studiis

1968 3407 2200 3462 tradunt.
2235 3406 2609 3460 Verumtamen
2640 3403 2683 3457 si
2711 3414 2764 3458 et
2801 3404 2874 3457 illi
2900 3403 2989 3472 qui
3021 3403 3182 3458 lucris
3215 3418 3306 3469 per
3337 3417 3393 3456 se
3426 3416 3547 3470 pro-

1968 3499 2254 3554 ficicntium
2281 3505 2560 3559 crescunt,
2597 3505 2648 3550 et
2695 3496 2778 3549 isti
2827 3496 2913 3563 qui
2961 3495 3098 3549 inse
3129 3494 3256 3563 ipsis
3299 3495 3395 3546 sub
3443 3493 3549 3548 Deo

1966 3604 2064 3652 suo
2113 3587 2389 3658 sapientia:
2439 3585 2696 3654 Spiritalis
2745 3585 3088 3654 perceptione
3138 3585 3447 3653 proliriunt,
3501 3584 3552 3643 in

1969 3680 2243 3750 proposito
2269 3692 2366 3734 suo
2396 3687 2773 3746 permaneant;
2810 3677 3088 3733 itineribus
3132 3677 3342 3747 quidem
3375 3676 3545 3731 diver-

1967 3776 2039 3828 sis
2067 3773 2338 3839 incedunt,
2367 3770 2460 3826 sed
2509 3770 2573 3826 ad
2611 3785 2767 3843 unam
2819 3771 3043 3840 patriam
3099 3770 3340 3833 tendunt,
3387 3779 3437 3823 et
3486 3769 3551 3822 ad

1970 3882 2130 3921 unum
2162 3878 2380 3933 regnum
2408 3861 2709 3930 disparibus
2739 3872 2765 3910 γ
2796 3863 3083 3916 militantes
3111 3862 3318 3927 officiis,
3345 3861 3553 3915 (lhristo

1969 3958 2112 4026 [lege
2141 3955 2376 4011 omnium
2407 3964 2651 4022 vocante,
2683 3954 3018 4022 perveniunt.
3053 3953 3179 4020 Quis
3207 3955 3347 4008 enim
3382 3955 3553 4006 nescit

1969 4049 2106 4118 quod
2138 4048 2274 4102 sicut
2305 4056 2324 4080 κ
2355 4037 2522 4100 Otiuin
2556 4045 2851 4100 studiosum
2883 4045 3205 4098 ineffabilem
3239 4045 3550 4098 suavitatem

1970 4144 2245 4213 sapientiae
2275 4141 2513 4195 cmlestis
2569 4138 2796 4192 infundit
2837 4155 2865 4191 a
2897 4138 3197 4191 carnalibus
3242 4137 3447 4196 OlitlStt;
3482 4137 3551 4188 ita

1969 4237 2224 4308 spiritalis
2265 4233 2544 4302 occupatio
2592 4232 2832 4285 laborum
2884 4241 3187 4284 sanctorum
3236 4227 3551 4294 multiplices

1972 4344 2026 4372 ιο
2052 4333 2238 4387 afferat
2262 4331 2462 4383 fructus
2489 4327 2736 4380 humana:
2759 4324 3027 4380 societatis
3058 4321 3372 4378 utilitatibus
3400 4333 3552 4374 occun

1971 4433 2093 4496 pato
2110 4426 2130 4475 ?
2164 4421 2217 4475 In
2259 4420 2387 4490 ipsis
2433 4433 2642 4488 quoque
2701 4415 2889 4470 studiis
2935 4415 3260 4484 spiritalibus
3294 4422 3549 4482 quantum

1973 4519 2179 4577 nossint
2225 4511 2574 4570 ecclesiastici
2605 4509 2701 4563 viri
2749 4508 3030 4578 prolicere,
3081 4508 3195 4576 quis
3232 4506 3554 4560 sufficienter

1893 4697 1937 4755 D
1967 4693 2134 4754 Alius,
2163 4687 2231 4742 ad
2255 4703 2426 4741 eornnt
2449 4686 2658 4748 salutes,
2684 4691 2728 4736 et
2762 4692 2995 4755 nostram
3021 4680 3405 4755 plenitudinem.

2041 4773 2065 4798 "
2104 4749 2198 4816 Ms.
2231 4759 2384 4814 Coll».
2417 4771 2572 4819 unus,
2601 4770 2726 4824 quas
2758 4752 2996 4824 nonnulli
3027 4752 3308 4824 passiones,
3354 4749 3548 4803 omissa

1970 4815 2112 4890 voce
2133 4834 2250 4894 hac,
2283 4815 2704 4900 perturbationes,
2734 4839 2851 4900 qua:
2879 4815 3071 4900 legitur
3098 4815 3148 4874 in
3174 4820 3312 4874 aliis.

2041 4916 2063 4939 ο
2110 4905 2206 4957 Ms.
2240 4891 2404 4961 unus,
2439 4902 2705 4965 augeatur.
2750 4891 2878 4947 Mss.
2922 4891 3047 4959 duo,
3095 4906 3203 4962 τινα
3254 4893 3400 4944 modo
3437 4891 3552 4943 alia

1976 4983 2182 5042 pra’stat
2208 4971 2275 5022 ad
2274 4969 2534 5042 jungitur.

2042 5056 2068 5095 ρ
2109 5043 2206 5106 Ms.
2239 5037 2396 5103 unus,
2419 5053 2531 5108 quo:
2559 5053 2657 5090 non
2685 5037 2872 5092 solum.

2044 5130 2070 5167 (ι
2110 5113 2234 5168 Mss.
2268 5111 2392 5176 duo,
2424 5109 2586 5177 'aliqni
2615 5125 2668 5162 se
2697 5115 3024 5162 removentes.

2047 5197 2067 5222 τ
2102 5184 2197 5239 Ms.
2235 5195 2391 5246 unus,
2425 5179 2700 5233 commodis
2730 5181 2978 5234 omnibus.

2043 5265 2064 5289 ⁸
2095 5254 2189 5327 Ms.
2218 5267 2374 5316 unus,
2408 5249 2584 5327 possit.
2606 5249 2780 5327 _Alia_s,
2816 5267 2904 5318 pos
2933 5251 3025 5302 int.

2045 5328 2062 5362 ί
2097 5325 2253 5379 Deest
2277 5337 2370 5376 vox
2401 5319 2570 5374 velle'a
2605 5319 2770 5386 Lugd.

2045 5406 2070 5432 ιι
2103 5395 2206 5450 Ms.
2234 5408 2387 5456 unus,
2422 5392 2472 5444 in
2503 5393 2598 5446 huc
2629 5390 2776 5444 velut.

2045 5478 2071 5504 ν
2102 5466 2196 5519 Ms.
2231 5477 2383 5522 unus,
2415 5477 2527 5514 cum
2549 5471 2770 5532 possent.

2049 5548 2070 5573 ι
2105 5537 2198 5592 Ms.
2234 5546 2389 5597 unus,
2422 5533 2510 5586 sed
2535 5531 2599 5585 ad
2623 5531 2857 5584 honores.

2043 5618 2070 5656 Υ
2103 5608 2200 5662 Ms.
2233 5619 2388 5669 unus,
2423 5603 2768 5656 militantium.

2049 5689 2067 5713 '-
2112 5679 2183 5731 Ita
2206 5692 2333 5728 mss.
2360 5666 2577 5735 Omnes;
2609 5679 2663 5724 at
2693 5668 2841 5730 editi,
2875 5667 3090 5720 otiosum
3119 5666 3341 5719 studium

2046 5759 2102 5786 ⁸η
2133 5749 2256 5804 Mss.
2286 5746 2411 5812 duo,
2444 5743 2626 5809 alim;
2656 5748 2898 5809 quatuor,
2927 5735 3122 5802 a/7'erct.

2094 5930 2192 5955 Vsa,-
2203 5943 2234 5954 ι.
2253 5943 2262 5951 .

3679 560 3710 588 ο
