4124 6350
500 350 594 411 5H

1846 336 2107 399 JULIANI
2149 334 2428 391 POMERII

3688 334 3794 393 512

500 478 774 527 enumeret
809 486 820 522 :
854 483 975 523 cum
1007 477 1059 522 et
1091 466 1369 520 inferiores
1409 460 1672 525 docendo,
1699 459 1908 528 scipsos
1935 471 2089 511 exer-
2118 456 2170 511 Δ
2200 453 2396 523 ignaris
2424 469 2630 515 earum,
2681 453 2959 509 modestiae
2989 451 3214 524 aliquid.
3258 466 3347 508 aut
3395 456 3793 523 tranquillitatis

500 573 680 631 ceam,
728 572 781 618 et
821 559 1148 617 conferendo
1194 572 1315 613 cum
1357 554 1637 625 arqualiter
1674 539 1922 614 erud-itis,
1965 564 2092 605 cau-

501 657 667 713 tiores
698 657 747 709 in
775 656 1013 725 pluribus
1040 652 1201 717 ﬁant;
1225 660 1279 707 et
1302 650 1369 705 ab
1386 649 1772 704 eruditioribus
1794 644 2087 709 audiendo,

502 748 646 805 male
676 748 778 802 sibi
809 760 1062 815 persuasa
1094 745 1388 813 deponant,
1420 749 1567 797 recta
1614 740 1821 796 ﬁrmius
1852 748 2089 802 teneant,

502 842 711 897 occulta
759 848 1105 910 cognoscant,
1158 848 1213 894 et
1247 837 1639 894 conﬁrmentur
1670 834 1723 888 in
1756 833 1835 888 eis
1864 848 2091 902 quorum

502 941 528 970 ι
556 931 734 987 dubiis
757 931 1118 987 ﬂuctuabant?
1140 930 1245 986 Sed
1278 928 1531 999 quoniam
1558 925 1936 995 disputationis
1962 923 2096 980 ordo

502 1024 746 1096 deposcit
773 1034 833 1080 ut
860 1026 1019 1081 etiam
1042 1024 1111 1081 de
1132 1022 1439 1094 prudentia,
1458 1036 1576 1092 quae
1597 1018 2096 1090 principalisvirtus

503 1130 692 1189 quarta
723 1120 965 1188 ponitur,
1004 1132 1166 1188 pauca
1195 1117 1459 1183 dicamus,
1501 1114 1570 1171 de
1600 1112 1803 1169 iustitia
1833 1111 2097 1167 sufﬁciant

507 1210 609 1266 ista
640 1225 759 1280 qua:
790 1209 1039 1265 diximus.

1076 1298 1307 1355 CAPUT
1344 1298 1534 1354 XXIX.

513 1414 663 1481 Quod
716 1416 779 1468 de
826 1415 1111 1484 prudentia:
1156 1431 1219 1466 ac
1265 1413 1529 1483 sapientiae
1581 1415 1719 1479 fonte
1762 1414 2099 1483 cognitionem

584 1487 810 1540 omnium
840 1501 1009 1539 rerum
1031 1484 1221 1552 bibant,
1254 1487 1340 1555 qui
1368 1484 1710 1555 percipienda:
1737 1484 1963 1537 scientia:
1996 1485 2102 1551 {er-

583 1566 759 1611 venter
783 1556 1075 1627 invigilant.

585 1668 637 1735 1.
680 1669 1025 1725 Prudentiam
1072 1678 1126 1723 et
1172 1669 1487 1739 sapientiam
1520 1668 1761 1739 plerique
1788 1668 1841 1722 in
1882 1666 2100 1736 indaga-

519 1763 663 1817 tione
693 1760 827 1825 veri,
852 1771 907 1817 et
934 1761 1239 1816 inventione
1264 1760 1614 1815 constituunt.
1648 1757 1823 1813 Credo
1848 1766 2101 1827 pr0pter-

2196 549 2501 614 excutiant;
2534 549 2671 603 inter
2704 549 2938 604 fallentia
2981 557 3033 604 et
3063 550 3230 604 solida
3282 551 3416 604 bona
3449 550 3791 618 discernant;

2198 641 2328 697 nihil
2375 644 2426 695 in
2452 642 2554 696 hoc
2582 642 2783 697 mundo
2814 657 2941 696 casu
2975 650 3063 696 aut
3085 643 3299 713 injuste,
3326 644 3418 697 sed
3451 646 3650 713 omnia,
3683 645 3794 700 Deo

2197 734 2453 791 volente1
2486 752 2547 791 ac
2574 739 2938 807 permittente,
2994 738 3105 792 ﬁeri
3155 738 3451 807 prudenter
3493 739 3790 809 accipiant;

2198 829 2352 885 aliter
2376 829 2733 899 intelligentes
2755 839 2847 883 aut
2868 830 3088 885 doceant
3114 831 3405 900 sapienter,
3423 842 3512 885 aut
3534 840 3792 901 arguant;

2199 919 2412 975 dolores
2436 922 2614 977 varios
2639 936 2699 976 ac
2723 922 2963 977 diversas
2988 922 3328 976 inﬁrmitates
3351 938 3470 990 qua:
3494 923 3798 976 mortaliter

2198 1011 2440 1067 viventes
2488 1012 2749 1082 afﬂigunt,
2785 1029 2889 1067 non
2930 1028 3145 1082 semper
3178 1013 3409 1082 peccatis
3442 1014 3798 1081 praecedenti-

2201 1106 2299 1161 bus
2329 1106 2514 1175 sequi;
2548 1108 2640 1162 sed
2676 1102 2988 1177 plerumque
3018 1124 3083 1162 ex
3117 1108 3231 1176 ipsa
3260 1106 3568 1162 conditione
3596 1117 3796 1161 morta-

2202 1201 2368 1255 litatis
2410 1210 2450 1237 ω
2501 1201 2744 1257 accidere
2788 1202 3213 1271 corruptibiliter
3260 1202 3400 1255 natis
3456 1201 3795 1270 intelligant;

2201 1304 2256 1350 et
2283 1302 2311 1331 ιι
2342 1296 2572 1351 scientes
2597 1310 2656 1351 se
2687 1312 2789 1350 non
2824 1296 3065 1350 damnari
3094 1295 3336 1351 adversis
3358 1304 3383 1331 ο
3419 1295 3796 1365 praesentibus,

2202 1388 2296 1443 sed
2329 1388 2564 1458 probari,
2589 1404 2654 1444 ex
2685 1390 2797 1457 ipsa
2823 1389 3102 1443 tolerantia
3127 1388 3433 1459 passionum
3460 1390 3798 1443 occasionem

2202 1480 2576 1549 comparandae
2599 1480 2697 1535 sibi
2729 1481 2999 1549 patientia;
3020 1470 3243 1549 viriliter
3268 1489 3487 1551 agentes
3510 1479 3797 1547 arripiant;

2204 1587 2303 1628 nec
2331 1574 2430 1642 ipsi
2460 1574 2579 1628 aliis
2627 1582 2874 1641 noceant,
2910 1589 3007 1628 nec
3035 1574 3134 1627 sibi
3171 1584 3198 1623 ι)
3228 1587 3425 1627 nocere
3467 1574 3800 1642 permittant.

2278 1666 2332 1719 ὅ.
2374 1665 2532 1719 Tales
2580 1667 2833 1721 Dominus
2882 1666 2935 1719 itt
2988 1664 3280 1736 Evangelio
3324 1666 3438 1719 ﬁeri
3466 1676 3491 1713 (ι
3527 1667 3800 1734 ιτωοθρίι,

2209 1758 2396 1813 dicens
2429 1776 2441 1809 :
2481 1758 2657 1812 Estote
2688 1760 2961 1826 prudentes
3002 1759 3133 1811 sicut
3161 1766 3440 1827 serpentes,
3472 1764 3519 1809 et
3550 1758 3801 1825 simplices

514 1868 576 1909 ea
629 1852 769 1922 quod
806 1867 907 1907 nec
934 1853 1147 1922 sapiens
1174 1850 1201 1889 ι’
1233 1852 1334 1907 rite
1362 1851 1466 1906 dici
1497 1852 1683 1921 possit,
1717 1850 1801 1905 cui
1831 1860 1853 1888 ο
1879 1850 2109 1920 prudeu-
2138 1830 2189 1892 Β
2215 1850 2345 1904 sicut
2372 1850 2621 1904 columine
2649 1849 2864 1921 (Matth.
2894 1866 2948 1915 π,
2980 1852 3106 1919 16);
3136 1851 3257 1919 quia
3290 1864 3386 1903 nec
3406 1849 3677 1917 simplices
3700 1848 3805 1903 cir-

514 1947 618 2010 tia;
653 1960 749 2000 nec
777 1944 1029 2015 prudens,
1064 1946 1146 1999 cui
1188 1944 1453 2014 sapientia
1496 1944 1654 1999 desit.
1688 1943 2031 2013 Quapropter
2061 1942 2107 1997 si

516 2035 649 2090 nihil
677 2034 815 2089 aliud
850 2036 1145 2105 prudentiae
1173 2050 1235 2090 ac
1282 2034 1560 2103 sapientim
1592 2049 1783 2089 munus
1826 2034 2104 2104 accipitur.

519 2127 621 2182 nisi
652 2128 921 2197 inquisitio
964 2135 1021 2182 et
1045 2126 1459 2197 comprehensio
1485 2125 1755 2190 veritatis;
1802 2126 1889 2195 qui
1917 2126 2110 2181 verita-

517 2226 624 2273 tem
658 2218 949 2287 prudenter
974 2232 1239 2287 quaerere,
1272 2226 1326 2271 ct
1376 2216 1649 2286 sapienter
1695 2217 1933 2272 invenire
1961 2214 1989 2254 ἀ
2017 2234 2110 2286 pu-

520 2311 700 2374 tuerit,
750 2311 794 2365 is
835 2310 1090 2381 prudens,
1144 2311 1188 2363 is
1230 2308 1447 2379 sapiens
1488 2309 1609 2377 jure
1654 2309 1950 2364 vocabitur.
1998 2310 2111 2366 Hoc

520 2400 721 2456 idcirco
747 2402 1119 2471 praemiserim,
1154 2411 1211 2455 ut
1243 2400 1499 2470 quidqttid
1540 2400 1607 2454 de
1638 2400 1917 2467 prudentia
1954 2400 2113 2455 fuerit

442 2498 452 2503 “
520 2494 866 2564 disputatum,
892 2494 943 2548 id
968 2503 1135 2549 totum
1166 2493 1326 2549 etiam
1349 2492 1417 2547 de
1440 2492 1699 2562 sapientia
1721 2492 1919 2546 dictum
1944 2492 2113 2561 possit

524 2589 767 2659 intelligi.
798 2590 933 2658 Quia
955 2590 1024 2644 ita
1052 2590 1152 2645 sibi
1181 2590 1263 2643 hac
1284 2589 1404 2643 dum
1432 2589 1661 2643 virtutes
1685 2588 1966 2657 implicatae
1987 2596 2113 2643 sunt

523 2689 575 2735 et
601 2682 780 2747 unitas,
809 2691 831 2718 ε
861 2691 916 2737 et
943 2683 1011 2735 ita
1038 2681 1291 2751 qurelibet
1321 2696 1504 2735 earum
1533 2680 1653 2735 siue
1685 2681 1855 2735 altera
1890 2696 1999 2735 non
2020 2695 2114 2749 p0-

524 2782 627 2830 test
657 2790 805 2840 esse;
830 2783 886 2829 ut
908 2790 1007 2829 nec
1028 2774 1341 2843 imprudens
1366 2772 1385 2812 ί
1414 2773 1697 2842 sapientia,
1729 2788 1827 2828 nec
1854 2774 2113 2843 insipiens

526 2867 696 2934 possit
722 2866 827 2920 dici
856 2866 1159 2935 prudentia.
1182 2865 1238 2920 Si
1266 2879 1395 2934 ergo
1427 2873 1535 2919 tota
1567 2865 1812 2919 humana:
1844 2866 1966 2918 vitae
1994 2880 2113 2934 per-

526 2958 687 3014 fectio
717 2958 769 3013 in
799 2958 1009 3013 actiOne
1039 2965 1093 3011 et
1137 2956 1441 3026 cognitione
1468 2957 1714 3011 consistit
1748 2972 1761 3009 :
1792 2956 1929 3011 sicut
1954 2966 1977 3003 Β
2009 2957 2114 3010 int-

528 3050 661 3120 pleri
690 3050 951 3105 actionem
999 3050 1388 3118 temperantia},
1416 3062 1479 3103 ac
1509 3046 1855 3114 fortitudinis,
1894 3049 2117 3119 justitia:

528 3142 985 3198 consummatione
1014 3142 1388 3212 probavimus;
1423 3142 1494 3196 ita
1541 3142 1898 3211 cognitionem
1934 3158 2109 3197 rerum

528 3242 809 3310 provenire
837 3242 1219 3295 consecutionc
1252 3239 1545 3309 prudentiae
1567 3242 2000 3309 comprobemus.

598 3332 655 3386 2.
694 3332 940 3402 Cognitio
972 3348 1151 3386 rerum
1183 3347 1301 3401 qua:
1331 3332 1399 3386 de
1429 3332 1729 3401 prudentim
1752 3330 1779 3369 ιι
1810 3348 1872 3388 ac
1899 3335 2113 3403 sapien-

529 3423 617 3476 tiae
648 3424 886 3493 procedit
931 3424 1096 3493 fonte,
1138 3422 1456 3492 ispiritales
1500 3438 1687 3478 omnes
1734 3441 1760 3476 a
1808 3426 2113 3481 carnalibus

530 3512 671 3568 vitiis
698 3514 966 3569 tlelecatos
996 3513 1257 3579 illustrat;
1290 3523 1345 3568 et
1370 3514 1437 3567 ab
1464 3515 1610 3569 omni
1636 3516 1993 3573 delectatione
2015 3536 2113 3575 no-

531 3605 631 3662 xiaa
683 3607 1006 3662 euriositatis
1051 3621 1309 3673 aversos,
1367 3606 1632 3661 desiderio
1688 3611 2113 3680 contemplanda:

534 3699 548 3748 i
586 3699 795 3753 virtutis
820 3699 1159 3752 inﬂammat:
1193 3706 1251 3751 ut
1295 3698 1644 3752 humanarum
1695 3716 1871 3755 rerum
1914 3704 2117 3769 divina-

533 3803 759 3858 rumque
781 3790 1058 3843 scientiam
1089 3790 1389 3853 consecuti,
1429 3789 1717 3854 prudentes
1759 3807 1821 3847 ac
1849 3795 2118 3863 sapientes

536 3878 794 3934 veraciter
825 3879 973 3945 ﬁant,
1005 3880 1328 3949 prospiciant
1351 3880 1681 3935 imminentia
1709 3884 1844 3937 mala
1880 3887 2033 3939 simul
2065 3895 2118 3942 et

536 3980 777 4039 caveant,
812 3985 910 4025 nec
942 3979 1127 4040 putent
1164 3971 1268 4025 ulla
1298 3986 1417 4026 esse
1447 3974 1603 4037 mala,
1628 3974 1743 4041 pisi
1773 3990 1831 4029 ea
1860 3993 1976 4045 qum
2009 3994 2118 4031 ma-

535 4059 666 4117 loall
698 4062 961 4129 efﬁciant;
1008 4076 1105 4119 nec
1154 4064 1232 4119 eis
1301 4062 1423 4120 ullzc
1474 4066 1925 4135 perturbationes,
1976 4071 2096 4126 velu

608 4356 633 4421 fl
661 4349 789 4405 Mss.
819 4359 1070 4421 quatuor.
1107 4353 1266 4406 dubii.

608 4418 634 4456 ιι
664 4420 788 4474 Mss.
822 4418 948 4485 tres,
981 4433 1134 4477 recte.

541 4563 573 4616 ά
614 4500 637 4527 ο
663 4490 798 4594 'Mss.
840 4500 1087 4563 quatuor,
1138 4494 1308 4558 deest,
1362 4510 1452 4547 nec
1496 4494 1717 4565 prudens
1762 4496 1843 4549 cui
1871 4497 2121 4567 sapientia

576 4576 698 4615 ees..

576 4576 698 4615 8881.

542 4711 559 4755 ι
610 4628 794 4753 (ξιΜεε.
823 4642 1069 4701 quatuor,
1098 4634 1342 4705 potuerit.
1378 4633 1520 4689 Etliti
1560 4650 1679 4690 cum
1720 4636 1837 4690 aliis
1870 4652 1998 4691 mss.
2030 4654 2119 4707 po-

562 4716 634 4755 ενι
663 4741 676 4755 .

562 4716 657 4755 ενι(
663 4741 676 4755 .

615 4781 637 4808 ε
667 4772 964 4846 Mss.tres,
994 4783 1048 4828 ut
1075 4776 1148 4829 ita
1174 4776 1477 4846 quwlibet...
1510 4792 1611 4829 non
1654 4777 1831 4843 possit.
1871 4777 2033 4846 Editi,
2068 4787 2121 4831 ut
2150 4763 2202 4825 Ι)

542 4858 646 4896 una
674 4844 905 4909 qua'libet
925 4861 1099 4898 earum
1129 4844 1238 4900 sine
1258 4847 1423 4900 altera
1454 4863 1553 4899 non
1578 4848 1733 4911 possit
1759 4865 1882 4902 esse.

547 4985 582 5037 ά
618 4912 637 4951 ί
674 4914 804 4969 Mss.
835 4925 962 4983 tres,
1002 4918 1224 4986 sapiens,
1265 4935 1354 4972 nec
1388 4918 1632 4987 insipiens
1667 4919 1822 4987 possit
1860 4919 1963 4971 dici
2001 4936 2123 4989 pru-

586 5001 691 5037 ens.

586 5001 691 5039 ens.

588 5064 641 5121 ,8
683 5056 756 5110 Ita
787 5072 915 5112 mss.
940 5055 1125 5112 Camb.
1165 5060 1293 5128 lteg.
1319 5060 1443 5123 duo,
1478 5069 1529 5114 et
1567 5060 1719 5113 Colb.
1770 5076 1924 5114 unus.
1967 5058 2121 5114 Coll).

544 5127 695 5190 alter,
730 5128 858 5181 sicut
897 5129 1098 5195 impleri
1127 5127 1371 5184 actionem
1403 5132 1768 5199 temperantur,
1806 5133 2123 5200 (ortitudinis

544 5206 692 5270 atque
705 5200 922 5270 justitia:
948 5202 1393 5255 consummatione.
1420 5201 1515 5254 Ms.
1546 5202 1678 5256 alter
1704 5219 1766 5256 ex
1796 5203 1969 5267 Colh.,
1994 5204 2122 5257 sicut

541 5268 595 5342 in
620 5268 871 5342 plerisque
891 5272 1136 5323 actionem
1166 5275 1507 5340 temperantiw
1536 5289 1594 5325 ac
1621 5274 1952 5341 fortitudinis,
1970 5285 2121 5342 atque

540 5339 756 5411 justitiw
781 5339 1271 5394 consummationem
1296 5339 1638 5411 probavimus.
1684 5344 1853 5409 Etliti,
1898 5339 2044 5397 sicut
2071 5347 2122 5397 in

539 5407 795 5484 plerisque
822 5413 1069 5464 actionem
1119 5407 1468 5479 temperantia:
1497 5430 1555 5464 ac
1587 5407 1926 5484 fortitudinis,
1975 5427 2125 5483 atque

537 5480 752 5552 iustitia:
778 5483 1208 5535 consummatione
1234 5484 1569 5551 probavimus.

614 5544 640 5583 δ
669 5550 757 5604 Sic
806 5568 933 5608 mss.
985 5544 1313 5623 septetnfin
1350 5569 1572 5623 quorum
1603 5556 1756 5609 unici
1787 5556 1978 5624 legitur
2004 5556 2118 5610 haec

545 5632 672 5759 vorti
706 5625 961 5740 procedit;
992 5625 1043 5678 in
1073 5626 1188 5679 aliis
1214 5634 1413 5689 autem,
1446 5641 1559 5694 quin
1587 5628 1646 5678 de
1671 5627 1955 5695 prudentia:
1982 5627 2119 5696 fonte

546 5703 638 5743 con
668 5706 722 5741 er
747 5707 823 5742 ur.

546 5698 823 5743 confertur.

624 5768 637 5796 ι
669 5758 766 5812 bis.
799 5760 947 5815 Colb.
985 5780 1140 5825 unus,
1182 5766 1473 5831 spirituales
1507 5782 1537 5816 a
1584 5766 1891 5819 carnalibus.
1949 5767 2120 5828 Alius.

548 5829 799 5885 spiritales
824 5832 1054 5885 omnibus
1081 5829 1371 5890 carnalibus
1401 5836 1554 5899 vitiis,
1582 5844 1686 5891 etc.
1718 5835 1872 5892 (του).
1904 5836 2037 5893 alter
2071 5846 2125 5891 et

1129 5996 1293 6019 Mn-“

2211 1942 2521 1997 cumvenirc
2551 1942 2757 2010 aliquos
2783 1952 3025 2011 possunt,
3054 1957 3152 1996 nec
3180 1941 3470 2011 prudentes
3495 1955 3554 1995 se
3575 1942 3805 1995 circum-

2214 2035 2386 2089 veniri
2420 2036 2755 2104 pcrmittnnt.
2786 2036 3049 2089 Caeterum
3083 2038 3126 2089 si
3157 2033 3211 2088 in
3239 2043 3515 2089 contractu
3543 2034 3802 2102 quolibet,

2212 2135 2325 2190 sive
2356 2133 2408 2187 in
2440 2128 2734 2197 colloquio,
2782 2127 2865 2181 vel
2918 2128 2971 2182 in
3002 2126 3104 2180 alia
3151 2140 3361 2196 quaque
3411 2140 3488 2191 re,
3523 2140 3583 2179 se
3630 2124 3803 2192 decipi

2213 2228 2437 2299 quisque
2467 2238 2573 2280 non
2604 2222 2764 2287 sinat,
2793 2228 2846 2274 et
2871 2220 3030 2274 alium
3068 2230 3243 2274 tamen
3271 2219 3385 2289 ipse
3414 2217 3681 2286 decipiat;
3705 2217 3804 2271 ἰδία

2215 2335 2319 2374 non
2350 2318 2513 2373 habet
2547 2311 2907 2385 prudentiam,
2940 2327 3056 2381 qua)
3084 2310 3272 2364 salutis
3303 2310 3473 2377 magis
3500 2324 3657 2379 quant
3683 2322 3805 2376 per.

2213 2409 2432 2467 ditionis
2476 2418 2558 2461 est
2600 2420 2780 2468 causa,
2843 2401 2935 2457 sed
2987 2402 3224 2456 simulat.
3274 2401 3535 2467 Quoniam
3589 2396 3806 2468 quidem

2220 2515 2240 2542 ι
2265 2504 2368 2557 hoc
2394 2502 2567 2555 virtus
2596 2514 2623 2551 a
2648 2497 2777 2551 vitio
2797 2496 2981 2559 distat,
3004 2494 3143 2563 quod
3176 2492 3303 2547 illttd
3333 2490 3628 2562 corrumpit
3650 2506 3804 2557 sana,

2217 2596 2331 2651 haec
2360 2600 2514 2647 sanat
2544 2588 2658 2644 vitii
2689 2587 3000 2643 accessione
3031 2594 3280 2653 corrupta
3312 2601 3325 2637 :
3358 2597 3420 2637 ac
3450 2584 3546 2646 sic,
3572 2592 3661 2637 aut
3692 2598 3808 2636 om-

2218 2690 2374 2745 nibus
2397 2697 2419 2725 ⁸
2449 2687 2642 2757 quibus
2662 2692 2861 2754 potest,
2884 2682 3140 2752 prodesse
3164 2680 3380 2735 festinat
3401 2681 3662 2733 veraciter
3685 2694 3780 2747 pru
3797 2709 3809 2719 -

2217 2786 2369 2849 dens,
2394 2790 2451 2835 ιιι
2477 2779 2593 2848 ejus
2615 2778 2820 2832 meritis
2846 2776 3082 2829 omnium
3107 2773 3197 2844 qui
3225 2788 3321 2847 per
3345 2787 3466 2827 eum
3493 2771 3601 2826 Deo
3623 2772 3809 2840 acqui-

2218 2886 2428 2937 runtur,
2452 2874 2656 2927 fructus
2677 2878 2981 2943 accrescat;
3011 2877 3099 2922 aut
3123 2868 3166 2921 si
3193 2867 3391 2936 cogitat
3416 2865 3483 2919 de
3512 2864 3810 2934 perditione

2219 2970 2540 3041 cujuspiam,
2574 2965 2659 3020 vel
2690 2964 2757 3019 de
2802 2978 2928 3017 casu
2978 2962 3251 3033 pereuntis
3281 2960 3534 3024 exsultat,
3586 2972 3809 3013 necesse

2220 3070 2302 3118 est
2349 3070 2405 3115 ut
2452 3059 2597 3128 prius
2630 3066 2813 3126 pereat
2861 3056 2976 3125 ipse
3022 3068 3180 3123 quam
3212 3053 3374 3106 alium
3421 3050 3628 3122 perdat,
3661 3049 3810 3105 etab

2221 3155 2338 3224 ipso
2366 3166 2426 3207 ea
2451 3148 2701 3220 perditio,
2734 3161 2834 3216 qua
2869 3146 3044 3215 perire
3073 3145 3233 3199 alium
3261 3145 3429 3214 cupit,
3462 3143 3699 3212 incipiat.

2803 3280 3026 3337 CAPUT
3065 3280 3237 3335 XXX.

2224 3378 2374 3446 Quod
2406 3377 2679 3447 prudentes
2711 3391 2801 3428 nec
2829 3375 2944 3447 aliis
2975 3384 3207 3447 noceant,
3240 3388 3333 3447 nec
3360 3373 3455 3447 sibi
3496 3376 3667 3447 noceri
3693 3391 3805 3443 per.

2293 3444 2528 3514 mittant;
2556 3458 2601 3502 et
2628 3447 2761 3515 quod
2786 3448 2855 3499 eis
2886 3445 2955 3498 ibi
2985 3446 3047 3497 sit
3098 3445 3206 3499 sine
3233 3444 3551 3497 admixtione
3589 3445 3809 3515 alicujus

2293 3521 2480 3573 erroris
2513 3527 2864 3571 consummata
2886 3518 3178 3586 prudentia,
3203 3516 3285 3569 ubi
3313 3515 3406 3569 erit
3429 3516 3538 3569 sine
3562 3517 3668 3570 ullo
3696 3531 3809 3584 pec-

2298 3602 2411 3645 cato
2431 3591 2533 3644 vita
2562 3594 2804 3659 perfecta.

2293 3704 2342 3755 l.
2388 3703 2448 3756 lli
2483 3703 2499 3737 ε
2537 3716 2663 3771 ergo
2708 3700 2795 3768 qui
2845 3699 3189 3769 prudentizcu
3233 3699 3643 3768 participatione
3687 3714 3810 3767 pru-

2222 3796 2411 3850 dentes
2443 3794 2641 3858 eﬂ‘ecti,
2676 3794 2783 3846 Deo
2814 3807 2911 3846 suo
2943 3808 3046 3846 non
3077 3791 3321 3860 pedibus,
3352 3792 3445 3847 sed
3475 3794 3668 3847 sanctis
3693 3806 3809 3846 mo—

2225 3889 2373 3943 ribus
2400 3887 2857 3957 appropinquant,
2890 3900 2953 3938 ex
2984 3900 3045 3938 ea
3078 3895 3229 3955 parte
3255 3899 3356 3953 qua
3394 3895 3517 3939 sunt
3543 3885 3631 3939 Dei
3662 3883 3808 3938 dono

2228 3979 2534 4051 prudentes,
2566 3988 2590 4014 ν
2623 3993 2720 4031 nec
2752 3992 2849 4030 suo
2873 3976 3048 4046 perire
3079 3986 3321 4045 possunt,
3354 3992 3453 4031 nec
3484 3977 3658 4031 alieno
3687 3990 3816 4045 pec-

2226 4080 2378 4137 cato;
2411 4086 2476 4125 ex
2516 4084 2581 4125 eo
2608 4079 2786 4124 autem
2819 4068 2959 4138 quod
2994 4060 3218 4122 necdum
3246 4068 3313 4123 ita
3342 4078 3425 4123 est
3455 4083 3637 4125 eorum
3686 4083 3812 4138 per-

2226 4353 2436 4418 Camb.,
2485 4353 2727 4407 Carna.es
2767 4368 2939 4407 omnes
2973 4370 3004 4406 a
3051 4354 3339 4409 carnalibus
3388 4354 3522 4407 vitiis
3560 4353 3817 4423 άρῖιτίιιοι

2228 4425 2471 4489 illustrat,
2501 4436 2546 4478 et
2574 4424 2833 4489 spiritales
2877 4442 3051 4477 omnes
3076 4425 3138 4477 ab
3169 4426 3305 4478 omni
3348 4425 3619 4478 dilectione
3655 4425 3818 4477 noxia:

2227 4498 2556 4549 curiositatis.
2580 4496 2725 4550 Unus
2752 4512 2815 4549 ex
2840 4496 3099 4560 Culbert.,
3123 4512 3265 4550 vana!
3286 4496 3622 4552 curiositates.
3648 4496 3817 4561 Alius,

2228 4567 2519 4630 dilectione,
2546 4575 2604 4619 ut
2636 4582 2756 4619 mox
2789 4567 2954 4619 citati.

2302 4635 2315 4685 ί
2360 4637 2483 4693 Mss.
2522 4647 2649 4699 tres,
2679 4638 2924 4691 veritatis.

2304 4704 2324 4778 ξε
2358 4707 2495 4761 Editi
2530 4708 2689 4760 Duae.
2722 4718 2773 4761 ct
2802 4708 3012 4774 Colum,
3040 4709 3279 4778 efﬁciunt.

2305 4774 2320 4812 ¹
2358 4778 2483 4832 Mss.
2511 4778 2636 4841 duo,
2664 4779 2738 4830 vel
2771 4774 3103 4846 permittente.
3462 4774 3499 4805 ⁶

2301 4857 2337 4883 n:
2373 4848 2499 4903 MSS.
2536 4849 2663 4912 duo,
2694 4851 2948 4903 arcedrre.

2301 4927 2325 4953 η
2359 4920 2454 4971 Ms.
2487 4919 2696 4982 Camb.,
2728 4921 2913 4974 sciant.

2305 4998 2328 5023 ο
2353 4990 2514 5043 Deest
2541 5006 2637 5044 vox
2671 4993 3003 5059 pra'sentibus
3030 4994 3082 5047 in
3106 5008 3209 5047 ms.
3244 5004 3349 5047 uno
3378 4991 3529 5048 Culb.

2304 5070 2328 5107 Ρ
2362 5061 2492 5116 Mss.
2524 5061 2651 5123 duo,
2678 5064 2866 5115 noceri.

2302 5141 2329 5179 (ι
2373 5130 2465 5183 Ms.
2499 5147 2653 5199 unus,
2680 5134 2930 5200 prrvcipt't.

2306 5210 2326 5235 τ
2361 5201 2458 5254 Ms.
2485 5200 2615 5269 Reg.
2650 5218 2809 5268 unus,
2845 5207 2952 5256 Itwc
2975 5204 3152 5257 virtus.

2306 5278 2327 5304 ³
2360 5273 2457 5347 bis.
2489 5270 2642 5347 Colli.
2680 5290 2835 5339 unus,
2866 5276 3047 5345 quibus
3080 5285 3237 5347 potest
3265 5278 3522 5342 prodesse,
3555 5279 3737 5347 festina
3768 5294 3825 5331 nc

2232 5343 2473 5417 veraciter
2496 5344 2717 5417 prodest.
2746 5354 2799 5396 ut
2824 5343 2951 5398 ei'ca:
2976 5346 3163 5397 meritis
3186 5348 3431 5413 omnium,
3463 5343 3575 5417 quit:
3596 5366 3683 5416 per
3708 5366 3826 5401 eum

2233 5413 2339 5485 Deo
2378 5416 2727 5481 (requiruntur.
2784 5418 2977 5484 {ructus
3017 5429 3290 5471 accrescat.
3334 5419 3429 5472 Ms.
3470 5413 3605 5472 alter
3642 5420 3775 5474 C-ilb
3808 5461 3824 5485 ,

2232 5484 2436 5552 festinat
2470 5495 2520 5537 ut
2542 5487 2781 5539 veraciter
2812 5487 3053 5553 prudens.

2310 5557 2325 5589 ί
2357 5555 2459 5629 bis.
2487 5556 2616 5624 Reg.
2652 5572 2809 5629 unus,
2841 5559 2884 5609 si
2912 5574 3028 5627 ergo
3050 5561 3156 5629 qui.

2306 5633 2332 5659 ιι
2369 5626 2527 5686 Editi.
2558 5628 2852 5691 participes.

2306 5704 2331 5731 ν
2365 5694 2462 5772 bis.
2494 5713 2630 5750 unus
2659 5698 2812 5753 Colb.
2838 5699 2925 5754 hic
2951 5700 3119 5768 addit,
3146 5716 3233 5755 nec
3254 5718 3345 5754 sua
3370 5702 3566 5770 perpeti
3581 5715 3826 5772 possunt,

2232 5779 2322 5818 nec
2348 5765 2514 5821 aliena
2541 5780 2764 5837 peccata.
