4124 6350
301 332 406 389 515

1329 336 1414 390 DF.
1458 335 1615 391 νιτΑ
1656 334 2239 393 CONTEMPLATlVA
2281 335 2407 390 LIB.
2452 336 2539 390 111.

3468 339 3575 391 διι

301 450 435 506 facta
462 452 764 521 prudentia,
814 454 951 509 sicut
988 454 1037 508 in
1070 454 1155 525 i_|la
1210 454 1314 508 vita
1345 454 1467 517 erit,
1497 454 1586 509 ubi
1645 453 1879 523 perfecte
1905 458 1961 514 Α
1986 464 2069 509 tur
2096 456 2232 525 quod
2262 472 2324 509 ex
2353 463 2495 524 parte
2521 463 2591 508 est
2620 451 2670 525 (1
2702 451 2819 507 Cor.
2858 468 2965 513 xm,
2990 451 3021 505 9
3051 459 3097 506 et
3129 453 3231 520 10).
3268 462 3294 502 ιι
3324 449 3418 504 llic
3446 466 3573 504 eva-

300 545 597 599 viventibus
629 546 768 600 ullus
799 562 950 600 error
991 521 1252 614 obrepere
1277 555 1301 581 ει
1334 545 1552 600 omnino
1582 561 1688 599 non
1739 555 1888 613 pote-

300 640 398 701 rit;
438 639 597 693 etiam
645 640 933 708 prudentes
976 641 1262 709 aliquoties
1309 638 1540 707 peccatis
1581 638 1887 693 fallentibus

299 732 677 799 ncquiescuut;
713 748 817 785 nou
866 731 1137 785 voluntate
1182 729 1478 800 depravati,
1529 728 1622 783 sed
1656 729 1887 782 humano

299 836 504 886 errore,
529 830 587 874 ut
617 821 883 888 homines,
911 824 1079 892 lapsi;
1116 837 1215 877 nec
1246 821 1419 875 adhuc
1442 828 1557 875 tota
1589 819 1887 889 prudentia:

299 929 359 969 ac
386 916 661 983 sapientia":
693 914 720 953 ιι
750 918 1094 986 perceptione
1126 915 1379 985 perfecti;
1413 914 1555 969 sicut
1605 914 1674 969 ibi
1706 921 1885 980 erunt,

298 1007 387 1061 ubi
436 1022 533 1062 nec
582 1008 827 1077 ignorare
874 1010 1073 1079 aliquid
1101 1051 1117 1075 ,
1170 1024 1270 1064 nec
1316 1023 1540 1078 peccare
1585 1008 1693 1077 jam
1738 1018 1888 1077 pote-

299 1107 444 1152 runt.

366 1194 422 1247 2.
465 1193 561 1248 llic
594 1208 741 1261 vero,
774 1196 817 1248 si
869 1195 1128 1264 potuisset
1173 1210 1204 1249 a
1234 1202 1452 1266 peccato
1503 1203 1649 1249 recte
1692 1194 1887 1249 factum

300 1288 529 1356 perfecte
559 1286 814 1355 disrerni,
845 1298 867 1326 ο
900 1304 1171 1357 nunquam
1195 1290 1263 1343 ab
1293 1289 1521 1343 occultis
1552 1290 1665 1343 suis
1711 1296 1885 1344 oraret

299 1380 388 1432 ille
420 1380 659 1433 mundari
691 1381 779 1449 qui
808 1380 882 1435 ait
923 1398 937 1434 :
984 1382 1059 1435 Ab
1113 1382 1326 1435 occultis
1375 1382 1499 1435 meis
1546 1382 1739 1435 munda
1785 1398 1886 1450 me,

299 1466 538 1535 Domine,
568 1479 611 1522 et
641 1470 705 1523 ab
731 1471 915 1526 alienis
948 1488 1100 1540 parce
1125 1489 1267 1527 servo
1297 1482 1384 1526 tuo
1405 1472 1574 1546 (Psal.
1599 1488 1752 1540 xvttt,
1777 1472 1886 1543 15).

298 1562 498 1629 Quibus
519 1566 702 1619 verb‘s
730 1566 863 1621 satis
883 1568 1118 1622 ostendit
1147 1568 1284 1638 quod
1311 1568 1388 1622 illi
1413 1584 1624 1639 quoque
1645 1571 1733 1639 qui
1766 1585 1890 1623 san-

298 1652 420 1708 rted
448 1670 542 1723 per
568 1656 766 1709 donum
791 1658 962 1712 sancti
990 1657 1220 1725 Spiritus
1248 1660 1451 1727 vivunt,
1471 1670 1647 1715 tamen
1674 1671 1891 1729 promer

300 1755 325 1784 ο
358 1746 563 1814 aliquas
593 1747 972 1803 infirmitatesf
1010 1750 1270 1803 humanas
1296 1766 1428 1820 quas
1458 1760 1482 1797 κ
1517 1751 1755 1821 trahunt,
1778 1754 1891 1808 sive

1991 549 2135 603 cuari
2182 549 2396 611 asserit,
2449 545 2855 601 consummari:
2901 546 3148 614 quoniam
3182 545 3393 613 quidem
3448 559 3571 614 pars

1990 642 2229 696 scientiae
2265 652 2284 677 τ
2314 656 2433 711 qua:
2482 652 2564 696 est
2611 638 2952 711 perﬁcienda,
3010 638 3259 705 perii-etis
3304 655 3406 691 non
3450 654 3570 692 eva-

1990 734 2195 788 cuanda
2224 743 2326 801 est,
2358 732 2451 789 sed
2484 732 2772 804 implenda.
2804 730 3037 785 Proinde
3065 731 3152 785 ubi
3191 730 3293 784 erit
3335 732 3571 787 omnium

1994 827 2226 882 fidelium
2266 826 2652 881 catholicorum
2700 827 2845 880 salus
2896 825 3048 893 plena
3077 867 3091 890 ,
3156 823 3575 890 corruptibilitas

1994 919 2153 983 nulla,
2188 927 2243 973 et
2272 918 2645 974 immortalitas
2690 917 2866 983 beata,
2900 916 2967 969 ibi
3000 916 3101 971 erit
3140 913 3436 983 prudentiae
3461 924 3481 949 ⁸
3512 928 3575 967 ac

1992 1011 2273 1079 sapientia:
2303 1010 2563 1078 perfectio
2590 1024 2739 1071 vera,
2765 1015 2818 1062 et
2858 1022 3037 1062 rerum
3066 1006 3300 1062 omnium
3341 1003 3578 1073 cognitio

1994 1112 2123 1166 tota,
2151 1103 2363 1173 quando
2395 1102 2620 1156 scientia
2645 1100 2710 1154 ad
2744 1100 3036 1171 perfectum
3070 1098 3229 1153 fuerit
3258 1096 3425 1151 partis
3453 1108 3579 1150 eva-

1992 1195 2241 1248 cuatione
2265 1193 2535 1263 perducta.

2547 1284 2775 1340 CAPUT
2818 1282 3010 1338 XXXI.

1994 1397 2072 1455 De
2111 1400 2465 1465 directionibus
2510 1410 2771 1469 quatuor:
2800 1398 2935 1468 quod
2975 1398 3103 1451 inter
3153 1396 3275 1469 vitia
3321 1395 3581 1449 numerari

2065 1488 2165 1525 non
2194 1471 2423 1535 debeant,
2452 1470 2495 1524 si
2522 1466 2699 1525 earum
2728 1466 2849 1525 usus
2895 1485 2958 1523 ex
2996 1469 3127 1521 bona
3155 1466 3416 1521 voluntate
3464 1483 3579 1537 pro-

2068 1545 2232 1595 cedat.
2556 1556 2566 1567 '

2070 1655 2120 1708 1.
2166 1654 2455 1708 Videamus
2502 1668 2644 1711 nunc
2695 1653 2823 1722 quid
2870 1650 3153 1721 diligentia
3203 1648 3581 1718 disputationis

1998 1747 2231 1828 inveniat
2284 1748 2443 1800 etiam
2495 1748 2562 1800 de
2608 1756 2836 1815 quatuor
2880 1742 3253 1799 allectionibus
3294 1755 3425 1811 quas
3455 1740 3581 1794 vitia

298 1839 558 1906 scientes,
588 1844 701 1893 sive
732 1840 1401 1911 nescientes,haliquoties
1429 1853 1520 1898 aut
1544 1860 1643 1899 suo
1672 1857 1890 1914 peccato
1922 1839 1965 1898 Β
1994 1854 2117 1895 esse
2162 1839 2392 1894 stultitia
2442 1837 2763 1912 sapientium
2818 1836 3003 1891 mundi
3073 1835 3231 1904 hujus
3288 1833 3581 1889 existimat.

301 1929 520 1997 cedunt,
544 1939 636 1984 aut
675 1930 851 1985 alieno
889 1934 1249 1987 consentiunt.
1293 1931 1352 1987 ln
1386 1934 1485 1987 liae
1526 1934 1537 1971 ί
1579 1936 1734 2003 igitur
1765 1936 1890 2003 vita,

304 2019 393 2073 ubi
427 2028 518 2073 aut
548 2020 840 2087 voluntate,
870 2030 963 2076 aut
991 2036 1197 2082 errore.
1230 2031 1321 2076 aut
1358 2023 1665 2079 infirmitate
1706 2030 1895 2094 pecca-

302 2120 412 2176 tur,
444 2112 748 2181 quicunque
793 2112 1052 2168 divinitus
1082 2113 1250 2181 adjuti
1297 2115 1569 2168 voluntate
1618 2132 1722 2171 non
1771 2132 1893 2185 pec-

300 2210 445 2269 cant,
465 2204 644 2273 utique
670 2204 1215 2271 irreprehensibiliter
1236 2206 1438 2259 vivunt.
1460 2206 1561 2260 Sed
1582 2208 1699 2274 quia
1720 2216 1894 2275 potest

210 2359 221 2367 _
301 2308 394 2350 eos
423 2310 578 2349 error
603 2304 695 2349 aut
727 2295 1008 2349 infirmitas
1040 2296 1269 2364 peccatis
1293 2297 1586 2364 involvere,
1619 2298 1801 2352 abillo
1832 2315 1892 2354 se

301 2388 590 2443 illuminari
615 2388 841 2443 fideliter
866 2391 881 2439 l
915 2388 1186 2457 postulent
1212 2399 1265 2444 et
1289 2391 1489 2455 sanari,
1514 2391 1597 2444 cui
1620 2392 1892 2447 exsultans

301 2481 391 2537 ile
410 2482 675 2536 clamabat
707 2482 758 2535 ιιι
788 2481 1013 2551 Spiritu,
1041 2482 1226 2538 dicens
1253 2500 1266 2536 :
1302 2483 1553 2537 Dominus
1581 2485 1894 2539 illuminatio

302 2588 434 2635 mea,
468 2582 513 2625 et
542 2572 683 2626 salus
719 2588 849 2639 mea,
877 2589 1022 2643 quem
1045 2571 1069 2609 ¹ί
1100 2573 1284 2627 timebo
1314 2573 1486 2643 (Psal.
1518 2591 1663 2639 xxvi,
1700 2575 1791 2645 1).?
1839 2586 1895 2632 ut

302 2678 424 2718 cum
449 2662 790 2726 illuminatio,
816 2678 911 2732 per
936 2650 1136 2717 donum
1171 2663 1186 2699 ι
1233 2664 1531 2732 prudentia:
1576 2679 1638 2717 ac
1676 2666 1893 2734 sapien-

306 2756 395 2809 tiae
441 2754 631 2809 collata
671 2754 966 2809 detraxerit
1010 2754 1327 2821 cmcitatem,
1372 2764 1426 2810 et
1474 2758 1742 2811 sanaverit
1802 2774 1895 2825 per

302 2848 530 2917 gratiam
578 2847 671 2901 Dei
713 2847 857 2901 salus
886 2856 924 2883 ιη
955 2846 1134 2901 refusa
1182 2848 1522 2915 languorem,
1572 2858 1696 2902 tttttc
1744 2866 1896 2907 mens

302 2940 603 2995 illuminata
626 2939 883 2994 divinitus
911 2948 965 2993 et
989 2950 1194 3005 sanata,
1223 2955 1320 2993 nec
1343 2940 1396 2993 in
1419 2940 1499 2995 eis
1522 2956 1638 3009 quae
1660 2943 1894 2997 cavenda

304 3036 731 3105 vel’appetenda
782 3045 927 3102 sunt,
982 3036 1213 3090 humano
1258 3037 1559 3106 decipiatur
1602 3054 1808 3106 errore,
1841 3050 1897 3096 ut

299 3138 399 3183 aut
423 3144 519 3197 pro
548 3129 691 3183 veris
724 3128 851 3182 falsa
884 3127 1155 3193 defendat,
1186 3138 1277 3182 aut
1321 3144 1417 3198 pro
1449 3130 1596 3184 falsis
1620 3146 1742 3185 vera
1763 3141 1786 3167 η
1812 3148 1895 3187 re-

2002 1936 2018 1970 ¹
2055 1935 2186 1989 Nam
2216 1936 2261 1991 si
2314 1936 2525 2002 timere,
2557 1950 2618 1989 ac
2657 1934 2861 2003 dolere,
2894 1947 3113 2002 cupere,
3145 1930 3229 1985 vel
3259 1929 3425 1984 laetari
3467 1942 3581 1982 om-

1996 2027 2127 2080 nino
2167 2042 2271 2080 non
2304 2035 2520 2095 possent
2558 2026 2662 2079 nisi
2697 2034 3005 2093 peccatores
3045 2032 3137 2077 aut
3166 2021 3384 2093 perditi,
3436 2028 3583 2074 recte

1996 2134 2103 2174 non
2134 2120 2353 2173 allectus
2383 2121 2547 2187 aliqui
2577 2128 2795 2187 possent
2839 2117 2969 2181 dici,
3000 2117 3093 2171 sed
3140 2114 3333 2169 morbi.
3363 2114 3432 2168 At
3459 2127 3580 2167 cum

1996 2219 2022 2246 υ
2057 2212 2188 2265 tales
2210 2212 2508 2264 animorum
2543 2219 2717 2264 motus
2760 2210 3099 2264 inveniantur
3131 2208 3183 2261 in
3214 2207 3412 2261 sanctis
3452 2221 3584 2275 apo-

1995 2302 2145 2375 stolis
2171 2313 2224 2356 et
2263 2302 2562 2373 prophetis,
2594 2303 2711 2371 quis
2763 2302 2832 2355 ita
2885 2301 3131 2370 desipiat,
3166 2310 3189 2336 ν
3221 2308 3278 2354 ut
3315 2314 3411 2356 eos
3454 2297 3581 2352 vitia

1996 2395 2199 2459 credat,
2234 2410 2297 2448 ex
2329 2395 2524 2461 quibus
2555 2394 2662 2447 Deo
2690 2393 3003 2462 placuerunt
3048 2392 3122 2446 illi
3170 2392 3261 2461 qui
3288 2390 3435 2444 vitiis
3462 2390 3582 2459 plus

1997 2502 2155 2555 quam
2187 2487 2367 2540 caueri
2397 2487 2640 2541 homines
2666 2486 3015 2539 rcSIiterunt?
3039 2482 3217 2553 itaque
3242 2482 3437 2536 Paulus
3457 2495 3583 2550 apo-

1998 2579 2169 2634 stolus
2196 2578 2262 2633 de
2289 2579 2482 2633 timore
2511 2578 2587 2632 sic
2615 2578 2850 2647 loquitur
2878 2594 2891 2630 :
2930 2577 3101 2630 Timeo
3126 2584 3299 2629 autem
3337 2590 3418 2637 ne,
3450 2574 3581 2627 sicut

1996 2688 2201 2740 serpens
2230 2672 2432 2724 sedufc't
2478 2670 2635 2722 [fuam
2672 2686 2766 2723 sua
2803 2669 3009 2731 astutia,
3039 2669 3109 2720 sic
3157 2676 3203 2719 et
3232 2667 3379 2720 vestri
3407 2680 3583 2717 sensus

1998 2744 2394 2832 corrumpantur
2423 2780 2452 2815 a
2484 2764 2733 2830 castitate,
2764 2778 2875 2832 qua:
2913 2772 2986 2814 est
3037 2762 3087 2813 in
3117 2759 3317 2812 Christo
3347 2756 3399 2825 (1
3409 2756 3433 2810 I
3459 2757 3578 2811 Cor.

1998 2872 2072 2921 XI,
2097 2854 2176 2927 3).
2208 2866 2229 2891 κ
2258 2856 2384 2909 ltem
2413 2855 2479 2909 de
2518 2855 2808 2922 cupiditate
2859 2852 3173 2907 fiducialiter
3212 2852 3341 2905 dicit
3374 2870 3384 2903 :
3420 2849 3584 2919 Cupio

2000 2948 2228 3011 dissolvi,
2259 2958 2303 2999 rt
2348 2964 2454 2999 esse
2482 2964 2595 2999 cum
2625 2944 2825 2999 Christo
2874 2944 3094 3015 (Philip.
3142 2960 3217 3008 ιιι,
3250 2943 3363 3012 25).
3397 2942 3502 2997 Sed
3531 2951 3585 2996 et

2000 3040 2067 3094 de
2108 3040 2347 3101 tristitia,
2382 3053 2537 3107 quam
2571 3037 2661 3089 alii
2714 3037 2954 3090 dolorem
3000 3035 3292 3103 appellant,
3326 3033 3462 3088 idem
3492 3048 3585 3088 vas

1980 3131 2280 3191 electionis
2313 3140 2365 3184 et
2392 3130 2575 3182 doctor
2599 3130 2838 3196 gentium
2865 3129 2939 3181 ait
2970 3145 2982 3181 :
3010 3127 3141 3193 Quia
3170 3127 3375 3200 tristitia
3402 3143 3586 3198 magna

295 3220 487 3291 jiciat;
515 3231 569 3276 et
596 3222 712 3275 sine
736 3220 843 3275 ullo
870 3220 1200 3275 infirmitatis
1222 3221 1499 3276 obstaculo
1530 3223 1727 3277 bonum
1753 3225 1894 3293 quod
1924 3219 1969 3282 C
2000 3220 2124 3271 milii
2156 3230 2246 3285 est,
2298 3230 2342 3272 et
2383 3220 2649 3271 continuus
2689 3220 2835 3271 tlo’or
2891 3220 3034 3270 cordi
3081 3235 3189 3270 meo
3229 3234 3323 3287 pro
3345 3219 3587 3286 fratribus

297 3314 524 3383 elegerit
550 3314 770 3383 implere
802 3314 1107 3383 praevaleat.

374 3409 429 3463 5.
470 3407 572 3463 Sed
602 3407 702 3461 alia
730 3418 810 3462 est
839 3407 985 3462 salus
1018 3406 1172 3475 hujus
1202 3407 1328 3465 vita:
1357 3423 1459 3479 qua
1491 3408 1787 3463 mortaliter
1815 3410 1893 3463 vi-

298 3501 463 3565 vitur,
493 3500 594 3553 alia
629 3500 774 3554 illius
802 3500 889 3553 ubi
924 3500 1153 3554 mortale
1202 3511 1441 3556 nostrum
1493 3502 1896 3557 immortalitate

296 3593 623 3657 donabitur;
653 3602 707 3648 et
743 3592 895 3647 aliter
922 3593 1055 3647 salvi
1090 3593 1212 3647 facti
1240 3610 1424 3651 sumus
1475 3595 1525 3649 iu
1570 3611 1685 3661 spe,
1737 3597 1895 3651 aliter

295 3686 434 3740 salvi
466 3688 665 3739 erimus
693 3686 742 3739 in
774 3700 851 3739 re.
886 3685 979 3739 llic
1003 3685 1073 3738 ita
1104 3686 1235 3739 salvi
1269 3685 1389 3741 facti
1414 3702 1617 3751 sumus,
1643 3687 1893 3743 utadhuc

296 3778 477 3848 perire
508 3779 802 3845 possimus;
838 3777 908 3831 ibi
935 3779 1236 3847 quicunque
1257 3764 1436 3833 salvus
1462 3788 1484 3814 ο
1511 3780 1689 3844 fuerit,
1716 3783 1893 3850 perire

297 3870 438 3922 ultra
484 3884 594 3923 non
628 3869 853 3937 poterit;
885 3882 945 3923 ac
972 3884 1063 3938 per
1093 3869 1212 3936 hoc,
1232 3871 1453 3925 scientia
1483 3888 1602 3941 qua:
1630 3875 1891 3942 cognitio-

295 3975 423 4015 nem
456 3976 635 4043 rerpm
670 3959 824 4014 nobis
869 3960 922 4013 in
970 3960 1128 4026 hujus
1166 3962 1347 4015 saeculi
1397 3972 1553 4017 nocte
1596 3964 1892 4019 visentibus

295 4059 537 4121 prmstat,
564 4050 881 4120 plenitudini
910 4050 1101 4105 futura:
1131 4053 1347 4115 collata,
1379 4068 1501 4122 pirs
1542 4054 1779 4109 scientire
1810 4068 1893 4110 est

295 4142 590 4209 credenda,
620 4158 723 4196 non
749 4138 878 4196 tota.
908 4142 1129 4211 Propter
1150 4146 1291 4213 quod
1320 4145 1449 4198 dicit
1469 4154 1685 4200 sanctus
1713 4150 1893 4215 ιιΛροο

230 4238 235 4241 ’
293 4234 470 4290 stolus
500 4251 513 4287 :
546 4233 629 4287 Ex
654 4244 798 4304 parte
844 4236 977 4287 enim
1022 4236 1234 4300 scimus,
1268 4247 1313 4289 et
1356 4252 1418 4290 ea:
1447 4245 1589 4307 parte
1622 4239 1895 4307 praplteta-

294 4342 447 4392 mus;
477 4342 592 4380 cum
618 4337 786 4381 autent
817 4328 1007 4381 venerit
1036 4328 1173 4397 quod
1193 4330 1473 4398 perfectum
1503 4340 1596 4396 est,
1630 4334 1898 4389 evacuabi-

369 4534 817 4605 ‘Msanuatuor
834 4532 1238 4605 Colb.,omnino
1258 4534 1373 4603 jam
1404 4546 1502 4585 non
1533 4530 1737 4601 poterit.

367 4605 397 4644 ιδ
429 4605 527 4659 Ms.
558 4602 773 4668 Gamb.,
809 4604 1141 4673 perfectione.

373 4687 396 4715 ο
430 4676 558 4731 Mss.
587 4684 717 4740 tres,
750 4690 1004 4741 nunquam
1026 4690 1079 4727 se
1104 4674 1165 4726 ab
1187 4674 1418 4727 occultis.
1710 4734 1713 4737 _

368 4745 397 4784 ά
442 4746 601 4812 Εόίιί,
634 4745 919 4800 secundum
951 4746 1168 4798 donum.
1198 4745 1321 4799 Mss.
1354 4758 1469 4807 sex,
1503 4761 1591 4813 per
1612 4748 1819 4803 donum.

372 4828 396 4855 θ
433 4819 561 4872 Mss.
593 4832 706 4881 sex,
739 4816 1001 4883 reliquias.

372 4890 391 4928 ί
424 4888 519 4941 Ms.
551 4903 709 4954 unus,
743 4888 983 4940 liiiniana:
1012 4886 1147 4941 vilic.

372 4971 398 5007 8
435 4959 534 5014 Ms.
569 4975 728 5025 unus,
757 4958 1007 5012 tribuunt.

370 5034 399 5068 ιι
429 5030 599 5096 Alias,
623 5029 967 5099 aliquatenus.

376 5101 388 5139 ί
430 5101 530 5155 Ms.
554 5116 712 5166 unus,
739 5108 930 5153 autem.

377 5172 391 5223 i
436 5172 539 5226 Ms.
574 5185 733 5237 unus,
762 5168 1045 5240 postulant.

368 5242 393 5279 ³
432 5240 593 5311 Editi,
624 5238 908 5312 trepidabo.
938 5241 1062 5294 Mss.
1094 5251 1209 5301 sex,
1242 5238 1442 5295 timebo.

381 5312 393 5350 ¹
430 5313 558 5369 Mss.
588 5314 713 5379 duo,
738 5312 963 5367 scientite
992 5326 1050 5363 ac
1077 5312 1359 5377 sapientire.

372 5393 412 5422 ω
436 5384 574 5439 Edit.
597 5384 756 5439 Duae.
781 5391 836 5439 et
854 5384 1065 5448 Colon.,
1089 5381 1261 5449 infusa
1284 5382 1597 5453 languorem.
1619 5382 1715 5439 Ms.
1733 5384 1883 5442 Colb.

291 5471 465 5520 unus,
488 5457 695 5525 repulso
725 5457 992 5524 languore.

374 5536 403 5563 ιι
434 5526 532 5580 Ms.
568 5541 724 5589 unus,
756 5528 989 5579 retineat.

378 5605 403 5634 ο
438 5597 598 5661 Editi,
630 5598 855 5667 fueris...
889 5594 1095 5667 poteris.

377 5678 405 5718 ι’
436 5667 533 5723 Ms.
568 5665 723 5732 unus,
756 5677 957 5721 sanctus
992 5665 1186 5720 Paulus
1214 5668 1492 5736 apostolus.

377 5740 505 5791 q'lta
539 5754 665 5793 mss.
710 5754 822 5793 sex.
873 5738 967 5791 Ms.
1003 5740 1155 5805 alter,
1190 5735 1291 5790 llic
1329 5741 1561 5794 evacuari
1600 5742 1797 5806 asserit,
1831 5745 1884 5797 id

294 5819 378 5869 est
407 5810 771 5863 consummari.
823 5808 969 5863 Unus
1018 5823 1081 5863 ex
1126 5809 1413 5876 praedictis,
1452 5811 1585 5865 Hinc
1627 5817 1875 5868 evacuari.

1997 3313 2122 3365 meis
2150 3314 2234 3381 qui
2260 3320 2375 3365 sunt
2403 3312 2603 3382 Cognati
2631 3313 2725 3363 mei
2756 3311 3033 3363 secundum
3078 3327 3280 3362 carnem
3312 3311 3487 3379 (Rom.
3511 3327 3585 3377 Ix,

2002 3401 2093 3469 2).
2127 3411 2155 3449 γ
2184 3401 2285 3455 Sed
2317 3410 2370 3454 et
2413 3403 2477 3454 de
2530 3402 2709 3453 laztitia
2756 3402 2819 3454 ad
2875 3401 3144 3455 Romanos
3174 3401 3434 3465 scribens,
3467 3416 3588 3457 cum

1998 3495 2245 3562 dixisset,
2282 3494 2458 3548 Vesta
2491 3503 2511 3529 κ
2537 3494 2820 3547 obedientia
2848 3504 2903 3529 M
2932 3498 2982 3547 in
3013 3511 3209 3548 omnem
3232 3494 3396 3549 locum
3420 3495 3589 3549 divul-

1997 3602 2116 3657 ga'a
2144 3597 2235 3641 est.
2271 3586 2502 3654 Gaudeo,
2532 3586 2721 3655 inquit,
2756 3585 2812 3624 δι’
2840 3586 2901 3640 de
2929 3586 3089 3639 vobis.
3118 3586 3222 3640 Sed
3254 3587 3364 3639 volo
3393 3604 3478 3640 vos
3507 3604 3589 3641 sa-

2005 3682 2194 3749 pientes
2220 3697 2327 3733 esse
2360 3682 2408 3731 in
2442 3680 2594 3745 bono,
2645 3688 2691 3731 et
2722 3678 2979 3748 simplices
3018 3680 3069 3733 in
3100 3680 3236 3733 malo
3269 3678 3449 3749 (llam.
3483 3697 3589 3749 xw,

2003 3772 2124 3843 19).
2160 3774 2308 3825 lluuc
2345 3771 2586 3825 timorem
2620 3770 2701 3824 vel
2738 3771 3004 3837 dolorem,
3040 3772 3177 3826 hanc
3218 3772 3587 3841 cupiditatem,
3628 3758 3629 3761 η

2006 3866 2105 3921 hoc
2134 3867 2381 3936 gaudium
2412 3866 2498 3933 qui
2529 3864 2919 3931 reprehendere
2952 3864 3199 3928 voluerit,
3223 3866 3393 3934 ipsum
3426 3876 3480 3904 εστ
3510 3881 3592 3921 τεο

2005 3961 2291 4031 prehendit
2321 3960 2655 4027 Apostolum,
2702 3960 2789 4027 qui
2838 3973 2933 4026 per
2963 3958 3099 4011 tales
3128 3958 3438 4013 affectiones
3490 3974 3592 4014 non

2003 4056 2176 4108 solum
2204 4052 2314 4105 Deo
2359 4051 2577 4118 placuit,
2612 4049 2705 4103 sed
2742 4050 2904 4104 etiam
2952 4050 3212 4118 quosdam
3245 4051 3382 4103 inter
3412 4050 3589 4104 crimi-

2008 4161 2191 4209 nosos,
2222 4145 2361 4214 quod
2388 4152 2572 4198 essent
2603 4142 2658 4179 άά
2691 4144 2808 4196 sine
2839 4142 3063 4207 affectu,
3113 4144 3363 4212 culpavit.
3408 4143 3510 4197 Sed
3537 4153 3588 4197 et

2002 4238 2285 4311 pr0plteta,
2315 4237 2544 4291 dicendo
2567 4255 2578 4288 ε
2609 4236 2834 4289 Lwtatus
2856 4252 2969 4287 sum
2999 4236 3051 4287 in
3075 4236 3153 4288 his
3180 4234 3295 4301 (iure
3314 4236 3448 4289 dicta
3473 4245 3587 4291 siml

2002 4333 2126 4387 mihi
2149 4330 2317 4391 (Psal.
2349 4344 2496 4396 cxxt,
2528 4328 2609 4399 f);
2642 4336 2697 4382 et
2723 4344 2788 4382 ex
2824 4342 3050 4398 persona
3084 4327 3319 4395 Domini,
3351 4330 3586 4385 Sustinui

1923 4534 1977 4594 D
2006 4530 2168 4599 Editi,
2206 4530 2304 4585 Hic
2325 4530 2559 4584 evucuari
2597 4528 2801 4593 asserit,
2826 4527 2934 4581 illic
2962 4530 3330 4593 consummari,
3364 4530 3452 4586 ubi
3488 4548 3589 4590 vox

2007 4605 2113 4659 illic
2140 4602 2404 4672 superflua
2435 4601 2651 4672 videtur
2673 4615 2736 4653 ex
2768 4599 3014 4668 proxime
3041 4600 3410 4669 sequentibus.

2080 4687 2099 4712 τ
2148 4671 2321 4729 Edilio
2346 4673 2513 4741 Lugd.
2551 4671 2684 4736 sola,
2731 4688 2848 4742 pars
2892 4672 3112 4745 scientia:
3156 4675 3590 4745 estperﬁcionda,

2001 4751 2326 4818 perfectaque
2351 4744 2778 4818 non_evacua_u_da
2808 4750 2900 4807 est,
2926 4745 3014 4794 sed
3045 4742 3326 4818 implenda.

2075 4811 2106 4854 ι’
2133 4811 2291 4882 Editi,
2316 4832 2375 4868 ac
2398 4816 2642 4868 scientiw.
2668 4811 2795 4866 Mss.
2814 4822 3065 4881 quatuor,
3080 4829 3139 4865 ac
3160 4814 3442 4880 sapientia).
3462 4817 3588 4874 Mss.

2000 4889 2088 4943 alii
2111 4890 2239 4953 duo,
2267 4885 2529 4955 sapientia:
2559 4901 2618 4936 ac
2644 4883 2947 4952 prudentia.

2077 4963 2095 4995 ί
2131 4959 2253 5013 Mss.
2288 4953 2415 5022 duo,
2448 4956 2491 5009 si
2520 4957 2721 5026 enim...
2754 4969 2855 5006 non
2896 4963 3124 5022 possunt.
3160 4953 3325 5020 Unus,
3372 4960 3592 5026 possint.

2072 5039 2099 5065 ιι
2126 5030 2222 5083 Ms.
2249 5042 2407 5095 unus,
2440 5026 2555 5079 talis
2585 5025 2871 5078 animorum
2901 5034 3065 5080 motus
3090 5025 3392 5082 inueniatur.

2078 5112 2099 5138 ν
2133 5101 2230 5154 Ms.
2258 5114 2416 5163 unus,
2446 5106 2536 5150 aut
2562 5097 2685 5150 uitia
2714 5096 2907 5149 credat.

2077 5182 2101 5208 ι
2122 5171 2250 5227 Mss.
2278 5179 2408 5236 tres,
2444 5167 2610 5222 Idem.

2074 5253 2101 5291 γ
2133 5244 2261 5297 Mss.
2294 5251 2539 5311 quatuor,
2574 5238 2710 5293 Nam
2734 5246 2782 5292 et
2808 5239 2875 5291 ad
2918 5238 3175 5295 Romanos
3200 5240 3445 5304 scribens,
3476 5256 3591 5293 cum

2002 5315 2231 5369 dixisset.

2080 5396 2099 5421 π
2134 5387 2258 5439 Mss.
2292 5382 2399 5437 duo
2426 5382 2628 5438 addunt
2655 5381 2740 5437 hic
2767 5389 2955 5435 autem.

2070 5466 2127 5494 ιλ
2158 5458 2283 5511 Mss.
2307 5454 2434 5524 duo,
2463 5458 2515 5508 in
2539 5456 2677 5509 omni
2700 5455 2831 5507 loco.

2067 5527 2125 5566 δι’
2161 5529 2284 5584 Mss.
2316 5518 2444 5593 tres",
2477 5528 2529 5579 in
2558 5526 2715 5580 vobis.
2754 5524 2899 5580 Unus
2926 5523 3015 5575 sed
3049 5532 3217 5574 tamen
3250 5518 3363 5574 volo
3395 5537 3477 5578 ros
3508 5540 3593 5579 sa-

2002 5599 2193 5667 pientes
2221 5614 2345 5652 esse.
2984 5618 2987 5621 ί

2070 5679 2123 5707 θα
2150 5670 2246 5723 Ms.
2273 5682 2427 5732 unus,
2451 5667 2809 5738 reprehendat.

2067 5738 2121 5777 ἀοι
2157 5742 2253 5795 Ms.
2291 5742 2419 5810 lteg.
2445 5732 2599 5803 unus,
2633 5740 2744 5810 sine
2763 5732 3051 5802 electione.
3076 5732 3216 5790 Edit.
3243 5734 3591 5808 Lugd.,quod

1995 5824 2115 5866 esset
2146 5814 2252 5865 sine
2276 5808 2448 5879 culpa,
2479 5808 2724 5876 culpavit.
