4124 6350
559 335 664 393 515

1897 327 2160 387 JULIANI
2202 330 2486 388 POMERII

2693 295 2716 321 Ι

3744 343 3845 401 516

557 449 644 518 qui
673 456 696 484 ι
723 444 874 501 simul
922 458 1113 499 mecum
1143 434 1546 505 contristaretur,
1579 448 1627 495 et
1668 457 1772 496 non
1822 442 1918 514 fuit
1966 442 2143 513 (Psat.
2172 448 2223 506 Α
2253 445 2391 513 quod
2440 459 2565 501 vere
2616 446 2891 504 fatendum
2922 457 3024 516 est,
3058 449 3125 506 ab
3158 449 3250 506 illo
3290 451 3395 507 alio
3426 455 3620 512 timore
3650 458 3849 527 ptenall

559 556 739 606 mni,
765 538 877 607 2|),
914 537 1069 590 talem
1103 533 1340 588 laetitiam
1371 533 1756 604 tristitiamque
1783 535 2142 590 commendat.

556 635 688 688 Cum
722 647 846 688 vero
872 631 1010 684 alius
1039 629 1190 692 dicit,
1223 627 1399 682 Timor
1447 628 1657 682 Domini
1707 631 1915 700 expellit
1962 647 2145 702 pecca—

557 737 660 780 tum
689 722 878 794 (Eccli.
923 738 959 790 ι,
990 720 1112 792 27);
1144 730 1224 786 et,
1257 718 1679 790 Concupiscentia
1711 721 1977 787 sapientia:
2026 739 2142 790 per-

555 816 691 869 ducit
715 815 783 866 ad
813 811 1204 886 regnunt(Sap.
1237 828 1306 879 vi,
1339 811 1462 876 9.1);
1494 827 1599 866 non
1628 813 1799 867 solum
1833 829 1937 868 non
1965 829 2144 886 repre-

554 906 756 971 hendit,
789 906 880 960 sed
913 885 1074 960 etiam
1128 904 1307 958 laudat
1357 904 1617 973 spiritalis
1667 885 2140 977 concupiscentiae,

552 996 578 1035 ι’
607 1008 657 1052 ct
689 980 1095 1056 divini-timoris
1124 997 1393 1053 allectum.

622 1093 675 1144 Ξ.
731 1091 846 1145 Non
899 1106 1025 1159 ergo
1084 1090 1179 1144 has
1237 1089 1545 1145 affectiones
1599 1091 1876 1158 habendo,
1926 1093 2018 1148 sed
2065 1095 2143 1148 eis

551 1187 688 1240 male
712 1183 907 1238 utendo
928 1183 1458 1253 delinquimus.Quia
1481 1184 1834 1240 humanorum
1858 1187 2139 1243 alicctuutn

553 1279 850 1350 preprietas
889 1277 1116 1332 hominis
1173 1279 1372 1331 indicat
1423 1290 1441 1315 ε
1485 1278 1826 1344 Creatorem;
1883 1281 2136 1350 qualitas,

553 1373 578 1409 ιι
611 1373 803 1427 bonam
839 1372 918 1427 vel
965 1371 1155 1428 malam
1206 1370 1471 1440 signiﬁcat
1523 1372 1890 1436 voluntatem;
1940 1389 2001 1426 ac
2040 1375 2138 1438 sic,

550 1474 728 1519 motus
760 1463 810 1518 lii
841 1465 926 1528 qui
977 1463 1027 1516 in
1065 1474 1085 1500 ε
1117 1463 1426 1516 hominibus
1464 1461 1774 1517 all‘ectiones
1803 1473 1945 1527 sunt,
1978 1465 2138 1520 iidem

551 1559 651 1628 ipsi
684 1557 735 1612 in
768 1558 903 1613 bene
935 1558 1208 1616 utentibus
1231 1557 1476 1622 virtutes,
1503 1565 1555 1612 et
1588 1558 1638 1611 in
1670 1557 1808 1612 male
1837 1559 2138 1612 viventibus

548 1652 848 1722 passiones,
875 1651 986 1706 sive
1007 1650 1458 1720 perturbationes,
1481 1659 1588 1715 aut,
1615 1659 1672 1704 ut
1694 1650 1905 1721 quidam
1930 1652 2135 1714 volunt,

547 1743 889 1812 tegritudines
921 1743 1070 1798 ﬁunt.
1107 1742 1213 1799 Nec
1258 1741 1510 1800 audiendi
1552 1753 1675 1796 sunt
1707 1740 1892 1807 Stoici,
1927 1744 2018 1814 qui
2045 1758 2136 1798 eas

2252 533 2596 603 distinguitur
2625 535 2691 591 de
2741 553 2846 608 quo
2883 538 3013 594 dicit
3061 540 3390 610 Apostolus:
3427 543 3600 600 Timor
3644 565 3747 602 non
3779 560 3851 603 cst

2253 626 2304 677 in
2325 627 2559 692 caritate,
2605 630 2694 681 sed
2737 633 2958 700 perfecta
3015 633 3199 686 caritas
3241 635 3382 703 foras
3413 637 3566 690 mittit
3619 641 3849 695 timorem

2253 714 2305 785 (Ι
2327 713 2481 772 Joan.
2514 733 2586 782 tv,
2618 718 2730 792 18).
2762 719 2897 787 Quia
2922 720 3011 785 ille
3033 737 3256 792 peccare
3281 726 3527 783 volentes
3547 729 3786 787 deterret
3817 749 3844 788 a

2252 809 2410 872 malo,
2433 817 2487 863 et
2513 807 2873 867 invitos’tenct
2897 813 2950 867 in
2979 813 3148 880 bono;
3180 816 3282 871 iste
3312 827 3487 874 autem
3505 819 3574 875 dc
3595 837 3702 891 quo
3720 823 3844 881 dicit

2250 904 2532 971 propheta,
2585 904 2686 969 Qui
2725 907 2835 959 sine
2882 908 3062 962 timore
3111 918 3202 975 est,
3228 927 3331 965 non
3371 923 3535 980 potest
3563 917 3844 987 justificari

2251 991 2447 1064 (Eccli.
2481 1010 2518 1063 i,
2552 994 2680 1064 28),
2714 997 2881 1066 magis
2904 998 3236 1055 incremento
3267 997 3282 1037 ι
3314 1004 3552 1059 caritatis
3583 1017 3837 1074 augetur;

2247 1097 2301 1140 ct
2329 1087 2485 1143 aliter
2511 1091 2628 1159 quis
2654 1091 2821 1156 timet,
2853 1108 2919 1147 ne
2944 1093 3140 1148 malum
3163 1110 3270 1166 quo
3292 1097 3545 1166 puniatur
3566 1100 3835 1164 incurrat;

2245 1179 2420 1246 aliter,
2458 1196 2524 1236 ne
2573 1182 2770 1236 bonum
2801 1197 2907 1252 quo
2929 1184 3227 1241 delectatur
3257 1189 3484 1244 amittat.
3519 1190 3632 1246 Non
3683 1194 3838 1264 igitur

2245 1275 2417 1328 omnis
2446 1275 2605 1328 timor
2634 1276 2817 1330 haberi
2847 1276 3006 1331 debet
3033 1277 3084 1330 in
3114 1278 3266 1344 vitio,
3297 1281 3391 1335 sed
3424 1280 3515 1337 ille
3541 1291 3745 1338 tantum
3774 1285 3838 1340 de

2246 1380 2352 1434 quo
2381 1365 2636 1434 scriptum
2665 1375 2747 1421 est
2781 1385 2793 1419 :
2828 1367 2961 1434 Quia
3007 1369 3158 1422 timor
3187 1386 3387 1437 poenam
3412 1372 3562 1428 habet
3594 1373 3660 1445 (Ι
3683 1374 3832 1431 Joan.

2247 1473 2314 1514 iv,
2356 1457 2421 1511 18
2456 1457 2495 1526 ).
2525 1456 2792 1513 Caeterum
2822 1460 2920 1514 iste
2945 1460 3012 1515 de
3038 1475 3144 1532 quo
3167 1461 3382 1530 dicitur,
3424 1463 3597 1518 Timor
3633 1467 3838 1522 Domini

2243 1550 2452 1620 expellit
2481 1562 2775 1618 peccatum;
2807 1563 2880 1620 et,
2909 1551 3009 1617 Qui
3048 1555 3161 1608 sine
3189 1556 3370 1611 timore
3401 1568 3494 1623 est,
3528 1576 3629 1613 non
3676 1574 3836 1630 potest

2231 1643 2547 1712 jiistiﬁcari;
2595 1654 2669 1712 et,
2705 1643 2882 1699 Timor
2928 1633 3136 1702 Domini
3179 1659 3406 1717 sanctus,
3445 1670 3745 1722 permanens
3784 1658 3835 1709 in

2240 1738 2486 1790 arculum
2516 1738 2693 1790 saeculi
2716 1755 2734 1792 :
2765 1756 2869 1793 non
2899 1750 2980 1794 est
3013 1742 3150 1796 inter
3173 1743 3299 1798 vitia
3329 1749 3713 1814 numerandus,
3743 1749 3835 1804 scd

547 1835 764 1906 penitus
799 1834 814 1871 τ
851 1835 1112 1898 eradicari
1169 1847 1323 1902 posse
1349 1879 1362 1902 ,
1403 1844 1455 1887 et
1497 1833 1695 1888 debere
1748 1834 2079 1888 contendunt
2118 1854 2129 1888 :
2163 1826 2210 1886 B
2241 1834 2415 1899 potius
2444 1831 2818 1900 intelligendus
2849 1844 2928 1888 est
2957 1835 3102 1890 vitiis
3129 1838 3392 1892 inimicus.

546 1926 796 1997 quoniam
828 1926 1046 1986 omnino
1081 1927 1260 1990 nullus
1287 1935 1371 1980 est
1408 1939 1620 1992 sensus,
1652 1926 1737 1979 ubi
1773 1926 2017 1994 timendi,
2055 1927 2139 1981 vel

546 2019 799 2084 dolendi,
861 2019 1143 2089 cupiendi,
1188 2019 1299 2073 sive
1329 2018 1591 2088 gaudendi
1635 2017 1812 2076 nullus
1865 2019 2138 2073 invenitur

548 2113 790 2174 allectus.
824 2112 1060 2181 Denique
1087 2112 1234 2181 quasi
1268 2123 1320 2164 et
1352 2110 1498 2179 ipsos
1532 2111 1820 2179 paeniteret
1870 2127 1981 2165 sua:
2011 2127 2134 2166 sen-

547 2209 750 2272 tcntizc,
785 2214 1006 2274 excepta
1059 2204 1298 2272 tristitia,
1329 2218 1488 2273 quam
1545 2201 1737 2256 cadere
1791 2203 1841 2256 in
1879 2203 2137 2273 sapientis

544 2299 780 2354 animum
807 2306 1024 2366 negant,
1052 2305 1074 2342 ε
1107 2297 1342 2365 reliquos
1370 2293 1598 2353 alfectus
1619 2292 1672 2359 ιι,
1704 2295 2009 2348 nominibus
2039 2295 2137 2348 im-

545 2391 782 2454 mutatis,
837 2391 1013 2444 incsse
1061 2387 1395 2458 sapientibus
1434 2387 1617 2440 dicunt
1651 2404 1660 2437 :
1692 2386 1990 2441 cautionem
2041 2377 2136 2455 pro

544 2485 756 2547 timore,
788 2499 882 2552 pro
913 2481 1093 2536 laztitia
1125 2462 1400 2550 gaudium,
1434 2489 1484 2533 et
1516 2478 1840 2532 voluntatem
1866 2493 1962 2547 pro
1988 2479 2135 2547 cupi-

546 2579 716 2632 ditate
748 2584 1028 2646 ponentes.
1062 2574 1218 2639 Quasi
1265 2572 1479 2641 sapiens
1510 2586 1612 2626 non
1655 2572 1859 2639 timeat,
1909 2570 2001 2625 sed
2049 2587 2137 2625 ca-

545 2681 670 2724 veat
695 2688 707 2734 ;
737 2679 791 2726 et
819 2669 964 2734 velit,
1008 2683 1112 2723 non
1143 2668 1355 2736 cupiat;
1390 2681 1489 2720 nec
1543 2667 1752 2719 lzetetnr
1778 2664 1828 2719 in
1862 2665 1961 2718 hac
2004 2665 2131 2728 vita,

544 2763 638 2825 sed
668 2761 914 2832 gaudeat.
947 2760 1056 2813 Non
1089 2767 1263 2812 autem
1297 2757 1522 2811 credunt
1550 2757 1666 2824 ejus
1694 2755 1996 2810 contristari
2016 2755 2132 2807 aui-

515 2869 718 2917 -mum,
765 2851 904 2922 quod
955 2851 1188 2916 tristitia,
1223 2865 1341 2918 qua:
1374 2848 1618 2902 accidere
1660 2849 1796 2902 solet
1839 2863 1902 2900 ex
1937 2845 1954 2883 ί
1989 2863 2135 2900 com-

553 2945 719 3002 misso
749 2952 990 3016 peccato,
1024 2943 1343 3012 sapientem,
1377 2955 1533 3009 quem
1575 2947 1760 3007 putant
1801 2938 2003 2992 nullum
2038 2937 2131 2990 lia-

547 3037 673 3093 bere
702 3023 999 3106 peceatum,
1042 3035 1316 3090 stimulare
1348 3048 1451 3087 non
1485 3032 1651 3100 possit
1682 3030 1854 3101 aliqua
1885 3029 2135 3084 recorda-

547 3134 694 3188 tione
715 3119 941 3202 peéeati.
967 3127 1117 3194 Quod
1143 3141 1261 3182 esse
1291 3125 1639 3180 vanissimum
1665 3123 1924 3177 Dominus
1952 3133 2136 3175 noster

2309 1923 2363 1976 ll.
2396 1931 2434 1958 η’
2467 1922 2582 1977 Jam
2627 1924 2752 1978 illud
2796 1927 2936 1996 quod
2970 1927 3173 1995 dicunt,
3212 1929 3344 1985 Boni
3369 1933 3572 2001 volunt,
3599 1935 3721 1990 mali
3745 1951 3835 1990 cu-

2242 2014 2422 2082 piunt;
2452 2016 2553 2076 vel,
2590 2015 2719 2070 Boni
2764 2017 3016 2085 gaudent,
3046 2021 3173 2074 mali
3217 2020 3468 2076 laetantur
3496 2040 3511 2079 :
3541 2027 3660 2094 quis
3692 2041 3836 2083 sana:

2243 2105 2436 2160 mentis
2465 2115 2490 2142 τι
2523 2109 2802 2163 admittat?
2832 2110 2939 2164 imo
2979 2110 3099 2182 quis
3127 2124 3255 2165 sana
3289 2122 3467 2168 mente
3518 2131 3622 2170 non
3655 2117 3836 2172 redar-

2239 2201 2406 2267 gnat?
2436 2201 2567 2254 Cum
2600 2211 2652 2255 et
2698 2201 2970 2272 Scriptura
3003 2191 3183 2260 nostra
3233 2206 3505 2263 hominem
3558 2210 3714 2267 malae
3742 2227 3835 2268 vo-

2242 2291 2457 2344 luntatis
2485 2295 2728 2361 increpet
2754 2294 2970 2358 dicens;
3002 2295 3127 2350 Noli
3157 2297 3283 2352 velle
3303 2300 3506 2354 mentiri
3524 2317 3673 2356 omne
3692 2321 3835 2358 mn-

2240 2382 2439 2434 dacium
2473 2383 2672 2449 (Eccli.
2727 2401 2820 2452 vu,
2856 2385 2993 2452 M);
3028 2396 3084 2442 et
3126 2387 3336 2462 Tullius.
3360 2399 3542 2447 orator
3570 2395 3835 2464 amplissi-

2241 2489 2359 2527 mus
2389 2476 2731 2543 cupiditatem
2775 2489 2938 2548 ponat
2970 2489 2993 2514 υ
3045 2480 3094 2534 in
3129 2480 3293 2548 bono,
3327 2484 3414 2538 ubi
3443 2484 3609 2540 dicit:
3643 2487 3836 2558 Cupio,

2241 2579 2420 2635 patres
2451 2571 2762 2640 conscripti,
2811 2587 2897 2626 me
2941 2587 3061 2628 esse
3091 2574 3410 2630 clementem
3461 2577 3640 2649 (Tull.
3675 2580 3762 2634 lib.
3796 2597 3834 2650 ι,

2241 2659 2432 2712 Iut'ect.
2482 2663 2533 2713 in
2579 2660 2802 2732 Catil.);
2851 2673 2903 2718 et
2948 2665 3086 2734 apud
3136 2667 3256 2722 illos
3287 2666 3538 2740 Virgilius
3594 2671 3743 2741 (Lib.
3779 2689 3832 2728 vr

2242 2751 2486 2816 Afueid.,
2521 2771 2647 2807 t'crs.
2684 2754 2819 2819 752)
2853 2757 3102 2826 gaudium
3132 2761 3420 2830 vituperet,
3446 2763 3631 2822 dicens
3659 2783 3671 2818 :

2331 2845 2470 2898 Hinc
2499 2858 2756 2915 metuunt,
2786 2851 3096 2922 cupiuntque
3122 2899 3136 2924 ,
3173 2854 3365 2918 dolent,
3399 2858 3738 2929 gaudentque.

2313 2937 2440 2990 Item
2465 2954 2583 2991 cum
2616 2941 2665 2993 in
2692 2942 2889 2995 malum
2920 2945 3072 2998 mala:
3099 2955 3125 2994 Ρ
3151 2949 3343 3002 mentis
3370 2949 3582 3017 gaudia,
3613 2961 3669 3005 et
3695 2955 3836 3022 apud

2242 3045 2336 3083 nos
2383 3032 2565 3084 l:r-titia
2596 3041 2822 3100 ponatur
2851 3045 2876 3084 ιι
2923 3037 2973 3088 in
3022 3036 3240 3105 bouum,
3293 3041 3554 3110 propheta
3583 3042 3832 3100 dicente:

2241 3123 2508 3177 [.mtamini
2528 3127 2578 3177 in
2605 3125 2846 3196 Domino,
2871 3138 2919 3182 et
2940 3131 3189 3186 exsultate
3200 3133 3334 3202 justi
3355 3133 3525 3204 (Psal.
3551 3153 3698 3205 χιιι,
3730 3140 3834 3208 ll).

545 3229 836 3284 secundum
869 3240 1084 3281 carnem
1117 3233 1270 3276 natus
1301 3219 1556 3284 ostendit,
1589 3218 1677 3288 qui
1721 3226 1774 3272 et
1804 3214 1974 3270 tristis
2017 3204 2132 3279 fuit,
2167 3205 2214 3268 C
2317 3217 2369 3271 5.
2415 3217 2643 3271 Proinde
2684 3233 2870 3273 omnes
2906 3220 3036 3290 justi
3069 3231 3120 3277 et
3150 3227 3267 3277 tota
3309 3239 3516 3280 morum
3556 3231 3837 3286 sanctitate

545 3329 599 3375 et
625 3319 769 3374 ﬂevit
791 3316 1004 3388 (Matth.
1029 3313 1290 3380 xxvt,37;
1324 3311 1450 3364 Luc.
1475 3327 1586 3380 xix,
1616 3309 1712 3374 41;
1738 3307 1986 3373 Joan.xr,
2008 3308 2131 3376 55);

545 3425 646 3468 nec
671 3419 846 3465 tamen
878 3423 942 3462 ea
971 3406 1182 3464 tristitia
1215 3419 1316 3474 qua
1342 3402 1508 3456 tristis
1535 3401 1652 3464 fuit,
1676 3400 1723 3456 ei
1754 3415 1818 3453 ex
1852 3398 1864 3447 i
1904 3400 2136 3468 peccatis

545 3508 656 3563 suis
694 3505 941 3571 accessit,
976 3503 1067 3572 qui
1111 3502 1229 3555 sine
1277 3507 1495 3568 peccato
1540 3504 1832 3563 conceptus
1876 3505 1928 3548 et
1958 3503 2134 3557 natus,

547 3617 651 3656 non
701 3600 874 3655 solum
919 3612 1022 3652 non
1054 3595 1314 3666 peccavit,
1344 3591 1438 3647 sed
1468 3591 1627 3644 etiam
1656 3602 1878 3658 peccare
1906 3603 2009 3641 non
2043 3601 2137 3656 po-

491 3691 497 3696 ’
546 3693 664 3749 tuit.

621 3783 673 3836 5.
712 3782 776 3836 Ut
805 3791 980 3834 autem
1010 3778 1075 3832 de
1105 3776 1214 3830 suis
1244 3788 1452 3844 quoque
1484 3769 1675 3825 litteris
1705 3770 1925 3823 istorum
1958 3768 2136 3824 revin-

547 3885 736 3932 cantur
767 3872 980 3943 ineptia:
1028 3869 1118 3935 qui
1149 3874 1336 3938 putant
1378 3863 1669 3933 sapientem
1699 3858 2023 3924 contristari,
2057 3860 2137 3914 vel

547 3969 735 4024 dolore
764 3981 868 4021 non
912 3977 1088 4033 posse,
1136 3960 1311 4028 legant
1356 3955 1480 4011 illud
1509 3955 1645 4025 quod
1677 3968 1860 4009 eorum
1892 3952 2136 4008 doctissi-

548 4077 666 4116 nius
695 4060 767 4114 ait
794 4078 804 4110 :
841 4078 856 4109 ι
894 4056 1027 4112 Nam
1058 4053 1277 4110 omnino
1308 4066 1412 4105 non
1441 4051 1642 4116 dolere,
1673 4063 1776 4102 non
1804 4048 1919 4102 sine
1945 4061 2136 4117 magna

548 4151 794 4211 mercede
820 4150 1078 4221 contingit
1123 4145 1470 4204 immanitatis
1511 4145 1560 4196 in
1595 4143 1792 4206 animo,
1823 4142 2055 4212 stuporis
2083 4141 2135 4195 in

546 4263 768 4318 corpore
799 4247 991 4318 (Cicer.
1025 4243 1112 4297 lib.
1143 4258 1199 4296 Ill
1227 4240 1438 4296 Tuscul.
1475 4239 1667 4305 Qucest.
1707 4238 1767 4290 de
1796 4235 2133 4306 indolentia).

547 4341 621 4392 De
651 4339 840 4391 timore
871 4346 1048 4389 autem
1072 4348 1228 4403 quem
1262 4322 1335 4384 illi
1370 4342 1573 4400 ponunt
1599 4332 1649 4383 in
1675 4329 1833 4393 malo,
1865 4327 2137 4397 Scriptura

547 4441 727 4485 nostra
755 4429 1009 4497 loquitur,
1037 4427 1218 4480 dicens
1245 4443 1255 4477 :
1289 4423 1465 4476 Timor
1491 4422 1695 4476 Domini
1720 4432 1944 4488 sanctus,
1970 4421 1993 4458 ι
2020 4437 2137 4492 per-

549 4540 759 4577 mancus
804 4523 856 4575 in
903 4519 1144 4575 saeculum
1195 4519 1368 4573 saeculi
1420 4517 1612 4588 (Psal.
1661 4533 1809 4583 xvm,
1862 4516 1979 4585 10).
2031 4515 2135 4572 Sed

624 4784 647 4812 α
683 4775 778 4829 Ms.
809 4787 964 4837 unus,
989 4771 1072 4840 qui
1100 4770 1254 4824 simul
1277 4769 1678 4824 contristamur.
1713 4769 1882 4832 Alius,
1913 4769 2133 4837 qui'ute-
2159 4771 2211 4830 D

551 4865 662 4902 runt
685 4846 1083 4899 contristaretur.

621 4919 645 4957 ι)
679 4918 802 4970 Mss.
835 4915 961 4978 duo,
991 4914 1066 4966 vel
1098 4913 1272 4966 divini.

624 5001 644 5028 ο
675 4989 841 5051 Alias,
874 4993 1160 5039 creaturam
1188 4999 1203 5035 :
1239 4982 1450 5046 melius,
1482 4991 1738 5035 naturam.

622 5066 644 5096 (⁸
673 5060 801 5113 Mss.
826 5068 1074 5126 quatuor,
1102 5055 1230 5107 bona
1257 5055 1332 5108 vel
1374 5055 1528 5105 mala.

624 5142 645 5169 ο
675 5131 772 5184 Ms.
802 5124 957 5192 unus,
987 5127 1039 5180 in
1068 5126 1297 5180 omnibus
1322 5143 1336 5189 ;
1372 5139 1467 5178 nec
1497 5124 1653 5177 male.

630 5202 646 5240 Γ
679 5201 803 5255 ΜΒ.
838 5209 968 5266 tres,
1001 5200 1257 5252 eradicare
1281 5204 1497 5266 possedet
1519 5195 1711 5248 debere.

624 5285 648 5321 κ
679 5274 804 5326 Mss.
839 5264 962 5332 duo,
996 5271 1214 5336 reliquos
1245 5278 1343 5320 tres
1369 5264 1602 5332 aﬁecttts.

625 5343 648 5380 ιι
684 5344 779 5396 Ms.
812 5356 968 5407 unus,
1004 5339 1236 5392 omnibus
1261 5339 1424 5413 inesse
1449 5337 1779 5407 sapimtilms.
1916 5407 1923 5413 ‘
2010 5407 2031 5413 ,η

631 5415 641 5449 ί
673 5413 767 5466 Ms.
799 5412 950 5466 Colb.
979 5426 1135 5474 unus,
1160 5424 1220 5462 ea:
1243 5407 1466 5460 admisso
1490 5416 1762 5474 peccato...
1788 5407 1944 5476 possit
1967 5407 2138 5470 aliqua

554 5484 837 5537 recordatio
866 5481 1076 5553 peccati.
1113 5479 1282 5544 Alius,
1327 5494 1428 5531 non
1458 5494 1604 5548 posse
1633 5479 1858 5547 aliquam
1898 5479 2138 5531 recordo-

556 5557 742 5606 tionem
773 5554 984 5622 peccati.

629 5628 642 5675 l
683 5622 776 5675 Ms.
812 5638 965 5686 unus,
991 5638 1052 5675 ex
1082 5631 1284 5690 peccato
1307 5633 1418 5672 suo.

629 5695 651 5731 ’ί
693 5693 789 5747 Ms.
815 5707 972 5755 unus,
998 5701 1271 5758 permanet.

635 5763 647 5802 ι
687 5761 846 5824 Editi,
877 5763 1118 5814 veritatis.
1155 5760 1277 5815 Mss.
1311 5761 1565 5830 quinque,
1596 5761 1844 5813 caritatis.

630 5845 666 5874 π’
699 5834 794 5889 Ms.
823 5847 979 5898 unus,
1019 5832 1148 5886 Nam
1180 5832 1328 5886 illud.
1360 5833 1526 5896 Alter,
1557 5830 1675 5885 Jam
1702 5831 1861 5884 aliud.

2242 3308 2480 3376 perfecti,
2514 3308 2628 3362 sine
2657 3310 2831 3380 aliqua
2859 3312 3159 3367 Stoicorum
3189 3315 3528 3372 distinctione
3543 3319 3836 3388 superflua,

2244 3402 2431 3454 timent
2462 3409 2514 3452 et
2541 3411 2750 3465 cavent,
2783 3403 2969 3458 volunt
2995 3414 3048 3460 et
3079 3407 3319 3477 cupiunt,
3357 3409 3604 3465 laetantur
3633 3424 3684 3467 et
3711 3427 3838 3482 gau-

2242 3492 2389 3558 dent,
2425 3496 2814 3550 contristantur
2845 3506 2898 3551 et
2927 3498 3134 3565 dolent,
3169 3502 3261 3556 sed
3295 3503 3516 3560 interest
3543 3513 3569 3544 ι
3603 3510 3828 3562 multum

2241 3587 2364 3654 quid
2400 3587 2622 3641 timeant
2667 3597 2759 3642 aut
2801 3601 3044 3655 caveant,
3085 3593 3248 3648 velint
3295 3604 3383 3649 aut
3427 3592 3668 3666 eripiant,
3700 3601 3840 3655 unde

2246 3681 2493 3733 Itetentur
2524 3693 2614 3734 aut
2641 3682 2925 3750 gaudeant,
2951 3685 3337 3742 contristentur
3357 3698 3448 3743 aut
3470 3689 3705 3746 doleant.
3735 3694 3840 3748 Me-

2243 3778 2398 3825 tuunt
2452 3772 2818 3828 luercdilatem
2868 3775 3015 3844 regni
3047 3776 3282 3831 ctelestis
3312 3780 3581 3846 amittere;
3614 3785 3841 3849 cupiunt

2242 3869 2306 3923 ad
2366 3870 2637 3924 caelestem
2703 3872 2924 3939 patriam
2988 3874 3314 3942 pervenire;
3377 3874 3554 3930 dolent
3604 3879 3838 3945 tentati,

2243 3963 2474 4031 gaudent
2505 3963 2570 4014 de
2605 3973 2625 3997 ε
2667 3964 3048 4020 tentationibus
3103 3965 3311 4022 liberati
3343 3985 3355 4021 :
3383 3983 3448 4038 ac
3483 3984 3574 4039 per
3606 3970 3732 4035 hoc,
3762 3987 3839 4026 re.

2243 4062 2326 4107 cla
2359 4069 2509 4106 mens
2543 4055 2558 4088 ί
2598 4063 2772 4110 rectos
2803 4055 2963 4110 habet
2989 4057 3230 4121 affectus.
3259 4074 3508 4130 perversa
3534 4076 3834 4131 perversos.

2320 4147 2371 4202 6.
2397 4147 2626 4201 Sanetus
2648 4148 2973 4219 Augustinus
2991 4147 3293 4222 episcopus,
3313 4169 3438 4209 acer
3461 4155 3694 4224 ingenio,
3715 4172 3838 4212 sua-

2243 4240 2321 4294 vis
2365 4240 2608 4309 cloquio,
2642 4241 2916 4296 saecularis
2962 4243 3276 4299 litteratoria
3309 4247 3532 4313 peritus,
3568 4251 3618 4303 in
3667 4249 3838 4304 eccle-

2242 4332 2468 4385 siasticis
2521 4332 2790 4386 laboribus
2820 4348 3104 4403 operosus,
3138 4336 3190 4390 iu
3225 4337 3548 4407 quotidianis
3592 4340 3837 4410 diSpnta-

2243 4424 2474 4479 tionibus
2503 4425 2701 4491 clarus,
2731 4427 2781 4480 in
2810 4419 3083 4482 omni’sna
3112 4431 3322 4485 actione
3345 4439 3372 4466 υ
3401 4433 3749 4502 compositus,
3783 4436 3838 4491 in

2242 4509 2576 4588 cxpeSitio’ne
2606 4529 2629 4554 τ
2665 4519 2784 4574 lidci
2816 4531 3016 4576 nostra:
3065 4521 3361 4579 catholicus
3388 4567 3403 4591 ,
3441 4527 3494 4580 in
3524 4529 3836 4598 quaestioni-

2311 4779 2335 4805 η
2367 4770 2511 4826 Edit.
2544 4770 2732 4838 l.ngd.,
2758 4771 2981 4824 admittit
3010 4771 3200 4837 animo,
3231 4772 3367 4841 quis,
3397 4781 3502 4826 etc.

2319 4851 2340 4875 ο
2375 4842 2495 4898 Mss.
2534 4850 2658 4906 tres,
2695 4843 2748 4894 in
2778 4844 2979 4898 bonum.

2322 4923 2344 4958 l‘
2377 4912 2516 4964 Edit.
2559 4913 2782 4976 l.ovan.,
2840 4915 2988 4966 mala?
3017 4915 3197 4980 gentis.
3232 4913 3424 4980 Lugd,
3459 4912 3590 4968 Item
3632 4931 3746 4971 eum
3787 4922 3839 4970 in

2248 4983 2436 5035 malum
2470 4983 2620 5035 malu’
2640 4984 2821 5035 utentis
2843 4985 3030 5052 gaudia
3059 4985 3200 5051 apud
3244 5001 3358 5048 nos,
3383 4995 3430 5038 et
3459 4985 3604 5040 bona:
3639 4986 3837 5039 lmtitim

2248 5065 2468 5122 ponatur
2497 5056 2545 5104 in
2560 5056 2771 5117 .bonum.
2807 5054 2861 5106 ltt
2901 5069 3000 5106 ms.
3035 5054 3422 5122 llegio'desunt
3452 5057 3584 5120 hinc,
3619 5073 3733 5111 cum
3788 5064 3842 5112 in

2250 5124 2458 5195 malum.
2520 5122 2796 5195 Matiolh.
2830 5139 2986 5188 unus,
3036 5123 3167 5178 Item
3202 5125 3353 5178 mala:
3399 5127 3578 5179 mentis
3619 5132 3840 5195 βωμίαν.

2247 5196 2394 5248 Alter
2416 5194 2591 5256 Colb.,
2624 5193 2747 5246 Item
2771 5204 2886 5246 sunt
2912 5203 2957 5248 et
2989 5196 3126 5248 mala
3164 5196 3343 5249 mentis
3369 5197 3580 5264 gaudia,
3613 5193 3660 5250 ct
3697 5218 3743 5260 (ιε
3770 5201 3843 5251 ml

2246 5282 2357 5327 nos,
2383 5275 2486 5319 clc.

2323 5347 2347 5384 (1
2383 5336 2508 5390 Mss.
2543 5334 2668 5398 duo,
2702 5336 2753 5387 in
2783 5336 2930 5390 bono.
2965 5335 3111 5392 Unus
3137 5351 3202 5390 ex
3233 5337 3333 5400 his,
3365 5338 3573 5406 ponitur
3602 5340 3654 5392 in
3679 5341 3839 5393 horto.

2322 5417 2339 5442 τ
2363 5407 2458 5459 Ms.
2481 5421 2636 5468 unus,
2673 5406 2861 5478 malum
2885 5408 3017 5474 quod
3041 5408 3269 5475 timeant,
3295 5407 3478 5462 bonum
3500 5410 3634 5478 quod
3658 5428 3716 5465 tte
3739 5414 3840 5466 int.

2319 5486 2336 5506 η
2369 5479 2462 5528 .\ls.
2497 5492 2655 5540 unus,
2689 5477 2751 5528 (le
2777 5479 3067 5531 tentationc.

2324 5554 2334 5582 ι
2378 5549 2498 5600 Mss.
2526 5558 2772 5614 quatuor,
2803 5559 2853 5600 et
2889 5548 3079 5616 Lugd.,
3105 5557 3266 5606 rectos
3293 5553 3383 5606 hos
3409 5551 3557 5606 habet
3596 5553 3838 5618 affectus.

2311 5627 2337 5653 υ
2367 5619 2462 5671 Ms.
2495 5633 2652 5682 unus,
2677 5629 2927 5689 comptus.
2965 5621 3098 5686 Duo,
3129 5633 3477 5690 compunctus.
3513 5623 3682 5692 Unus,
3711 5642 3842 5680 ton-

2242 5690 2420 5742 uictus.

2314 5770 2337 5796 ν
2371 5759 2532 5838 Editi,
2557 5762 2610 5813 in
2635 5762 2949 5838 expositione
2975 5778 3086 5838 sua:
3120 5762 3284 5838 Deest
3307 5780 3400 5838 sua
3437 5765 3488 5818 in
3535 5781 3666 5822 mss.
3701 5784 3842 5838 qut-

2242 5840 2382 5895 tuor,
2422 5832 2472 5884 in
2502 5845 2726 5902 quorum
2763 5831 2968 5893 duobus
3001 5834 3185 5897 habes,
3211 5834 3331 5902 ﬁdei
3363 5846 3572 5891 iunctm.
