4124 6350
307 311 412 396 Eii

1353 328 1440 384 DE
1481 325 1642 384 VITA
1681 323 2264 382 CONTEMPLATIVA
2303 324 2432 384 LIB.
2477 325 2562 381 III.

3496 325 3600 384 518

308 454 407 512 bus
435 449 777 508 absolvendis
801 443 1019 516 ‘acutus,
1048 447 1100 502 in
1127 442 1478 502 revincendis
1507 440 1774 496 haereticis
1804 440 1909 494 cir-
1936 444 1985 503 Α
2014 439 2272 506 manebit,
2306 440 2428 510 quia
2453 440 2505 494 in
2531 438 2785 494 suculam
2809 439 2988 495 smeuli
3014 438 3404 510 permanebunt
3423 439 3510 495 illa
3532 439 3601 496 ad

307 550 673 614 eumspectus,
709 551 762 598 et
795 550 820 578 ει
855 542 909 595 in
935 537 1268 608 explicandis
1300 535 1595 603 Scripturis
1634 532 1914 587 canonicis

309 646 529 702 cautus;
561 638 675 706 ipse
702 650 831 705 ergo
855 677 872 701 ,
901 649 1060 704 quem
1092 633 1142 686 in
1175 631 1257 686 his
1288 629 1482 685 libellis
1513 644 1609 698 pro
1637 627 1908 698 possibili-

313 740 424 786 tate
447 738 665 785 secutus
697 743 812 783 sum
833 773 848 795 ,
883 727 1020 781 banc
1044 725 1402 795 quaestionem
1429 763 1445 788 ,
1469 721 1539 776 de
1566 735 1669 790 qua
1699 720 1871 789 agitur
1895 763 1910 787 ,

311 821 416 876 hoc
437 819 600 875 modo
623 819 971 884 determinat,
997 817 1183 871 dicens
1207 833 1221 868 :
1251 833 1268 864 ι
1301 813 1366 868 Hi
1387 823 1590 881 motus,
1618 811 1670 866 hi
1693 810 1915 866 aﬁ‘cctus

315 914 378 970 de
407 926 589 967 amore
616 911 641 950 ιι
675 911 820 976 boni,
848 910 992 965 etde
1037 918 1222 963 saneta
1268 905 1491 961 caritate
1522 905 1798 959 venientes
1821 945 1836 970 ,
1869 906 1914 958 si

313 1004 442 1058 vitia
481 1003 714 1056 vocanda
746 1012 891 1065 sunt,
936 1001 1176 1054 sinamus
1205 1007 1261 1053 ut
1309 1014 1372 1052 ea
1415 1013 1533 1066 quae
1568 1007 1589 1034 ο
1618 1011 1747 1051 vere
1791 996 1914 1048 vit-ia

314 1105 440 1151 sunt
487 1094 711 1149 virtutes
755 1103 1033 1148 vocentur.
1082 1091 1188 1146 Sed
1233 1104 1355 1144 cum
1407 1101 1611 1144 rectam
1656 1089 1915 1143 rationem

316 1187 342 1226 ἰ
375 1198 668 1258 sequantur
698 1188 812 1240 ista:
837 1185 1168 1250 allectiones,
1195 1181 1410 1252 quando
1439 1191 1497 1236 ut
1522 1189 1733 1251 oportet
1761 1181 1914 1235 adhi—

316 1284 530 1347 bentur,
561 1281 681 1350 quis
712 1294 803 1334 eas
837 1288 962 1332 tunc
998 1287 1022 1315 ο
1053 1279 1272 1331 morbos
1301 1285 1356 1331 et
1385 1274 1605 1329 vitiosas
1638 1274 1916 1341 passiones

316 1372 508 1426 audeat
537 1371 718 1427 dicere
750 1371 919 1442 (Aug.
956 1371 1046 1423 lib.
1082 1385 1170 1422 xw
1202 1369 1266 1421 de
1295 1366 1446 1421 Cirit.
1482 1364 1578 1421 Dei
1602 1384 1718 1435 cap.
1749 1365 1854 1436 9)?
1895 1387 1911 1417 ι

317 1467 465 1531 Quas
491 1465 892 1520 aII'eclioncs-ul
917 1477 986 1517 ex
1039 1461 1381 1516 mortalitatis
1405 1460 1714 1515 conditione
1763 1460 1920 1514 nobis

321 1557 498 1611 inesse
531 1564 878 1618 monstraret,
909 1564 963 1609 et
1000 1553 1127 1607 huic
1164 1552 1286 1606 vita:
1317 1551 1667 1614 necessarias,
1704 1567 1808 1606 non
1841 1550 1922 1604 fu-

321 1658 454 1702 turae
476 1688 488 1706 .
523 1656 642 1716 post
671 1645 942 1715 aliquanta
968 1644 1105 1698 idem
1141 1643 1329 1698 doctor
1377 1641 1638 1711 adjungit,
1671 1654 1722 1697 et
1754 1642 1918 1696 dicit:

327 1760 344 1790 ι
390 1740 562 1793 Etiam
614 1755 736 1793 cum
768 1748 941 1794 rectas
971 1747 1024 1791 et
1071 1736 1363 1793 secundum
1399 1737 1567 1791 Deum
1617 1735 1634 1773 ί
1669 1736 1924 1791 habemus

2017 548 2138 601 qua:
2162 533 2322 587 timor
2345 533 2458 602 ipse
2479 535 2810 603 perduxerit.

2556 625 2781 682 CAPUT
2824 626 3060 682 XXXIII.

2026 742 2257 817 Qualiter
2281 744 2486 796 virtutes
2505 757 2724 814 quatuor
2735 762 2850 817 qua!
2871 745 3022 799 dictae
3037 755 3151 800 sunt
3172 746 3497 816 principales,
3519 758 3608 802 aut

2090 816 2141 866 in
2165 817 2402 881 ιιι-ωεξηιί
2422 830 2510 869 nos
2530 832 2564 867 τι
2587 816 2790 880 peccato
2813 818 3110 885 defendant,
3143 829 3232 870 aut
3267 819 3319 871 in
3365 828 3608 873 (uernum

2092 886 2352 938 nobiscum
2383 886 2492 938 sine
2516 886 2625 940 ulla
2651 896 2855 956 peccato
2885 898 3239 955 permaneant.

2096 1001 2143 1051 l.
2181 997 2347 1052 Porro
2404 999 2509 1053 illze
2557 1001 2780 1054 virtutes
2826 1008 3052 1068 quatuor
3099 1001 3166 1055 de
3207 1001 3396 1070 quibus
3446 1017 3610 1074 pauca

2023 1093 2307 1163 perstrinxi
2335 1133 2349 1156 ,
2386 1102 2409 1127 υ
2441 1093 2538 1147 eisi
2588 1093 2654 1146 illi
2702 1101 2861 1148 erunt
2884 1133 2900 1161 ,
2931 1095 3090 1162 longe
3119 1102 3294 1150 tamen
3321 1096 3425 1150 alio
3455 1098 3612 1151 modo

2019 1199 2178 1256 quam
2226 1184 2276 1238 in
2311 1185 2407 1238 hac
2439 1186 2542 1240 vita
2598 1196 2742 1253 sunt,
2776 1186 2862 1240 ubi
2894 1195 3078 1241 contra
3106 1187 3233 1242 vitia
3281 1188 3397 1244 sine
3445 1191 3610 1244 inter-

2022 1277 2277 1332 missione
2333 1276 2654 1346 emiﬁigurit,
2707 1288 2759 1331 et
2829 1292 2926 1346 pro
2974 1279 3090 1350 ipso
3153 1279 3373 1348 ancipiti
3437 1281 3612 1335 dubi-.13

2026 1379 2050 1416 ι’
2083 1369 2496 1424 eonccrtetionis
2531 1377 2750 1434 eventu,
2776 1370 2936 1425 modo
2967 1370 3342 1442 negligentes,
3367 1371 3456 1440 qui
3511 1372 3613 1426 sibi

2027 1461 2211 1514 nolunt
2235 1461 2474 1524 obedire,
2490 1463 2817 1527 destituunt;
2847 1463 3008 1518 modo
3027 1465 3092 1518 ad
3115 1465 3268 1529 alios,
3289 1464 3482 1534 quibus
3502 1465 3614 1518 dis-

2028 1553 2224 1622 plicent
2267 1569 2360 1606 sua
2389 1563 2624 1622 peccata,
2657 1556 2738 1608 vel
2771 1555 3052 1621 accedunt,
3087 1566 3113 1605 ς
3150 1559 3257 1611 Deo
3299 1553 3610 1622 miserante,

2027 1645 2109 1700 vel
2137 1645 2378 1700 redeunt.
2403 1644 2536 1698 Nam
2561 1646 2630 1699 ibi
2653 1647 2753 1702 etsi
2781 1648 2882 1701 erit
2906 1647 3278 1717 temperantia,
3305 1663 3409 1703 non
3440 1659 3494 1702 ut
3523 1649 3618 1705 d'e-

2029 1739 2223 1811 sideria
2272 1740 2409 1793 mala
2440 1739 2524 1793 vel
2569 1741 2692 1793 vitia
2744 1740 2978 1794 refrenet
3012 1750 3032 1777 τ
3066 1748 3157 1795 aut
3183 1742 3388 1806 vincat;
3427 1741 3521 1796 sed
3560 1743 3622 1797 ut

328 1832 426 1884 has
456 1831 788 1898 aﬂ‘ectioncs,
820 1829 976 1900 hujus
1007 1831 1130 1884 vitae
1160 1839 1304 1894 sunt,
1337 1844 1445 1885 non
1478 1829 1620 1884 illius
1646 1844 1805 1899 quant
1840 1828 1922 1883 fu-
1957 1839 1999 1896 Β
2030 1845 2143 1897 eos,
2177 1845 2308 1902 quos
2354 1830 2439 1884 hic
2472 1830 2540 1885 ab
2571 1840 2592 1864 ³
2637 1832 3058 1901 intemperantia:
3087 1833 3480 1902 lmpugnatione
3529 1831 3623 1886 de-

332 1934 502 1977 turam
532 1937 812 1994 speramus
845 1922 1068 1994 (Ibid).
1103 1941 1120 1973 ›

885 2014 1111 2070 CAPUT
1152 2014 1366 2069 XXXII.

235 2180 246 2188 ,
327 2127 477 2193 Quod
527 2131 578 2180 lii
621 2129 854 2196 a/I’ectus,
905 2131 1012 2182 sine
1063 2132 1247 2198 quibus
1290 2147 1342 2183 ιη
1375 2130 1470 2182 hac
1516 2131 1615 2191 vita
1647 2139 1778 2183 recte
1824 2147 1924 2182 non

357 2259 362 2266 _
401 2199 581 2252 vivitur
609 2200 662 2251 in
698 2201 787 2251 illa
814 2201 991 2267 futura
1030 2203 1342 2252 beatitudine
1390 2217 1489 2254 non
1543 2203 1664 2265 sint,
1693 2215 1804 2269 qum
1836 2216 1924 2254 nec

397 2271 626 2323 timorem
654 2270 894 2322 habitura
925 2281 1018 2336 est,
1050 2287 1140 2323 nec
1165 2272 1414 2325 dolorem.

398 2386 476 2438 Ac
506 2385 583 2438 sic
615 2383 719 2437 nisi
753 2399 816 2438 ex
851 2385 1160 2440 conditione
1190 2395 1384 2442 nostra:
1410 2385 1737 2439 inﬁrmitatis
1767 2385 1922 2439 nobis

325 2479 569 2532 inessent
597 2478 820 2532 allectus
856 2479 980 2544 isti,
1020 2492 1290 2549 nunquam
1324 2481 1636 2549 plerumque
1677 2481 1925 2546 dolendo,

326 2573 412 2626 vel
465 2570 639 2624 flendo
684 2571 765 2624 eis
796 2581 819 2617 κ
848 2573 1168 2626 cedcrcmus
1222 2573 1394 2626 inviti.
1429 2573 1532 2627 Sed
1589 2573 1787 2628 idcirco
1836 2589 1932 2628 eos

327 2661 456 2716 huic
487 2661 819 2716 necessarios
848 2663 969 2715 vitm
995 2663 1273 2725 sentimus,
1302 2663 1425 2732 quia
1463 2663 1513 2715 in
1551 2662 1648 2717 hac
1695 2666 1931 2716 mortali-

328 2766 440 2809 tate
471 2757 587 2812 sine
629 2755 708 2810 eis
744 2756 965 2816 omnino
997 2767 1145 2812 recte
1191 2771 1295 2810 non
1332 2758 1582 2811 vivimus.
1631 2757 1856 2823 Quando
1887 2757 1930 2810 si

328 2864 440 2904 non
486 2849 670 2906 timeat
700 2851 926 2920 quisque
961 2851 1042 2903 vel
1083 2861 1287 2913 caveat,
1323 2867 1391 2906 ne
1419 2861 1510 2904 aut
1542 2852 1654 2918 ipse
1698 2852 1932 2920 quandiu

333 2941 639 2995 mortalitcr
664 2939 686 2976 ιι
717 2944 861 3006 vivit,
889 2954 978 2995 aut
1019 2942 1155 2996 alius
1191 2958 1346 3012 quem
1404 2943 1454 2996 in
1501 2943 1715 2997 Christo
1742 2944 1930 3013 diligit,

339 3031 354 3070 ί
387 3047 414 3084 a
443 3032 545 3086 ﬁde
569 3047 662 3085 sua
687 3032 930 3096 deﬁciat;
957 3034 1000 3087 si
1029 3049 1123 3088 nec
1153 3033 1218 3087 de
1244 3049 1360 3098 suo,
1383 3049 1481 3088 nec
1508 3034 1574 3087 de
1606 3034 1828 3102 proximi
1851 3035 1934 3088 sui

332 3136 558 3194 peccato
583 3125 954 3189 contristetur,
988 3139 1088 3179 nec
1115 3125 1312 3190 doleat,
1347 3125 1415 3179 de
1457 3125 1697 3194 profectu
1727 3128 1934 3180 lmtctur

2034 1922 2218 1988 tendit,
2254 1922 2321 1976 ibi
2351 1921 2590 1990 perﬁciat
2617 1941 2626 1973 :
2665 1931 2720 1978 ut
2749 1938 2820 1980 ex
2847 1923 2991 1979 omni
3023 1934 3172 1994 parte
3204 1924 3452 1995 perlectis
3481 1939 3621 1993 prac-

2033 2016 2122 2070 mii
2155 2017 2234 2069 sui
2273 2017 2424 2070 beata
2462 2018 2476 2050 ι
2517 2016 2789 2084 perceptio
2822 2014 3057 2084 perfecte
3077 2013 3339 2081 sufficiat.

2100 2107 2153 2158 2.
2190 2114 2215 2139 υ
2250 2103 2325 2158 lbi
2355 2106 2457 2159 erit
2487 2114 2541 2158 et
2570 2106 2730 2158 animi
2767 2103 3058 2169 fortit'udo;
3093 2119 3196 2160 non
3229 2116 3286 2160 ut
3309 2107 3483 2175 aliqua
3516 2122 3626 2161 ma-

2029 2198 2076 2251 la
2107 2199 2397 2267 propulset,
2433 2208 2521 2251 aut
2551 2199 2922 2267 aequanimiter
2951 2198 3104 2263 ferat,
3139 2199 3232 2259 sed
3258 2207 3314 2254 ut
3341 2199 3456 2253 sine
3505 2200 3626 2255 ullis

2034 2291 2184 2345 malis
2212 2279 2394 2346 b'eatds
2425 2289 2632 2346 fortitcr
2661 2294 2709 2344 in
2741 2303 2946 2350 aeterno
2976 2293 3118 2348 bono
3146 2293 3436 2350 contineat.
3472 2293 3543 2348 Ibi
3574 2293 3628 2350 in

2033 2385 2278 2440 omnibus
2309 2386 2559 2454 perfectis
2588 2388 2690 2441 erit
2720 2388 2949 2454 perfecta
2980 2388 3184 2455 justitia
3208 2429 3220 2449 ,
3255 2403 3360 2441 non
3389 2397 3447 2440 ut
3490 2388 3627 2441 inter

2037 2477 2259 2531 virtutes
2291 2478 2561 2532 discernat
2591 2487 2643 2532 et
2676 2478 2822 2542 vitia,
2853 2479 2942 2534 ubi
2989 2494 3089 2533 nec
3142 2480 3251 2547 ipsa
3283 2489 3437 2534 erunt
3468 2489 3490 2514 ν
3520 2479 3628 2546 jam

2037 2584 2260 2639 corpora
2288 2571 2510 2633 vitiasa;
2543 2570 2637 2624 sed
2667 2581 2720 2623 ut
2744 2571 2996 2639 perfectis
3024 2573 3240 2639 prmmia
3273 2571 3468 2625 tribuat
3490 2585 3631 2624 sem-

2041 2664 2263 2732 piterna.
2297 2664 2446 2730 Quod
2479 2676 2604 2718 tunc
2638 2667 2744 2728 liet,
2780 2666 2994 2734 quando
3024 2664 3167 2718 omni
3198 2665 3631 2732 concupiscentia

2038 2760 2235 2812 (Μητιιὶ
2259 2768 2596 2828 consumpta,
2621 2769 2717 2813 nec
2741 2758 2996 2813 adversus
3019 2773 3234 2814 carnem
3262 2757 3500 2826 spiritus,
3533 2773 3632 2813 nec

2039 2866 2164 2905 caro
2192 2853 2448 2906 adversus
2477 2868 2518 2919 si
2543 2851 2719 2905 iritum
2747 2851 3089 2918 concupiscet
3113 2853 3128 2916 (
3150 2848 3269 2903 Gal.
3299 2865 3352 2909 ν,
3381 2838 3472 2915 I7)
3498 2866 3510 2912 ;
3537 2847 3631 2903 sed

2039 2944 2248 2996 animus
2303 2943 2409 2997 Deo
2439 2943 2728 3011 subjectus,
2762 2956 2883 2996 cum
2933 2955 3094 2997 carne
3141 2938 3241 2994 s‘ibi
3293 2940 3530 3008 subjecm
3581 2940 3632 2994 in

2043 3051 2171 3106 pace
2221 3037 2546 3105 sempiterna
2601 3036 2863 3104 regiiabit,
2901 3044 2953 3090 et
2983 3034 3219 3087 Creatori
3267 3047 3362 3086 suo
3396 3034 3445 3086 in
3478 3042 3634 3086 reter-

2043 3145 2166 3182 num
2217 3128 2438 3182 feliciter
2475 3128 2788 3182 aillimrcbit.
2847 3127 2965 3180 Jam
3019 3127 3335 3192 prudentia,
3381 3141 3499 3194 qua:
3551 3127 3634 3181 hic

332 3231 430 3273 aut
457 3218 701 3289 gaudeat,
732 3220 776 3271 si
806 3218 934 3272 nihil
969 3218 1091 3272 boui
1118 3219 1246 3271 velit
1273 3229 1363 3274 aut
1385 3219 1560 3286 cupiat
1587 3235 1600 3282 ;
1628 3232 1733 3272 non
1762 3219 1932 3272 solum
1964 3224 2009 3286 ρ
2041 3235 2252 3290 quoque
2282 3220 2509 3274 habetur
2534 3221 2699 3283 clara,
2732 3220 2820 3274 ubi
2855 3221 2907 3274 in
2935 3220 3218 3287 mitigante
3246 3221 3474 3287 quodam
3509 3235 3635 3285 [πη-

333 3321 486 3367 recte
510 3327 611 3364 non
644 3311 800 3377 vivit,
833 3314 925 3364 sed
952 3310 1112 3364 etiam
1141 3323 1358 3364 sensum
1391 3309 1559 3378 ipsius
1589 3309 1936 3364 humanitatis

340 3403 559 3458 amittit.
588 3401 644 3456 In
671 3403 755 3456 illa
789 3411 968 3458 autem
995 3404 1104 3455 vita
1136 3403 1288 3456 beata
1313 3402 1376 3455 ad
1410 3416 1588 3471 quam,
1619 3412 1937 3470 consumpta

341 3498 490 3567 omni
521 3494 974 3565 corruptibilitate
1003 3499 1016 3544 i
1049 3509 1112 3549 ac
1155 3494 1504 3560 mortalitate,
1538 3493 1560 3530 ¹ί
1588 3493 1938 3563 pervenient,

281 3611 287 3616 ··
338 3593 648 3661 quicunque
675 3590 746 3645 ibi
780 3590 941 3644 futuri
968 3599 1113 3655 sunt,
1147 3586 1162 3626 ι
1192 3590 1279 3645 ubi
1307 3605 1405 3644 nec
1427 3589 1582 3645 ﬁctus
1603 3589 1742 3646 ullus
1765 3599 1940 3658 potest

340 3700 487 3752 esse,
532 3699 629 3739 nec
651 3684 922 3753 gemitus:
967 3683 1240 3738 habebunt
1280 3698 1467 3738 omnes
1505 3683 1673 3737 sancti
1701 3698 1939 3737 amorem

340 3779 644 3850 perfectum
669 3819 681 3843 ,
719 3779 964 3833 timorem
1002 3777 1238 3845 nullum,
1272 3787 1325 3831 et
1368 3779 1622 3847 gaudium
1659 3778 1941 3845 sempiter-

341 3889 500 3931 num.
541 3872 614 3926 Ibi
639 3881 674 3909 ιη
699 3872 776 3926 cis
815 3872 918 3927 erit
949 3871 1192 3926 voluntas
1236 3877 1402 3935 recta,
1453 3869 1718 3938 cupiditas
1763 3870 1938 3934 nulla,

343 3971 600 4042 quoniam
635 3967 858 4022 fruendo
887 3966 1200 4022 crelestibus
1228 3966 1399 4032 bonis,
1427 3965 1488 4018 ad
1518 3980 1637 4033 qua:
1663 3965 1944 4042 pervenire

344 4037 659 4132 cupiebant,
684 4059 812 4114 nihil
828 4059 906 4114 eis
927 4051 1262 4130 deerit'qnod
1289 4059 1514 4114 ulterius
1535 4037 1943 4127 concupiscant,

345 4164 403 4211 et
426 4155 478 4208 in
503 4153 588 4207 illa
609 4153 829 4222 regione
852 4162 1124 4221 perpetuae
1146 4153 1451 4206 securitatis
1469 4167 1530 4205 ac
1551 4151 1694 4219 pacis
1711 4150 1948 4218 perlecta

345 4250 519 4314 beati,
540 4262 636 4302 nec
663 4247 868 4302 timoris
887 4246 1132 4302 stimulos
1149 4248 1355 4316 passuri
1377 4257 1518 4311 sunt,
1551 4255 1578 4282 ιι
1603 4259 1700 4299 nec
1721 4244 1943 4298 doloris.

346 4341 456 4398 Sed
477 4343 640 4396 timor
663 4341 770 4403 ille,
797 4357 902 4396 non
921 4355 1081 4409 quem
1097 4339 1293 4421 caritas
1309 4339 1451 4392 foras
1473 4338 1655 4401 mittit,
1673 4335 1766 4390 se’d
1790 4349 1948 4405 quem

350 4438 550 4494 caritas
587 4437 769 4502 nutrit,
800 4435 921 4491 ideo
960 4435 1203 4490 fortassis
1247 4435 1300 4488 in
1330 4433 1583 4488 sarculum
1628 4431 1806 4486 saeculi
1833 4443 1952 4499 per-

436 4692 458 4719 “
495 4683 620 4738 Mss.
657 4692 785 4747 tres,
818 4698 871 4732 ιη
899 4681 1256 4748 explanandis.
1286 4680 1453 4740 linus.
1489 4681 1540 4733 in
1570 4679 1923 4747 explorandis.
1989 4689 2043 4750 1)

436 4754 458 4790 ι’
493 4755 587 4807 Ms.
619 4767 776 4817 unus,
812 4751 872 4804 dc
899 4767 1068 4804 amore
1092 4754 1238 4803 bona.

438 4836 458 4860 ε
495 4825 659 4889 Eiliti,
693 4839 810 4876 vera
841 4825 981 4875 vitia.
1018 4822 1113 4874 Ms.
1139 4821 1270 4890 Reg.
1297 4836 1456 4884 unus,
1493 4837 1604 4874 vere
1628 4821 1748 4873 cilia
1780 4830 1918 4874 siml.

434 4898 456 4931 ά
486 4897 610 4950 Mss.
629 4905 854 4965 quatuor
871 4904 922 4948 et
942 4893 1133 4962 Lugd,
1153 4905 1430 4963 sequuntur
1455 4910 1469 4947 ;
1496 4893 1545 4946 in
1567 4907 1694 4961 quo,
1712 4893 1793 4944 ubi
1811 4909 1960 4961 opor-

360 4977 462 5020 teat
495 4968 819 5020 adhibentur.

503 5038 592 5090 Sic
634 5055 732 5091 nis.
769 5051 903 5090 unus
933 5034 1084 5090 Colb.
1119 5044 1171 5089 et
1222 5035 1388 5104 Lugd.
1425 5034 1611 5100 editio,
1643 5043 1798 5102 atque
1822 5050 1957 5088 nova

363 5109 534 5162 editio
569 5124 789 5178 operum
839 5108 894 5162 S.
959 5106 1269 5178 Augustini,
1313 5105 1553 5178 tom.rX.
1601 5105 1704 5158 Alii
1746 5106 1958 5178 codices

364 5181 558 5243 nostri,
594 5177 849 5233 ntorbidas
879 5194 966 5231 seu
997 5178 1217 5231 ritiosas.
1255 5177 1330 5230 Ex
1358 5177 1507 5231 Coll).
1541 5189 1698 5242 unus,
1734 5177 1845 5240 quis
1872 5192 1956 5229 eas

367 5253 545 5304 morbo
575 5262 690 5304 tunc
721 5267 814 5304 suo
844 5251 1067 5303 vitiosas.

449 5321 466 5359 ί
501 5321 626 5375 Mss.
665 5333 792 5385 tres,
820 5320 1108 5386 habeamus.

447 5402 469 5438 Β
503 5393 591 5446 Sic
638 5413 664 5443 ιι
690 5409 764 5446 δέ.
805 5391 1058 5459 quinque.
1107 5391 1273 5452 Unus,
1325 5388 1732 5459 concederemus.
1795 5387 1952 5453 Editi,

369 5465 710 5518 crederemus.
743 5458 898 5516 Deest
928 5464 1000 5514 vel
1027 5461 1198 5530 ﬂendo
1231 5463 1280 5514 in
1315 5475 1412 5514 ms.
1445 5458 1596 5512 Colb.
1633 5461 1810 5511 unico.

445 5535 472 5570 ¹ι
499 5536 624 5592 Mss.
651 5536 779 5596 duo,
815 5549 910 5590 non
943 5533 1143 5586 vivitur.

454 5606 466 5643 ί
509 5607 776 5660 P-ut'liCttla
823 5622 854 5656 η
894 5605 1077 5658 aberat
1124 5603 1190 5658 ab
1230 5602 1423 5666 editis;
1468 5601 1693 5656 habetur
1725 5615 1786 5656 ex
1822 5617 1952 5656 mss.

371 5679 648 5750 quinquc._

449 5763 462 5800 t
513 5742 680 5812 Istud,
709 5763 768 5800 ac
791 5746 1117 5810 mortalitate,
1151 5746 1301 5799 abest
1333 5758 1361 5796 a
1389 5757 1517 5798 mss.
1551 5742 1806 5812 quinque.

450 5821 472 5858 ¹ί
509 5821 604 5876 Ms.
638 5832 795 5884 unus,
829 5819 1133 5885 pervenient.
1163 5817 1264 5870 Alii
1289 5831 1496 5878 omnes,
1524 5816 1832 5871 perveniunt.

2045 3312 2231 3364 dentes
2264 3311 2542 3366 illuminat.
2575 3311 2744 3379 qualis
2774 3311 2841 3365 ibi
2875 3310 2995 3376 erit,
3033 3311 3116 3362 ubi
3150 3320 3174 3345 ι
3204 3311 3479 3364 veritatem
3514 3325 3635 3379 pcr—

2049 3403 2198 3458 lectis
2227 3418 2363 3473 quos
2410 3403 2494 3458 hic
2521 3404 2637 3472 ejus
2683 3403 2957 3472 inquisitio
2984 3386 3288 3458 delectabat
3311 3444 3324 3469 ,
3356 3404 3470 3457 sine
3515 3403 3636 3456 ullis

2049 3499 2231 3568 ﬁguris
2263 3497 2574 3553 fallentibus
2606 3498 2996 3554 demonstrabit
3022 3515 3034 3552 :
3061 3508 3117 3550 ut
3147 3497 3442 3565 prudentia
3468 3511 3529 3549 ac
3553 3512 3638 3550 sa-

2050 3593 2262 3662 pientim
2314 3593 2551 3662 plenaria
2595 3602 2622 3639 θ’
2665 3590 3010 3661 perceptione
3057 3590 3306 3644 divinitus
3355 3589 3634 3654 illustrati,

2049 3685 2229 3740 omnia
2254 3684 2340 3739 illa
2367 3700 2486 3754 qua:
2518 3683 2602 3738 hic
2629 3683 2864 3750 perfecte
2893 3683 3178 3752 capiebant
3207 3693 3383 3748 nosse,
3419 3695 3516 3738 nec
3545 3696 3638 3750 po-

2050 3785 2243 3836 terant,
2276 3776 2392 3830 siae
2421 3776 2528 3829 ullo
2560 3776 2940 3845 impedimento
2963 3775 3322 3844 corruptionis
3349 3790 3410 3828 ac
3440 3783 3639 3827 morta-

2049 3870 2212 3923 litatis
2236 3878 2529 3938 agnoscant
2554 3886 2566 3932 ;
2600 3880 2655 3924 et
2683 3884 2786 3923 non
2810 3871 2980 3924 solum
3008 3878 3374 3924 creaturarum
3400 3869 3637 3923 omnium

2055 3973 2075 3999 ι
2111 3964 2367 4031 rationes,
2393 3964 2486 4018 sed
2515 3965 2672 4018 etiam
2704 3965 2870 4033 ipsam
2895 3964 2975 4018 sui
3001 3962 3270 4017 Creatoris
3295 3962 3638 4018 eminentiam

2054 4055 2188 4109 facie
2217 4056 2447 4108 revelat‘a
2477 4057 2848 4123 conspiciant?

2608 4146 2832 4201 CAPUT
2861 4145 3102 4199 XXXIV.

2313 4237 2408 4291 Ubi
2439 4253 2490 4290 se
2519 4238 2582 4291 de
2621 4247 2723 4292 toto
2754 4252 2902 4307 apere
2929 4236 3128 4289 locutor
3157 4241 3385 4288 excusat.

2134 4335 2179 4387 l.
2217 4331 2398 4400 Itaque
2421 4373 2433 4395 ,
2465 4333 2508 4384 si
2543 4331 2738 4400 placet,
2771 4330 2927 4398 hujus
2955 4343 3170 4399 quoque
3217 4326 3378 4381 libelli
3403 4325 3508 4395 jam
3539 4333 3645 4378 ter-

2060 4427 2236 4482 minus
2268 4426 2359 4479 ﬁat
2389 4441 2402 4478 :
2450 4437 2516 4478 ne
2541 4422 2770 4493 amplius
2797 4422 2943 4491 justo
2968 4421 3288 4491 productus.
3332 4433 3435 4473 non
3471 4417 3645 4472 solum

2145 4679 2160 4716 ι
2199 4678 2294 4734 Ms.
2321 4691 2480 4743 unus,
2507 4677 2574 4731 ibi
2605 4693 2712 4730 nec.
2835 4745 2846 4752 .
3181 4743 3190 4752 ο

2146 4760 2181 4785 ’τι
2218 4753 2342 4804 Mss.
2371 4759 2594 4819 quatuor
2619 4756 2801 4819 carent
2835 4745 2930 4800 hac
2957 4757 3104 4808 voce,
3145 4745 3232 4797 eis.

2143 4831 2166 4855 ιι
2200 4821 2292 4875 Ms.
2322 4818 2477 4884 unus,
2513 4834 2602 4869 nrr
2624 4818 2843 4870 dolores.

2144 4903 2166 4927 υ
2201 4892 2324 4946 Mss.
2352 4891 2556 4954 duo,'et
2580 4888 2647 4941 ibi
2675 4897 2840 4940 erunt.

2140 4974 2166 5011 ρ
2198 4961 2337 5017 Edit.
2368 4961 2559 5029 Lugd,
2590 4959 3004 5029 conversationis.

2142 5043 2166 5081 ‘1
2199 5037 2323 5088 Mss.
2350 5028 2478 5096 duo,
2504 5029 2726 5084 Domino
2751 5028 3038 5085 miserante.

2142 5113 2162 5140 τ
2201 5103 2294 5156 Ms.
2329 5118 2485 5168 unus,
2520 5118 2579 5153 ac
2605 5101 2784 5153 vincat.
2817 5100 2985 5165 Alter,
3015 5109 3063 5152 ut
3099 5097 3276 5168 rint-ot.

2143 5187 2161 5209 ³
2196 5174 2291 5227 Ms.
2318 5167 2526 5237 Cimb.,
2561 5173 2621 5224 ab
2657 5171 3059 5240 intv'mperantiw
3099 5167 3647 5240 morboimpugnantc.‘

2065 5247 2163 5300 Ms.
2187 5245 2339 5298 Colb.
2369 5260 2525 5307 unus,
2543 5244 2605 5296 ab
2636 5237 3041 5314 intemperantia:
3065 5240 3240 5292 morbo
3264 5237 3648 5307 impugnatiouc

2064 5316 2311 5383 defendit.

2144 5390 2156 5421 ί
2198 5386 2324 5440 Mss.
2355 5385 2480 5449 duo,
2516 5384 2850 5454 perceptione.

2135 5468 2160 5493 ιι
2194 5457 2353 5511 Editi.
2377 5445 2622 5509 lbienim.
2646 5445 2770 5508 Mss.
2793 5453 3043 5523 quinque,
3072 5449 3147 5501 lbi
3167 5448 3276 5500 erit.
3302 5447 3466 5513 Unus,
3486 5445 3644 5502 Ibiet.

2137 5541 2160 5564 ν
2192 5528 2318 5582 Mss.
2347 5527 2473 5590 duo,
2508 5544 2597 5581 nec
2618 5528 2727 5595 ipsa
2754 5536 2899 5577 rrnnt
2923 5535 3157 5592 corpora.

2142 5610 2165 5635 κ
2199 5600 2296 5654 Ms.
2331 5600 2539 5666 Camb.,
2566 5597 2772 5651 veritate
2793 5595 3054 5665 perfectos.

2138 5681 2166 5719 γ
2197 5669 2292 5724 Ms.
2322 5669 2530 5733 Camb,
2566 5667 2886 5736 perfectione.

2022 5743 2053 5764 "
2142 5752 2161 5777 ’-
2195 5740 2354 5806 Editi,
2385 5732 2665 5793 rationem.
2690 5737 2813 5790 Mss.
2849 5745 3058 5800 omnes,
3091 5749 3148 5800 ra
3173 5732 3340 5787 iones.
