4124 6350
356 370 464 461 λδιι

734 369 1106 429 ΛυΜΟΝΙΤΙο
1144 370 1211 433 ΙΝ
1248 370 1579 485 ιωξιιοε
1618 371 1709 429 DE
1746 369 1954 429 GENEl

2057 364 2204 427 DGIIS
2252 366 2340 426 ET
2379 369 2468 425 DE
2507 370 2831 429 COMPUTO
2870 370 3223 431 PASCHALI.

3517 379 3624 436 522

356 483 363 547 ἰ
432 483 861 556 Dignum‘etiam
907 482 1589 559 animaduersione—judico,
1638 486 1814 551 aﬂ'erri
1857 488 1938 541 hic
1968 482 2174 547 Aenim
2219 498 2430 552 regnum
2472 484 2743 539 obtinuisse
2780 496 3011 542 statuunt
3056 504 3192 543 anno
3238 504 3357 544 ara
3395 489 3626 562 vulgaris

362 578 615 634 nonnulla
636 596 700 635 ex
723 581 871 634 tertio
894 579 1023 635 libro
1058 578 1261 649 Esdra,
1289 596 1401 649 qua
1431 580 1583 650 facile
1612 580 1766 650 digna
1792 589 1941 633 erunt

362 670 605 725 lectorum
653 670 980 726 meditatione
1003 715 1019 740 ,
1059 680 1167 725 tum
1207 686 1269 725 ea:
1303 670 1607 740 antiquitate
1653 670 1941 739 scriptoris,

360 774 478 813 cum
503 761 657 835 etiam
684 761 820 829 quod
839 760 1156 831 intelligatur
1166 761 1282 832 jam
1304 769 1425 814 tunc
1448 761 1611 816 versio
1640 760 1811 827 aliqua
1841 758 1945 813 La-

362 853 470 906 tina
496 850 611 905 libri
641 850 800 920 huius
819 854 1086 908 exstitisse.
1120 851 1316 907 Nescio
1364 853 1573 924 insuper
1603 870 1670 906 an
1696 853 1829 907 alius
1877 852 1944 907 sit

362 941 605 996 vetustior
634 952 814 998 auctor
857 945 945 1016 qui
978 944 1094 999 libri
1140 944 1294 1015 hujus
1340 946 1644 1001 meminerit.
1678 943 1801 999 Cum
1828 961 1944 1000 vero

363 1029 544 1085 littera
564 1031 855 1088 Artaxersis
878 1050 942 1089 ex
963 1035 1069 1088 alia
1094 1035 1342 1100 versione,
1369 1052 1521 1104 quam
1550 1052 1683 1090 nunc
1706 1045 1862 1089 exstet
1891 1037 1944 1090 in

363 1122 550 1177 nostris
576 1121 763 1180 Bibliis
784 1164 800 1191 ,
831 1124 1067 1197 legantur
1086 1166 1101 1192 ,
1133 1125 1322 1179 deduci
1353 1126 1470 1179 hinc
1494 1136 1624 1180 recte
1653 1136 1814 1198 potest
1842 1143 1947 1181 ver-

362 1213 554 1267 sionem
581 1231 760 1271 novam
779 1214 935 1288 hujus
966 1216 1083 1271 libri
1111 1217 1538 1286 quemadmodum
1569 1232 1615 1270 et
1646 1218 1838 1287 factum
1874 1229 1945 1272 est

362 1304 428 1358 de
447 1305 563 1359 aliis
581 1304 643 1362 S.
670 1306 954 1376 Scriptura
981 1306 1148 1375 libris,
1179 1308 1483 1361 adornatam
1503 1298 1680 1377 fuiSse.
1712 1307 1945 1361 Resultat

363 1396 518 1451 etiam
547 1412 609 1451 ea:
648 1396 729 1453 his
769 1398 1001 1454 omnibus
1046 1400 1513 1468 interpretationem
1549 1401 1809 1453 nominum
1841 1399 1949 1454 Ile-

361 1482 650 1544 braicorum
676 1490 835 1544 aliam
857 1500 977 1544 tunc
998 1492 1250 1545 exstitisse
1267 1531 1282 1556 ,
1301 1507 1456 1560 quam
1475 1506 1589 1559 qua
1618 1508 1649 1544 a
1674 1490 1733 1545 S.
1752 1489 1941 1544 Hiero-

359 1576 518 1650 nymo
542 1580 773 1652 evulgato
799 1594 904 1636 est."
926 1580 1037 1635 Nec
1066 1583 1216 1651 facile
1241 1584 1391 1635 credo
1430 1582 1561 1635 hanc
1603 1582 1765 1648 ipsam
1795 1582 1948 1635 inter-

358 1670 699 1741 pretationem
734 1670 799 1724 ab
843 1672 1058 1739 ipsomet
1105 1689 1360 1741 anonymo
1409 1672 1644 1741 primitus
1684 1672 1949 1726 inductam

360 1773 493 1826 esse,
517 1761 606 1815 sed
636 1762 889 1830 accepisse
916 1777 979 1815 es:
1005 1778 1098 1815 sua
1142 1761 1331 1815 Latina
1355 1764 1578 1816 versione
1596 1801 1611 1828 ,
1641 1761 1717 1815 vel
1749 1762 1812 1815 ab
1840 1763 1946 1816 alio

2047 574 2172 629 429.
2199 573 2409 628 Nodum
2438 576 2571 630 hunc
2601 595 2919 650 nequaquam
2947 582 3242 636 solverimus
3260 621 3277 649 ,
3303 566 3405 637 nisi
3429 582 3622 639 Cense-

2046 664 2208 719 ricum
2238 665 2371 719 hunc
2412 669 2737 724 statuerimus
2757 670 2941 741 prioris
2969 672 3110 727 illius
3134 670 3393 728 Genserici
3419 690 3622 731 succes-

2045 773 2237 837 sorem,
2254 767 2302 813 et
2322 760 2453 829 forte
2478 762 2707 815 eumdem
2731 779 2839 817 esse
2863 780 2976 817 cum
3006 782 3063 819 eo
3090 782 3237 837 quem
3260 776 3450 823 veteres
3476 766 3626 824 Hun-

2045 850 2267 903 nericum
2297 852 2555 922 appellant
2603 852 2861 909 Censerici
2898 854 3067 921 ﬁlium
3100 866 3145 912 et
3174 861 3321 929 regni
3350 861 3620 917 haredem.

2047 935 2175 993 Cum
2213 941 2307 995 hac
2358 941 2689 1013 chronologia
2731 947 2962 1000 convenit
3008 957 3184 1001 auctor
3230 950 3508 1019 Africanus
3549 969 3628 1007 se-

2047 1032 2245 1097 quentis
2270 1034 2501 1097 apuscnli
2530 1037 2615 1101 qui
2637 1036 2838 1104 copulat
2860 1054 3048 1091 annum
3069 1039 3173 1093 426
3197 1056 3227 1092 a
3256 1044 3491 1109 passione
3510 1060 3625 1098 cum

2048 1136 2185 1174 anno
2215 1120 2470 1176 Genserici
2510 1124 2575 1179 16
2596 1166 2609 1188 ,
2642 1141 2754 1193 qua
2792 1142 2915 1180 sane
2944 1126 3047 1180 duo
3076 1130 3211 1182 dicta
3242 1131 3336 1184 rite
3376 1144 3630 1203 supputao

2048 1210 2179 1263 tione
2200 1208 2460 1266 Censerici
2488 1214 2696 1266 exordia
2720 1216 2986 1269 retrahunt
3013 1218 3081 1269 ad
3111 1234 3301 1271 annum
3332 1220 3457 1275 459.
3493 1222 3626 1276 Sunt
3710 1266 3721 1279 ι

2047 1300 2217 1369 itaque
2246 1302 2515 1373 diligenter
2539 1302 2799 1358 Genserici
2822 1306 2923 1360 duo
2945 1347 2960 1372 ,
2992 1316 3132 1375 pater
3156 1309 3410 1379 filiusque,
3445 1311 3631 1366 distine-

2048 1394 2238 1461 guendi
2258 1434 2272 1459 ,
2306 1410 2369 1449 ne
2410 1396 2454 1449 si
2481 1412 2611 1450 unus
2645 1396 2946 1450 admittatur
2981 1399 3214 1467 confusio
3245 1399 3516 1455 lectoribus
3544 1402 3629 1455 in-

2049 1485 2289 1539 ducatur.

2124 1576 2266 1631 Hinc
2312 1578 2375 1633 de
2414 1589 2621 1633 auctore
2646 1578 2851 1633 secundi
2877 1581 3013 1649 quod
3042 1582 3124 1634 hic
3153 1582 3367 1653 subjicio
3396 1586 3630 1654 opusculi

2053 1686 2115 1725 ac
2143 1670 2205 1723 de
2249 1682 2473 1741 temmre
2500 1687 2597 1739 quo
2629 1672 2879 1726 scribebat
2909 1674 3175 1726 edocemur
3212 1650 3252 1726 ε-
3272 1650 3463 1729 chartis
3487 1693 3630 1731 man-
3668 1650 3693 1667 ’1

2056 1759 2178 1813 dare
2203 1776 2297 1813 sua
2326 1760 2448 1813 dicit
2474 1770 2653 1813 auctor
2683 1763 2910 1830 ejusdem
2933 1778 3069 1813 anno
3104 1762 3165 1815 16
3194 1762 3326 1833 regis
3346 1762 3630 1834 Censerici,

362 1853 609 1923 quapiam
638 1855 847 1924 antiquo
870 1894 886 1920 ,
928 1854 1016 1923 qui
1049 1870 1111 1907 ex
1143 1854 1203 1909 S.
1244 1853 1555 1925 llierongmo
1586 1870 1688 1908 non
1710 1856 1945 1924 profecit.
1979 1854 2026 1916 B
2052 1849 2140 1919 qui
2166 1858 2237 1903 est
2272 1864 2391 1903 ara
2425 1852 2710 1903 communis
2732 1849 2857 1906 455.
2891 1850 3060 1921 Igitur
3089 1868 3146 1906 eo
3175 1864 3398 1921 tempore
3424 1872 3635 1924 compu-

364 1938 529 1996 Forte
569 1944 728 2013 igitur
764 1943 897 1998 idem
931 1943 994 1999 S.
1030 1943 1379 2014 Hieronymus
1408 1962 1722 2013 nequaquam
1753 1946 1947 2013 primus

365 2031 626 2087 habendus
661 2043 735 2088 est
752 2044 821 2088 ea:
858 2052 958 2104 quo
985 2036 1419 2105 interpretationes
1449 2038 1557 2089 ista
1577 2036 1776 2105 Latinis
1802 2038 1948 2091 inno-

362 2124 573 2194 tuerint,
607 2124 724 2178 licet
757 2127 852 2181 hoc
876 2128 940 2179 de
972 2144 1025 2181 se
1047 2128 1179 2180 idem
1206 2128 1267 2182 S.
1293 2128 1470 2183 doctor
1498 2130 1709 2197 agit-met
1740 2130 1791 2183 in
1814 2145 1946 2199 pra:-

361 2213 555 2285 fatione
598 2218 835 2285 opusculi
880 2219 961 2271 sui
990 2218 1053 2272 de
1081 2216 1512 2288 Interpretatione
1544 2220 1804 2274 nominum
1837 2220 1947 2274 lle—

362 2302 670 2359 braicorum.

442 2394 590 2449 Unde
611 2412 729 2451 vero
757 2398 977 2453 deducta
998 2400 1063 2453 sit
1088 2398 1427 2471 chronologia
1448 2399 1565 2463 illa,
1597 2417 1750 2471 quam
1770 2412 1948 2457 auctor

362 2496 533 2544 uoster
576 2500 800 2545 sectatur
824 2532 840 2558 ,
871 2492 1109 2561 ignorare
1137 2508 1216 2545 me
1249 2494 1449 2562 penitus
1476 2494 1738 2561 proﬁteor.
1767 2493 1951 2564 Suspi-

365 2579 592 2635 cabarex
614 2581 759 2635 Julia
781 2582 1048 2653 Africano,
1074 2595 1128 2638 ut
1171 2595 1287 2653 pote
1313 2584 1545 2653 eiusdem
1568 2586 1789 2655 regionis
1825 2586 1952 2639 scri-

366 2680 546 2742 ptore;
573 2672 663 2727 sed
694 2676 830 2744 facta
867 2692 1041 2730 eorum
1086 2692 1198 2745 qua
1231 2675 1375 2730 nobis
1406 2687 1679 2744 supersunt
1708 2678 1771 2731 de
1809 2676 1951 2733 Julia

364 2761 611 2832 Africano
650 2780 765 2818 cum
810 2766 907 2841 hoc
957 2776 1129 2820 nostra
1160 2767 1451 2832 collatione,
1501 2768 1668 2836 reperi
1696 2785 1800 2822 non
1825 2769 1952 2824 satis

366 2856 500 2911 inter
530 2874 584 2913 se
624 2854 863 2929 utrosque
882 2860 1157 2927 conarere,
1186 2860 1284 2914 nisi
1310 2860 1441 2929 forte
1470 2860 1742 2915 discrimen
1768 2862 1863 2915 hoc
1888 2877 1953 2915 ex

369 2952 641 3007 oscitantia
670 2953 935 3021 scriptoris
966 2951 1122 3023 hujus
1152 2953 1340 3006 codicis
1370 2954 1672 3023 provenerit,
1696 2969 1812 3025 qua
1830 2970 1952 3009 sane

367 3058 557 3116 magna
585 3055 660 3100 est
690 3062 749 3099 ac
780 3061 988 3114 prorsus
1014 3046 1346 3100 incredibilis.

442 3138 525 3191 Ad
544 3138 748 3192 lectoris
762 3139 995 3209 palatum
1012 3140 1173 3209 magis
1197 3149 1321 3194 esset
1340 3149 1593 3210 postrema
1612 3143 1842 3212 opusculi
1859 3142 1957 3197 hu—

2049 1949 2131 1993 tus
2173 1941 2266 1995 iste
2302 1939 2559 2010 paschalis
2588 1942 2738 1995 datus
2762 1950 2867 2006 est,
2900 1959 3001 2012 quo
3042 1943 3125 1996 vix
3153 1954 3469 1998 cessaverant
3490 1945 3636 2016 Afri-

2049 2046 2200 2085 canos
2246 2031 2377 2084 inter
2424 2041 2472 2085 et
2523 2032 2780 2086 Romanos
2820 2032 2939 2087 lites
2970 2033 3034 2087 de
3077 2050 3213 2088 anno
3252 2035 3485 2103 paschali
3515 2038 3637 2091 anni

2047 2120 2173 2186 444,
2204 2122 2617 2176 contendentibus
2652 2124 2899 2177 Romanis
2929 2125 3297 2194 assignandum
3323 2127 3482 2196 fuisse
3529 2126 3637 2181 Pa-

2048 2210 2172 2267 scha
2197 2213 2309 2282 ejus
2331 2213 2454 2266 anni
2484 2213 2589 2279 diei
2616 2230 2738 2267 non.
2771 2213 2872 2266 cal.
2899 2213 3051 2282 Maii,
3080 2214 3282 2269 Latinis
3298 2230 3417 2269 vero
3438 2216 3540 2270 diei
3564 2232 3637 2272 vn

2048 2305 2150 2358 cal.
2182 2303 2396 2371 Aprilis.
2448 2304 2565 2370 Qua
2613 2305 2675 2357 de
2722 2321 2776 2357 re
2823 2304 3037 2375 legenda
3081 2305 3298 2373 epistola
3341 2304 3405 2361 S.
3452 2305 3638 2375 Cyrilli

2051 2395 2387 2450 Alexandrini
2433 2396 2500 2449 ad
2531 2396 2595 2453 S.
2627 2396 2867 2461 Leonem,
2916 2396 2971 2450 et
3005 2397 3271 2466 prann‘ssa
3298 2416 3331 2452 a
3354 2397 3638 2454 Ballerinis

2052 2488 2215 2542 eidem
2244 2487 2502 2557 epistola,
2529 2505 2618 2542 seu
2644 2490 2812 2558 potius
2840 2488 3072 2557 epistola
3098 2492 3382 2559 fragmento
3403 2492 3638 2546 admoni-

2054 2578 2147 2633 tio.
2179 2576 2315 2632 Iluic
2359 2595 2478 2649 ergo
2514 2580 2804 2649 fragmento
2845 2571 3183 2634 dilucidando
3220 2582 3500 2649 plurimum
3529 2583 3639 2652 fore

2054 2669 2334 2723 valiturum
2354 2668 2491 2723 hunc
2530 2670 2820 2739 paschalem
2847 2680 3162 2741 computum,
3195 2688 3328 2727 nunc
3352 2676 3577 2745 primum
3607 2692 3641 2727 a

2056 2776 2163 2827 me,
2216 2771 2269 2815 ut
2325 2761 2586 2826 arbitror,
2633 2763 2944 2832 vutgandum
3000 2779 3197 2819 censeo.
3253 2763 3335 2818 Ea
3376 2766 3641 2820 occasione

2056 2852 2249 2921 scripta
2278 2852 2520 2923 utrinque
2558 2852 2783 2923 plurima
2816 2853 3067 2922 prodiisse
3103 2854 3186 2907 vim
3225 2853 3422 2908 dubito.
3459 2853 3640 2910 Disce-

2058 2952 2259 3014 ptatum
2281 2951 2354 2997 est
2383 2943 2532 2997 etiam
2554 2945 2617 2997 de
2646 2944 2822 2998 eodem
2857 2943 3000 3014 cyclo
3028 2944 3261 3014 paschali
3281 2962 3533 2999 annorum
3548 2945 3638 3011 84,

2059 3034 2115 3088 in
2147 3051 2250 3105 quo
2280 3035 2372 3089 alii
2394 3050 2619 3090 errorem
2648 3036 2943 3091 subodorati
2971 3044 3089 3090 sunt
3110 3053 3131 3103 ;
3151 3036 3246 3091 alii
3274 3053 3389 3092 vero
3416 3039 3641 3092 rationes

2060 3127 2336 3181 nonnullas
2364 3128 2619 3181 iniverunt
2648 3137 2703 3181 ut
2724 3128 2872 3181 illum
2899 3144 3013 3180 cum
3032 3129 3239 3183 veritate
3262 3140 3637 3201 componerent.

367 3230 454 3303 ius
487 3230 689 3300 pagella
710 3232 763 3284 in
787 3247 889 3300 qua
918 3232 1134 3301 prapius
1155 3230 1222 3283 ad
1250 3241 1474 3301 tempora
1494 3250 1587 3285 sua
1612 3242 1790 3287 auctor
1816 3250 1954 3289 acce-

2066 3216 2211 3272 lnter
2258 3219 2383 3273 istos
2422 3220 2694 3289 scriptores
2741 3220 2838 3289 fuit
2868 3220 3138 3289 Agriustas
3163 3221 3251 3275 ille
3302 3222 3641 3279 Thimidensis

370 3320 513 3383 dens,
540 3322 701 3392 magis
732 3324 885 3375 etiam
917 3321 1183 3376 credibilia
1221 3332 1269 3376 et
1296 3323 1561 3393 probanda
1585 3323 1877 3389 obtulisset;
1902 3334 1955 3378 at

370 3412 646 3469 dolendum
666 3425 737 3468 est
755 3416 1026 3485 protritam
1042 3432 1149 3469 esse
1168 3415 1296 3469 adeo
1314 3418 1570 3486 pagellam
1586 3417 1731 3471 illam
1750 3419 1891 3472 senio
1906 3427 1955 3472 et

369 3504 574 3559 incuria
597 3507 922 3575 antiquorum
952 3522 1323 3578 possessorum,
1362 3518 1417 3562 ut
1440 3510 1516 3563 vel
1538 3510 1723 3565 littera
1743 3525 1955 3578 prorsus

369 3594 550 3649 deleta
577 3596 677 3649 sint
703 3640 717 3663 ,
749 3612 837 3648 nec
879 3612 1060 3651 earum
1089 3597 1313 3668 vestigiis
1343 3600 1740 3655 remanentibus.
1774 3600 1956 3656 Curavi

371 3686 645 3758 diligenter
694 3686 868 3742 labore
924 3699 969 3742 et
1009 3689 1266 3744 industria
1318 3692 1517 3763 aliquid
1547 3695 1840 3765 exculpere,
1896 3711 1956 3748 ac

371 3779 557 3848 pervici
588 3778 833 3832 nonnulla
858 3820 872 3844 ,
908 3787 960 3833 ut
992 3796 1220 3834 eruerem
1246 3798 1305 3836 ea
1334 3798 1444 3852 qua
1467 3784 1549 3838 hic
1588 3801 1619 3838 a
1649 3801 1726 3839 me
1766 3800 1958 3855 repra-

371 3879 640 3925 sentantur
655 3890 675 3937 ;
706 3889 797 3925 nec
825 3873 933 3926 sine
949 3874 1143 3943 fructu,
1162 3890 1282 3927 nam
1304 3890 1364 3928 ea:
1388 3876 1624 3943 frustulis
1645 3877 1782 3931 hisce
1809 3877 1957 3931 disci-

372 3979 485 4018 mus
514 3979 617 4034 qua
644 3965 963 4032 potissimum
991 3965 1073 4019 die
1096 3964 1485 4020 Donatistarum
1512 3970 1800 4038 persecutio
1828 3967 1957 4023 Car-

372 4055 581 4124 thagine
605 4056 887 4125 occeperit;
912 4057 1207 4110 emendatur
1234 4057 1385 4113 etiam
1411 4059 1533 4112 data
1562 4059 1685 4128 legis
1714 4057 1953 4128 Honorii,

372 4147 523 4217 cujus
581 4146 886 4216 subscriptio
952 4148 1005 4199 in
1076 4147 1249 4201 codice
1310 4146 1666 4201 Theodosiano
1723 4148 1958 4218 signatur

381 4252 403 4288 s
439 4220 609 4305 pridie
634 4235 750 4289 idus
784 4233 1087 4303 Februarii;
1122 4255 1141 4289 ι
1174 4237 1256 4291 hic
1296 4239 1430 4293 enim
1458 4238 1700 4292 habemus
1728 4239 1960 4310 publica-

376 4338 482 4384 tam
497 4346 603 4384 esse
620 4329 877 4385 Ravenna
900 4330 1024 4399 ipsis
1052 4328 1322 4385 Februarii
1342 4330 1590 4386 calendis.
1612 4330 1770 4386 Forte
1789 4340 1959 4386 tamen

377 4422 462 4478 lea:
488 4439 522 4476 a
563 4423 791 4493 principe
833 4424 1099 4496 obsignata
1138 4424 1363 4478 culendis
1412 4421 1719 4489 Februarii,
1762 4425 1961 4493 publice

376 4517 688 4571 annuntiata
704 4524 777 4588 est
803 4517 967 4587 pridie
997 4517 1113 4572 idus
1142 4518 1375 4587 ejusdem
1396 4518 1605 4572 mensis.
1629 4515 1697 4571 In
1724 4516 1819 4571 hac
1847 4518 1961 4589 ipsa

2057 3309 2183 3380 Afer
2210 3310 2341 3379 cycli
2367 3320 2739 3383 propugnator.
2764 3311 3016 3365 Adversus
3044 3312 3194 3365 illum
3223 3314 3425 3383 scripsit
3446 3331 3641 3385 anony-

2028 3452 2035 3461 ,
2060 3417 2172 3455 mus
2198 3412 2368 3455 noster
2412 3403 2501 3472 qui
2532 3403 2731 3472 cyclum
2758 3402 2832 3455 ita
2871 3402 3138 3471 defendit,
3163 3412 3219 3456 ut
3244 3406 3440 3473 aliquid
3472 3406 3523 3459 in
3549 3405 3641 3460 illo

2058 3494 2246 3547 erroris
2276 3510 2385 3547 esss
2411 3494 2547 3563 quod
2574 3494 2684 3564 ipse
2709 3494 2975 3573 emendat,
3012 3496 3290 3566 agnoverit.
3316 3496 3489 3551 Codex
3510 3498 3642 3551 unde

2058 3583 2154 3639 hoc
2175 3585 2431 3655 desumpsi
2459 3586 2874 3639 mendosissimus
2890 3594 2985 3652 est,
3004 3601 3068 3640 ea;
3097 3603 3199 3656 quo
3225 3587 3283 3654 fit
3309 3596 3364 3640 ut
3388 3588 3643 3642 interdum

2060 3690 2153 3729 nec
2180 3691 2354 3729 sensus
2396 3678 2503 3743 ipse
2540 3678 2833 3747 scriptionis
2855 3687 3123 3748 appareat.
3153 3679 3195 3730 A
3225 3680 3536 3732 correctione
3566 3688 3644 3734 ta-

2059 3782 2174 3823 men
2196 3767 2441 3833 abstinui,
2466 3786 2528 3822 ne
2549 3771 2682 3838 forte
2695 3784 2875 3840 c0gam
2901 3769 3113 3825 lectores
3137 3786 3249 3825 mea
3267 3771 3433 3843 legere
3454 3774 3641 3841 potius,

2059 3875 2215 3930 quam
2243 3875 2357 3929 qua
2386 3859 2611 3912 auctoris
2638 3870 2777 3913 sunt.
2810 3857 3171 3916 Crammatica
3205 3864 3339 3934 leges
3367 3864 3543 3932 nulla,
3568 3866 3644 3919 vel

2062 3953 2171 4020 fere
2192 3950 2351 4004 nulla
2388 3959 2672 4015 servantur,
2696 3951 2765 4003 ad
2787 3967 2913 4020 quas
2941 3962 3108 4006 tamen
3137 3963 3260 4007 tunc
3302 3955 3418 4007 illas
3449 3956 3643 4026 redegi,

2065 4057 2179 4095 cum
2204 4041 2405 4094 nullum
2423 4042 2650 4111 irrepere
2673 4042 2883 4095 dubium
2903 4053 3101 4112 poterat
3129 4043 3193 4097 de
3220 4052 3382 4097 mente
3400 4048 3642 4099 auctoris.

2063 4132 2280 4186 Demum
2316 4132 2722 4203 pratereundum
2760 4147 2861 4186 non
2897 4133 3079 4203 judico
3116 4134 3248 4201 cycli
3282 4149 3531 4186 annorum
3576 4136 3642 4189 84

2063 4233 2344 4290 auctorem,
2378 4222 2606 4287 aliunde,
2638 4233 2693 4277 ut
2721 4223 2923 4289 opinor,
2950 4224 3198 4295 ignotum,
3230 4238 3293 4277 ex
3314 4224 3407 4276 hoc
3424 4226 3642 4291 primum

2064 4317 2310 4387 opusculo
2361 4316 2415 4370 in
2447 4316 2611 4370 lucem
2655 4314 2895 4384 prodire;
2943 4315 3101 4385 fuisse
3139 4316 3271 4368 enim
3314 4316 3642 4385 Augustalem

2063 4409 2336 4480 quemdam
2363 4408 2445 4463 hic
2470 4409 2705 4479 legimus.
2742 4405 2879 4461 Usus
2897 4407 3055 4477 igitur
3088 4408 3141 4461 in
3170 4423 3227 4462 eo
3249 4408 3306 4476 ﬁt
3328 4408 3457 4477 cycli
3486 4424 3643 4462 anno-

2068 4521 2183 4559 rum
2226 4503 2326 4573 84,
2368 4519 2516 4576 quem
2552 4503 2887 4574 potissimum
2916 4510 3040 4556 tunc
3082 4501 3323 4572 temporis
3373 4502 3644 4557 invaluisse

376 4623 498 4663 vero
528 4608 732 4678 pagella
760 4607 1105 4679 chronologia
1142 4609 1275 4662 ratio
1316 4617 1391 4663 est
1432 4608 1758 4679 accuratior,
1803 4625 1954 4678 eaque

2067 4598 2207 4671 apud
2235 4595 2447 4651 Latinos
2472 4611 2573 4649 non
2603 4595 2723 4648 latet
2753 4592 3005 4647 eruditos.

377 4716 483 4756 non
510 4718 543 4754 a
563 4700 647 4754 die
670 4700 831 4754 natali
862 4699 1090 4767 Domini,
1120 4702 1207 4755 sed
1238 4701 1300 4755 ab
1327 4703 1439 4771 ejus
1464 4703 1699 4771 passione
1723 4744 1737 4769 ,
1767 4710 1823 4755 ut
1851 4701 1961 4771 ple-

378 4808 593 4863 rumque
621 4801 808 4847 veteres
832 4802 950 4846 ante
982 4791 1285 4863 Dionysium
1313 4790 1594 4864 Exiguum,
1622 4792 1840 4848 deducta
1861 4803 1958 4847 est.

381 4881 555 4954 Igitur
586 4900 619 4936 a
661 4879 874 4936 Domini
899 4884 1135 4953 passione
1154 4924 1170 4948 ,
1202 4899 1355 4951 quam
1374 4885 1639 4955 scriptores
1661 4883 1745 4937 isti
1773 4894 1960 4939 veteres

380 4975 750 5027 constituerunt
780 4973 871 5027 sub
902 4973 1097 5027 duobus
1131 4972 1359 5029 Geminis
1381 4991 1513 5029 coss.
1544 4991 1680 5030 anno
1703 4991 1821 5031 ara
1846 4976 1962 5030 vul-

378 5066 519 5135 garis
540 5064 630 5132 29,
681 5075 730 5119 et
758 5066 814 5119 in
856 5065 1033 5136 Africa
1076 5065 1131 5118 id
1160 5067 1314 5119 moris
1359 5076 1467 5121 erat
1511 5067 1757 5134 solemne,
1801 5077 1856 5122 ut
1895 5082 1958 5123 ετ

380 5158 606 5227 sequenti
650 5159 893 5228 opusculo
924 5156 1136 5225 planum
1161 5157 1268 5226 fiet,
1297 5174 1409 5211 cum
1434 5176 1467 5213 a
1488 5158 1723 5229 passione
1752 5157 1963 5212 Domini

381 5266 595 5316 annum,
619 5265 716 5319 quo
728 5257 902 5303 auctor
921 5250 1189 5317 scribebat,
1214 5249 1374 5320 signet
1394 5245 1519 5316 454,
1547 5267 1711 5305 annus
1738 5266 1840 5321 quo
1867 5249 1964 5305 hoc

382 5344 688 5416 opusculum
724 5343 1120 5415 consignabatur
1148 5343 1333 5398 litteris
1370 5340 1604 5396 currebat
1633 5356 1751 5397 ara
1776 5351 1969 5397 nostra

382 5453 472 5491 an.
501 5418 629 5491 465.
660 5435 786 5489 Cum
814 5451 929 5489 vero
953 5435 1088 5488 hunc
1120 5436 1290 5507 ipsum
1314 5431 1478 5504 illiget
1508 5433 1624 5487 cum
1652 5448 1790 5488 anno
1820 5430 1967 5488 Gen-

383 5528 533 5582 serici
552 5527 645 5592 24,
669 5531 805 5597 facta
829 5527 924 5581 rite
952 5527 1275 5593 deductione,
1292 5525 1616 5598 agnoscimus
1637 5524 1967 5581 Gensericum

358 5690 361 5691 ν
386 5635 599 5689 regnare
625 5619 828 5691 capisse
852 5635 987 5673 anno
1008 5634 1124 5674 ara
1144 5618 1372 5690 vulgaris
1393 5617 1521 5673 459.
1551 5616 1705 5687 Atqui
1733 5618 1835 5673 ista
1863 5634 1968 5673 non

386 5712 643 5769 coharent
667 5712 869 5781 epocha
905 5712 1221 5764 communius
1260 5727 1291 5763 a
1319 5708 1643 5778 chronologis
1666 5718 1876 5781 recepta
1903 5709 1967 5763 de

386 5802 535 5859 initio
566 5800 825 5860 (ienserici
875 5803 957 5868 qui
994 5803 1187 5869 primus
1227 5802 1459 5874 Africam
1501 5801 1801 5872 occupavit;
1831 5799 1969 5857 hunc

676 5895 958 5961 Panos»
992 5892 1169 5958 LIX.

2138 4689 2334 4744 Mentio
2370 4688 2425 4742 in
2455 4703 2515 4741 eo
2542 4687 2601 4757 fit
2633 4685 2898 4740 Hiluriani
2925 4684 3195 4755 cujusdam
3221 4683 3290 4737 ad
3317 4700 3467 4752 quem
3510 4686 3646 4740 dire-

2064 4787 2205 4834 ctum
2225 4779 2384 4850 fuisse
2397 4786 2576 4831 auctor
2588 4777 2762 4831 scribit
2789 4784 3061 4830 tractatum
3086 4777 3149 4829 de
3170 4776 3389 4830 Ratione
3415 4780 3646 4848 paschali

2065 4873 2318 4927 editum.a
2344 4870 2568 4940 quodam
2610 4869 2870 4937 Agriustia
2910 4867 3015 4921 cive
3053 4868 3317 4936 municipii
3350 4867 3650 4923 Thimiden-
3690 4867 3694 4902 ῖ

2066 4964 2201 5018 sium
2229 4962 2509 5032 regiorum.
2543 4958 2891 5027 Municipium
2930 4960 3068 5013 istud
3100 4960 3253 5014 situm
3281 4970 3385 5015 erat
3420 4963 3472 5014 in
3498 4962 3651 5015 Μαυ-

2068 5054 2259 5109 ritania
2285 5050 2587 5107 Casariensi
2603 5094 2618 5120 ,
2652 5066 2765 5105 cum
2791 5051 2925 5108 inter
2957 5052 3221 5124 episcOpos
3243 5054 3351 5123 ejus
3379 5054 3650 5123 provincia:

2072 5147 2128 5202 in
2156 5146 2428 5201 collatione
2451 5143 2843 5217 Carthaginensi
2883 5144 3079 5214 legatur
3122 5144 3356 5199 Securus
3385 5146 3649 5213 episcopus

2073 5236 2490 5299 Timidanensis.
2510 5233 2588 5291 De
2608 5236 2869 5307 Agriustia
2883 5234 3015 5289 nihil
3040 5234 3319 5304 quidquam
3345 5232 3464 5304 legi.
3495 5232 3545 5285 Η
3553 5233 3650 5286 ila-

2072 5333 2253 5388 rianus
2281 5331 2415 5387 idem
2437 5330 2588 5401 facile
2612 5337 2683 5384 est
2703 5344 2817 5383 cum
2848 5327 2913 5392 Ω.
2941 5324 3085 5379 Iulio
3108 5323 3382 5377 Hilariano
3409 5322 3517 5391 qui,
3542 5322 3649 5377 Ca-

2077 5422 2216 5480 sario
2243 5432 2291 5478 et
2320 5422 2488 5477 Attico
2526 5436 2682 5490 coss.,
2709 5433 2885 5489 nempe
2910 5432 3043 5471 anno
3071 5413 3259 5470 Christi
3288 5414 3413 5479 597,
3447 5414 3651 5484 scripsit

2078 5517 2141 5572 de
2160 5514 2405 5572 Paschali
2435 5510 2639 5569 Circulo
2665 5510 2913 5575 libellum,
2937 5523 3085 5579 quem
3106 5522 3131 5559 e
3152 5506 3336 5576 pluteis
3369 5504 3652 5561 Taurinen-

2078 5611 2216 5666 sibus
2264 5610 2548 5666 abactum
2594 5605 2813 5677 Pfaﬁus
2866 5599 3276 5656 bibliothecarius
3315 5584 3648 5671 Tubingensis

2080 5703 2302 5763 Parisiis
2325 5716 2463 5759 anno
2484 5697 2624 5757 1712
2648 5695 2869 5765 vulgavit
2892 5734 2908 5765 ,
2941 5708 3000 5747 ac
3031 5696 3093 5749 de
3116 5691 3209 5746 hoc
3232 5693 3474 5763 apusculo
3503 5692 3632 5748 satis

3168 5877 3249 5947 1'1

3689 4832 3700 4875 Γ
