4124 6350
515 333 617 391 Βῖὄ

515 440 2513 487 W

1811 314 2109 373 ANONYMI
2151 310 2489 369 AUCTORIS

3684 301 3797 357 5‘21}

2752 432 2951 461 ,A,.

1500 766 1562 809 ﬂ“
1738 710 1859 747 ’ἠῶ
1924 770 2413 849 LIBELLUS

927 962 1107 1079 DE
1193 931 2139 1077 GENEALOGIIS
2224 938 3471 1105 PATRIABCHABUM/

1099 1167 1884 1259 GENEALOGIE
1936 1160 2376 1245 TOTIUS
2433 1152 3236 1245 BIBLIOTHEC/E

538 1331 629 1389 EX
665 1336 963 1393 OMNIBUS
1001 1334 1219 1388 LIBRIS
1258 1327 1632 1387 COLLEGTrE
1667 1321 1967 1393 VETERIS
1995 1274 3810 1393 NEQUE-TE§T§ME§WJMBIFEHSIPEQEEFIW5392‘

610 1379 974 1464 stramime
1001 1379 1107 1458 Ἐἴ
1114 1379 1472 1457 ’ἰίέδῆῖῶίἷ
1487 1379 1769 1450 ’όὶιΝιυΜ
1810 1379 2497 1464 ΡΒΩΕιιέἓῙέὲῖίὲἒῐηρξῼ
2504 1384 2612 1464 UP;
2620 1382 3113 1464 :‘P..!3.Eﬂl§5_‘:‘1
3121 1379 3813 1464 99!..921‘3.I.‘.‘:‘;‘LUP£.9P

608 1461 1028 1541 SlCNANTUR;
1068 1474 1155 1528 ET
1196 1474 1283 1526 an
1323 1461 1991 1541 nominati

2032 1444 2497 1525 QUID'FUEle
2524 1453 2802 1511 GESTUM
2831 1448 3280 1507 APERTISSIME
3307 1444 3810 1507 MONSTRATUR:

620 1526 1531 1605 Εἱᾞὶἒνίὀῐῄἱὲἐοιιερτωι
1570 1532 1917 1592 LEGALIUM
1958 1526 2461 1586 MANDATORUM.

615 1838 676 1895 In
703 1803 961 1909 principio
1002 1833 1158 1887 homo
1199 1830 1401 1902 primus
1439 1824 1580 1882 unde
1608 1825 1663 1879 in
1704 1818 1918 1877 saeculo
1956 1826 2119 1885 appa-
2144 1815 2200 1875 Δ
2224 1812 2499 1867 renovatio
2529 1814 2929 1883 interpretatur,
2985 1813 3106 1883 quia
3140 1812 3277 1869 Deus
3308 1826 3403 1884 per
3438 1811 3610 1885 ipsum
3649 1830 3812 1871 reno—

549 1928 725 1987 ruisse
749 1927 1105 1998 cognoscitur.

618 1997 948 2076 Audiamus:
982 2016 1027 2072 si
1060 2025 1215 2071 natus
1242 2022 1347 2079 est,
1379 2010 1539 2065 habet
1567 2002 1856 2079 genitores,
1884 2000 1928 2053 si
1966 1997 2136 2050 factus

549 2120 656 2181 est,
685 2112 849 2168 habet
868 2112 1169 2174 materiam,
1194 2108 1237 2161 si
1267 2106 1501 2176 prolatus
1527 2109 1629 2167 est,
1658 2098 1813 2151 habet
1835 2092 2134 2147 anthorem.

557 2204 651 2261 Dei
682 2202 1061 2272 omnipotentis
1088 2199 1270 2269 utique
1308 2193 1570 2265 sapientia
1608 2191 1789 2244 limum
1819 2200 1848 2237 a
1878 2191 2020 2236 terra
2052 2191 2141 2231 su-

556 2310 711 2355 mens
736 2304 960 2368 patcrno
990 2293 1212 2363 imperio
1246 2290 1512 2344 hominem
1546 2285 1723 2340 facere
1762 2276 2049 2347 cogitavit;
2090 2280 2144 2326 et

555 2402 679 2449 cum
717 2366 992 2446 solitarius
1020 2402 1081 2441 ac
1116 2382 1402 2453 singularis
1439 2379 1505 2433 ab
1534 2379 1648 2447 ipso
1685 2372 1911 2427 Domino
1942 2366 2143 2419 factore

553 2489 611 2541 et
629 2480 906 2539 conditore
932 2495 1030 2535 suo
1054 2479 1195 2532 visus
1228 2475 1448 2540 fuisset,
1499 2484 1559 2525 os
1602 2468 1668 2523 de
1707 2474 1852 2520 costa
1894 2461 2009 2529 ejus
2054 2468 2143 2509 su-

549 2589 727 2642 mens,
755 2573 1030 2628 mulierem
1057 2566 1131 2624 illi
1164 2564 1486 2637 adjutorium
1519 2561 1668 2628 fecit,
1698 2553 1961 2627 serpentis
1993 2563 2143 2603 nam-

554 2684 659 2742 que
680 2670 920 2724 confecta
944 2661 1161 2720 venenis
1181 2678 1274 2733 per
1298 2658 1550 2715 invidiam
1574 2651 1772 2709 diaboli
1794 2661 1938 2703 mors
1960 2642 2144 2742 introi-

552 2736 628 2817 vit
670 2760 725 2816 in
772 2759 959 2815 orbem
1014 2766 1315 2821 terrarum,
1362 2760 1416 2806 et
1457 2762 1686 2818 regnare
1734 2742 1897 2810 coepit
1928 2738 1993 2794 ab
2036 2736 2145 2791 Eva

556 2867 722 2923 usque
740 2852 805 2906 ad
824 2850 1042 2906 Mariam
1059 2847 1333 2917 Virginem
1358 2843 1559 2898 unitam
1584 2838 1795 2895 Domini
1809 2834 2107 2890 castitatem
2128 2845 2143 2893 ;

557 2942 696 3001 sicut
719 2943 859 2998 enim
892 2958 988 3012 per
1019 2938 1299 2995 mulierem
1323 2946 1442 2990 nata
1467 2944 1547 2988 est
1570 2944 1738 2998 mors,
1755 2928 1826 2983 ita
1854 2934 1908 2982 et
1925 2940 2018 2995 per
2032 2938 2147 2977 mu-

558 3030 745 3089 lierem
775 3040 897 3087 nata
928 3041 1010 3085 est
1036 3030 1353 3086 resurrectio
1383 3034 1735 3081 mortuorum.
1762 3021 1879 3090 lpse
1901 3028 1979 3072 est
2006 3014 2145 3070 enim
2190 3008 2191 3011 “

559 3120 729 3180 Adam
774 3123 863 3193 qui
903 3120 1151 3191 cognovit
1192 3117 1472 3173 mulierem
1518 3130 1672 3171 suam
1701 3110 1867 3167 Evam
1899 3108 2145 3164 exclusus

558 3216 628 3273 de
653 3182 900 3287 paradiso
930 3182 1000 3270 in”
1016 3225 1155 3269 terra
1184 3208 1337 3278 Naid,
1363 3222 1417 3267 et
1445 3208 1690 3278 concepit
1710 3214 1765 3262 et
1787 3202 1995 3276 peperit
2015 3199 2144 3255 Cain
2170 3182 2222 3245 Β

559 3320 627 3365 ex
650 3306 856 3363 semine
885 3304 1291 3386 crimi‘nationis,
1322 3302 1497 3358 luctus
1535 3309 1588 3356 et
1616 3297 1849 3369 vaporis,
1882 3302 1937 3350 et
1972 3290 2145 3348 adhuc

557 3400 752 3470 adjecit
779 3415 993 3470 parere,
1025 3408 1076 3454 et
1108 3396 1317 3468 peperit
1339 3395 1469 3451 Abel
1506 3390 1724 3449 fratrem
1746 3391 1881 3461 ejus,
1902 3398 1955 3443 et
1977 3385 2145 3440 lactus

558 3503 645 3550 est
667 3501 847 3564 pastor
875 3490 1089 3560 ovium;
1121 3487 1251 3545 Cain
1278 3498 1455 3544 autem
1477 3479 1730 3557 agricola.
1758 3482 1823 3537 Et
1843 3478 2041 3536 factum
2065 3486 2145 3533 est

554 3593 679 3656 post
708 3583 845 3651 dies,
869 3580 1044 3638 attulit
1062 3580 1192 3636 Cain
1220 3596 1340 3636 cum
1364 3586 1511 3635 esset
1525 3577 1633 3647 jam
1656 3581 1833 3630 aetate
1854 3570 2142 3641 legitimus,

556 3688 620 3732 ex
667 3673 923 3729 fructibus
953 3683 1128 3730 terrae
1174 3671 1401 3726 hostiam
1448 3668 1597 3734 Deo,
1634 3676 1691 3723 et
1720 3663 1854 3721 Abel
1882 3661 2057 3716 attulit
2080 3675 2147 3715 cx

554 3766 915 3836 primogenitu
946 3766 1127 3818 ovium
1158 3777 1399 3825 suarum,
1429 3770 1484 3814 et
1513 3774 1581 3813 ex
1613 3755 1768 3825 adipe
1803 3754 2032 3809 illarum.
2079 3751 2149 3805 Et

556 3857 797 3925 respexit
825 3850 1083 3909 Dominus
1114 3854 1168 3907 in
1202 3850 1335 3906 Abel
1366 3859 1420 3906 et
1463 3851 1517 3903 in
1554 3847 1865 3904 muneribus
1903 3844 2053 3915 ejus;
2091 3842 2147 3898 in

559 3950 689 4004 Cain
716 3958 893 4003 autem
926 3959 979 4003 et
1004 3948 1057 4001 in
1081 3945 1309 4001 hostiam
1341 3944 1456 4013 ejus
1483 3957 1590 3997 non
1612 3940 1865 4010 respexit,
1889 3945 1947 3992 ut
1981 3951 2147 3991 unum

558 4045 802 4117 martyrii
828 4044 1051 4116 gloriam
1096 4040 1439 4107 destinasset,
1473 4038 1637 4092 alium
1684 4050 1812 4089 vero
1847 4029 2144 4087 homicida—

558 4154 683 4195 rum
712 4136 1007 4209 principem
1037 4136 1376 4203 collocasset,
1407 4149 1471 4189 eo
1496 4131 1635 4203 quod
1662 4131 1751 4185 ille
1773 4125 2146 4196 diabolus,q’ui

548 4226 741 4303 patres
768 4248 955 4287 eorum
976 4231 1044 4287 de
1078 4229 1328 4302 paradiso
1363 4228 1692 4291 excluderet,
1726 4232 1944 4279 necesSe
1976 4221 2142 4275 habe-

559 4334 665 4391 ret,
707 4333 765 4378 ut
793 4334 845 4379 et
875 4325 1015 4379 ﬁlios
1038 4338 1224 4378 eorum
1255 4323 1320 4377 ad
1351 4321 1539 4376 mortis
1568 4319 1860 4390 periculum
1893 4314 2146 4370 deduxis-

560 4426 666 4473 set.
697 4416 846 4471 Tunc
868 4417 1142 4487 ingressus
1164 4424 1247 4471 eSt
1276 4416 1329 4468 in
1361 4429 1455 4468 cor
1484 4413 1635 4475 Cain,
1679 4419 1733 4466 et
1758 4411 1896 4464 dixit
1924 4408 2051 4463 Cain
2077 4406 2145 4460 ad

558 4506 780 4562 fratrem
807 4522 962 4561 suum
992 4524 1005 4559 :
1037 4516 1351 4560 transeamus
1372 4505 1424 4557 in
1450 4519 1705 4573 campum.
1731 4503 1794 4555 Et
1816 4502 1940 4554 dum
1966 4507 2149 4555 essent

2240 1912 2458 1959 vatnrus
2487 1914 2567 1959 est
2597 1904 2850 1960 mundum
2884 1904 2935 1959 in
2965 1904 3069 1960 illis
3095 1902 3281 1961 diebus
3307 1901 3519 1975 quando
3548 1900 3820 1963 Antichri-

2242 2002 2354 2050 stus
2376 1995 2593 2050 multam
2617 1993 2774 2051 faciet
2803 1995 3183 2061 vasmtionem;
3211 2006 3336 2051 tunc
3364 1997 3479 2066 ipse
3498 2004 3552 2052 et
3581 1996 3724 2051 Elias
3746 1998 3822 2053 si-

2243 2087 2353 2141 mul
2383 2086 2777 2156 prophetabunt
2798 2086 2943 2141 mille
2964 2084 3508 2159 ducentisjsexaginta
3534 2084 3742 2159 diebus,
3768 2096 3823 2143 et

2244 2178 2528 2234 interﬁciet
2547 2194 2639 2234 eos
2653 2177 3011 2234 Antichristus
3032 2179 3120 2235 ubi
3142 2190 3194 2235 et
3211 2178 3468 2234 Dominus
3492 2194 3674 2235 eorum
3695 2196 3821 2236 cru-

2244 2272 2436 2326 ciﬁxus
2460 2282 2560 2327 est.
2592 2273 2696 2327 Sed
2728 2286 2795 2327 ne
2825 2273 2946 2343 quis
2988 2270 3131 2328 dicat
3162 2271 3302 2343 quod
3347 2272 3399 2327 in
3439 2272 3824 2345 Hierosolymis

2246 2364 2649 2433 cruciﬁguntur,
2683 2365 2771 2419 ubi
2789 2373 2843 2421 et
2861 2357 3101 2421 Christus
3126 2366 3380 2421 Dominus
3403 2355 3684 2420 cruciﬁxus
3708 2373 3821 2435 est,

2247 2456 2349 2512 hoc
2377 2458 2557 2527 utique
2578 2458 2705 2514 dicit
2731 2458 2821 2514 ubi
2842 2469 2895 2514 et
2918 2459 3175 2515 Dominus
3201 2475 3387 2515 eorum
3410 2458 3692 2514 cruciﬁxus
3714 2467 3820 2526 est,

2246 2549 2386 2606 idest
2415 2551 2467 2605 in
2498 2566 2662 2622 regno
2691 2551 2951 2607 Romano.
2984 2550 3115 2607 Nam
3148 2552 3259 2622 ipse
3284 2551 3470 2608 Enocli
3496 2550 3681 2622 genuit
3706 2544 3820 2606 Ma-

2246 2645 2489 2711 tusalam,
2520 2645 2607 2715 qui
2631 2644 2885 2700 Matusala
2912 2644 3072 2701 latine
3104 2645 3479 2715 interpretatur
3506 2644 3719 2715 missus.
3748 2642 3823 2699 Dc

2249 2738 2366 2805 ipso
2396 2748 2551 2791 natus
2580 2746 2661 2792 est
2687 2737 2939 2803 Lamecli,
2966 2736 3117 2806 cujus
3144 2752 3339 2793 nomen
3383 2750 3478 2806 per
3512 2734 3828 2805 interpreta-

2248 2830 2447 2885 tionem
2473 2829 2646 2886 bonae
2676 2829 2872 2886 mentis
2913 2829 3159 2885 dicimus.
3187 2830 3306 2900 ipse
3347 2836 3433 2884 est
3459 2826 3549 2898 qui
3591 2818 3826 2899 prophe-

2250 2921 2381 2976 tavit
2409 2919 2474 2977 de
2496 2921 2605 2977 tilio
2631 2936 2728 2977 suo
2764 2922 2944 2977 dicens
2999 2921 3084 2977 hic
3128 2920 3282 2978 nobis
3310 2919 3456 2977 dabit
3490 2922 3728 2991 requiem
3764 2919 3831 2974 ab

2251 3017 2499 3072 omnibus
2536 3016 2788 3085 operibus
2824 3012 3064 3081 nostris;
3103 3032 3226 3072 nam
3267 3016 3385 3087 ipse
3422 3012 3536 3072 Noe
3570 3011 3711 3071 idest
3741 3028 3831 3071 re-

2251 3111 2405 3181 quies
2424 3109 2743 3180 appellatur.

2743 3197 2934 3272 Incipit
2980 3202 3121 3271 ortgo
3169 3196 3319 3255 Cain.

2320 3294 2680 3351 Transeamus
2700 3292 2768 3349 ad
2799 3290 3058 3364 originem
3077 3289 3231 3361 Cain,
3265 3296 3317 3346 et
3345 3298 3473 3345 tunc
3501 3286 3569 3345 ad
3602 3300 3831 3361 genera-

2251 3388 2454 3444 tionem
2505 3385 2617 3441 Noe
2657 3394 3014 3442 revertemur.
3064 3382 3421 3454 Posteaquam
3458 3379 3604 3438 enim
3637 3378 3769 3438 Cain
3802 3395 3833 3436 a

2252 3475 2365 3533 Deo
2394 3476 2707 3534 maledictus
2736 3478 2959 3544 fuisset,
3006 3484 3065 3532 ut
3097 3492 3201 3533 nec
3228 3474 3509 3547 quisquam
3544 3488 3666 3530 eum
3694 3472 3834 3529 occi-

2252 3567 2405 3626 deret
2431 3570 2635 3639 signum
2680 3569 2906 3642 adeptus
2930 3576 3014 3626 est
3042 3568 3265 3636 malum,
3296 3566 3437 3640 quod
3471 3582 3613 3623 nunc
3641 3566 3685 3622 si
3716 3565 3839 3636 quis

2253 3664 2522 3734 acceperit
2558 3664 2609 3719 in
2648 3663 2821 3720 fronte
2862 3678 2959 3720 sua
2993 3672 3085 3719 aut
3122 3662 3177 3718 in
3208 3678 3370 3718 manu
3417 3659 3643 3717 dextera
3692 3657 3839 3714 bibat

2252 3756 2371 3826 ipse
2394 3754 2461 3811 de
2483 3754 2608 3810 vino
2632 3754 2744 3811 irae
2769 3754 2863 3812 Dei
2891 3755 3061 3811 mixto
3084 3754 3137 3810 in
3166 3753 3362 3826 poculo
3387 3750 3496 3808 irae
3526 3751 3640 3822 ejus
3664 3758 3719 3806 et
3739 3765 3842 3820 pu-

2251 3846 2430 3905 nietur
2456 3849 2507 3903 in
2540 3858 2829 3918 conspectu
2855 3848 3148 3904 electorum
3178 3845 3503 3916 Angelorum
3544 3844 3675 3912 ejus,
3707 3856 3837 3897 nam

2254 3954 2450 3996 nomen
2478 3941 2592 4009 ejus
2626 3939 2801 4011 lingua
2842 3940 3004 3994 latina
3037 3939 3087 3995 in
3118 3946 3435 4009 perpetuum
3460 3946 3703 3992 crescens
3732 3930 3825 3986 di-

2254 4036 2428 4098 citur;
2461 4033 2599 4089 idem
2621 4035 2759 4089 enim
2785 4032 2885 4088 hoc
2910 4048 3103 4089 nomen
3132 4040 3431 4102 acceperat,
3466 4026 3717 4100 quoniam
3738 4040 3835 4081 us-

2255 4138 2359 4195 que
2388 4124 2454 4179 ad
2481 4123 2677 4179 Christi
2713 4123 2996 4178 adventum
3026 4122 3118 4176 ﬁlii
3150 4120 3278 4177 Cain
3300 4119 3417 4191 ejus
3441 4126 3720 4176 consortes
3745 4128 3842 4171 oc-

2255 4214 2420 4272 cisuri
2459 4223 2640 4271 essent
2676 4213 3028 4279 christianos,
3080 4214 3302 4282 vestigia
3340 4210 3473 4267 Abel
3518 4207 3701 4266 fratris
3723 4206 3843 4279 ejus

2254 4318 2557 4382 sequentes.
2610 4308 2771 4381 Igitur
2822 4308 2923 4365 iste
2968 4307 3096 4363 Cain
3155 4306 3339 4376 genuit
3390 4305 3556 4359 ﬁlium
3616 4300 3837 4357 nomine

2254 4398 2416 4467 Enos,
2436 4403 2525 4473 qui
2551 4400 2680 4457 Cain
2710 4400 2834 4457 dum
2862 4415 2929 4455 ex
2958 4407 3209 4471 serpente
3230 4396 3466 4452 nascitur
3493 4392 3726 4449 Lothum
3744 4407 3840 4462 ge-

2258 4512 2476 4555 nerasse
2505 4496 2874 4567 cognoscitur,
2926 4505 3051 4548 tunc
3094 4490 3400 4547 aediﬁcavit
3437 4488 3746 4553 civitatem,
3784 4492 3841 4539 et

562 4599 618 4653 in
647 4612 835 4667 campo
864 4598 1140 4652 exurrexit
1177 4596 1304 4651 Cain
1334 4611 1494 4665 super
1533 4594 1663 4648 Abel
1706 4594 1921 4647 fratrem
1965 4605 2143 4659 suum,
2176 4564 2224 4627 (ἶ
2255 4590 2433 4660 posuit
2458 4590 2506 4644 ei
2538 4602 2729 4643 nomen
2755 4586 2844 4640 ﬁlii
2872 4583 3192 4648 Su....nos;
3224 4581 3356 4635 haec
3384 4588 3466 4633 est
3487 4577 3679 4633 civitas
3716 4589 3843 4630 san—

561 4698 618 4744 et
637 4688 832 4742 occidit
870 4703 1014 4743 eum.
1058 4688 1125 4741 Et
1159 4686 1359 4755 adjecit
1386 4685 1559 4739 adhuc
1598 4684 1767 4738 Adam
1821 4688 2146 4751 cognoscere

567 4778 847 4835 mulierem
875 4796 1055 4845 suam,
1077 4790 1131 4833 et
1155 4778 1398 4846 concepit
1428 4786 1482 4831 et
1512 4760 1720 4846 peperit
1747 4775 1795 4830 ei
1832 4775 1995 4829 ﬁlium
2026 4775 2143 4829 loco

560 4866 718 4935 Abel,
753 4870 840 4937 qui
872 4868 1066 4922 dicitur
1089 4870 1237 4936 Seth,
1274 4869 1426 4937 cujus
1447 4882 1643 4922 nomen
1672 4867 1852 4936 lingua
1877 4865 2038 4921 latina
2059 4880 2143 4920 re-

558 4961 822 5017 surrectio
846 4959 1056 5027 dicitur,
1091 4964 1215 5030 quia
1256 4961 1323 5014 ab
1354 4959 1469 5029 ipso
1512 4959 1849 5014 resuscitavit
1885 4957 2145 5012 Dominus

560 5068 745 5108 semen
771 5052 994 5122 justum,
1035 5068 1064 5109 a
1095 5052 1247 5124 cujus
1276 5053 1531 5123 progenie
1564 5052 1937 5122 perveniemus
1973 5065 2143 5121 usque

556 5145 623 5202 ad
655 5145 938 5202 Dominum
979 5157 1220 5202 nostrum
1255 5144 1439 5201 Jesum
1479 5145 1750 5202 Christum
1790 5160 1883 5216 per
1919 5140 2143 5217 genera-‘-

556 5243 732 5298 tiones
764 5243 1001 5313 singulas
1026 5243 1127 5298 sibi
1169 5242 1397 5299 invicem
1440 5240 1863 5298 succedentium.
1903 5239 2019 5309 Ipse
2057 5245 2144 5293 est

556 5334 689 5393 Seth
720 5340 809 5408 qui
848 5338 1032 5408 genuit
1059 5338 1269 5404 Aenas;
1310 5337 1514 5391 Aenam
1561 5334 1702 5392 enim
1751 5335 1929 5404 lingua
1977 5330 2136 5388 latina

556 5428 881 5487 obliviscens
908 5432 1124 5487 dicitur.
1160 5431 1237 5487 De
1259 5430 1376 5500 ipso
1406 5439 1561 5486 natus
1587 5438 1670 5486 est
1690 5424 1954 5492 Chainan,
1982 5424 2145 5494 cujus

558 5537 753 5579 nomen
776 5526 1075 5595 appellatur
1105 5525 1364 5581 nativitas
1407 5523 1523 5581 Dei.
1568 5523 1700 5577 Nam
1742 5522 1857 5588 ipse
1900 5517 2144 5573 Chainan

556 5614 741 5684 genuit
764 5616 991 5682 Malelel,
1021 5616 1174 5683 cuius
1210 5629 1406 5670 nomen
1446 5614 1645 5671 dicitur
1674 5611 1895 5665 mutatio
1928 5608 2039 5664 Dei.
2076 5608 2145 5661 Et

543 5702 766 5759 'Malelel
794 5708 977 5773 genuit
996 5705 1164 5772 Jaret,
1202 5706 1355 5775 cujus
1384 5720 1580 5760 nomen
1617 5700 1895 5758 descensio
1923 5699 2155 5754 dicitur-

551 5788 632 5850 De
659 5795 775 5868 ipso
815 5803 969 5854 natus
998 5810 1080 5855 est
1108 5797 1319 5868 Enoch,
1362 5797 1517 5871 cujus
1548 5809 1745 5851 nomen
1769 5793 1932 5848 latina
1963 5793 2165 5863 lingua;

2252 4686 2448 4756 guinis,
2489 4698 2627 4754 quae
2666 4691 2719 4736 ct
2762 4694 2902 4735 nunc
2943 4674 3166 4735 effundit
3219 4670 3530 4743 sanguinem
3571 4662 3840 4725 Christia-

2252 4792 2413 4844 num;
2446 4776 2579 4836 haec
2609 4774 2749 4830 enim
2781 4772 2968 4829 civitas
2987 4772 3039 4826 in
3071 4778 3212 4825 terra
3252 4764 3383 4825 Naid
3426 4761 3683 4819 fabricata
3711 4773 3839 4829 cog-

2254 4869 2515 4938 noscitur,
2549 4878 2600 4923 et
2632 4869 2746 4922 viva
2783 4874 2883 4921 est.
2928 4862 3044 4933 Ipsa
3072 4871 3213 4917 terra
3260 4858 3661 4927 interpretatur,
3702 4864 3843 4922 quae

2253 4965 2308 5020 in
2340 4965 2446 5019 ﬁne
2468 4976 2635 5030 usque
2670 4959 3002 5015 Christianos
3039 4954 3396 5024 persequitur,
3437 4949 3529 5019 qui
3563 4944 3704 5001 ﬁdeli
3742 4959 3843 4997 vo-

2259 5052 2450 5109 cabulo
2500 5051 2858 5104 nominantur.
2892 5044 3021 5101 Nam
3054 5045 3168 5114 ipse
3218 5041 3359 5097 Enos
3388 5038 3572 5111 genuit
3613 5035 3841 5098 Cedam.

2261 5145 2383 5217 Ipse
2422 5142 2607 5199 habuit
2650 5155 2924 5196 murorum
2965 5134 3267 5194 scientiam.
3320 5133 3397 5188 De
3427 5132 3544 5203 ipso
3576 5137 3732 5185 natus
3757 5134 3847 5182 est

2260 5236 2490 5305 Malelel,
2526 5235 2676 5306 cujus
2703 5249 2899 5291 nomen
2930 5233 3313 5301 interpretatur
3347 5225 3549 5282 auditio
3581 5218 3758 5288 fortis,
3785 5230 3847 5277 et

2256 5334 2328 5388 de
2360 5330 2561 5388 Malelel
2594 5337 2749 5385 natus
2788 5337 2870 5383 est
2908 5322 3224 5391 Matusalan,
3257 5322 3345 5393 qui
3381 5317 3564 5392 genuit
3602 5315 3844 5372 Lamech

2259 5422 2429 5489 illum,
2454 5420 2748 5493 quiliabuit
2770 5432 2965 5474 uxores
2993 5414 3149 5484 duas,
3176 5428 3281 5470 una
3304 5409 3520 5468 nomine
3544 5407 3680 5474 Ada,
3697 5419 3840 5477 quae

2256 5492 2637 5584 interpretatur
2661 5508 3050 5574 testimoniata,
3073 5504 3175 5561 alia
3197 5502 3413 5560 nomine
3429 5498 3569 5558 Sella
3594 5510 3732 5568 quae
3751 5492 3839 5584 in-

2254 5582 2581 5676 terpretatur
2616 5601 2938 5658 adumbrans
2983 5614 3041 5655 se
3082 5594 3276 5668 ipsam.
3324 5590 3441 5663 Ipse
3488 5596 3572 5646 est
3605 5582 3849 5644 Lamech

2254 5698 2346 5766 qui
2376 5696 2510 5752 dixit
2538 5693 2852 5769 mulieribus
2884 5691 2996 5748 suis
3030 5708 3044 5746 :
3077 5688 3269 5746 Audite
3300 5698 3487 5743 vocem
3514 5696 3691 5738 meam
3720 5692 3846 5733 mu-

2258 5790 2417 5846 lieres
2431 5786 2683 5849 Lamech.
2699 5798 2750 5847 et
2771 5786 3044 5844 continete
3062 5785 3284 5842 auribus
3300 5778 3493 5838 vestris
3512 5772 3676 5834 verba
3695 5785 3852 5843 mea,
