4124 6350
351 366 381 391 ι)

354 338 452 392 525
1240 335 1327 391 DE
1366 330 1826 391 GENEALOGIIS
1864 327 2453 387 PATRIARCHARUM
2492 330 2714 385 LIBER.

3505 322 3605 379 526

348 441 466 525 quia
506 453 675 508 virum
717 451 884 508 occidi
928 452 1261 508 in'vulnerem
1284 462 1339 509 et
1374 453 1625 522 juvenem
1669 452 1725 507 in
1754 450 1925 505 libora
1950 449 2008 510 Δ
2029 448 2191 504 Aram
2214 449 2324 505 nati
2351 458 2476 506 sunt
2497 449 2592 504 ﬁlii
2618 454 2861 518 quatuor.
2898 444 3202 503 Primitivus
3230 442 3449 499 nomine
3470 442 3604 513 Obs,

347 558 486 611 meo,
520 542 685 599 virum
714 544 942 600 dicendo
969 544 1240 601 Christum
1262 543 1594 601 Christianos
1632 543 1807 599 dictos
1836 542 1925 613 ju-

346 652 534 694 venem
564 650 740 695 autem
770 641 1023 711 pupulum
1049 655 1168 696 esse
1197 656 1225 694 a
1253 640 1453 695 Judmis
1472 640 1747 696 Christum
1772 655 1805 695 a
1833 654 1926 710 pa-

347 731 496 799 ganis
524 737 577 784 et
619 730 886 787 haereticis
924 733 1276 788 christianum
1313 732 1510 799 occidi,
1544 733 1629 790 vel
1665 734 1744 789 uti
1773 746 1925 789 reum

348 834 497 876 versa
522 822 642 877 vice
669 824 908 879 videmus
925 824 1040 895 (sic)
1073 833 1129 879 ut
1159 838 1254 893 pro
1270 824 1401 880 Abel
1423 825 1550 880 Cain
1565 826 1800 895 dicatur,
1829 826 1921 897 qui

2028 542 2123 613 qui
2155 542 2348 599 dicitur
2374 544 2590 598 chorus.
2633 540 2912 597 Secundus
2943 538 3005 595 El
3042 542 3130 610 qui
3162 540 3355 595 dicitur
3400 540 3454 594 in
3486 552 3608 608 per-

2027 645 2281 708 petuum;
2328 638 2391 691 El
2420 638 2563 692 enim
2588 637 2727 692 Deus
2757 636 2930 691 dictus
2960 636 3097 691 idest
3132 645 3442 707 perpetuus.
3475 635 3609 690 Ter-

2028 729 2135 785 tius
2157 732 2373 799 Gatera,
2397 732 2488 801 qui
2522 731 2718 785 dicitur
2740 745 3061 800 exuperans,
3089 741 3310 801 quartus
3330 746 3462 785 vero
3494 728 3611 785 Mo-
3708 762 3716 770 -

2030 822 2158 878 socii
2182 823 2343 891 quiet
2370 822 2699 892 sagittarius.
2731 821 2861 877 Nam
2896 822 3033 878 ﬁlius
3060 822 3187 878 Sem
3214 831 3395 879 sextus
3417 822 3507 893 qui
3530 820 3610 876 di-

348 925 446 983 pro
465 913 659 968 Christi
693 916 906 970 nomine
935 915 1181 970 laniatur.
1225 915 1287 969 Et
1314 918 1553 987 sequitur
1583 917 1767 973 dicens
1794 931 1926 987 quo-
2027 916 2167 971 citur
2193 914 2461 970 Cbanaam
2491 916 2877 986 interpretatur
2918 919 3167 972 nativitas
3195 918 3311 973 Dei.
3371 915 3437 971 lli
3483 923 3610 970 sunt

349 1007 489 1064 niam
519 1008 716 1078 septies
746 1008 1039 1066 vindicatus
1070 1020 1152 1066 cst
1177 1010 1245 1067 de
1271 1011 1424 1076 Cain,
1457 1012 1527 1067 de
1557 1011 1791 1068 Lamecb
1832 1026 1927 1067 au-

350 1108 456 1155 tem
488 1100 788 1171 septuagies
817 1102 1013 1172 septies
1046 1118 1062 1167 ;
1100 1101 1225 1156 hinc
1252 1117 1373 1158 eum
1414 1113 1634 1173 apparet
1668 1103 1929 1159 occidisse

294 1218 299 1223 ι
349 1188 502 1258 Cain,
527 1205 648 1247 nam
679 1191 745 1246 de
766 1192 988 1248 muliere
1006 1206 1101 1248 sua
1122 1193 1292 1248 Adam
1319 1193 1504 1263 genuit
1529 1193 1717 1259 llobel,
1737 1194 1825 1263 qui
1847 1202 1929 1249 est

350 1291 502 1355 pater
532 1282 881 1339 habitantium
914 1286 966 1339 in
1003 1284 1360 1341 tavernaculis
1381 1327 1397 1353 ,
1446 1294 1503 1341 et
1527 1285 1687 1339 alium
1715 1285 1930 1340 nomine

351 1377 527 1435 Jubal.
560 1376 677 1447 ipse
704 1389 787 1433 est
821 1378 999 1445 Jubai,
1030 1380 1123 1449 qui
1152 1378 1387 1435 ostendit
1425 1378 1733 1449 psalterium
1770 1387 1825 1434 et
1854 1378 1931 1432 εἰς

358 1471 587 1525 tbaram.
612 1469 743 1526 Nam
772 1469 840 1525 de
873 1470 1012 1526 Sella
1034 1478 1189 1527 natus
1217 1477 1301 1527 est
1323 1470 1374 1526 ei
1396 1469 1600 1525 Tbobel
1638 1471 1727 1540 qui
1760 1468 1931 1525 fuerat

353 1560 504 1617 faber
535 1562 787 1617 ferrarius
812 1570 869 1616 et
896 1563 1153 1629 aerarius,
1183 1572 1238 1619 et
1265 1577 1419 1619 soror
1447 1562 1561 1633 ejus
1582 1562 1679 1617 fuit
1708 1562 1931 1620 Noema.

356 1650 473 1723 Ipsa
498 1660 599 1717 est,
624 1666 761 1722 quae
787 1651 1048 1721 psallebat
1065 1668 1200 1709 voce
1226 1667 1332 1707 non
1361 1666 1585 1723 organo,
1622 1668 1717 1722 per
1742 1652 1930 1707 barum

355 1742 499 1801 enim
546 1744 920 1814 generationes
995 1744 1217 1801 increvit
1272 1746 1547 1800 hominum
1600 1744 1884 1799 multitudo
1914 1786 1929 1811 ,

2032 1020 2129 1063 sex
2159 1006 2254 1061 ﬁlii
2282 1008 2405 1062 Sem
2433 1015 2487 1062 et
2516 1006 2689 1063 Nerea
2717 1022 2839 1063 cum
2874 1008 3160 1077 nepotibus
3181 1010 3312 1063 suis.
3354 1007 3484 1061 Nam
3518 1005 3617 1061 Ar-

2033 1098 2233 1169 pbaxat
2262 1098 2397 1153 ﬁlius
2426 1098 2551 1153 Sem
2573 1099 2761 1153 tertius
2782 1098 2870 1167 qui
2903 1100 3077 1155 dictus
3108 1108 3189 1155 est
3217 1099 3327 1155 Leo
3351 1099 3577 1154 veniens
3601 1116 3616 1165 ;

2035 1188 2158 1245 ideo
2186 1191 2327 1244 enim
2357 1191 2458 1245 hoc
2478 1205 2672 1246 nomen
2695 1200 3004 1261 acceperat,
3032 1192 3154 1262 quia
3185 1206 3249 1247 ex
3274 1192 3392 1259 ipso
3414 1191 3500 1245 leo
3529 1204 3620 1244 ve-

2032 1294 2127 1336 rus
2165 1282 2370 1336 iuturus
2412 1291 2528 1338 erat
2567 1282 2823 1338 Dominus
2868 1284 3021 1338 Jesus
3071 1283 3336 1336 Christus.
3386 1282 3461 1335 De
3502 1282 3620 1350 ipso

2033 1374 2175 1430 enim
2211 1374 2431 1431 Ariaxat
2466 1385 2621 1430 natus
2656 1384 2738 1432 est
2766 1375 2883 1431 Sala
2916 1376 3005 1446 qui
3038 1375 3230 1430 dicitur
3262 1372 3501 1429 nuntius.
3536 1371 3613 1426 Ex

2034 1465 2152 1535 ipso
2183 1465 2305 1522 Sala
2318 1477 2474 1521 natus
2488 1477 2571 1523 est
2590 1469 2732 1523 Eber
2761 1469 2849 1538 qui
2874 1468 3067 1522 dicitur
3088 1465 3457 1521 transﬁumeu.
3487 1463 3619 1518 Nam

2036 1560 2153 1628 ipse
2183 1561 2402 1615 Ariaxat
2422 1560 2566 1615 ﬁlius
2608 1560 2732 1615 Sem
2768 1560 2901 1614 vixit
2922 1560 3077 1613 annis
3100 1568 3311 1613 centum
3347 1556 3620 1626 sexaginta

2036 1652 2275 1721 quinque
2314 1660 2367 1705 et
2412 1653 2597 1719 genuit
2636 1651 2783 1705 Sala.
2830 1650 2898 1704 Et
2943 1650 3077 1703 vixit
3112 1657 3395 1718 postquam
3442 1648 3626 1717 genuit

2039 1739 2163 1794 Sala
2181 1742 2335 1795 annis
2362 1742 2771 1810 quadringentis
2793 1756 2919 1794 xxx.
2948 1748 3001 1795 et
3019 1741 3203 1808 genuit
3228 1739 3366 1795 ﬁlios
3388 1748 3442 1793 et
3467 1737 3626 1804 ﬁlias,

358 1834 703 1905 quoadusque
751 1848 914 1904 super
944 1849 1037 1890 eos
1094 1836 1313 1892 advenit
1346 1836 1575 1892 orrenda
1604 1836 1859 1905 catbago;
1891 1843 1943 1890 et
1970 1828 2023 1892 Β
2048 1839 2104 1887 et
2135 1832 2367 1886 decessit
2397 1832 2580 1899 quinta
2608 1832 2977 1899 generatione.

360 1927 572 1996 operuit
609 1939 701 1982 eos
731 1927 1126 1998 cathaclysmus
1146 1928 1535 1997 etdisperdidit
1558 1942 1670 1993 eos,
1694 1928 1945 1997 quoniam

362 2018 687 2075 miscuerant
722 2032 781 2074 se
810 2019 902 2074 ﬁlii
932 2020 1025 2075 Dei
1054 2034 1176 2075 cum
1208 2020 1417 2077 ﬁliabus
1442 2020 1741 2086 hominum,
1764 2030 1819 2077 et
1838 2036 1944 2076 non

362 2113 705 2181 intenderunt
733 2116 1032 2184 praeceptis
1045 2116 1182 2185 ejus,
1204 2116 1328 2186 quia
1347 2128 1697 2174 excecaverat
1718 2134 1813 2175 eos
1834 2134 1947 2174 ma-

360 2198 474 2262 litia
504 2207 762 2276 ipsorum,
784 2218 838 2264 et
868 2223 978 2264 non
1007 2218 1364 2279 speraverunt
1391 2210 1496 2266 sibi
1517 2210 1801 2268 interitum
1822 2225 1945 2269 esse

361 2297 625 2357 futurum.

431 2393 695 2464 incipiunt
731 2396 1104 2464 generationes
1145 2397 1281 2453 Nee.
1327 2397 1630 2455 Redeamus
1673 2399 1837 2469 igitur
1878 2402 1946 2456 ad

362 2484 509 2552 Noe,
549 2488 640 2556 qui
676 2488 857 2558 genuit
898 2497 1027 2546 ante
1065 2489 1324 2546 diluvium
1356 2491 1497 2547 ﬁlios
1534 2502 1678 2561 tres,
1700 2494 1949 2549 etsortiti

358 2588 489 2637 sunt
514 2594 731 2649 uxores,
764 2581 977 2637 luerunt
1002 2582 1145 2638 enim
1166 2584 1219 2638 in
1241 2584 1405 2639 domo
1426 2584 1544 2654 ejus
1573 2586 1784 2641 animae
1807 2583 1947 2641 Vlii.

364 2672 442 2730 De
460 2673 537 2729 eis
558 2673 866 2730 meminisse
889 2673 1137 2744 dignatus
1161 2684 1243 2731 est
1275 2676 1566 2745 Apostolus
1585 2676 1775 2733 dicens
1800 2695 1810 2728 :
1839 2685 1950 2730 octo

364 2767 552 2823 etiam
569 2768 723 2823 salute
746 2768 894 2836 facta
921 2777 1036 2823 sunt
1065 2775 1388 2838 per’aquom,
1430 2771 1558 2825 sicut
1585 2780 1633 2824 et
1670 2786 1757 2824 vos
1795 2771 1947 2824 modo

352 2860 614 2929 .bqpu'suta
654 2859 821 2914 salvos
870 2860 1042 2930 faciet.
1096 2859 1254 2915 Fiunt
1295 2863 1455 2930 igitur
1501 2876 1529 2915 a
1578 2863 1949 2931 protoplausto

370 2950 540 3009 Adam
570 2965 738 3020 usque
766 2949 838 3005 ad
867 2949 1002 3017 Noe,
1053 2950 1191 3007 idest
1218 2965 1387 3021 usque
1433 2952 1498 3006 ad
1544 2953 1947 3021 generationem

367 3042 497 3101 Sent
516 3042 610 3098 ﬁlii
637 3042 877 3111 ejusdem
910 3042 1021 3098 Noe
1040 3044 1164 3097 anni
1188 3042 1294 3098 duo
1313 3044 1462 3098 milia
1487 3054 1701 3100 centum
1724 3044 1951 3113 quadra—

369 3135 516 3207 ginta
533 3136 664 3202 duo,
692 3144 747 3191 et
768 3149 798 3189 a
831 3135 1177 3204 generalium
1199 3134 1322 3192 Sem
1352 3150 1518 3205 usque
1547 3138 1614 3192 ad
1647 3138 1949 3208 cathaclys-

2264 1985 2528 2057 Incipiunt
2570 1986 2917 2057 generationes
2948 1984 3113 2039 Citam
3150 1984 3247 2053 ﬁlii
3274 1983 3390 2039 Noe

2122 2121 2423 2178 Redeamus
2456 2131 2515 2179 et
2549 2122 2615 2177 ad
2656 2121 2824 2177 Cham
2857 2122 3025 2176 tilium
3069 2120 3203 2188 Noe,
3227 2121 3317 2191 qui
3349 2119 3525 2175 dictus
3551 2127 3631 2176 est

2050 2214 2294 2281 callidus,
2312 2224 2366 2270 et
2384 2216 2605 2271 sortitus
2625 2224 2709 2270 est
2722 2228 2938 2270 uxorem
2960 2214 3177 2269 nomine
3192 2216 3331 2269 Ause
3344 2228 3410 2269 ex
3427 2212 3633 2267 semina

2051 2307 2343 2379 gigantum,
2369 2310 2456 2378 qui
2482 2310 2667 2379 genuit
2690 2307 2851 2363 ﬁlium
2878 2308 3206 2376 primitivum
3232 2308 3449 2360 nomine
3469 2301 3631 2359 Chus.

2051 2400 2151 2457 Hic
2173 2402 2406 2457 obtinuit
2429 2403 2759 2472 zEthiOpiam
2783 2410 2968 2457 contra
2998 2402 3303 2473 Egyptum,
3330 2410 3384 2455 et
3418 2398 3485 2454 de
3509 2400 3627 2469 ipso

2052 2497 2163 2554 nati
2198 2506 2321 2550 sunt
2353 2495 2579 2563 ﬁliisex,
2608 2504 2662 2551 et
2687 2495 2787 2550 ista
2822 2497 3034 2551 nomina
3071 2502 3295 2551 eorum:
3325 2493 3633 2564 primitivus

2055 2583 2195 2641 Saba
2217 2587 2597 2655 interpretatur
2625 2585 2759 2641 Tote
2781 2596 2835 2642 et
2866 2587 3017 2642 venit
3050 2586 3178 2642 inde
3208 2586 3342 2641 Saba
3381 2598 3532 2655 gens,
3570 2584 3637 2640 de

2054 2693 2157 2749 qua
2179 2687 2337 2748 gente
2359 2678 2458 2733 fuit
2491 2680 2786 2749 illatregina
2809 2681 3014 2747 Austri,
3038 2694 3174 2750 quae
3205 2687 3427 2733 venerat
3452 2676 3640 2732 audire

2054 2770 2374 2839 sapientiam
2419 2768 2757 2836 Salomonis,
2798 2770 3071 2826 secundus
3121 2785 3251 2825 vero
3294 2769 3502 2834 Eviiad,
3547 2770 3637 2838 qui

2056 2861 2257 2918 dicitur
2291 2864 2597 2933 parturiens
2622 2904 2638 2929 ,
2681 2864 2872 2919 tertius
2917 2865 3113 2920 Sabata
3138 2905 3152 2929 ,
3205 2862 3345 2919 idest
3378 2864 3504 2919 tolle
3548 2874 3638 2928 tu;

2057 2962 2277 3023 quartus
2308 2952 2512 3025 Regina
2556 2953 2695 3009 idest
2730 2954 3012 3022 clamatus,
3044 2954 3171 3009 huic
3197 2962 3355 3009 erant
3386 2952 3480 3007 ﬁlii
3511 2952 3638 3020 duo,

2055 3046 2364 3115 primitivus
2390 3046 2614 3112 Sabam,
2666 3044 2807 3101 idest
2832 3045 3243 3115 condemnatus,
3279 3056 3332 3102 et
3365 3044 3638 3102 secundus

2056 3137 2243 3205 ludas,
2268 3138 2407 3192 idest
2430 3137 2737 3193 conﬁtetur.
2768 3139 2995 3205 Quintus
3025 3155 3154 3195 vero
3193 3138 3335 3195 ﬁlius
3364 3138 3507 3195 Chus
3546 3139 3643 3196 Sa-

372 3240 520 3283 mum
554 3226 692 3282 idest
720 3226 787 3281 ad
813 3227 1212 3296 generationem
1244 3227 1516 3296 Arpltaxat
1549 3228 1641 3297 ﬁlij
1674 3228 1821 3295 Sem,
1854 3230 1947 3299 qui
1974 3208 2024 3273 (ἶ
2058 3228 2286 3287 bacatba
2316 3231 2415 3285 fuit
2440 3246 2637 3286 nomen
2668 3231 2805 3300 ejus,
2850 3231 2992 3287 idest
3026 3240 3265 3287 ornatus.
3296 3232 3488 3289 Sextus
3512 3248 3643 3289 vero

373 3320 553 3377 statim
586 3328 707 3390 post
738 3320 1161 3391 catbaclysmum
1194 3320 1431 3375 nascitur
1456 3336 1600 3376 anno
1630 3324 1948 3377 centesimo.

373 3415 536 3473 Fiunt
557 3430 748 3471 omnes
779 3414 908 3470 anni
932 3415 1041 3470 duo
1072 3415 1222 3469 milia
1254 3414 1472 3472 ducenti
1517 3430 1587 3469 xi.
1616 3414 1744 3469 duo.
1769 3412 1959 3471 Catha-

370 3508 611 3579 clysmus
634 3508 778 3565 enim
818 3508 981 3563 latina
1009 3507 1190 3577 lingua
1226 3508 1517 3564 secundm
1564 3506 1822 3576 judicium
1862 3522 1958 3578 ap-

374 3599 627 3670 pellatur.

373 3709 384 3754 i
448 3690 716 3760 Incipiunt
750 3690 1126 3761 generationes
1150 3688 1276 3744 8cm
1314 3688 1407 3743 ﬁlii
1446 3688 1580 3745 Noe.
1630 3688 1741 3744 Noe
1780 3698 1957 3744 autem

371 3784 564 3854 genuit
590 3783 737 3849 Sem,
771 3782 863 3852 qui
889 3781 1085 3837 dicitur
1107 3780 1271 3836 latine
1293 3794 1510 3849 nomen,
1540 3789 1594 3835 et
1628 3781 1851 3835 sortitus
1870 3790 1955 3836 est

374 3886 600 3929 uxorem
624 3872 839 3928 nomine
864 3872 1057 3937 Nerea,
1079 3871 1149 3926 de
1184 3872 1295 3939 ipsa
1320 3880 1477 3926 natus
1506 3881 1589 3926 est
1612 3872 1780 3925 Elam.
1809 3871 1959 3925 Elam

380 3964 765 4034 interpretatur
800 3963 1095 4023 saeculum.
1122 3963 1250 4018 Inde
1280 3962 1389 4017 nati
1421 3971 1543 4017 sunt
1582 3963 1863 4028 Elamitae,
1906 3973 1962 4017 et

382 4054 553 4112 frater
586 4056 705 4123 ejus
736 4055 1001 4109 secundus
1024 4054 1217 4109 dicitur
1238 4054 1412 4118 Assir,
1438 4067 1597 4123 quem
1633 4052 1844 4107 Nebrod
1878 4052 1961 4120 gi-

378 4163 515 4220 gans
538 4164 705 4218 nepos
727 4149 899 4216 patrui
926 4148 1009 4202 sui
1042 4146 1206 4201 Cham
1232 4147 1297 4200 de
1324 4156 1463 4200 terra
1484 4146 1691 4201 Sennar
1714 4144 1959 4209 exclusit,

382 4240 523 4297 idest
560 4240 627 4295 de
665 4250 803 4295 terra
834 4240 1039 4294 servili.
1067 4239 1216 4293 'l‘unc
1250 4238 1456 4308 fugiens
1485 4238 1725 4301 condidit
1764 4239 1967 4297 Nineve

382 4344 445 4391 et
473 4335 684 4390 Roboth
713 4334 979 4388 civitatem
1015 4340 1071 4386 et
1106 4331 1341 4386 Chalech
1380 4340 1436 4386 et
1466 4331 1667 4386 Dassen
1704 4332 1845 4387 inter
1878 4332 1969 4388 Ni-

384 4439 522 4483 neve
542 4434 598 4482 et
619 4424 869 4481 Chalech.
898 4424 1039 4480 Haec
1076 4432 1159 4479 est
1194 4423 1383 4478 civitas
1417 4423 1507 4477 illa
1538 4437 1724 4493 magna
1757 4440 1965 4491 eorum,

385 4531 546 4587 quam
569 4515 701 4571 Iona
736 4514 991 4583 prapbeta
1017 4530 1111 4584 per
1139 4516 1239 4569 iter
1272 4515 1431 4571 trium
1468 4515 1671 4569 dierum
1696 4517 1961 4570 circuivit.

386 4607 465 4664 De
492 4607 611 4677 ipso
636 4609 783 4662 Assir
812 4606 979 4662 Assiri
1014 4606 1123 4660 nati
1154 4616 1279 4662 sunt
1302 4644 1319 4671 ,
1348 4607 1439 4676 qui
1479 4606 1533 4661 in
1560 4607 1964 4676 opitulationem

388 4710 650 4759 venerant
668 4700 879 4757 Caldeis
901 4700 1158 4755 adversus
1178 4700 1317 4755 ﬁlios
1338 4699 1589 4773 lsraeLad
1615 4702 1963 4757 Hierusalem.

384 4794 702 4851 Continetur
721 4801 900 4848 autem
921 4806 1108 4848 eorum
1139 4792 1288 4861 regio
1318 4792 1404 4847 bis
1427 4793 1600 4847 modis
1631 4794 1702 4848 ab
1730 4794 1876 4849 India
1898 4795 1966 4850 ad

386 4886 637 4945 Ialicum
678 4887 905 4943 insulam
935 4886 1182 4942 adﬁrmat
1220 4901 1342 4942 esse
1384 4882 1699 4957 quindecies
1736 4896 1970 4945 centena

390 4978 533 5036 milia
557 4993 765 5050 passus.
794 4978 1037 5035 Malieum
1059 4992 1186 5034 vero
1219 4979 1404 5034 scenio
1433 4978 1665 5035 ducenta
1686 4996 1779 5035 xx.
1806 4980 1967 5051 quin-

385 5087 497 5143 que
537 5072 701 5127 milia.
738 5071 867 5127 Inde
900 5070 967 5124 ad
996 5070 1222 5126 insulam
1257 5069 1482 5125 Mariano
1518 5071 1636 5141 (sic)
1678 5072 1869 5128 conﬁci
1900 5073 1966 5127 ad

389 5172 639 5234 apertum
661 5176 809 5219 mare
835 5162 1026 5218 decem
1046 5169 1101 5216 et
1124 5161 1292 5216 octies
1312 5170 1536 5217 contem
1553 5170 1607 5217 et
1625 5164 1963 5231 septuaginta

390 5257 633 5329 quinque
657 5256 805 5311 milia
836 5262 1049 5324 praeter
1076 5246 1325 5321 regiones
1351 5252 1582 5308 humano
1607 5255 1790 5323 generi
1815 5253 1963 5308 inac-

397 5364 598 5408 mssaa.
632 5348 745 5405 Hoc
770 5347 995 5404 Solinus
1018 5344 1278 5412 adseruit,
1302 5352 1357 5401 et
1394 5346 1675 5417 adtingam
1699 5361 1868 5417 usque
1896 5348 1966 5403 ad

399 5440 728 5509 Ethiopian
752 5453 847 5510 per
870 5447 1083 5495 centum
1103 5436 1289 5507 viginti
1310 5446 1513 5509 septem
1534 5438 1779 5507 regiones
1799 5446 1967 5495 satra-

398 5549 553 5605 pam.
584 5529 735 5589 Haec
759 5537 887 5587 sunt
917 5529 1271 5587 habitationes
1316 5528 1598 5583 Persarum
1644 5531 1885 5599 gentium
1915 5538 1972 5585 et

398 5625 700 5684 “odorum.
727 5624 877 5679 Alius
915 5637 1039 5678 vero
1072 5620 1293 5676 Arfaxst
1312 5620 1503 5676 tertias
1532 5620 1673 5675 ﬁlius
1699 5620 1855 5686 8cm,"
1878 5624 1970 5692 qui

397 5717 581 5775 dictus
602 5716 821 5785 est_Leo
849 5714 1088 5774 veniens,
1113 5719 1338 5778 quartus
1366 5725 1493 5766 vero
1520 5710 1632 5766 Lnd
1663 5714 1750 5781 qui
1780 5713 1974 5769 dicitur

394 5825 677 5880 amem,
717 5807 933 5881 quium
968 5806 1143 5865 'Lram
1177 5807 1271 5879 qui
1304 5800 1688 5862 dicituraltus.
1738 5806 1813 5861 De
1858 5807 1976 5876 ipso

2061 3321 2284 3389 Nebrot,
2326 3321 2465 3379 idest
2502 3322 2797 3389 rebellans;
2836 3324 2927 3379 hic
2968 3331 3051 3379 est
3082 3322 3286 3379 Nebrot
3324 3324 3513 3394 gigans
3546 3327 3639 3393 qui

2060 3417 2165 3471 luit
2192 3424 2417 3471 venator
2458 3422 2581 3471 ante
2620 3413 2937 3481 Dominum,
2986 3415 3114 3469 inde
3154 3422 3449 3472 nascuntur
3476 3414 3640 3472 Chal-

2064 3508 2172 3564 dei.

2133 3598 2253 3671 ipse
2291 3606 2391 3667 est,
2423 3598 2510 3670 qui
2540 3597 2764 3655 exclusit
2795 3597 2960 3672 Assyr
2990 3597 3157 3654 ﬁlium
3202 3598 3350 3671 Sem,
3401 3597 3543 3655 idest
3578 3600 3642 3655 ﬁ-

2066 3692 2197 3749 lium
2221 3692 2395 3763 patrui
2426 3692 2591 3763 patris
2623 3693 2738 3758 sui,
2780 3698 2834 3748 et
2878 3692 3088 3763 in'ejus
3128 3702 3324 3749 terram
3364 3694 3647 3751 mdiﬁcavit

2066 3782 2328 3855 Babylon,
2357 3792 2410 3838 et
2438 3781 2633 3847 Orecb,
2667 3792 2723 3838 et
2751 3782 2987 3851 Archad,
3025 3794 3077 3839 et
3119 3783 3353 3841 Chalane
3395 3785 3647 3842 intrinse-

2065 3886 2161 3928 cus
2188 3872 2241 3927 in
2265 3872 2459 3929 ﬁnibus
2489 3871 2724 3929 Canaan.
2748 3871 2913 3928 Sedet
2934 3883 3107 3928 autem
3137 3871 3427 3945 Babylonia
3456 3876 3510 3931 in
3530 3878 3648 3933 mil-

2066 3966 2207 4021 libus
2228 3966 2522 4036 sexaginta,
2554 3965 2691 4019 muri
2714 3966 2828 4030 ejus
2860 3966 2951 4021 alti
2980 3966 3205 4036 pedibus
3231 3967 3447 4023 ducenti
3479 3977 3534 4023 et
3556 3970 3646 4024 lati

2072 4056 2237 4126 pedes
2262 4068 2383 4109 Lxx.
2414 4066 2468 4110 et
2514 4054 2617 4110 hoc
2664 4055 2880 4111 Solinus
2928 4057 3156 4112 asSeruit
3203 4055 3291 4126 qui
3336 4067 3504 4113 totum
3553 4060 3649 4115 de-

2071 4144 2256 4200 scribit
2284 4145 2541 4199 ambitum
2568 4144 2772 4199 mundi.
2804 4144 3078 4201 Secundus
3103 4154 3280 4200 autem
3318 4146 3457 4201 ﬁlius
3480 4149 3647 4203 Cham

2070 4246 2331 4293 mestrem
2362 4237 2459 4291 fuit
2488 4251 2684 4293 nomen
2726 4236 2861 4306 ejus,
2904 4236 3039 4291 idest
3079 4246 3249 4291 totum
3285 4238 3507 4292 molcns.
3551 4239 3649 4295 Hic

2073 4331 2304 4387 obtinuit
2336 4332 2649 4403 Egyptum,
2703 4333 2827 4387 huic
2856 4333 2964 4387 nati
2994 4342 3148 4387 erant
3189 4332 3283 4387 ﬁlii
3314 4348 3429 4401 sex,
3464 4342 3519 4389 et
3547 4334 3648 4390 ista

2074 4424 2291 4480 nomina
2326 4439 2548 4489 eorum;
2590 4424 2886 4495 primitivus
2931 4424 3105 4479 Ludin
3153 4425 3291 4481 idest
3320 4427 3403 4481 sui
3449 4428 3651 4497 negotii

2079 4518 2262 4583 homo,
2293 4518 2557 4573 secundus
2604 4518 2941 4589 Emimegim,
2978 4519 3116 4573 idest
3152 4519 3499 4589 prophetatus
3544 4529 3647 4588 est,

2054 4610 2261 4666 tertius
2308 4610 2529 4677 L‘atisin,
2578 4610 2715 4665 idest
2761 4609 3083 4677 iracundus,
3126 4620 3347 4680 quartus
3386 4610 3648 4681 Neptabin

2062 4700 2214 4761 idest
2250 4702 2484 4769 inﬂatus,
2518 4702 2733 4772 quintus
2754 4700 3021 4767 Patrosin,
3047 4700 3185 4755 idest
3224 4702 3441 4765 crudus,
3471 4712 3655 4759 sextus

2077 4794 2351 4861 Casionin,
2376 4795 2514 4850 idest
2546 4804 2822 4850 cornutos.
2853 4794 2929 4848 De
2957 4794 3074 4863 ipso
3104 4793 3353 4847 Caslonin
3383 4796 3493 4849 nati
3532 4806 3655 4851 sunt

2074 4884 2311 4943 Fiiistini
2342 4896 2396 4942 ct
2418 4886 2752 4957 Chapterini.
2776 4886 2991 4941 Tertius
3011 4900 3140 4940 vero
3162 4882 3304 4939 ﬁlius
3328 4880 3496 4940 Cham
3520 4885 3658 4940 l’but

2066 4980 2181 5045 fuit
2206 4993 2401 5033 nomen
2430 4978 2567 5047 ejus,
2601 4978 2739 5032 idest
2783 4975 3071 5046 perfectus,
3106 4972 3191 5029 hic
3221 4990 3479 5045 nusquam
3507 4990 3653 5029 com-

2077 5068 2282 5139 paruit;
2312 5075 2533 5137 quartus
2560 5080 2692 5121 vero
2719 5064 2957 5131 Chanan,
2985 5065 3123 5121 idest
3153 5065 3383 5119 adorans
3408 5063 3659 5130 iniquita-

2074 5167 2209 5228 tem,
2237 5172 2362 5213 nam
2390 5157 2492 5227 ipsi
2522 5156 2773 5212 Chanaan
2806 5158 2916 5213 nati
2940 5166 3067 5215 sunt
3094 5156 3187 5211 ﬁlii
3213 5154 3495 5217 undecim;
3541 5153 3651 5220 pri-

2075 5251 2293 5307 mitivus
2321 5248 2543 5316 Sidona,
2593 5249 2731 5305 idest
2778 5251 2942 5305 exivit
2990 5250 3042 5303 in
3085 5248 3347 5319 judicium
3386 5244 3653 5299 venatrix.

2074 5347 2155 5403 De
2182 5346 2286 5401 isto
2310 5344 2420 5399 nati
2448 5352 2573 5399 sunt
2592 5341 2961 5409 Sidonienses,
2988 5341 3128 5396 unde
3156 5339 3255 5394 fuit
3282 5336 3515 5399 Jezabel,
3542 5350 3660 5404 qua:

2080 5438 2295 5494 colebat
2322 5435 2522 5490 idolum
2571 5433 2972 5491 Sidoniensium
3020 5431 3179 5499 Baal,
3226 5426 3489 5483 secundus
3534 5440 3663 5482 vero

2080 5530 2361 5597 Cettheus,
2393 5526 2534 5584 idest
2555 5541 2815 5598 peccans;
2848 5526 3042 5582 tertius
3062 5524 3345 5589 Jebuseus,
3371 5520 3507 5576 idest
3528 5534 3657 5575 con-

2084 5624 2257 5681 fusus.
2300 5621 2398 5678 ilic
2444 5620 2727 5677 aediﬁcavit
2769 5616 3126 5680 Hierusalem,
3167 5620 3445 5683 propterea
3500 5611 3663 5667 Jebus

2085 5716 2227 5772 dicta
2258 5725 2341 5772 est
2370 5713 2665 5772 secundum
2691 5724 2884 5765 nomen
2919 5709 3069 5778 ejus;
3101 5715 3320 5776 quartus
3350 5707 3659 5770 Amorreus,

2088 5810 2227 5878 idest
2260 5808 2634 5873 biliabundus;
2677 5802 2891 5872 quintus
2930 5798 3281 5869 Gergess‘eus,
3324 5798 3463 5853 idest
3489 5796 3667 5854 credi~
