4124 6350
531 318 631 375 527

1802 314 2108 370 ANONYMI
2150 314 2489 373 AUCTORIS

3685 311 3789 376 528

530 445 650 502 tus;
680 441 865 491 sextus
909 433 1133 498 Evveus,
1183 429 1322 484 idest
1368 428 1617 494 coluber;
1667 428 1929 496 septimus
1971 431 2107 484 Aru—
2133 436 2187 489 Α
2216 429 2488 496 nubilum;
2542 445 2712 487 nonus
2754 431 2929 499 Soba,
2965 430 3100 487 idest
3153 433 3311 501 tolle,
3364 435 3522 499 veni;
3553 433 3795 490 decimus

531 544 682 597 ceus,
704 528 844 583 idest
872 527 1235 589 Scotomatus;
1262 531 1482 577 octavus
1503 523 1806 587 Asenneus,
1841 522 1982 576 idest
2007 536 2113 575 non

530 622 739 692 estejus
757 636 773 686 ;
791 634 961 676 nonus
972 617 1180 672 Azirius
1198 616 1335 672 idest
1348 615 1655 681 iracundus,
1671 614 1909 669 decimus
1927 614 2117 669 Sama-

528 728 657 770 reus
681 713 818 768 idest
844 709 1236 773 audivitreum,
1267 706 1586 762 undecimus
1608 706 1945 771 Amattheus,
1978 704 2116 762 idest
2145 757 2151 764 .

528 805 863 875 delinquens.
900 803 966 857 Hi
997 811 1122 857 sunt
1166 802 1260 856 ﬁlii
1301 799 1552 856 Chanaan
1581 800 1853 857 undecim.
1897 791 1971 855 Et
1994 806 2117 868 post

527 898 632 953 hoc
669 896 925 965 dispersa:
974 902 1101 949 sunt
1148 893 1319 948 tribus
1367 892 1803 959 Chananeorum,
1852 901 1909 946 et
1960 880 2119 945 factae

526 998 653 1045 sunt
680 987 812 1042 ﬁnes
848 985 1258 1041 Chananeorum
1289 998 1320 1036 a
1343 982 1544 1039 Sidone
1592 997 1759 1052 usque
1787 995 1893 1051 quo
1932 981 2117 1035 venias

525 1094 557 1134 a
580 1078 781 1135 Gerara
808 1087 864 1133 et
899 1076 1060 1142 Gaza,
1102 1075 1390 1140 Asealona,
1426 1073 1620 1140 Azotu,
1659 1080 1711 1127 et
1740 1071 1899 1136 Geth,
1944 1080 1998 1126 et
2028 1085 2115 1125 us-

525 1190 629 1245 que
649 1189 755 1243 quo
785 1171 968 1227 venias
998 1170 1249 1239 Sodoma,
1281 1177 1337 1223 et
1357 1166 1643 1230 Gomorra,
1672 1164 1899 1227 Adama,
1933 1173 1986 1220 et
2013 1164 2109 1219 Se-

526 1266 673 1332 boin,
707 1274 763 1319 et
811 1278 977 1333 usque
1014 1261 1224 1325 Laban,
1252 1274 1371 1329 quae
1398 1258 1591 1314 dicitur
1625 1257 1814 1328 Segor,
1846 1256 1937 1311 ubi
1978 1270 2113 1311 con-

527 1359 733 1427 legerat
758 1355 895 1411 Loth
926 1363 979 1410 et
1005 1354 1072 1409 ad
1098 1367 1311 1410 omnem
1344 1361 1541 1408 terram
1562 1349 1839 1406 Chanaan.
1895 1348 1963 1404 Hi
1999 1358 2114 1405 tur-

530 1464 641 1505 rem
669 1448 1070 1507 aediﬁcaverant
1089 1462 1158 1503 ex
1181 1447 1441 1503 lateribus
1462 1445 1656 1513 coctis,
1687 1454 1744 1501 et
1771 1443 2014 1499 bitumen
2034 1443 2117 1499 eis

531 1539 698 1597 fuerat
731 1556 825 1609 pro
851 1541 982 1595 luto.
1013 1540 1082 1593 Et
1116 1539 1190 1595 ibi
1234 1536 1475 1593 confudit
1496 1536 1641 1592 Deus
1668 1536 1877 1607 linguas
1903 1549 2110 1600 eorum,

531 1643 586 1688 ut
608 1633 751 1703 quod
779 1634 897 1703 quis
924 1630 1229 1703 postulabat
1250 1646 1356 1685 non
1390 1632 1491 1685 hoc
1520 1629 1811 1699 acciperet.
1842 1627 1955 1684 Hoc
1978 1636 2114 1683 tem-

530 1725 750 1794 poribus
769 1724 912 1780 Eber
943 1724 1140 1779 factum
1168 1732 1269 1789 est,
1313 1722 1453 1778 unde
1486 1721 1670 1793 lingua
1712 1721 1927 1778 hebraza
1968 1720 2112 1775 dicta

529 1830 629 1888 est,
662 1818 953 1874 secundum
980 1817 1254 1873 Hebraeos.

740 1909 1003 1980 Incipiunt
1027 1910 1372 1981 generationes
1398 1900 1590 1978 Iephte
1619 1908 1717 1977 ﬁlii
1753 1907 1887 1963 Noe.

2222 520 2386 588 Ufer,
2418 522 2553 577 idest
2598 523 2775 579 lumen
2818 525 3139 590 curationis;
3179 524 3493 582 undecimus
3536 525 3749 581 Evilath
3774 566 3791 593 ,

2221 613 2358 669 idest
2379 614 2600 671 ostende
2632 615 2770 682 hoc;
2815 616 3163 672 duodecimus
3193 616 3383 681 Joltah,
3415 617 3469 673 id
3497 625 3579 672 cst
3607 632 3797 674 amans

2219 705 2409 763 Deum.
2449 708 2511 762 Hi
2542 717 2666 763 sunt
2706 708 2988 764 duodecim
3038 708 3133 764 ﬁlii
3155 708 3402 765 Jecthan.
3436 709 3504 764 Et
3544 709 3681 764 laeta
3712 719 3796 766 est

2218 798 2653 854 commemoratio
2679 814 2863 855 eorum
2892 816 2922 854 a
2944 799 3113 856 Hasse
3139 814 3307 871 usque
3331 814 3438 872 quo
3474 800 3661 856 venias
3684 800 3797 858 Go-

2218 890 2320 957 l'er,
2350 907 2379 946 a
2408 900 2579 947 morte
2608 892 2808 948 Salma.
2844 893 2907 947 Et
2934 895 3181 963 regnavit
3215 910 3311 965 pro
3343 908 3409 950 eo
3432 894 3557 949 Saul
3588 908 3653 949 ex
3686 892 3796 948 Ro-

2218 982 2346 1037 both
2368 981 2581 1038 civitate
2601 996 2721 1053 quas
2742 992 2822 1039 est
2838 982 2995 1053 juxta
3015 985 3235 1041 ﬁumen.
3263 984 3502 1041 Mortuus
3517 993 3799 1039 estautem

2218 1074 2372 1142 Saul,
2406 1084 2460 1130 et
2509 1064 2753 1145 regnavit
2797 1091 2895 1146 pro
2943 1091 3008 1132 eo
3051 1077 3308 1133 Ballenon
3356 1076 3495 1132 ﬁlius
3522 1075 3794 1145 Agnohor.

2218 1166 2455 1221 Mortuus
2492 1176 2575 1221 est
2597 1175 2773 1221 autem
2804 1166 3059 1222 Ballenon
3079 1176 3134 1222 et
3170 1168 3413 1237 regnavit
3442 1180 3539 1235 pro
3559 1178 3625 1221 eo
3651 1162 3797 1219 Arad

2217 1252 2360 1313 ﬁlius
2386 1257 2582 1326 Barad,
2615 1267 2670 1314 et
2698 1273 2891 1315 nomen
2942 1260 3173 1315 civitatis
3202 1260 3318 1329 ejus
3352 1257 3565 1327 Fogor;
3598 1271 3795 1312 nomen

2217 1360 2301 1407 est
2330 1352 2508 1408 uxoris
2532 1351 2651 1421 ejus
2690 1351 2918 1407 Metebel
2966 1352 3075 1408 ﬁlia
3118 1350 3321 1407 Matrah
3350 1350 3447 1405 ﬁlii
3498 1349 3701 1405 Mezob.
3731 1347 3817 1417 Et,

2217 1440 2273 1497 hi
2300 1442 2462 1498 duces
2490 1456 2709 1509 eorum,
2743 1442 3019 1509 Theman,
3061 1441 3241 1507 Galla,
3281 1440 3503 1511 Jephte,
3537 1438 3793 1506 Telimas,

2218 1535 2371 1602 Elas,
2404 1536 2589 1606 Pynon
2610 1577 2627 1602 ,
2656 1535 2897 1592 Genethz
2916 1578 2931 1602 ,
2965 1536 3225 1604 Themna,
3269 1536 3445 1591 Mazer
3469 1577 3484 1603 ,
3514 1533 3797 1604 Magediel,

2218 1624 2398 1689 Eram,
2434 1624 2650 1682 Fazoin.
2686 1626 2750 1680 Hi
2772 1626 2939 1681 duces
2972 1620 3142 1681 Edom
3179 1626 3233 1680 in
3273 1634 3415 1681 terra
3443 1622 3799 1695 possessionis

2217 1736 2426 1777 eorum.
2462 1721 2558 1776 Hic
2596 1730 2680 1776 est
2708 1721 2848 1775 Esau
2879 1722 2967 1789 qui
3013 1720 3186 1775 dictus
3235 1728 3319 1775 est
3345 1718 3514 1774 Edom
3535 1758 3550 1783 ,
3582 1726 3799 1788 propter

2143 1810 2191 1871 Β
2217 1812 2519 1868 aviditatem
2547 1827 2723 1880 escae,
2756 1827 2852 1882 pro
2880 1828 2983 1882 qua
3010 1824 3135 1866 suos
3165 1810 3425 1880 primatus
3453 1807 3638 1864 amisit
3666 1808 3797 1862 dum

2108 1964 2118 1970 ε
2213 1906 2396 1961 ederet
2440 1906 2741 1967 lenticulam
2782 1920 2903 1960 cum
2929 1905 2997 1961 de
3026 1905 3149 1962 trito
3196 1914 3403 1961 coctam
3452 1905 3555 1960 hoc
3598 1916 3797 1961 nomen

599 2004 812 2058 Tertius
838 2018 969 2058 vero
997 2002 1136 2056 ﬁlius
1176 2002 1287 2057 Noe
1316 2002 1530 2056 nomine
1556 2000 1770 2069 Japhet,
1802 2000 1890 2069 qui
1920 1996 2109 2053 dilatio
2213 2001 2442 2071 accepit.
2469 2000 2594 2055 Haec
2620 2007 2703 2056 est
2727 2014 2881 2069 gens,
2913 2015 3033 2068 qua:
3055 2000 3283 2055 exclusit
3307 1997 3598 2055 Chorreos.

531 2098 932 2164 interpretatur.
964 2095 1100 2149 Huic
1128 2103 1245 2149 erat
1286 2109 1421 2149 uxor
1448 2095 1664 2149 nomine
1716 2094 1883 2162 Ruth,
1918 2108 1982 2148 ex
2011 2092 2112 2146 hac

532 2187 715 2256 genuit
758 2184 1086 2255 primitivum
1139 2186 1366 2252 Gamer,
1422 2184 1558 2238 idest
1606 2198 1928 2247 mensuram.
1980 2183 2112 2238 lluic

533 2279 802 2333 erant'ﬁlii
820 2287 951 2345 tres,
972 2276 1270 2345 primitivus
1291 2275 1508 2330 nomine
1530 2275 1797 2344 Agganaz,
1823 2274 1960 2329 idest
1978 2274 2113 2343 ignis

534 2371 765 2437 ardens,
814 2369 1078 2426 secundus
1111 2369 1273 2435 Bilat,
1304 2367 1443 2424 idest
1482 2367 1614 2421 visio
1662 2367 1891 2431 fervens,
1926 2366 2113 2421 tertius

533 2462 794 2532 Zhargam
821 2461 961 2523 idest
994 2461 1259 2517 uberatio.
1310 2460 1591 2523 Secundus
1620 2474 1749 2514 vero
1799 2458 1938 2513 lilius
1975 2456 2116 2513 Jalet

532 2554 716 2624 Magog
760 2554 859 2609 fuit
900 2568 1095 2609 nomen
1138 2554 1291 2623 ejus;
1324 2553 1411 2608 hic
1459 2552 1694 2607 obtinuit
1722 2549 2110 2620 Pamphyliam.

533 2644 745 2701 Tertius
771 2660 899 2700 vero
936 2643 1137 2700 Madias
1163 2685 1178 2710 ,
1209 2644 1297 2698 hic
1325 2644 1555 2699 obtinuit
1584 2643 1841 2697 Partiam.
1884 2641 2115 2709 Quartus

532 2738 782 2807 Lotham,
818 2738 904 2793 hic
931 2738 1163 2793 obtinuit
1194 2736 1456 2793 Graeciam
1483 2753 1499 2801 ;
1547 2736 1634 2789 hic
1662 2746 1745 2790 est
1776 2743 1926 2803 pater
1956 2734 2116 2803 Syro-

534 2846 655 2899 rum
682 2829 1110 2896 l’altestinorum,
1142 2836 1197 2883 et
1218 2828 1286 2883 de
1313 2830 1428 2897 ipso
1453 2828 1562 2880 nati
1588 2834 1713 2880 sunt
1739 2826 1830 2879 lilii
1858 2836 2114 2895 quatuor:

536 2923 842 2992 primitivus
868 2922 1009 2975 Elisa
1031 2962 1046 2987 ,
1079 2921 1217 2975 idest
1252 2920 1319 2975 ad
1348 2935 1435 2975 me
1457 2920 1611 2993 veni-O
1638 2917 1917 2973 Secundus
1946 2918 2118 2971 Thar-

537 3014 633 3076 sis,
670 3012 806 3067 idest
832 3012 1129 3081 gladiator,
1162 3010 1249 3066 hic
1274 3010 1553 3066 aediﬁcavit
1593 3009 1862 3065 civitatem
1904 3009 2121 3062 nomine

538 3103 765 3168 Tharso,
806 3102 1098 3158 secundum
1131 3116 1325 3157 nomen
1364 3117 1541 3172 suum,
1576 3103 1628 3156 iu
1661 3117 1763 3171 qua
1795 3102 2006 3155 volebat
2040 3100 2117 3153 fu-

2570 2094 2638 2147 Et
2673 2097 2778 2149 lues
2810 2102 2881 2147 est
2921 2111 3040 2165 gens
3071 2093 3431 2149 Chorreorum.

2284 2185 2504 2256 Septem
2534 2185 2677 2240 enim
2706 2185 2921 2240 fuerunt
2957 2184 3048 2239 ﬁlii
3100 2185 3200 2240 Ser
3245 2184 3432 2239 Correi
3480 2190 3535 2238 et
3578 2190 3799 2251 nepotes

2218 2276 2380 2331 XXII.
2413 2288 2463 2331 et
2496 2278 2596 2332 ista
2637 2278 2853 2331 nomina
2885 2291 3114 2342 eorum;
3168 2277 3476 2345 primitivus
3521 2274 3719 2330 Lethen
3741 2281 3801 2328 et

2217 2369 2311 2423 lilii
2362 2370 2479 2437 ejus
2521 2369 2688 2423 Eman
2720 2378 2774 2423 et
2817 2368 3029 2423 Cltorri.
3087 2368 3369 2423 Secundus
3421 2367 3576 2423 Sobal
3619 2373 3674 2421 et
3699 2363 3800 2419 ﬁlii

2217 2465 2334 2534 ejus
2361 2478 2479 2530 sex,
2511 2464 2687 2530 Golla,
2720 2465 3085 2531 Manachacat,
3108 2462 3252 2518 Geba
3272 2505 3285 2526 ,
3327 2462 3512 2525 Solan,
3542 2470 3597 2516 et
3624 2459 3800 2515 Onan.
3832 2462 3835 2465 ’

2220 2556 2315 2610 Hic
2343 2566 2426 2611 est
2446 2556 2610 2622 Onas,
2638 2557 2728 2625 qui
2756 2556 2963 2611 invenit
2987 2556 3226 2610 Laminir
3248 2555 3299 2609 in
3327 2568 3512 2609 eremo
3538 2552 3663 2607 Elas
3678 2564 3802 2605 cum

2219 2656 2463 2716 pasceret
2502 2648 2741 2715 jumenta
2786 2646 3033 2717 Sebegon
3075 2646 3245 2716 patris
3283 2645 3391 2699 sui.
3422 2644 3650 2711 Quartus
3692 2641 3804 2695 Au-

2220 2754 2365 2805 nam,
2400 2748 2455 2793 et
2482 2739 2575 2793 ﬁlii
2619 2739 2735 2807 ejus
2766 2738 2904 2804 duo,
2940 2738 3115 2792 Deson
3144 2744 3199 2791 et
3239 2734 3500 2790 Elibathe.
3544 2732 3803 2786 Filiorum

2220 2841 2399 2884 autem
2442 2830 2619 2884 Deson
2650 2831 2781 2884 haec
2819 2838 2944 2884 sunt
2970 2828 3207 2895 nomina,
3239 2835 3510 2896 quattuor.
3542 2823 3801 2890 Emadan,

2224 2922 2424 2986 Asban,
2456 2922 2657 2975 Thasra
2679 2966 2693 2990 ,
2739 2929 2794 2976 et
2822 2919 3083 2975 Chorram
3105 2960 3119 2986 ,
3157 2929 3376 2989 quartus
3424 2919 3592 2983 Aran,
3617 2923 3672 2970 et
3707 2913 3805 2968 ﬁlii

2226 3014 2342 3083 ejus
2363 3024 2639 3084 quattuor,
2674 3013 2935 3080 Emadan,
2959 3013 3160 3077 Asban,
3180 3011 3404 3077 Thasra,
3425 3018 3480 3065 et
3506 3007 3766 3063 Chorram
3787 3022 3802 3072 ;

2227 3116 2409 3161 sextus
2437 3113 2597 3161 Asam
2620 3150 2634 3175 ,
2660 3116 2715 3160 et
2747 3105 2841 3159 ﬁlii
2878 3105 2995 3175 ejus
3036 3112 3283 3173 quatuor,
3314 3101 3494 3156 Balam
3518 3142 3532 3166 ,
3574 3099 3801 3164 Zucam,

540 3212 667 3267 gere
692 3197 827 3253 lona
855 3213 887 3252 a
916 3196 1050 3253 facie
1078 3198 1308 3252 Domini.
1338 3197 1551 3254 Tertius
1582 3196 1706 3264 Citi,
1732 3196 1872 3251 idest
1903 3193 2121 3248 caleaho
2147 3176 2193 3239 (ἶ
2225 3197 2421 3253 Juscha
2454 3208 2507 3253 et
2535 3198 2769 3252 .luschan
2796 3214 2809 3262 ;
2843 3197 3111 3265 septimus
3130 3194 3316 3259 Bison,
3342 3202 3395 3257 et
3432 3191 3526 3245 ﬁlii
3555 3188 3669 3258 ejus
3699 3188 3804 3242 duo

541 3296 617 3344 te.
660 3289 889 3355 Quartus
919 3287 1089 3353 Rodi,
1132 3288 1271 3344 idest
1306 3288 1714 3344 condemnatus.
1747 3287 1827 3342 Ab
1871 3286 1953 3341 his
1982 3285 2122 3339 desi-

540 3390 718 3450 gnata:
747 3388 871 3434 sunt
894 3380 1080 3434 insula:
1109 3381 1345 3451 gentium
1383 3381 1436 3434 in
1466 3390 1608 3434 terra
1636 3378 1872 3443 illorum,
1901 3386 1953 3432 et
1982 3377 2122 3431 fece-

542 3480 672 3526 runt
698 3471 797 3541 sibi
820 3486 1125 3527 sermonem
1168 3472 1529 3541 unusquisque
1559 3472 1612 3525 in
1642 3485 1740 3524 suo
1769 3484 1964 3539 genere
1984 3478 2039 3523 et
2068 3469 2121 3522 in

545 3562 658 3619 suis
677 3562 947 3633 gentibus.
979 3563 1206 3631 Quintus
1234 3563 1374 3618 ﬁlius
1413 3561 1555 3617 Jalet
1586 3562 1729 3616 Elisa
1759 3562 1951 3625 dictus,
1986 3561 2123 3615 idest

539 3656 607 3710 ad
638 3671 724 3711 me
753 3655 969 3712 venisti.
994 3648 1187 3711 Sextus
1219 3655 1462 3722 Thober,
1507 3655 1644 3710 idest
1670 3656 1921 3734 uberans.
1947 3654 2123 3723 Septi-

539 3761 659 3800 mus
689 3747 854 3801 Moise
894 3746 1033 3800 idest
1072 3746 1399 3813 sagittarius.
1451 3746 1683 3800 Octavus
1721 3746 1911 3801 Thiras
1938 3788 1953 3811 ,
1985 3747 2121 3801 idest

539 3836 822 3891 lanciator.
854 3836 916 3888 lli
943 3835 1285 3904 Kartaginem
1318 3835 1663 3889 obtinuerunt
1688 3836 1981 3891 secundum
2022 3852 2119 3890 au-

541 3927 705 3981 ctoris
736 3927 956 3981 dictum.
995 3926 1135 3996 Tyrii
1177 3937 1378 3981 tenuere
1407 3929 1594 3981 coloni.
1623 3928 1859 4002 Kartago
1886 3930 2005 3984 urbs
2026 3946 2121 3983 an-

543 4022 684 4091 tiqua
716 4022 832 4090 fuit,
862 4022 1041 4089 utique
1071 4020 1353 4091 Tyrorum.
1384 4021 1448 4075 Hi
1480 4030 1602 4076 sunt
1628 4031 1750 4076 octo
1796 4021 1888 4076 ﬁlii
1918 4022 2115 4089 Jaleth,

541 4121 764 4183 nepotes
783 4112 913 4167 Noe.
946 4112 1050 4181 Ipsi
1080 4112 1425 4167 obtinuerunt
1445 4112 1818 4183 Pamphiliaui,
1849 4112 2117 4169 Parthiam

542 4213 597 4262 et
625 4220 836 4260 omnem
866 4205 1125 4261 Graeciam
1148 4247 1161 4271 ,
1196 4204 1421 4260 Rodiam
1460 4214 1514 4260 et
1542 4205 1731 4261 Citiam
1767 4223 1779 4259 :
1809 4206 1931 4262 inde
1959 4206 2121 4262 Rodi-

539 4284 671 4361 citi,
696 4296 988 4351 Mazianitae
1030 4312 1152 4351 cum
1194 4296 1712 4367 Kartaginiensibus,
1755 4306 1810 4353 et
1850 4298 2119 4353 Tharsen-

539 4386 710 4442 sibus.

608 4476 799 4548 lncipit
839 4478 1192 4539 rememonatio
1234 4478 1378 4533 Salue
1404 4480 1597 4549 nepotis
1639 4479 1763 4533 Sem
1784 4480 1881 4547 filii
1912 4478 2045 4532 Noe.

2227 3293 2301 3347 0e
2330 3301 2385 3347 et
2408 3291 2613 3346 Arranh
2639 3330 2653 3355 ,
2681 3290 2733 3345 hi
2758 3298 2881 3344 sunt
2911 3290 3000 3344 ﬁlii
3023 3289 3145 3345 Seir
3173 3287 3395 3343 Chorrei
3429 3284 3540 3339 V'll.
3568 3292 3622 3338 et
3644 3296 3803 3337 soror

2226 3399 2413 3440 eorum
2437 3384 2700 3450 Thamna,
2730 3390 2783 3437 et
2805 3390 3027 3451 nepotes
3053 3378 3217 3435 XXII.
3265 3378 3409 3433 Haec
3430 3384 3515 3432 est
3540 3390 3673 3445 gens
3699 3372 3802 3426 Zo-

2225 3476 2427 3542 zomin,
2447 3490 2603 3545 quam
2627 3474 2887 3544 disperdit
2908 3474 3051 3528 Esau
3077 3488 3105 3526 a
3132 3473 3267 3527 facie
3287 3485 3381 3525 sua
3401 3468 3471 3524 de
3498 3478 3641 3524 terra
3663 3466 3801 3531 Seir,

2226 3579 2283 3624 ut
2314 3569 2616 3638 possideret
2646 3582 2762 3622 eam
2784 3608 2797 3632 ,
2823 3576 2875 3621 et
2903 3566 3029 3621 lacti
3060 3572 3184 3619 sunt
3212 3563 3541 3619 Gabaonitae
3575 3560 3699 3615 dum
3729 3558 3801 3611 lu-

2224 3670 2411 3733 gerent
2454 3676 2481 3714 a
2510 3662 2644 3716 facie
2674 3661 2788 3728 ejus
2819 3659 2921 3715 hoc
2961 3658 3015 3713 in
3040 3658 3263 3715 Jhesum
3287 3655 3424 3710 idest
3465 3661 3727 3709 servatus.
3762 3649 3803 3702 li

2224 3765 2347 3809 sunt
2372 3761 2600 3822 quatuor
2646 3752 2741 3805 ﬁlii
2781 3751 3015 3805 lsaehar.
3050 3749 3307 3803 Filiorum
3343 3754 3522 3799 autem
3563 3740 3801 3796 Zabulon

2223 3847 2356 3901 haec
2376 3854 2499 3900 sunt
2520 3844 2735 3898 nomina
2757 3858 2965 3908 eorum,
2989 3839 3294 3911 primitivus
3319 3835 3513 3899 Seder,
3542 3832 3673 3887 idest
3698 3829 3798 3884 do-

2180 3940 2377 4002 'ctus;
2434 3935 2701 3991 secundus
2748 3935 2939 3999 Allon,
2984 3930 3125 3987 idest
3174 3928 3559 3997 sempiternus;
3608 3920 3798 3975 tertius

2224 4028 2370 4095 Sem,
2397 4027 2533 4081 idest
2563 4027 2820 4081 nubilum.
2866 4024 2929 4078 Hi
2976 4032 3084 4077 tres
3112 4021 3208 4075 ﬁlii
3254 4018 3513 4074 Zabulon.
3540 4023 3595 4070 et
3630 4012 3801 4067 Dinae

2222 4121 2316 4175 ﬁlii
2335 4136 2440 4175 non
2470 4130 2591 4174 sunt
2619 4119 2746 4173 nati.
2774 4117 2896 4172 Filii
2917 4124 3093 4170 autem
3124 4112 3237 4169 (lad
3265 4110 3377 4168 Vll.
3412 4108 3547 4164 haec
3567 4114 3690 4161 sunt
3713 4118 3802 4158 no-

2222 4214 2365 4267 ntina
2387 4226 2595 4282 eorum,
2621 4210 2807 4273 Solan,
2836 4208 3033 4277 Auges,
3059 4205 3274 4271 Saunis,
3300 4202 3502 4265 Sohan,
3526 4207 3581 4255 et
3604 4199 3802 4253 lsmae-

2221 4303 2287 4358 lis
2308 4312 2360 4357 et
2382 4302 2601 4367 Ariolis,
2640 4302 2693 4355 lii
2724 4308 2849 4356 sunt
2897 4306 3104 4367 septem
3144 4295 3238 4350 ﬁlii
3281 4293 3418 4348 Gad.
3456 4291 3577 4347 Filii
3619 4296 3800 4342 autem

2220 4399 2355 4451 Aser
2398 4395 2451 4449 lii
2492 4401 2644 4459 sunt,
2694 4401 2749 4448 et
2805 4392 2937 4447 haec
2975 4392 3193 4445 nomina
3239 4401 3467 4443 eorum:
3502 4382 3799 4455 primitivus

2222 4488 2437 4553 Semna,
2468 4488 2603 4543 idest
2641 4495 2987 4552 numeratus;
3017 4484 3285 4542 secundus
3313 4484 3506 4546 Sesua,
3540 4480 3678 4537 idest
3708 4493 3800 4549 pe-

608 4546 915 4624 Ῐῖθάέεῖηυε
943 4568 1007 4622 ad
1036 4568 1157 4624 sala
1188 4580 1436 4639 nepotem
1466 4546 1591 4625 sem
1616 4570 1708 4624 Πίίί
1735 4546 1870 4625 Νόθ-
1895 4570 2013 4639 Ipse
2035 4578 2118 4626 εει
2146 4546 2201 4608 D
2226 4582 2385 4645 titus;
2411 4546 2597 4635 tertius
2623 4579 2790 4644 Zievi,
2823 4578 2959 4634 idest
2973 4546 3154 4634 honor
3172 4590 3353 4642 meus;
3375 4582 3597 4645 quartus
3620 4546 3794 4633 Baria,

538 4660 663 4717 Sala
692 4661 781 4730 qui
811 4659 944 4715 vixit
967 4661 1122 4715 annis
1147 4670 1360 4717 centum
1397 4662 1777 4733 quinquaginta
1810 4662 1918 4717 Vll.
1951 4671 2005 4718 et
2023 4678 2116 4733 ge-

538 4752 657 4807 nuit
682 4751 843 4818 Eher,
874 4761 929 4807 et
956 4752 1087 4807 vixit
1112 4762 1385 4822 postquam
1428 4754 1612 4824 genuit
1636 4754 1775 4809 Eber
1805 4754 1957 4809 annis
1988 4771 2117 4825 qua-

539 4843 837 4915 dringentis
869 4860 997 4899 xxx.
1024 4853 1077 4900 et
1102 4854 1343 4900 mortuus
1372 4856 1482 4901 est:
1516 4847 1603 4916 qui
1629 4846 1765 4901 Eher
1797 4848 1931 4901 vixit
1960 4849 2115 4905 annis

538 4948 754 4992 centum
795 4937 1143 5007 quadraginta
1180 4947 1439 5008 quatuor,
1474 4948 1527 4993 et
1556 4940 1738 5007 genuit
1765 4940 1905 4993 ﬁlios
1936 4938 2113 5008 duos;

536 5028 863 5099 primitivum
886 5030 1098 5084 nomine
1124 5029 1341 5095 Falech,
1360 5030 1498 5084 idest
1520 5032 1763 5099 partitus.
1790 5031 1967 5098 Quare
1988 5046 2113 5101 par-

440 5196 447 5203 .
536 5118 711 5174 titus?
737 5121 860 5189 quia
882 5119 980 5175 sub
1010 5121 1126 5189 ipso
1170 5120 1325 5176 divisi
1365 5130 1489 5176 sunt
1519 5123 1612 5176 lilii
1643 5131 1698 5178 et
1722 5133 1947 5193 nepotes
1977 5124 2109 5179 Noe.

535 5210 817 5269 Secundus
860 5226 987 5265 vero
1022 5211 1166 5266 ﬁlius
1210 5211 1387 5278 Eber,
1428 5213 1575 5267 Jecta
1624 5214 1794 5269 dictus
1826 5226 1944 5280 eSt,
1975 5214 2113 5270 idest

533 5304 781 5372 pusillus.
830 5303 965 5358 Huic
1004 5311 1158 5358 erant
1198 5303 1289 5355 lilii
1330 5302 1640 5370 duodecim;
1682 5306 1984 5375 primitivus
2016 5320 2112 5360 Iro-

535 5396 676 5449 mine
709 5396 1007 5460 Elmodam,
1037 5394 1175 5449 idest
1203 5396 1461 5464 agitatus;
1491 5396 1755 5452 secundus
1777 5397 1939 5464 Salel,
1973 5397 2113 5453 idest

535 5486 834 5553 alienatus;
892 5489 1081 5545 tertius
1134 5489 1422 5557 Sarmoth,
1478 5490 1614 5545 idest
1654 5492 1844 5546 d‘omus
1887 5494 2107 5558 mortis;

536 5586 755 5646 quartus
800 5579 1034 5649 Serueh,
1081 5581 1217 5636 idest
1247 5582 1500 5647 visibilis;
1551 5582 1769 5652 quintus
1810 5584 2105 5649 Odorrem,

535 5668 675 5724 idest
695 5672 825 5726 satis
855 5672 1017 5725 altum
1043 5690 1057 5737 ;
1082 5685 1263 5729 sextus
1288 5677 1480 5743 Azaer,
1505 5676 1643 5731 idest
1665 5676 1825 5741 levis;
1852 5679 2109 5745 septimus

2225 4672 2363 4727 idest
2393 4680 2600 4742 petens,
2632 4680 2687 4747 et
2728 4685 2881 4725 soror
2909 4672 3025 4739 ejus
3065 4670 3216 4734 Sara,
3257 4668 3414 4723 idest.
3462 4666 3526 4720 lli
3554 4671 3676 4720 sunt
3704 4662 3799 4717 lilii

2225 4768 2361 4823 Aser
2387 4776 2634 4835 quatuor,
2668 4773 2723 4820 et
2752 4779 2906 4819 soror
2950 4778 3158 4819 eorum.
3184 4762 3301 4817 Filii
3322 4769 3500 4816 autem
3531 4756 3715 4813 Bariae
3742 4755 3800 4809 hi

2225 4865 2352 4914 sunt
2377 4856 2505 4923 duo,
2537 4866 2591 4910 et
2616 4855 2748 4911 haec
2774 4855 2987 4910 nomina
3016 4868 3199 4909 eorum
3228 4870 3240 4904 :
3270 4850 3516 4918 Choher,
3549 4848 3687 4903 idest
3711 4859 3803 4901 ex-

2176 5000 2181 5003 ,
2225 4962 2517 5017 superans;
2542 4954 2595 5002 et
2622 4946 2890 5001 secundus
2912 4944 3180 5011 Melchiel,
3216 4942 3355 4998 idest
3379 4943 3574 4997 missus
3599 4953 3629 4993 a
3659 4938 3797 5005 Deo,

2220 5040 2276 5094 hi
2300 5039 2406 5095 duo
2435 5040 2527 5093 ﬁlii
2559 5039 2768 5094 Bariae.
2807 5037 2940 5093 Nam
2986 5038 3220 5092 ﬁliorum
3250 5036 3449 5104 Ioseph
3490 5048 3555 5089 ex
3585 5035 3799 5086 Asenne

2219 5148 2287 5189 ex
2314 5132 2420 5187 ﬁlia
2452 5133 2691 5192 Petelres
2719 5133 2773 5187 hi
2798 5142 2941 5195 sunt,
2971 5142 3023 5187 et
3045 5133 3178 5187 haec
3203 5132 3418 5185 nomina
3449 5143 3656 5193 eorum,
3687 5126 3802 5181 Ma-

2218 5240 2425 5291 nasses,
2459 5226 2597 5281 idest
2626 5225 2857 5290 oblivio,
2886 5235 2940 5280 et
2967 5223 3128 5279 Efren
3167 5224 3257 5294 qui
3278 5223 3473 5279 dicitur
3503 5223 3681 5277 Satus.
3715 5219 3796 5273 Ex

2218 5318 2461 5374 Manasse
2491 5319 2597 5372 nati
2644 5326 2770 5373 sunt
2808 5317 3042 5382 Machir,
3070 5317 3212 5372 idest
3236 5315 3507 5381 venditus,
3535 5322 3589 5368 et
3612 5309 3757 5364 Gaad
3776 5348 3796 5377 ,

2216 5408 2355 5465 idest
2382 5408 2775 5464 testimonium:
2806 5407 2931 5463 inde
2973 5416 3131 5463 natus
3167 5415 3256 5462 est
3294 5406 3448 5472 Susi,
3484 5412 3541 5460 et
3566 5403 3631 5459 de
3674 5402 3781 5457 Sus

2217 5512 2373 5557 natus
2399 5511 2480 5557 est
2504 5501 2671 5557 Gaddi
2692 5542 2707 5567 ,
2740 5502 2829 5571 qui
2856 5502 3052 5557 missus
3069 5510 3187 5556 erat
3215 5516 3244 5556 a
3275 5500 3457 5570 Moyse
3483 5506 3541 5553 ut
3571 5496 3797 5552 Terram

2216 5593 2588 5663 promissionis
2618 5594 2966 5664 prospiceret.
2994 5592 3061 5647 Et
3094 5593 3162 5648 de
3195 5592 3355 5647 Efren
3403 5591 3513 5645 nati
3542 5596 3668 5644 sunt
3696 5586 3795 5641 Hi-

2216 5686 2497 5752 suthalan,
2533 5687 2673 5742 idest
2706 5687 2940 5755 dignitas
2962 5686 3307 5757 Apostolica,
3337 5695 3390 5740 et
3414 5683 3625 5749 Thasn,
3656 5680 3804 5735 idest

534 5762 765 5834 Declax,
806 5762 947 5820 idest
972 5774 1117 5820 trans
1162 5768 1292 5835 hic;
1323 5780 1545 5825 octavus
1583 5756 1893 5827 Abimelech
1920 5810 1935 5838 ,
1968 5771 2109 5865 idest
2211 5778 2485 5845 nubilum;
2513 5788 2568 5837 et
2594 5780 2662 5837 de
2688 5779 2947 5855 Sutlialan
2978 5789 3139 5842 natus
3164 5790 3250 5839 est
3276 5778 3472 5848 Edent,
3494 5777 3637 5836 idest
3661 5784 3809 5834 tem~
