4124 6350
377 398 475 453 5‘29

1271 393 1359 449 DE
1397 389 1849 449 GENEALOGIIS
1890 388 2476 452 PATRIARCIIARUM
2514 394 2741 452 LIBER.

3525 402 3627 456 57.0

374 518 541 587 plum.
577 516 674 572 Ilio
702 517 881 587 genuit
923 516 1100 583 Ause,
1132 521 1185 570 et
1215 516 1357 570 Ause
1404 511 1585 583 genuit
1615 509 1823 575 Navve,
1856 509 1945 577 qui
1974 510 2022 566 Α
2052 523 2217 561 nurus
2265 509 2544 564 Noemmin
2572 551 2588 577 ,
2620 526 2740 581 qua:
2785 511 2885 566 fuit
2922 526 3057 567 uxor
3102 513 3323 571 Cbellon
3354 514 3448 572 ﬁlii
3485 520 3624 586 ejus.

376 608 567 663 Jbesus
596 609 893 677 appellatus
918 616 1018 662 est.
1043 606 1174 661 Ossa
1205 614 1380 659 autem
1405 602 1601 672 Joseplt
1630 615 1813 655 secum
1846 600 1950 652 im-

376 711 664 769 posuerunt
697 700 813 754 Filii
856 700 1015 755 Israel
1043 701 1110 753 ab
1134 698 1381 769 Egypto,
1419 699 1557 752 idest
1577 700 1644 753 de
1676 708 1815 754 terra
1848 700 1951 770 Sy-

376 791 550 856 chem,
584 800 636 846 et
666 799 959 860 posuerunt
999 805 1058 845 ea
1110 790 1161 844 in
1211 790 1474 860 Sychimis
1516 794 1567 845 in
1616 793 1948 860 portiuncuia

376 884 506 951 agri,
530 898 687 952 quam
718 883 953 951 possedit
1001 881 1164 936 Jacob
1188 882 1254 934 ab
1286 882 1575 946 Amorreis,
1607 882 1695 951 qui
1744 882 1951 935 inhabi-

378 972 559 1026 tabant
589 972 835 1041 Sycbima
874 972 1022 1041 agnis
1074 979 1309 1026 centum.
1360 972 1472 1025 IIoc
1521 973 1573 1025 in
1616 972 1773 1026 linem
1831 973 1949 1026 libri

376 1063 538 1119 Jhesu
562 1062 709 1117 Nave
734 1063 980 1133 legimus,
1012 1071 1067 1117 et
1091 1063 1237 1117 dedit
1264 1078 1381 1117 eam
1412 1062 1610 1132 Joseph
1636 1063 1687 1116 in
1723 1064 1951 1131 particu-

376 1156 500 1219 lam,
526 1163 581 1209 et
607 1154 746 1208 unde
770 1168 1056 1222 possumus
1076 1155 1302 1223 probare
1335 1154 1435 1208 loci
1456 1153 1572 1223 ejus
1600 1154 1947 1223 sepulturam,

377 1245 697 1317 proferimus
718 1245 984 1310 Genescn,
1015 1255 1066 1301 et
1091 1247 1452 1312 inveniemus,
1472 1246 1637 1301 Jacob
1665 1246 1875 1301 venisse
1897 1248 1950 1301 in

376 1338 596 1392 alteram
620 1336 889 1392 civitatem
922 1336 1248 1407 Syeliimam,
1278 1353 1413 1407 quae
1446 1346 1528 1391 est
1564 1338 1613 1390 in
1638 1346 1779 1392 terra
1807 1338 1949 1391 Cha-

377 1446 535 1498 naan,
570 1446 688 1485 cum
722 1432 957 1505 venisset
987 1431 1051 1485 de
1082 1431 1457 1500 Mesopotamia
1489 1428 1698 1500 Syriae,
1732 1440 1786 1485 et
1808 1432 1954 1486 indu-

377 1522 453 1576 xit
497 1529 622 1576 ante
654 1521 841 1575 faciem
874 1521 1105 1577 civitatis
1134 1530 1190 1575 et
1211 1523 1338 1575 cmit
1368 1533 1571 1591 partem
1604 1525 1739 1592 agri,
1768 1525 1819 1577 in
1851 1539 1952 1593 qua

378 1613 562 1668 statuit
588 1613 993 1667 tabernaculum
1010 1628 1162 1666 suum
1181 1614 1247 1665 ab
1270 1614 1487 1667 Emmor
1516 1623 1716 1680 patrem
1743 1615 1951 1683 Sychen

379 1716 594 1760 centum
621 1707 792 1774 agnis,
820 1714 875 1759 et
904 1706 1089 1759 statuit
1132 1706 1241 1769 illic
1261 1720 1405 1759 aram
1436 1707 1560 1772 Deo,
1594 1715 1650 1760 et
1693 1707 1957 1760 invocavit

380 1798 554 1867 ipsum
580 1798 745 1851 Deum
767 1797 955 1851 Israel.
981 1796 1057 1851 Ne
1084 1798 1202 1865 quis
1231 1797 1374 1851 dicat
1401 1799 1541 1867 quod
1572 1799 1627 1851 in
1655 1798 1845 1853 eodem
1873 1813 1957 1852 sc-

2057 601 2181 656 llzec
2209 600 2307 655 fuit
2336 601 2477 655 Ruth
2508 604 2776 670 Moabitis,
2810 620 2875 659 ex
2926 606 3011 660 illa
3050 608 3231 676 genuit
3278 610 3458 679 Obed,
3491 611 3628 666 idest
3682 592 3687 599 ’

2052 694 2291 747 serviens
2309 735 2324 760 ,
2346 694 2492 749 Obed
2516 698 2697 765 genuit
2738 698 2912 763 Jesse,
2944 697 3082 752 idest
3109 702 3451 769 obliviscens,
3474 705 3628 759 Jesse

2052 795 2233 859 genuit
2256 791 2392 843 lilios
2416 808 2508 845 vn.
2541 802 2594 845 et
2622 793 2755 847 tilias
2777 793 2928 857 duas,
2963 804 3017 849 et
3038 797 3153 850 hmo
3175 798 3394 853 nomina
3420 813 3625 865 eorum,
3670 800 3680 811 '

2052 884 2225 949 Eliab,
2262 884 2589 951 Amiuadab,
2624 887 2813 952 Sama,
2844 887 3169 954 Nathaneel,
3213 890 3459 958 Jadeum,
3491 894 3627 946 Aso-

2054 990 2217 1038 mum,
2254 984 2305 1029 et
2346 976 2509 1029 David
2540 978 2827 1045 septimus;
2868 989 2922 1033 et
2962 994 3177 1035 sorores
3206 995 3391 1036 eorum
3422 984 3628 1051 Sarbia,

2052 1075 2106 1120 et
2136 1067 2355 1137 Abigea,
2386 1078 2440 1122 ct
2463 1068 2550 1122 ﬁlii
2588 1069 2812 1136 Sarbiac,
2846 1072 3070 1138 Abesse,
3102 1073 3257 1141 Joab,
3290 1075 3504 1145 Elagel;
3545 1076 3632 1132 hic

2053 1172 2135 1215 est
2158 1160 2292 1216 .Ioab
2318 1163 2403 1230 qui
2430 1162 2787 1217 dinumeravit
2811 1166 3060 1234 populum
3082 1168 3148 1221 ab
3168 1168 3277 1221 Dan
3300 1183 3467 1236 usque
3502 1170 3629 1223 Ber-

2052 1252 2235 1317 sabee,
2257 1260 2311 1306 et
2340 1253 2437 1307 fuit
2467 1269 2722 1309 numerus
2753 1254 2916 1309 Israel
2941 1256 3195 1311 undecies
3222 1265 3447 1312 centena
3467 1258 3630 1314 millia

2053 1343 2288 1397 virorum
2320 1345 2717 1412 evaginantium
2749 1346 3003 1415 gladium,
3036 1356 3089 1402 et
3115 1348 3250 1402 Juda
3272 1348 3629 1418 quadringen-

2055 1441 2105 1488 ta
2129 1436 2462 1505 septuaginta
2488 1437 2652 1489 millia
2681 1438 2921 1491 virorum
2950 1438 3342 1507 evaginantium
3364 1441 3628 1509 gladium:

2055 1534 2109 1579 et
2129 1525 2255 1579 Levi
2285 1536 2338 1580 et
2370 1526 2645 1581 Beniamin
2678 1543 2783 1582 non
2819 1528 3181 1607 dinumeravit
3210 1530 3265 1583 in
3288 1532 3465 1586 medio
3491 1533 3632 1601 ipso-

2057 1633 2171 1671 rum
2192 1659 2205 1682 ,
2240 1618 2364 1687 quia
2388 1620 2756 1688 praeeapitavit
2798 1636 2976 1676 sermo
3007 1625 3149 1692 regis
3192 1622 3363 1692 ipsum
3393 1622 3546 1686 Joab,
3578 1632 3634 1679 et

2060 1712 2255 1765 malum
2288 1712 2461 1765 visum
2493 1722 2575 1766 est
2605 1714 2656 1767 in
2688 1723 2981 1783 conspectu
3018 1716 3252 1781 Domini,
3289 1717 3357 1771 de
3382 1730 3634 1771 sermone

2062 1800 2187 1867 hoc,
2233 1812 2285 1855 ct
2316 1803 2580 1871 percussit
2612 1804 2838 1859 eundem
2875 1804 3035 1859 Israel
3058 1849 3071 1872 ,
3112 1816 3165 1859 ct
3198 1805 3329 1859 dixit
3374 1805 3537 1858 David
3566 1805 3633 1859 ad

384 1892 610 1961 pulchro
640 1888 832 1959 sepulti
865 1899 990 1943 sunt
1014 1889 1303 1952 Abraham,
1336 1891 1503 1957 Isaac,
1535 1890 1701 1945 Jacob
1734 1898 1789 1943 et
1823 1890 1953 1943 Sar-
1992 1874 2037 1935 Β
2064 1891 2382 1945 Dominum:
2422 1893 2620 1960 peccavi
2648 1894 2797 1945 nimis
2838 1894 2957 1963 quia
2982 1894 3079 1962 feci
3117 1911 3225 1948 rem
3251 1893 3401 1959 hanc,
3425 1903 3472 1947 et
3500 1911 3635 1947 nunc

384 1999 463 2047 ra,
510 1983 641 2037 liber
684 1997 779 2036 nos
819 1996 1172 2050 geneseorum
1208 1982 1499 2050 perdocet,
1550 1982 1686 2037 sicut
1730 1984 1954 2051 legimus

380 2073 639 2142 scriptum
667 2089 678 2125 :
704 2081 750 2124 et
778 2072 1023 2138 sepellivit
1054 2072 1307 2124 Abraham
1337 2072 1547 2125 Sarram
1570 2089 1776 2125 uxorem
1807 2089 1953 2126 suam

378 2165 433 2218 in
458 2163 699 2233 spelunca
728 2162 920 2232 duplici
948 2178 1060 2231 qua:
1082 2170 1155 2215 est
1185 2172 1365 2215 contra
1394 2162 1640 2217 Mambre.
1676 2165 1816 2218 Haec
1845 2175 1947 2232 est,

378 2255 627 2311 Chebron
674 2255 726 2309 in
760 2262 901 2309 terra
954 2253 1202 2308 Chanaan
1229 2295 1241 2319 ,
1275 2263 1329 2310 et
1375 2256 1619 2325 proprius
1670 2256 1843 2313 factus
1869 2268 1952 2313 est

298 2360 311 2369 ’
378 2362 526 2418 ager,
557 2355 610 2402 et
628 2347 898 2417 possessio
927 2354 979 2401 et
1009 2347 1282 2417 spelunca,
1311 2362 1449 2416 quae
1473 2350 1522 2402 in
1547 2364 1611 2404 eo
1640 2359 1756 2405 erat
1784 2352 1953 2407 Abra-

378 2437 480 2493 hae
509 2438 561 2492 in
586 2438 924 2507 possessione
947 2438 1253 2509 sepulturae
1274 2453 1301 2489 a
1324 2437 1447 2491 ﬁliis
1474 2437 1627 2505 Cetb,
1661 2442 1800 2510 quod
1823 2444 1952 2497 emit

378 2528 491 2584 XL.
523 2529 799 2598 didragma
840 2529 1046 2599 argenti
1077 2530 1142 2583 ab
1178 2529 1341 2583 El‘ron
1372 2530 1537 2583 ﬁlium
1568 2531 1700 2585 Saar
1730 2513 1951 2587 Cettheo

378 2632 563 2680 contra
594 2623 830 2679 Ilierico.
860 2623 1005 2677 Haec
1034 2630 1116 2677 est
1153 2623 1427 2691 sepultura
1459 2637 1662 2677 eorum.
1714 2624 1831 2678 Filii
1859 2641 1952 2679 au-

380 2724 487 2772 tem
519 2715 792 2770 Beniamin
820 2713 874 2768 hi
899 2724 1041 2777 sunt,
1080 2722 1137 2769 et
1168 2714 1298 2768 haec
1327 2716 1543 2769 nomina
1573 2730 1756 2769 eorum
1783 2734 1795 2767 :
1836 2718 1949 2787 pri-

378 2807 594 2863 mitivus
623 2807 834 2862 Bcllach
855 2846 871 2872 ,
906 2806 1045 2860 idest
1092 2806 1371 2876 gluttitus;
1404 2808 1668 2861 secundus
1697 2808 1909 2863 Cliober
1930 2853 1945 2877 ,

378 2898 518 2955 idest
556 2899 887 2969 primitivus;
935 2898 1121 2953 tertius
1162 2897 1377 2962 Asibel,
1420 2899 1555 2953 idest
1597 2899 1784 2969 ignisa
1816 2900 1946 2956 Deo.

379 2991 442 3046 Ili
463 3000 586 3045 sunt
612 2990 705 3044 ﬁlii
730 2988 1026 3045 Beniamin.
1054 2988 1187 3044 Tres
1214 2990 1307 3043 lilii
1344 2997 1520 3044 autem
1564 2991 1741 3046 Bellae
1769 2994 1949 3061 primi-

378 3085 471 3140 tivi
500 3084 772 3139 Beniamin
806 3083 859 3137 bi
898 3091 1059 3137 sunt:
1090 3082 1391 3151 primitivus
1423 3084 1583 3148 Adar,
1615 3085 1704 3154 qui
1751 3085 1950 3140 dicitur

377 3176 663 3245 capitatio;
693 3174 959 3237 secundus
980 3172 1236 3239 Noeman,
1267 3175 1405 3228 idest
1433 3175 1661 3243 psallens
1686 3176 1943 3243 libenter;

2055 1982 2200 2050 aufer
2228 1982 2529 2052 iujuslitiam
2557 1985 2700 2051 pueri
2722 1984 2815 2049 lui,
2848 1986 2965 2051 quia
2982 1986 3166 2038 evanui
3184 1986 3354 2039 nimis.
3387 1985 3451 2038 Et
3482 1986 3627 2040 locu-

2055 2082 2136 2124 tus
2155 2080 2229 2124 est
2254 2052 2502 2124 Dominus
2528 2074 2597 2124 ad
2622 2072 2736 2126 Gad
2770 2074 3017 2128 videntem
3050 2077 3224 2129 dicens
3248 2092 3266 2127 :
3307 2076 3449 2131 Vade
3473 2084 3522 2130 et
3555 2078 3630 2130 lo-

2052 2176 2204 2229 quere
2228 2162 2295 2213 ad
2328 2159 2509 2214 Dat-id.
2540 2162 2667 2215 "(re
2690 2164 2811 2216 dicit
2844 2162 3096 2219 Dominus
3122 2182 3140 2219 :
3168 2168 3265 2219 tria
3292 2184 3385 2237 ego
3414 2168 3629 2222 decerno

2052 2254 2314 2308 adversum
2344 2264 2408 2319 te,
2436 2256 2563 2325 elige
2593 2256 2681 2307 tibi
2712 2273 2869 2309 unum
2903 2274 2965 2311 ea:
3001 2259 3127 2326 illis,
3161 2270 3207 2313 et
3248 2261 3496 2329 prastabo
3543 2262 3633 2315 tibi

2052 2354 2141 2398 aut
2163 2346 2435 2399 triennium
2464 2348 2635 2416 famis,
2666 2357 2753 2400 aut
2782 2348 2940 2401 tribus
2973 2351 3225 2404 mensibus
3251 2354 3425 2421 fugere
3446 2370 3475 2405 a
3502 2354 3634 2422 facie

2051 2435 2375 2490 inimicorum
2416 2447 2620 2490 tuorum
2651 2440 2718 2491 ad
2757 2450 2804 2493 te
2831 2423 3254 2511 disperdendum,
3286 2457 3372 2499 aut
3410 2447 3633 2499 triduum

2052 2529 2281 2599 gladium
2315 2528 2518 2580 Domini
2550 2545 2870 2599 corrumpere
2898 2532 2951 2583 in
2980 2533 3209 2585 omnibus
3232 2536 3415 2602 ﬁnibus
3443 2535 3628 2603 Israel,

2052 2631 2097 2675 et
2136 2638 2266 2675 nunc
2300 2620 2428 2679 ride.
2463 2623 2599 2687 quod
2621 2623 2825 2675 verbum
2846 2624 3177 2690 respondeam
3206 2627 3252 2678 ei
3277 2628 3361 2694 qui
3391 2628 3527 2680 misit
3552 2642 3631 2679 me

2052 2716 2119 2766 ad
2142 2724 2207 2768 te.
2238 2714 2303 2768 Et
2333 2717 2462 2769 dixit
2495 2716 2657 2768 David
2685 2717 2748 2767 ad
2782 2716 2919 2783 God,
2947 2718 3201 2789 angustia:
3231 2727 3349 2770 sunt
3380 2718 3526 2784 mihi,
3552 2719 3632 2770 in-

2050 2804 2218 2857 cidam
2249 2806 2417 2873 potius
2443 2808 2493 2857 in
2523 2822 2678 2859 manu
2706 2805 2935 2871 Domini,
2976 2809 3097 2876 q‘uia
3126 2806 3273 2860 nimis
3305 2807 3479 2859 multa:
3516 2816 3633 2860 sunt
3692 2830 3701 2833 >

2051 2897 2398 2951 miserationes
2422 2900 2552 2967 ejus,
2576 2908 2625 2950 et
2656 2899 2707 2951 in
2738 2914 2896 2951 manu
2940 2899 3159 2952 hominis
3207 2913 3309 2951 non
3348 2898 3628 2953 incurram.

2050 2986 2117 3041 Et
2143 2989 2400 3057 inrogavit
2428 2987 2678 3041 Dominus
2723 2998 2932 3043 mortem
2957 2990 3012 3042 in
3061 2986 3224 3041 Israel
3244 3006 3275 3041 a
3300 3004 3445 3041 mane
3475 3004 3633 3057 usque

2050 3083 2117 3134 ad
2141 3084 2321 3134 harant
2351 3082 2584 3148 prandii,
2616 3091 2660 3135 et
2688 3084 2876 3135 mortui
2912 3092 3027 3134 sum
3058 3084 3119 3134 de
3158 3081 3318 3148 plebe.
3350 3082 3596 3134 Abdanus
3616 3123 3630 3148 ,

2054 3175 2140 3242 qui
2169 3172 2387 3226 Bersabe
2409 3174 2731 3243 septuaginta
2768 3174 2935 3227 millia
2978 3175 3202 3226 virorum
3220 3215 3234 3237 ,
3266 3183 3311 3225 et
3336 3175 3472 3226 misit
3498 3174 3633 3226 Deus

381 3269 572 3324 tertius
620 3266 824 3331 Jaehim
848 3306 861 3331 ,
902 3265 1043 3319 idest
1070 3264 1232 3318 frater
1275 3280 1460 3329 meus;
1514 3276 1734 3335 quartus
1779 3268 1949 3336 Boos,
1981 3236 2027 3300 Ο
2058 3264 2292 3332 angelum
2322 3264 2374 3315 in
2406 3262 2751 3327 Hierusalem,
2783 3273 2835 3315 ut
2876 3263 3191 3332 disperderet
3220 3280 3362 3325 eam,
3391 3280 3510 3317 mox
3534 3280 3632 3316 au-

379 3360 519 3415 idest
546 3358 819 3423 initiator;
849 3357 1063 3433 quintus
1095 3354 1253 3419 Aﬁm,
1299 3355 1436 3410 idest
1466 3356 1791 3421 similitudo;
1830 3374 1954 3413 sex-

380 3459 467 3505 tus
490 3450 649 3515 Aﬁm,
677 3448 815 3503 idest
843 3447 1138 3502 secundum
1166 3446 1353 3501 faciem
1384 3441 1554 3502 meam
1583 3464 1598 3514 ;
1632 3448 1685 3502 bi
1731 3464 1827 3505 sex
1862 3451 1956 3505 lilii

379 3542 582 3597 Deliae.
625 3540 801 3610 Nepos
837 3548 1013 3594 autem
1042 3539 1157 3607 ejus
1186 3553 1250 3593 ex
1295 3538 1437 3592 Arad
1462 3539 1635 3594 dictus
1667 3550 1751 3595 est
1780 3542 1953 3609 Arad,

378 3636 519 3691 idest
545 3635 844 3690 descensio.
877 3632 1067 3687 Filium
1100 3640 1275 3687 autem
1308 3648 1471 3686 unum
1515 3632 1699 3688 habuit
1743 3634 1957 3689 Dauno-

379 3726 529 3781 mine
548 3726 717 3790 Ason,
745 3726 834 3795 qui
863 3724 1249 3794 interpretatur
1288 3738 1446 3793 grece
1471 3739 1535 3780 ex
1578 3726 1751 3796 lingua
1794 3727 1952 3782 Chal-

382 3818 482 3875 dea
507 3858 522 3885 ,
553 3819 838 3887 episc0pus
858 3858 874 3883 ,
906 3816 971 3871 de
1002 3816 1214 3871 hebraeo
1243 3830 1369 3870 vero
1411 3818 1460 3869 in
1493 3816 1689 3881 latino,
1723 3819 1959 3887 specula-

382 3917 503 3973 tor,
535 3908 717 3962 subtili
748 3906 933 3962 fraude
975 3921 1169 3961 nomen
1220 3906 1621 3974 subinvolatur,
1652 3924 1774 3965 nam
1819 3918 1874 3965 et
1903 3913 1956 3965 in

382 4001 526 4056 malo
555 3999 858 4069 speculatur
903 3998 1259 4053 Antichristus
1279 4041 1294 4065 ,
1344 3999 1567 4067 legimus
1592 4001 1734 4054 enim
1785 4002 1837 4055 in
1867 4017 1956 4057 se-

382 4091 568 4156 cretis,
592 4091 732 4161 quod
778 4105 844 4144 ex
873 4090 972 4143 hac
1001 4090 1141 4143 tribu
1164 4090 1374 4143 venisse
1398 4090 1688 4145 nuntiatur.
1720 4090 1838 4146 Filii
1862 4107 1957 4146 au-

383 4189 491 4237 tem
520 4180 787 4250 Neptalim
821 4180 874 4233 hi
924 4188 1072 4241 sunt,
1096 4190 1151 4233 et
1181 4180 1315 4234 haec
1342 4181 1555 4233 nomina
1604 4196 1823 4247 eorum;
1856 4184 1960 4251 pri-

383 4273 601 4329 mitivus
653 4272 838 4328 Masiel
865 4315 879 4341 ,
912 4273 1003 4342 qui
1050 4272 1435 4341 interpretatur
1475 4272 1627 4325 fortis
1666 4272 1833 4337 Deus;
1876 4289 1961 4329 se-

384 4367 592 4421 cundus
631 4366 768 4422 Gunl
796 4405 809 4431 ,
854 4366 991 4419 idest
1040 4364 1326 4429 fortitudo;
1366 4365 1552 4420 tertius
1582 4365 1787 4431 Enzer,
1826 4366 1964 4421 idest

384 4470 667 4525 aeternus;
698 4466 918 4529 quartus
959 4458 1162 4523 Sillem,
1207 4457 1344 4512 idest
1373 4458 1615 4512 debitum
1639 4474 1654 4522 ;
1682 4460 1813 4513 haec
1841 4467 1964 4513 sunt

386 4554 603 4608 nomina
632 4551 860 4605 filiorum
889 4558 942 4604 et
986 4548 1236 4620 nepotum
1286 4550 1468 4615 Israel,
1501 4565 1710 4616 eorum,
1744 4552 1835 4619 qui
1880 4552 1961 4605 in-

388 4642 656 4715 troierunt
699 4641 751 4695 in
784 4639 1069 4711 :Egyptum
1113 4640 1273 4694 simul
1297 4655 1415 4694 cum
1442 4641 1608 4696 Jacub
1656 4652 1807 4711 patre
1863 4625 1979 4698 suo

387 4738 599 4792 animae
628 4736 960 4805 septuaginta
983 4734 1236 4803 quinque.
1263 4732 1427 4788 Filius
1451 4743 1627 4789 autem
1660 4736 1774 4804 ejus
1805 4752 1964 4806 quar-

389 4838 478 4885 tus
497 4828 654 4895 Juda,
670 4828 750 4882 vir
777 4826 875 4881 fuit
906 4835 1093 4896 potens
1117 4828 1170 4881 in
1193 4827 1428 4891 virtute;
1459 4827 1545 4882 hic
1568 4829 1751 4897 genuit
1773 4829 1960 4897 Fares,

389 4923 481 4993 qui
514 4924 891 4992 interpretatur
920 4922 1143 4975 divisus.
1175 4920 1339 4975 Fares
1363 4922 1546 4991 genuit
1578 4920 1791 4987 Esrom,
1823 4924 1965 4979 idest

391 5010 554 5075 altus,
587 5010 777 5063 Esrom
799 5008 981 5077 genuit
1002 5009 1185 5070 Aram,
1232 5006 1370 5061 idest
1398 5022 1527 5075 gens
1554 5024 1569 5071 ;
1600 5012 1759 5063 Aram
1784 5012 1967 5078 genuit

390 5100 721 5165 Aminadab;
763 5097 1059 5164 Aminadab
1102 5098 1485 5164 interpretatur
1526 5100 1962 5167 concupiscentia

392 5209 602 5250 amans.
633 5192 930 5249 Aminadab
954 5190 1135 5260 genuit
1158 5188 1410 5252 Naasion,
1454 5191 1543 5257 qui
1574 5189 1773 5243 dicitur
1816 5190 1974 5244 refri-

391 5286 623 5358 gerium,
660 5293 714 5340 et
746 5298 902 5339 soror
928 5283 1042 5352 ejus
1072 5279 1320 5345 Elisafat,
1344 5294 1481 5349 quae
1508 5279 1648 5333 dicta
1690 5290 1771 5335 est
1801 5281 1969 5350 gratia

393 5380 521 5443 Dei;
565 5380 731 5449 ipsam
774 5376 993 5431 sortitus
1038 5382 1122 5431 cst
1150 5374 1350 5438 Aaron,
1383 5388 1446 5429 ex
1473 5373 1561 5428 illa
1586 5374 1696 5428 nati
1728 5383 1851 5430 sunt
1880 5390 1970 5431 sa-

394 5472 660 5531 cerdotes.
688 5469 893 5526 Nasson
934 5477 1111 5524 autem
1140 5467 1325 5537 genuit
1372 5466 1613 5531 Salmou,
1656 5467 1795 5523 idest
1820 5468 1970 5524 forti-

394 5565 557 5633 tudo;
592 5564 809 5620 Salmon
832 5563 1012 5631 genuit
1036 5562 1198 5627 Boos,
1223 5559 1360 5614 idest
1382 5558 1651 5629 perfectus
1673 5576 1738 5615 ex
1766 5560 1965 5616 Bacab.

394 5660 466 5715 Et
494 5672 660 5728 quare
689 5656 956 5726 perfectus
980 5655 1212 5711 dicitur?
1235 5652 1484 5723 quoniam
1518 5654 1572 5708 in
1601 5652 1718 5722 ipso
1744 5654 1972 5723 perfecit

394 5754 677 5820 Dominus,
701 5750 838 5821 quod
865 5750 917 5804 in
934 5748 1342 5807 Deuteronomio
1365 5747 1593 5817 legimus
1612 5763 1627 5802 :
1652 5756 1701 5801 et
1716 5757 1775 5800 tu
1792 5746 1847 5800 Μ
1852 5748 1968 5811 oab,

395 5847 646 5910 dicimus,
681 5844 805 5898 nti/ti
834 5842 1103 5913 apparebis
1129 5844 1181 5898 in
1211 5842 1361 5897 domo
1384 5857 1511 5905 mea,
1544 5839 1681 5898 idest
1706 5853 1798 5910 per
1827 5840 1970 5896 Ruth

2060 3367 2157 3411 tem
2181 3359 2425 3410 uastabat.
2468 3357 2705 3412 Paenituit
2730 3357 3045 3420 Dominum;
3078 3367 3122 3411 et
3158 3359 3473 3427 Archangelo
3509 3361 3634 3411 satis

2056 3450 2143 3513 sit,
2176 3450 2265 3503 tibi
2286 3465 2436 3519 parce
2474 3466 2627 3502 manu
2653 3457 2778 3513 tua;
2805 3458 2853 3502 et
2880 3450 3091 3520 angelus
3125 3448 3331 3500 Domini
3361 3458 3501 3501 stans
3527 3460 3636 3502 erat

2057 3542 2111 3594 in
2133 3557 2252 3595 area
2282 3540 2438 3594 υνηεὶ
2466 3540 2692 3605 Jebusei,
2720 3549 2763 3593 et
2786 3541 2907 3593 vidit
2950 3539 3118 3592 David
3156 3540 3393 3610 angelum
3426 3538 3638 3591 Domini

2057 3641 2273 3687 stantem
2298 3632 2433 3685 inter
2454 3639 2640 3685 terram
2660 3639 2707 3683 et
2740 3631 2949 3694 caelum,-
2972 3641 3017 3682 et
3045 3628 3249 3699 gladius
3280 3630 3388 3699 ejus
3413 3637 3519 3682 erat
3548 3644 3634 3683 ex-

2059 3734 2231 3781 tensus
2252 3726 2317 3780 ad
2338 3724 2658 3789 Jerusalem;
2688 3733 2733 3776 et
2754 3725 2933 3777 cecidit
2961 3724 3127 3777 David
3154 3732 3200 3777 et
3225 3723 3450 3776 seniores
3474 3722 3638 3791 aperti

2060 3819 2123 3871 de
2143 3819 2321 3872 ciliciis
2342 3819 2393 3871 in
2420 3818 2575 3887 facies
2597 3834 2737 3871 suas.
2769 3816 2834 3871 Et
2870 3816 3007 3871 dixit
3028 3816 3195 3871 David
3222 3808 3299 3870 ad.
3317 3818 3630 3870 Dominum:

2061 3926 2227 3964 nonne
2253 3926 2342 3979 ego
2394 3910 2502 3963 dixi
2532 3910 2866 3962 dinumerare
2906 3910 3150 3979 pupulum
3171 3947 3183 3969 ,
3213 3918 3259 3961 et
3288 3923 3377 3977 ego
3404 3924 3516 3961 sum
3553 3909 3640 3976 qui

2062 4003 2285 4071 peccavi,
2312 4010 2358 4055 et
2385 4003 2517 4054 male
2550 4001 2785 4069 faciendo
2816 4000 3006 4053 malam
3030 4017 3134 4053 rem
3160 4000 3309 4069 gessi,
3341 4008 3388 4053 et
3423 4000 3501 4054 lia:
3531 4016 3641 4053 aves

2062 4094 2186 4162 quid
2210 4092 2333 4145 mali
2363 4093 2614 4160 fecerunt,
2649 4092 2865 4145 Domine
2896 4090 3031 4144 Deus
3058 4093 3235 4144 meus?
3261 4091 3325 4143 sit
3350 4090 3505 4158 igitur
3532 4106 3643 4142 ma-

2066 4201 2159 4237 nus
2200 4192 2286 4236 tua
2312 4184 2365 4237 in
2394 4200 2472 4235 me
2493 4194 2539 4237 et
2567 4184 2619 4234 in
2650 4162 2802 4235 domo
2834 4181 2996 4250 patris
3024 4181 3150 4243 mei;
3181 4181 3233 4232 in
3258 4180 3446 4249 populo
3475 4186 3643 4231 autem

2067 4286 2162 4330 tuo
2188 4290 2290 4327 non
2315 4274 2379 4327 sit
2406 4274 2473 4326 ad
2505 4273 2847 4326 obtritionem.
2889 4271 2954 4324 Et
2997 4270 3217 4339 angelus
3261 4269 3470 4323 Domini
3508 4268 3645 4323 dixit

2065 4365 2132 4420 ad
2163 4364 2277 4418 Gad
2308 4383 2321 4418 :
2346 4364 2429 4417 dic
2460 4363 2527 4416 ad
2557 4360 2724 4415 David
2746 4373 2799 4415 ut
2826 4369 3014 4415 statuat
3043 4361 3204 4414 altare
3244 4361 3298 4413 in
3324 4375 3444 4412 area
3487 4358 3645 4412 Urnei

2063 4455 2290 4510 Jebusei.
2314 4456 2379 4509 Et
2406 4454 2533 4509 fecit
2560 4453 2725 4507 David
2750 4453 3039 4508 secundum
3065 4451 3208 4521 quod
3238 4452 3287 4505 ei
3316 4458 3647 4520 prmeeperat

2067 4547 2347 4602 Dominus.
2374 4546 2441 4601 Et
2472 4556 2597 4601 tunc
2619 4545 2762 4599 dixit
2796 4545 3051 4599 Dominus
3090 4545 3281 4615 angelo
3305 4560 3322 4602 :
3343 4557 3507 4598 auerte
3528 4545 3645 4614 gla-

2070 4642 2211 4694 dium
2247 4650 2427 4706 tuum;
2463 4648 2509 4693 et
2539 4639 2715 4692 avertit
2743 4638 2972 4708 gladium
3009 4654 3151 4691 suum
3194 4638 3248 4689 in
3286 4636 3471 4705 vagina
3514 4638 3643 4707 ejus.

2071 4734 2199 4790 Ilazc
2234 4736 2379 4789 enim
2432 4732 2762 4795 Jerusalem,
2796 4740 2921 4784 ante
2955 4729 3117 4784 Jebus
3146 4728 3424 4783 dicebatur
3445 4770 3459 4793 ,
3490 4743 3648 4797 quam

2072 4826 2295 4881 sortitus
2318 4834 2399 4880 est
2426 4823 2580 4878 Juda.
2610 4822 2755 4876 Abiit
2778 4830 2955 4875 autem
2980 4820 3044 4873 ad
3070 4818 3411 4876 Chananeum
3441 4819 3649 4876 inhabi-i

2073 4926 2273 4972 tantem
2302 4916 2568 4980 Chebron,
2597 4921 2651 4967 et
2678 4912 2909 4968 concidit
2949 4912 3091 4967 illum
3132 4912 3278 4967 Sessi
3306 4922 3361 4968 et
3388 4913 3650 4968 Aebinam

2073 5016 2127 5062 et
2155 5006 2363 5061 Thalmi
2396 5014 2547 5060 natos
2577 5020 2641 5059 ex
2673 5004 2832 5069 Enac,
2867 5004 2954 5073 qui
3003 5003 3181 5058 Enach
3210 5018 3276 5059 ex
3302 5003 3518 5058 Cbanan
3551 5017 3651 5057 na-

2074 5101 2258 5156 scitur.
2299 5097 2737 5154 lnbabitaverunt
2764 5111 2940 5155 autem
2987 5098 3201 5155 Jebusei
3229 5099 3281 5153 in
3313 5099 3487 5155 medio
3516 5098 3651 5153 ﬁlio~

2072 5208 2193 5247 rum
2224 5192 2497 5247 Beniamin
2522 5200 2576 5247 et
2605 5192 2739 5247 Juda
2781 5193 2835 5247 in
2864 5192 3161 5248 Jerusalem
3190 5191 3536 5261 quoadusque
3558 5205 3653 5246 θι-

2073 5286 2415 5340 eluderentur
2462 5291 2585 5354 post
2629 5299 2797 5341 annos
2827 5285 2972 5339 mille
3017 5286 3335 5354 quingentos
3365 5296 3395 5335 a
3423 5280 3654 5337 Jonatha

2075 5382 2186 5436 ﬁlio
2236 5380 2524 5437 Matatbim.
2579 5382 2781 5454 Abigea
2828 5396 2956 5437 vero
3012 5394 3167 5436 soror
3229 5377 3394 5433 David
3447 5378 3655 5448 peperit

2077 5474 2315 5530 Amessa.
2353 5474 2417 5529 Et
2445 5484 2593 5543 pater
2617 5478 2906 5531 Amessere.
2936 5472 3088 5529 Alter
3124 5469 3382 5526 lsmaelita
3412 5470 3654 5527 dinume~

2080 5574 2226 5619 ratus
2248 5572 2331 5619 est
2359 5578 2477 5618 cum
2509 5564 2706 5633 popqu
2749 5562 2907 5616 Israel
2934 5578 2948 5625 ;
2981 5560 3064 5613 cui
3090 5558 3287 5628 populo
3332 5572 3453 5613 cum
3483 5558 3655 5628 Reges

2080 5657 2355 5721 darentur,
2383 5656 2552 5712 factus
2593 5664 2693 5719 est,
2737 5652 2961 5706 Domino
3006 5650 3288 5716 irascente,
3321 5652 3524 5720 primus
3554 5663 3654 5705 rex

2080 5749 2226 5805 Saul.
2260 5749 2411 5803 Tune
2436 5748 2572 5802 dixit
2594 5745 2848 5801 Dominus
2873 5742 3227 5808 :‘clamabitis,
3259 5742 3450 5813 inquit,
3484 5742 3551 5795 ad
3582 5759 3655 5798 ma

2081 5859 2112 5896 α
2142 5843 2275 5910 facie
2296 5841 2425 5911 regis
2446 5840 2616 5905 vestri,
2650 5846 2696 5892 et
2726 5851 2824 5891 non
2851 5836 3120 5891 exaudiam
3151 5853 3258 5902 vos,
3304 5837 3543 5905 quoniam
3573 5852 3655 5891 vos
