4124 6350
444 420 541 477 551

1732 393 2039 454 ANONYMI
2078 394 2419 457 AUCTORIS

3608 397 3749 457 532'

443 541 581 597 vobis
612 535 807 609 petistis
835 546 1037 606 regem;
1072 539 1124 586 et
1153 529 1342 585 iterum
1371 522 1539 579 dicit:
1568 519 1698 573 dabo
1737 515 1825 574 tibi
1852 526 2019 586 regem
2048 510 2103 571 Α
2127 521 2281 609 cutus
2311 520 2391 567 est
2417 511 2482 566 ad
2535 511 2876 609 Hiecconiaut
2926 510 3066 567 bona
3088 551 3105 580 ,
3136 520 3190 571 et
3227 512 3408 609 posuit
3460 511 3715 570 thronum

441 635 496 689 in
524 636 602 689 ira
630 646 760 685 mea.
789 628 897 684 Sub
924 639 1026 696 qua
1072 624 1149 677 ira
1174 618 1418 689 regnavit
1456 614 1611 671 annis
1640 609 1988 683 quadraginta
2007 651 2022 676 ,

444 728 651 784 occisus
678 730 759 778 est
788 722 840 775 in
877 726 1059 774 monte
1088 714 1309 772 Gelboe.
1337 712 1485 765 Tunc
1508 708 1643 763 dixit
1663 702 1828 761 David
1854 702 1905 758 in
1932 701 2026 756 do-

352 838 357 839 ν
444 819 587 872 lore:
616 820 808 867 montes
828 810 913 880 qui
933 809 1053 863 estis
1076 807 1127 862 in
1157 804 1363 868 Gelboe,
1385 815 1543 869 neque
1567 813 1652 850 ros
1673 812 1834 866 neque
1856 792 2029 861 pluvia

445 909 593 961 cadat
619 919 771 975 super
790 918 907 969 vos,
930 901 1016 954 ubi
1046 898 1240 968 eﬂ‘usus
1265 905 1337 951 est
1379 892 1588 965 sanguis
1618 897 1885 943 unctorum
1908 883 2024 938 Dei.

444 1000 542 1053 llic
567 1006 648 1054 est
670 994 838 1050 David
862 994 950 1064 qui
972 991 1166 1049 dicitur
1191 987 1517 1059 misericors,
1541 992 1593 1039 et
1610 979 1847 1052 regnavit
1875 975 2029 1033 annis

444 1111 535 1149 xc.
565 1101 619 1149 et
641 1090 827 1160 genuit
854 1088 1221 1148 Salomonem,
1249 1083 1337 1154 qui
1363 1080 1561 1137 dicitur
1589 1084 1842 1149 pacatus;
1867 1080 1921 1130 et
1947 1085 2030 1129 re-

442 1187 624 1257 gnavit
675 1194 728 1239 et
776 1184 890 1254 ipse
938 1182 1091 1237 annis
1122 1196 1208 1250 xc.
1246 1178 1387 1231 Haec
1431 1182 1606 1231 autem
1654 1178 1780 1227 sunt
1816 1169 2031 1226 nomina

444 1291 669 1332 uxorum
702 1273 892 1341 David,
917 1272 1163 1337 Achima,
1193 1268 1416 1336 Abigea,
1447 1265 1593 1335 Agal,
1622 1262 1850 1328 Habita],
1877 1262 2031 1332 Agla,

447 1368 697 1431 Bcrsabe,
724 1363 969 1420 Melchoi.
1006 1361 1112 1417 Sed
1138 1374 1258 1415 cum
1288 1364 1648 1417 reverteretur
1675 1355 1741 1410 de
1766 1355 2030 1410 Cembron

448 1464 712 1522 recusavit
734 1459 986 1523 Meleltol,
1016 1466 1069 1511 et
1097 1453 1314 1509 tradidit
1334 1467 1453 1507 eam
1476 1452 1590 1507 viro
1611 1448 1723 1515 alii,
1754 1448 1878 1520 quia
1904 1447 2034 1503 ode-

449 1564 531 1611 rat
553 1570 668 1610 eam
702 1552 879 1606 nimis.
903 1548 1067 1603 Natus
1090 1554 1173 1601 est
1195 1554 1376 1600 autem
1400 1542 1656 1598 Salomon
1681 1555 1746 1596 ex
1778 1539 2028 1596 Bersabe.

449 1650 551 1718 Qui
598 1648 850 1703 Salomon
896 1641 1077 1714 genuit
1101 1639 1342 1695 Roboam
1378 1653 1448 1693 ex
1497 1636 1668 1692 Naatb
1698 1635 1805 1690 ﬁlia
1846 1634 2036 1691 Annae

450 1742 590 1811 regis
625 1740 856 1793 ﬁliorum
906 1736 1157 1803 Ammon,
1200 1731 1288 1801 qui
1319 1730 1559 1786 Roboam
1590 1728 1767 1784 dictus
1790 1734 1873 1782 est
1898 1725 2032 1783 mul-

450 1834 621 1888 titudo
660 1830 917 1903 gentium.
961 1824 1317 1897 Temporibus
1344 1824 1462 1893 ejus
1490 1821 1705 1878 snstulit
1748 1835 1841 1877 rex
1872 1818 2035 1875 Susa-

2129 606 2245 675 ejus
2271 621 2432 675 super
2452 620 2665 661 omnem
2698 605 2951 661 thronum
2971 620 3177 676 regum,
3196 604 3285 674 qui
3314 619 3436 661 cum
3467 618 3532 662 eo
3563 614 3717 664 erant

2131 699 2182 752 in
2215 698 2541 770 Babylonia,
2573 706 2627 755 et
2670 698 2896 753 mutavit
2938 699 3255 754 vestimenta
3296 697 3415 767 ejus
3453 706 3507 754 et
3553 698 3716 755 simul

2133 791 2359 847 cenabat
2385 807 2505 846 cum
2537 808 2600 847 eo
2631 791 2878 847 omnibus
2896 792 3086 847 diebus
3110 792 3249 848 vitae
3275 808 3427 861 suae,
3460 800 3515 848 et
3537 794 3710 851 victus

2131 886 2451 941 constitutus
2476 895 2591 963 erat
2618 886 2717 954 illi,
2738 895 2792 942 et
2810 898 2928 942 erat
2950 886 3088 942 illius
3108 887 3449 944 consiliarius
3469 890 3718 947 omnibus

2131 977 2319 1033 diebus
2350 978 2512 1033 vitae.
2544 978 2638 1034 Hic
2668 978 2955 1035 Jechonias
2974 979 3160 1049 genuit
3180 968 3419 1044 Salatiel,
3447 979 3585 1036 idest
3617 981 3718 1037 mi-

2131 1072 2202 1129 sit
2232 1072 2371 1127 Deus
2396 1088 2412 1137 ;
2440 1073 2529 1143 qui
2563 1072 2785 1129 Salatiel
2812 1074 2865 1129 in
2895 1073 3185 1145 Babylonia
3210 1073 3398 1143 genuit
3416 1074 3721 1132 Zorobabel

2131 1167 2223 1238 qui
2250 1166 2431 1223 dictus
2453 1175 2534 1224 est
2564 1166 2788 1224 victoria
2833 1165 2949 1221 Dei.
2992 1166 3105 1225 Hoc
3133 1167 3187 1223 in
3220 1175 3465 1238 tempore
3491 1182 3720 1238 regnum

2132 1261 2358 1329 adeptus
2375 1268 2460 1316 est
2485 1258 2656 1331 Cyrus
2688 1276 2779 1316 rex
2808 1260 3116 1317 Persarum.
3162 1262 3319 1317 Anno
3338 1268 3529 1317 autem
3558 1262 3721 1333 quin-

2133 1356 2444 1425 quagesimo
2466 1366 2519 1411 et
2548 1355 2786 1412 secundo
2802 1355 3127 1426 captivitatis
3148 1356 3321 1412 Judae
3342 1371 3437 1412 rex
3458 1358 3721 1427 Astyaces

2133 1450 2408 1519 adpositus
2441 1458 2524 1506 est
2546 1450 2612 1506 ad
2642 1459 2820 1519 patres
2845 1465 2995 1517 suos,
3028 1459 3081 1506 et
3114 1449 3284 1521 Cyrus
3308 1466 3403 1506 rex
3438 1452 3718 1506 Persarum

2135 1543 2339 1612 accepit
2372 1556 2596 1612 regnum
2630 1541 2769 1612 ejus,
2802 1542 2891 1612 qui
2920 1544 2970 1596 iu
3003 1542 3245 1598 secundo
3283 1557 3426 1598 anno
3454 1544 3603 1612 regni
3634 1544 3719 1599 sui

2134 1634 2437 1704 subjugavit
2457 1634 2804 1704 Babyloniam
2825 1634 2892 1689 ad
2913 1632 3169 1688 Ninevem
3193 1635 3465 1690 civitatem
3487 1634 3715 1691 Medico.

2135 1727 2289 1783 Tunc
2316 1743 2563 1785 vasorum
2607 1727 2998 1783 dominicorum
3040 1726 3485 1783 rethibendorum
3520 1728 3721 1797 promi-

2136 1829 2281 1878 serat
2310 1831 2514 1887 votum,
2537 1836 2674 1892 quae
2716 1821 2911 1879 tulerat
2937 1820 3430 1877 Nabuchodonosor
3455 1836 3486 1877 e
3505 1821 3722 1878 Jerusa-

450 1926 591 1982 ehim
622 1889 717 1979 rex
735 1921 955 1993 Egypti
977 1889 1126 1975 arma
1155 1932 1338 1981 aurea,
1368 1889 1505 1971 idest
1532 1915 1775 1970 Lanceas
1801 1922 1855 1969 et
1880 1921 2032 1969 scuta
2064 1889 2112 1955 Β
2138 1915 2244 1971 lem
2266 1915 2333 1971 de
2356 1889 2812 1984 templo—Domini.
2830 1923 2882 1970 et
2909 1922 3222 1982 reposuerat
3241 1926 3302 1969 ea
3322 1915 3373 1968 in
3399 1929 3497 1969 suo
3516 1914 3719 1982 idolio;

448 2025 685 2075 trecenta
713 2016 781 2069 ab
809 2016 1009 2069 Arazar
1030 2027 1156 2083 rege
1185 2010 1373 2080 Syriae
1400 2008 1532 2063 haec
1554 2008 1747 2063 tulerat
1769 2005 1955 2073 David,
1980 2013 2037 2064 et

450 2111 577 2168 fecit
605 2124 701 2187 pro
728 2120 794 2162 ea
832 2119 992 2161 aerea
1039 2103 1279 2158 Roboam
1330 2100 1468 2155 ﬁlius
1499 2098 1827 2165 Salomonis,
1867 2107 1921 2153 et
1952 2112 2035 2153 re-

449 2204 632 2275 gnavit
676 2197 831 2255 annis
875 2197 1063 2253 decem
1110 2203 1166 2250 et
1220 2201 1380 2256 octo;
1432 2193 1520 2260 qui
1568 2189 1809 2245 Roboam
1855 2190 2041 2259 genuit

451 2293 652 2361 Abiud,
682 2292 823 2348 idest
862 2290 997 2361 patri
1026 2288 1159 2352 Deo,
1184 2302 1250 2342 ex
1286 2283 1501 2339 Maccha
1531 2282 1636 2336 ﬁlia
1660 2282 1808 2336 Aricl
1838 2296 1902 2336 ex
1935 2280 2039 2335 Ga-

452 2388 549 2452 ba;
580 2394 635 2442 et
660 2382 904 2457 regnavit
943 2380 1097 2436 annis
1141 2379 1329 2434 tribus.
1371 2376 1547 2431 Abiud
1585 2376 1768 2445 genuit
1818 2374 2034 2443 Asaph,

453 2479 595 2535 idest
638 2478 799 2542 volat,
846 2492 913 2532 ex
954 2476 1145 2538 Anna,
1197 2482 1251 2529 et
1287 2470 1534 2540 regnavit
1577 2471 1732 2525 annis
1777 2485 1864 2524 ιι..
1907 2483 2033 2523 uno.

456 2573 639 2644 Asaph
678 2571 864 2643 genuit
885 2562 1143 2639 Josapbat
1176 2566 1314 2623 idest
1350 2565 1521 2634 judex
1555 2562 1887 2619 ex-Gazuba
1932 2561 2039 2617 ﬁlia

457 2664 659 2730 Seltbi;
684 2673 737 2719 et
762 2663 1003 2732 regnavit
1023 2660 1177 2717 annis
1204 2675 1328 2715 xxv.
1352 2657 1610 2726 Josaphat
1628 2656 1815 2726 genuit
1836 2656 2038 2720 Joram,

457 2758 594 2817 idest
636 2757 893 2823 visibilis,
924 2770 991 2810 ex
1034 2753 1213 2809 Facbe
1260 2766 1470 2817 uxore;
1502 2759 1557 2805 et
1597 2749 1841 2817 regnavit
1887 2746 2043 2801 annis

460 2861 600 2910 octo.
634 2852 816 2907 Joram
845 2847 1027 2919 genuit
1074 2845 1361 2901 Ochoziam
1387 2885 1401 2910 ,
1451 2842 1591 2898 idest
1641 2840 1896 2897 fortitudo
1920 2882 1934 2906 ,
1974 2856 2041 2895 ex

462 2943 708 3003 Gotbolia
736 2943 841 2998 ﬁlia
863 2941 1050 2997 Achab
1074 2953 1141 2995 ex
1168 2936 1418 3001 Zezabel,
1443 2948 1580 3006 quae
1607 2932 1855 2990 Gotbolia
1887 2932 2044 2987 vidua

463 3036 703 3108 regnavit
731 3034 884 3091 annis
904 3041 1049 3099 octo,
1078 3039 1135 3088 et
1162 3030 1254 3087 ille
1280 3027 1522 3099 regnavit
1546 3040 1689 3082 anno
1717 3040 1846 3081 uno.
1870 3023 2044 3080 Ocho-

465 3129 579 3185 zias
606 3127 789 3197 genuit
814 3125 962 3189 Joas,
990 3122 1128 3179 idest
1156 3129 1500 3186 mansuetus;
1548 3135 1619 3175 ex
1642 3117 1962 3184 Cbobodda;
1992 3126 2047 3173 et

466 3219 713 3289 regnavit
738 3219 892 3273 annis
920 3234 1007 3272 XL.
1038 3214 1210 3271 Josias
1237 3214 1424 3286 genuit
1453 3211 1754 3279 Amessian,
1792 3212 1930 3267 idest
1958 3225 2048 3266 ro-

2141 2006 2421 2076 prol‘erens
2448 2020 2509 2061 ea
2534 2004 2705 2077 Cyrus
2746 2020 2841 2061 rex
2877 2005 3191 2071 Persarum,
3218 2004 3517 2075 adsignavit
3547 2006 3721 2064 Mitri-

2139 2100 2248 2155 dati
2271 2100 2573 2169 praeposito
2592 2099 2963 2154 thesaurorum
2986 2112 3237 2164 suorum;
3262 2113 3358 2169 per
3381 2098 3523 2156 hunc
3541 2107 3721 2156 autem

2147 2194 2341 2248 tradita
2370 2204 2493 2250 sunt
2515 2193 2897 2249 Salmanasaro
2913 2194 3217 2263 praeposito
3238 2193 3427 2249 Judae.
3459 2193 3723 2250 Numerus

2142 2295 2322 2342 autem
2367 2302 2553 2343 eorum
2585 2295 2730 2352 erat,
2776 2286 3022 2342 libatoria
3061 2301 3222 2342 aurea
3269 2287 3442 2353 mille,
3475 2294 3719 2356 argentea

2141 2378 2453 2448 quingenta,
2502 2378 2808 2432 murtatiola
2848 2372 3107 2449 argentea
3156 2393 3301 2432 xxix.
3340 2378 3491 2432 ﬁalae
3525 2391 3720 2434 aureae

2144 2468 2549 2537 quinquaginta,
2585 2476 2869 2537 argenteae
2908 2478 3089 2524 autem
3128 2469 3237 2524 duo
3266 2468 3428 2524 millia
3472 2468 3725 2540 quadrin-

2143 2569 2303 2629 genta
2339 2561 2548 2626 decem,
2574 2570 2627 2616 et
2649 2561 2752 2615 alia
2782 2575 2909 2615 vasa
2951 2561 3126 2626 mille;
3159 2562 3341 2616 omnia
3390 2571 3569 2617 autem
3602 2576 3726 2621 vasa

2145 2667 2305 2711 aurea
2320 2663 2373 2709 et
2394 2661 2644 2722 argentea
2666 2662 2893 2723 quatuor
2912 2654 3077 2709 millia
3098 2663 3365 2723 nongenta
3390 2655 3725 2724 septuaginta

2146 2759 2358 2820 novem,
2391 2754 2448 2800 et
2476 2746 2678 2814 perlata
2723 2754 2847 2801 sunt
2877 2761 2971 2815 per
3016 2745 3360 2801 Salmanasar
3395 2753 3450 2798 et
3479 2758 3576 2813 per
3604 2760 3719 2812 eos,

2147 2837 2237 2906 qui
2286 2838 2352 2893 de
2396 2839 2701 2908 captivitate
2755 2838 3081 2908 Babyloniae
3122 2837 3584 2910 regrediebantur.
3632 2837 3729 2894 Hie

2148 2931 2316 3000 Cyrus
2342 2934 2581 2999 regnavit
2627 2933 2781 2986 annis
2809 2932 2994 2988 decem
3034 2949 3112 2987 ιι.
3156 2940 3210 2988 et
3240 2933 3555 3001 interfectus
3584 2941 3669 2989 est
3692 2947 3723 2987 a

2150 3022 2340 3078 Miride
2369 3022 2422 3076 in
2455 3023 2623 3077 Massa
2646 3023 2776 3077 Jada
2804 3023 3109 3093 Olympiade
3130 3024 3471 3094 sexagesimo
3506 3032 3565 3080 et
3586 3031 3731 3078 octa«

2152 3119 2334 3177 vo,et
2357 3112 2595 3181 sepultus
2619 3121 2701 3167 est
2745 3112 2797 3167 in
2847 3110 3083 3170 Castello
3129 3114 3271 3183 quod
3307 3113 3448 3182 magi
3493 3114 3734 3174 obtinent
3796 3140 3807 3145 -

2152 3204 2497 3262 Thiasarcida
2522 3207 2759 3273 nomine,
2789 3205 2875 3261 hic
2894 3205 3017 3277 Cyri
3046 3209 3414 3277 sepulchrum.
3438 3206 3581 3278 Cyro
3608 3222 3735 3279 ergo

467 3273 622 3388 gains,
651 3273 717 3371 ex
746 3315 913 3381 Jode;
940 3320 995 3370 et
1015 3273 1268 3384 regnavi;
1293 3310 1449 3368 annis
1477 3325 1622 3366 χχιι.
1654 3273 1928 3366 Amessias
1955 3324 2049 3379 ge-
2074 3273 2121 3339 ϐ
2152 3299 2434 3367 defuncto,
2485 3300 2624 3355 sicut
2666 3300 2897 3355 diximus
2937 3273 3242 3371 olympiade
3301 3273 3640 3369 sexagesimo
3670 3273 3736 3357 vet

469 3410 587 3465 nuit
610 3408 828 3474 Odiam,
860 3406 999 3463 idest
1041 3419 1261 3473 amans,
1303 3418 1367 3459 ex
1407 3402 1638 3460 Jeccelia
1663 3418 1678 3470 ;
1708 3410 1763 3458 et
1807 3401 2052 3472 regnavit

470 3503 622 3559 annis
650 3519 754 3558 ιιι.
779 3501 937 3557 Odias
965 3500 1147 3570 genuit
1167 3499 1473 3565 Ionatham,
1500 3498 1641 3556 idest
1662 3496 1955 3568 perfectus,
1982 3510 2052 3551 ex

470 3594 662 3650 Darbia
718 3594 827 3648 ﬁlia
874 3593 1122 3656 Sadduc,
1176 3599 1230 3647 et
1283 3590 1526 3660 regnavit
1578 3590 1735 3645 annis
1791 3587 2047 3644 sedecim.

471 3686 697 3742 Jonatha
719 3686 905 3756 genuit
933 3685 1129 3751 Achaz,
1162 3683 1214 3737 id
1242 3691 1328 3738 est
1348 3690 1557 3749 tenens,
1590 3695 1655 3737 ex
1687 3680 1825 3737 Saba
1850 3697 1864 3745 ;
1889 3686 1943 3735 et
1969 3684 2057 3734 re-

472 3777 657 3848 gnavit
683 3778 838 3832 annis
868 3775 1122 3830 sedecim.
1159 3772 1336 3827 Achaz
1373 3773 1555 3843 genuit
1583 3770 1889 3838 Ezechiam,
1917 3770 2056 3826 idest

474 3885 698 3940 regnum
726 3870 841 3933 Dei,
871 3864 937 3923 ex
966 3866 1197 3921 Rabbuti
1232 3866 1339 3921 ﬁlia
1365 3864 1688 3929 Zachariae;
1718 3872 1773 3918 et
1816 3864 2057 3934 regnavit

477 3960 631 4015 annis
660 3975 805 4014 xxix.
849 3958 1104 4013 Ezechias
1130 3957 1313 4026 genuit
1354 3957 1645 4023 Manasses,
1680 3955 1817 4011 idest
1854 3956 2057 4013 oblivio

430 4073 434 4077 θ
480 4052 680 4107 doloris
701 4091 719 4120 ,
760 4068 825 4105 ex
856 4051 1084 4107 Ebsiba:
1117 4060 1171 4105 et
1214 4048 1454 4120 regnavit
1492 4049 1647 4103 annis
1676 4050 2056 4119 quinquaginta

479 4146 731 4213 quinque.
760 4143 1029 4199 Manasses
1062 4145 1245 4215 genuit
1273 4145 1466 4225 Amos,
1497 4142 1634 4199 idest
1682 4143 2017 4201 vereCuudus
2040 4185 2053 4209 ,

479 4252 544 4294 ex
571 4237 1027 4294 Masthelamitaha
1054 4254 1068 4304 ;
1100 4246 1154 4293 et
1184 4239 1424 4308 regnavit
1449 4238 1604 4293 anuis
1631 4238 1860 4294 duobus.
1891 4239 2056 4294 Amos

478 4328 657 4400 genuit
686 4327 909 4395 Josiam,
932 4331 1072 4385 idest
1096 4345 1312 4399 rogans,
1330 4344 1395 4384 ex
1424 4328 1715 4385 Jeddadida
1740 4330 1843 4383 ﬁlia
1868 4328 2053 4394 Oziae;

477 4427 534 4474 et
556 4420 801 4488 regnavit
830 4424 983 4474 annis
1009 4436 1156 4473 xxxi.
1186 4420 1359 4473 Josias
1397 4423 1578 4489 genuit
1605 4420 1801 4476 Joehaz
1825 4422 1963 4476 idest
1987 4422 2059 4475 si-

472 4509 653 4581 milis,
696 4524 764 4563 ex
788 4508 1009 4574 Jecora';
1054 4518 1109 4563 et
1156 4510 1396 4579 regnavit
1447 4511 1635 4567 diebus
1676 4514 1961 4583 nonaginta
2006 4522 2060 4570 et

475 4601 747 4661 Examital
772 4601 950 4671 genuit
973 4600 1097 4655 Joas
1124 4611 1177 4654 et
1204 4602 1501 4669 Sedeciam,
1530 4604 1681 4673 cujus
1701 4604 2055 4660 Nabuchodo-

479 4710 647 4751 nosor
677 4692 861 4749 oculos
886 4694 1158 4748 excecavit
1180 4694 1231 4747 iu
1263 4702 1551 4763 conspectu
1583 4694 1811 4751 ﬁliorum
1840 4696 1974 4766 ejus,
2004 4708 2060 4753 et
2085 4664 2138 4727 Β

480 4792 538 4847 in
567 4788 914 4857 compedibus
947 4788 1121 4844 aereis
1169 4787 1333 4843 vinxit
1360 4804 1513 4856 eum,
1548 4799 1601 4846 et
1629 4791 1684 4845 iu
1712 4791 2057 4863 Babyloniam

482 4885 603 4942 duci
629 4883 814 4954 jussit,
835 4891 888 4936 et
918 4882 970 4936 in
1000 4881 1311 4936 molundino
1340 4884 1610 4950 constitui,
1639 4892 1692 4939 et
1714 4884 1784 4940 ibi
1816 4895 2060 4940 mortuus

484 4986 587 5044 est,
618 4978 770 5047 cujus
819 4989 961 5030 anno
998 4974 1280 5029 undecimo
1319 4979 1467 5046 regni
1511 4978 1804 5034 Jerusalem
1836 4993 1865 5031 a
1892 4977 2063 5034 Nabu-

484 5070 822 5127 chodonosor
864 5083 989 5138 rege
1031 5066 1349 5137 depraedata
1390 5079 1491 5125 est.
1543 5072 1608 5126 Et
1655 5072 1894 5127 conclusi
1939 5081 2063 5127 sunt

483 5162 689 5232 Regum
712 5161 838 5215 anni
866 5160 1397 5230 quingentiquiuque,
1431 5177 1645 5218 menses
1668 5178 1781 5228 sex,
1822 5163 1937 5219 dies
1968 5165 2064 5219 de-

476 5236 631 5319 cem,
666 5261 719 5308 et
750 5252 1156 5322 transmigratus
1185 5262 1264 5307 est
1314 5253 1539 5321 populus
1567 5253 1618 5307 in
1667 5255 1975 5324 Babylonia,
2011 5263 2064 5310 et

482 5347 823 5407 constituitur
862 5360 959 5401 rex
985 5360 1014 5399 a
1044 5360 1168 5414 rege
1212 5343 1706 5401 Nabuchodonosor
1749 5347 2063 5402 Jecchunias

484 5440 625 5496 ﬁlius
650 5441 913 5509 Joachim,
941 5441 1030 5510 qui
1053 5438 1225 5493 dictus
1246 5447 1328 5493 est
1349 5439 1712 5516 praeparatio;
1743 5448 1797 5495 et
1824 5441 2061 5509 regnavit

485 5531 675 5587 diebus
701 5542 935 5587 centum.
960 5532 1111 5587 Tunc
1136 5539 1191 5587 et
1211 5530 1325 5600 ipse
1351 5532 1539 5588 duetus
1567 5542 1649 5588 est
1670 5534 1721 5587 in
1748 5532 2058 5603 Babylonia,

486 5630 545 5678 et
570 5622 625 5679 in
655 5623 929 5691 trigesimo
953 5637 1093 5678 anno
1140 5623 1627 5693 transmigrationis
1655 5631 1839 5677 tonsus
1869 5632 1948 5677 est
1978 5623 2064 5677 Je-

486 5718 741 5782 cltonias,
773 5717 898 5772 dum
941 5718 1008 5773 de
1057 5732 1275 5773 carcere
1322 5734 1443 5773 eum
1474 5715 1759 5773 Ulemadar
1787 5716 2058 5771 educeret.

488 5808 590 5867 Hic
635 5820 716 5864 est
753 5808 1067 5875 Ulemadar,
1098 5812 1186 5880 qui
1232 5811 1356 5866 dum
1414 5800 1904 5865 Nabuchodonosor
1940 5822 2061 5863 cum

490 5901 817 5977 ngriibsStiis
862 5914 1164 5963 moraretur
1194 5906 1291 5960 fuit
1318 5904 1430 5972 ejus
1478 5902 1770 5961 successor.
1813 5902 1960 5960 Tunc
1988 5903 2067 5962 io-

2155 3402 2366 3460 octavo,
2395 3394 2632 3450 succedit
2656 3396 2705 3448 in
2731 3409 2894 3463 regno
2923 3395 3040 3461 ejus
3064 3410 3153 3449 rex
3181 3394 3387 3450 Darius.
3415 3394 3513 3449 Hic
3532 3404 3614 3449 est
3643 3394 3737 3449 Dac

2156 3488 2267 3545 rius
2288 3488 2430 3543 ﬁlius
2455 3487 2626 3543 Asieri
2661 3488 2895 3542 nascitur
2915 3501 2979 3541 ex
3012 3487 3197 3541 Bastin
3230 3489 3281 3540 in
3314 3486 3528 3542 civitate
3562 3485 3737 3542 Susim

2156 3592 2211 3637 et
2236 3583 2474 3653 regnavit
2497 3570 2548 3635 in
2567 3596 2730 3651 regno
2752 3580 3140 3647 Chaldeorum;
3168 3596 3197 3635 a
3224 3580 3375 3651 cujus
3405 3590 3547 3635 anno
3579 3580 3736 3635 tertio

2156 3675 2303 3745 regni
2332 3674 2592 3742 incipiunt
2631 3673 2963 3728 ebdomadae
2992 3672 3236 3728 Daniheli
3276 3688 3303 3726 a
3336 3673 3510 3741 capite
3550 3671 3736 3728 circuli

2158 3766 2397 3824 secundi.
2432 3766 2548 3820 iam
2577 3774 2699 3820 tunc
2727 3766 2952 3819 Romani
2985 3764 3461 3834 magniﬁeahantur
3483 3771 3736 3832 regnante

2159 3864 2449 3933 Tarquinio
2479 3862 2740 3931 Supervo,
2763 3860 2849 3931 qui
2884 3860 2981 3914 fuit
3006 3862 3370 3915 Romanorum
3405 3874 3493 3913 rex
3516 3865 3733 3912 octavus
3819 3855 3833 3864 ’

2159 3958 2226 4013 ab
2280 3956 2419 4011 urbe
2455 3954 2687 4019 condita,
2720 3962 2773 4009 et
2826 3953 3069 4023 regnavit
3116 3952 3270 4007 annis
3318 3967 3462 4005 xxiv.
3505 3947 3735 4004 Condita

2161 4065 2289 4107 vero
2327 4058 2409 4105 est
2462 4048 2628 4102 Roma
2660 4064 2689 4101 a
2733 4036 2855 4103 ﬁliis
2908 4046 3111 4102 Martiis
3151 4053 3204 4103 et
3243 4045 3413 4100 ililiae
3462 4042 3743 4098 undecimo

2160 4145 2278 4199 Kal.
2307 4143 2472 4212 Majas
2489 4142 2616 4197 feria
2644 4143 2845 4211 quinta,
2873 4150 2927 4196 et
2948 4151 3070 4196 sunt
3091 4140 3249 4195 hodie
3273 4153 3439 4208 usque
3468 4139 3518 4193 in
3542 4152 3743 4191 annum

2160 4238 2469 4309 vigesimum
2486 4243 2732 4307 quartum
2759 4235 2905 4304 regis
2927 4233 3184 4289 Geiserici
3207 4232 3333 4287 anni
3358 4231 3503 4286 mille
3524 4228 3745 4300 dugenti

2161 4341 2386 4401 septem.
2421 4330 2578 4384 Auno
2600 4338 2727 4382 tunc
2758 4326 2966 4382 decimo
3008 4339 3253 4380 mensum
3289 4337 3572 4378 numerum
3599 4320 3747 4388 apud

2162 4420 2433 4476 Romanos
2457 4420 2686 4474 habente
2711 4425 2969 4488 regnante
2993 4418 3042 4470 in
3062 4416 3229 4486 Judea
3245 4415 3409 4470 llozia
3431 4414 3539 4468 ﬁlio
3558 4414 3747 4469 Amas-

2163 4512 2272 4566 siae
2301 4525 2443 4565 anno
2457 4526 2598 4565 xxiv.
2618 4510 2766 4578 regni
2783 4510 2918 4579 ejus.
2949 4506 3156 4563 Exinde
3178 4522 3347 4579 usque
3365 4507 3428 4562 ad
3444 4507 3747 4563 conclusio-

2163 4616 2284 4674 nem
2304 4616 2563 4656 annorum
2582 4601 2918 4671 septuaginta
2935 4598 3257 4669 captivitatis
3278 4599 3481 4668 impleti
3504 4605 3628 4653 sunt
3648 4612 3747 4668 per

2166 4694 2557 4749 successionem
2588 4693 2913 4767 singulorum
2966 4705 3148 4761 regum
3195 4692 3558 4746 Romanorum
3614 4689 3745 4745 anni

2167 4786 2381 4840 ducenti
2411 4785 2791 4855 quinquaginta
2820 4793 2940 4838 octo
2966 4785 3047 4838 .ab
3073 4798 3213 4838 anno
3254 4782 3514 4853 vigesimo
3556 4790 3749 4852 quarto

2168 4878 2363 4933 lloziae
2385 4876 2479 4931 ﬁlii
2513 4877 2777 4932 Amesiae.
2795 4876 2985 4931 Verum
3008 4885 3064 4930 ut
3095 4891 3215 4931 cum
3238 4876 3537 4932 Judeorum
3560 4888 3746 4945 regum

2167 4979 2221 5025 et
2250 4969 2610 5024 Romanorum
2658 4978 2760 5023 tem
2774 4983 2903 5039 pora
2939 4976 3270 5039 coequcntur
3296 4971 3531 5038 ipsorum
3559 4982 3748 5037 regum

2174 5065 2535 5119 Romanorum
2559 5077 2817 5117 annorum
2841 5078 3096 5117 numerus
3114 5062 3439 5133 requiratur,
3456 5070 3510 5117 et
3530 5076 3558 5115 a
3575 5060 3751 5116 Remn

2170 5171 2223 5215 et
2250 5159 2473 5215 Romulo
2494 5158 2731 5227 ejusdem
2760 5154 3137 5212 conditoribus
3167 5171 3264 5211 suo
3312 5158 3365 5210 in
3396 5154 3584 5210 ordine
3610 5154 3750 5209 reci—

2173 5260 2371 5307 tentur.
2406 5252 2508 5320 Ipsi
2540 5251 2689 5307 enim
2720 5250 2894 5319 primo
2942 5258 3302 5317 regnaverunt
3348 5248 3549 5303 Romae
3590 5244 3752 5303 simul

2172 5343 2326 5397 annis
2354 5358 2575 5396 xxxvut.
2612 5343 2737 5398 Post
2766 5341 2866 5396 hos
2892 5340 3045 5396 Titus
3083 5341 3268 5396 Tatius
3296 5341 3404 5396 dux
3429 5337 3753 5397 Sabinorum

2154 5418 2416 5505 regnavit
2446 5435 2600 5489 annis
2628 5434 2977 5505 quadraginta
3008 5449 3147 5499 uno;
3178 5433 3374 5490 dehinc
3400 5433 3568 5489 Numa
3597 5433 3754 5489 Pom~

2174 5528 2333 5599 pilius
2379 5530 2536 5581 annis
2584 5528 2929 5599 quadraginta
2990 5527 3196 5593 tribus;
3253 5526 3458 5583 Tullius
3501 5526 3755 5582 Hostilius
3842 5592 3845 5593 ν

2172 5622 2326 5677 annis
2374 5636 2498 5673 xxx.
2535 5620 2771 5686 duobus;
2822 5619 3291 5675 Anchus‘lllarcus
3333 5618 3567 5689 Filippus
3602 5619 3757 5674 annis

2179 5729 2367 5769 xxvm.
2418 5711 2744 5782 Tarquinius
2795 5711 3011 5767 Priscus
3065 5714 3221 5767 annis
3255 5728 3379 5766 xxx.
3413 5721 3570 5777 octo;
3603 5713 3758 5780 cujus

2174 5823 2317 5863 anno
2346 5815 2503 5863 sexto
2534 5807 2681 5877 regni
2715 5821 2741 5858 a
2778 5805 3271 5861 Nabuchodonosor
3300 5820 3425 5875 rege
3456 5805 3759 5864 Jerusalem

2172 5902 2471 5965 ostenditur
2522 5898 2795 5972 captivari.
2834 5899 3034 5957 Servus
3092 5898 3309 5967 Tulius,
3369 5913 3522 5956 serva
3564 5905 3757 5963 natus.
