4124 6350
385 335 487 394 553

1256 332 1343 387 DE
1383 330 1841 387 GENEALUGIIS
1882 324 2473 386 PATRIARCHARUM
2518 331 2732 389 LIBER.

3528 338 3631 399 {tu

380 453 532 517 annis
564 467 745 511 xxxvi.
788 452 950 520 Fiunt
982 464 1171 511 omnes
1204 450 1258 507 in
1288 462 1347 505 se
1386 448 1512 505 anni
1545 446 1761 503 ducenti
1791 444 1954 514 quin-
1977 451 2031 513 Α
2058 445 2172 502 Rex
2195 455 2254 501 et
2278 446 2541 505 dederunt
2568 446 2629 500 ei
2657 446 2875 517 scripta,
2905 460 2958 511 et
3000 454 3127 523 legit
3169 464 3225 515 οι
3252 459 3393 515 mm
3419 466 3473 514 et
3501 471 3631 514 εοη..

379 545 629 614 quaginta
676 558 769 599 sex
814 544 981 613 usque
1018 540 1086 597 ad
1128 541 1359 605 primum
1405 552 1606 595 annum
1637 536 1814 600 Darii,
1844 550 1949 606 quo

377 633 547 706 Cyrus
570 633 847 703 defunctus
869 642 969 689 est.
999 632 1117 699 Quo
1145 641 1385 700 tempore
1423 644 1646 700 regnum
1674 628 1949 684 Romano-

380 744 495 786 rum
526 728 899 799 admipistrare
927 731 1178 795 coeperat
1213 722 1534 794 Tarquinius
1566 719 1855 793 Superbus.
1890 720 1951 777 ln

378 822 526 887 cujus
555 819 755 875 scilicet
779 834 917 873 anno
945 816 1176 874 secundo
1206 816 1455 887 completi
1486 824 1611 873 sunt
1640 829 1827 885 regum
1856 830 1949 871 ur-

376 911 456 968 bis
478 912 603 966 anni
632 912 841 978 ducenti
875 911 1251 981 quinquaginta
1285 916 1406 965 octo
1436 924 1603 980 usque
1638 910 1705 964 ad
1727 908 1950 965 conclu-

376 1005 580 1059 sionem
620 1018 878 1071 annorum
904 1003 1239 1075 septuaginta
1274 1002 1628 1071 captivitatis,
1660 1001 1950 1057 succeden-

380 1092 518 1155 tibus
546 1096 703 1152 etiam
737 1095 1160 1153 hebdomadibus
1189 1093 1465 1150 Danhielis
1494 1102 1721 1167 septem,
1753 1094 1808 1153 in
1837 1092 1956 1165 qui-

374 1190 473 1245 bus
503 1191 617 1261 ipse
652 1190 891 1258 regnavit
921 1190 1077 1246 annis
1122 1189 1313 1260 viginti
1353 1188 1581 1244 duobus.
1624 1187 1787 1245 Fiunt
1825 1202 1957 1259 ergo

375 1283 524 1339 urbis
556 1284 758 1354 Regum
788 1283 912 1339 anni
942 1283 1157 1339 ducenti
1205 1281 1498 1351 octoginta.
1530 1281 1653 1336 Post
1685 1281 1819 1334 istos
1856 1293 1956 1337 au~

375 1384 482 1431 tem
510 1389 661 1446 reges
689 1375 934 1431 consules
962 1374 1183 1432 Tribuni
1227 1374 1311 1429 vel
1340 1373 1521 1428 mdiles
1553 1387 1720 1442 usque
1758 1371 1828 1427 ad
1852 1370 1955 1431 Ga-

374 1467 482 1536 ium
505 1466 701 1521 Julium
730 1465 995 1522 Cmsarem
1022 1465 1403 1536 judicaverunt
1428 1463 1583 1521 annis
1632 1463 1957 1535 quadrigen-

375 1560 443 1619 tis
495 1559 762 1615 undecim.
804 1561 849 1615 A
891 1559 1021 1628 Gajo
1060 1574 1189 1615 vero
1234 1558 1369 1615 Iulio
1420 1557 1633 1617 Caesare
1676 1573 1843 1628 usque
1887 1557 1957 1615 ad

374 1649 738 1706 Valentiniani
781 1659 1078 1711 extremum
1119 1650 1241 1705 vita:
1292 1649 1627 1721 naufragium
1674 1650 1800 1705 anni
1830 1656 1959 1705 sunt

374 1743 641 1813 quingenti
674 1750 815 1805 octo,
849 1741 1044 1811 quibus
1072 1741 1124 1794 in
1167 1740 1522 1797 similitudine
1564 1741 1692 1797 ferri
1722 1741 1847 1801 licet
1874 1756 1960 1797 ar-

2059 532 2266 593 vocavit
2290 552 2477 593 omnes
2507 538 2839 606 praepositos
2860 550 2915 597 et
2960 544 3209 612 majores.
3239 549 3500 607 Sederunt
3530 566 3628 609 au.

2022 666 2035 680 .
2056 638 2163 685 tem
2194 636 2249 685 et
2273 643 2461 685 omnes
2494 630 2785 699 principes,
2814 640 2868 689 et
2904 633 3100 692 lectum
3129 647 3211 693 est
3251 644 3505 711 scriptum
3534 619 3645 700 σοι’

2055 737 2171 778 ram
2198 722 2321 790 illis,
2355 732 2407 777 et
2436 722 2569 780 dixit
2600 740 2614 777 :
2644 734 2830 781 vocate
2873 726 3133 797 juvenes;
3174 740 3227 785 et
3267 732 3366 800 ipsi
3408 735 3630 792 manite.

2056 813 2275 871 stabunt
2296 813 2454 871 nobis
2476 827 2758 875 sermones
2783 831 2939 885 suos;
2972 828 3026 877 et
3056 820 3397 890 introjerunt,
3428 834 3480 880 et
3499 826 3632 884 dixit

2056 908 2179 967 eis:
2228 910 2535 966 renuntiate
2564 910 2720 972 nobis
2756 911 2827 969 de
2866 912 3082 983 scriptis
3110 915 3321 973 vestris.
3365 916 3431 971 Et
3470 921 3634 989 capit

2056 1000 2151 1072 qui
2203 1001 2350 1070 prior
2371 1000 2506 1059 dixit
2530 1002 2597 1060 de
2617 1003 2815 1061 virtute
2836 1004 2965 1071 vini,
2998 1014 3053 1063 et
3074 1007 3152 1065 sic
3171 1007 3281 1065 ait:
3314 1007 3446 1075 Viri,
3477 1024 3635 1080 quam

2057 1093 2164 1149 cito
2188 1095 2457 1163 praevalet
2478 1096 2661 1154 vinum
2689 1098 2957 1153 omnibus
2985 1098 3313 1171 hominibus,
3346 1100 3436 1169 qui
3485 1102 3637 1161 illum

2057 1186 2276 1252 bibunt;
2299 1187 2507 1243 seducit
2532 1203 2746 1245 sensum
2780 1190 3308 1261 regis,eturplianis,
3341 1192 3637 1255 {scisma-

2058 1288 2169 1335 tem
2202 1293 2415 1347 vanam,
2432 1279 2572 1335 servi
2596 1288 2649 1335 et
2674 1280 2830 1341 liberi
2859 1282 3110 1352 pauperis
3137 1291 3191 1339 et
3219 1283 3418 1351 divitis,
3441 1294 3497 1340 et
3520 1299 3638 1343 om-

2059 1384 2183 1425 nem
2216 1384 2434 1427 sensum
2465 1371 2708 1429 demutat
2746 1372 2799 1427 in
2832 1372 3159 1435 hilaritatem
3188 1383 3242 1433 et
3281 1376 3555 1445 gaudium,
3585 1386 3640 1439 et
3668 1426 3671 1431 .

2061 1478 2167 1519 non
2190 1464 2435 1523 meminit
2454 1478 2669 1520 omnem
2700 1466 2971 1527 tristitiam
3002 1476 3058 1522 et
3082 1467 3339 1537 debitum,
3368 1477 3421 1526 et
3449 1484 3641 1531 omnes

2060 1552 2268 1611 animas
2314 1554 2437 1609 facit
2462 1554 2675 1617 divites,
2707 1565 2761 1613 et
2806 1572 2913 1623 non
2955 1560 3199 1619 meminit
3239 1572 3419 1629 regem
3468 1576 3641 1631 neque

2064 1645 2410 1713 praelectum,
2441 1655 2497 1702 et
2523 1646 2703 1704 omnia
2750 1663 2846 1718 per
2874 1650 3071 1711 talenta
3096 1650 3222 1707 facit
3244 1651 3423 1722 loqui;
3453 1663 3507 1709 et
3532 1669 3642 1713 non

2064 1738 2427 1792 meminerunt
2460 1738 2674 1805 quando
2717 1739 2905 1797 bibunt
2949 1742 3303 1799 amicitiarum
3346 1746 3643 1805 amicorum

374 1834 554 1902 gillam
581 1841 719 1888 testo
744 1833 1115 1897 commixtum,
1149 1842 1324 1893 tamen
1355 1832 1618 1888 divinitus
1653 1834 1950 1893 Romanum
1981 1828 2031 1891 B
2059 1834 2115 1882 el
2144 1828 2392 1892 fratrum,
2422 1837 2476 1882 et
2500 1830 2658 1897 paulo
2693 1839 2814 1898 post
2843 1832 3108 1901 arripiunt
3133 1833 3358 1902 gladios,
3382 1845 3436 1895 ei
3464 1851 3583 1891 cum
3610 1852 3644 1897 ι

376 1940 586 1997 semper
611 1928 757 1983 stetit
785 1926 1084 1995 imperium.
1120 1926 1333 1981 Daniele
1359 1934 1550 1985 statua:
1602 1926 1746 1980 illius
1777 1928 1950 1983 inter-

377 2028 603 2088 pretem,
632 2034 789 2090 quam
816 2017 1309 2074 Nabuchodonosor
1342 2021 1724 2085 somniaverat,
1752 2021 1841 2090 qui
1877 2020 1954 2077 le-

371 2109 465 2179 git,
502 2110 776 2177 intelligat.
811 2107 881 2162 Et
916 2109 1225 2163 conclusum
1245 2118 1325 2165 est
1356 2110 1405 2163 in
1432 2111 1547 2179 ipso
1578 2111 1823 2180 ingressu
1854 2127 1953 2166 an-

372 2217 560 2257 norum
588 2202 736 2256 mille
763 2200 1137 2267 ducentorum,
1169 2200 1414 2259 decursis
1440 2210 1739 2271 temporum
1766 2205 1945 2271 metis,

372 2289 645 2348 Romaniae
667 2307 907 2363 regnum,
941 2292 1301 2363 pr0pterquod
1334 2292 1444 2363 jam
1478 2307 1612 2363 pene
1644 2308 1739 2363 per
1779 2305 1949 2353 totum

372 2384 626 2439 ambitum
668 2392 828 2439 terrae
870 2384 1123 2441 mortium
1152 2398 1310 2439 neces
1348 2393 1403 2439 et
1453 2385 1721 2440 cruciatus
1768 2400 1951 2441 accre-

370 2484 546 2542 scunt,
581 2476 841 2547 belloruin
866 2490 1094 2545 namque
1122 2477 1360 2547 fragores
1387 2491 1782 2548 poenarumque
1838 2478 1951 2537 lues

371 2567 469 2623 sibi
501 2568 727 2622 invicem
758 2567 1117 2637 congeminati
1161 2568 1489 2633 succedunt;
1521 2569 1764 2640 planctus
1797 2584 1947 2636 vero,

374 2660 548 2730 dolos,
573 2660 760 2731 plagae
785 2660 943 2717 simul
981 2668 1035 2717 et
1050 2659 1221 2715 luctus
1252 2660 1446 2731 ubique
1470 2660 1780 2716 funduntur.
1817 2662 1950 2719 Dum

376 2751 505 2807 haec
544 2749 704 2822 igitur
728 2751 903 2806 omnia
927 2750 1049 2807 huic
1095 2751 1295 2808 mundo
1327 2751 1661 2823 frequentius
1699 2756 1949 2825 inrogan-

375 2852 491 2910 tur,
550 2858 670 2901 cum
716 2843 1047 2899 uccisoribus
1089 2853 1144 2900 et
1194 2845 1386 2901 occisis
1434 2844 1576 2901 illico
1629 2845 1835 2917 singula
1890 2847 1949 2905 li-

378 2936 621 2991 niuntur.

445 3040 473 3068 ει
502 3031 710 3086 Interea
744 3030 1041 3095 Zorobabel
1086 3030 1225 3087 ﬁlius
1267 3030 1510 3100 Salatiel,
1551 3031 1637 3088 hic
1678 3040 1760 3089 est
1804 3031 1954 3103 quia

376 3121 536 3177 Dario
557 3137 681 3193 rege
697 3123 992 3193 sapientior
1016 3125 1416 3192 pronuntiatur;
1438 3132 1521 3181 est
1542 3123 1683 3183 enim
1703 3124 1769 3181 de
1795 3123 1955 3181 domo

2058 1919 2184 1973 vino
2226 1919 2424 1977 fuerint
2450 1928 2504 1981 et
2532 1924 2957 1987 exsurrexerint,
2984 1938 3091 1981 non
3121 1926 3481 1985 meminerunt
3506 1943 3643 1998 quae

2056 2011 2341 2079 gesserint.
2371 2013 2415 2067 0
2443 2013 2546 2067 viri
2570 2029 2676 2069 non
2704 2016 2974 2084 praevalet
2994 2017 3197 2087 vinum,
3230 2019 3370 2088 quod
3403 2020 3481 2076 sic
3502 2021 3645 2092 cogit

2056 2104 2255 2173 facere,
2290 2116 2342 2160 et
2373 2108 2559 2165 tacuit.
2588 2107 2689 2165 Ubi
2722 2109 2792 2164 ita
2821 2108 2962 2167 dixit
2986 2120 3040 2165 et
3064 2111 3226 2185 cmpit
3258 2114 3524 2173 secundus
3563 2114 3642 2175 lo-

2056 2198 2165 2265 qui,
2196 2198 2286 2266 qui
2309 2197 2441 2253 dixit
2462 2198 2529 2255 de
2557 2200 2751 2255 virtute
2790 2199 2949 2269 Regis
2979 2218 2990 2255 :
3014 2202 3058 2256 0
3083 2203 3204 2270 viri,
3230 2219 3335 2263 non
3367 2207 3643 2273 prevalent

2057 2288 2301 2345 homines
2330 2298 2473 2345 terra
2513 2301 2569 2348 et
2586 2306 2747 2352 .mare
2778 2301 2958 2354 tenent
3000 2303 3053 2349 et
3096 2295 3276 2351 omnia
3319 2311 3454 2363 quae
3479 2297 3533 2354 in
3561 2299 3643 2357 eis

2054 2390 2199 2446 sunt,
2234 2382 2345 2437 Rex
2392 2391 2570 2441 autem
2597 2385 2895 2453 praevalet,
2928 2394 2982 2442 et
3003 2386 3309 2442 dominatur
3351 2402 3556 2454 eorum,
3584 2399 3641 2449 et

2056 2486 2216 2528 omne
2243 2474 2617 2544 quodcumque
2651 2476 2853 2535 dixerit
2881 2479 2960 2533 eis
2994 2478 3226 2543 faciunt;
3255 2479 3311 2534 Si
3333 2489 3511 2536 autem
3542 2478 3643 2541 mi.

2056 2566 2186 2621 serit
2213 2581 2326 2635 eos,
2354 2567 2422 2631 ad
2473 2570 2677 2637 hostes,
2710 2578 2860 2635 sunt,
2898 2580 2954 2625 et
2999 2570 3289 2629 conﬁciunt
3329 2580 3541 2629 montes
3586 2582 3644 2632 et

2059 2671 2240 2713 muros
2267 2667 2321 2714 et
2354 2666 2549 2727 turres,
2580 2670 2813 2719 mactant
2834 2672 2884 2719 et
2918 2672 3241 2729 mactantur,
3267 2675 3322 2721 et
3352 2667 3511 2735 Regis
3534 2681 3644 2727 non

2056 2757 2401 2816 praetereunt
2418 2750 2659 2807 verbum.
2686 2750 2746 2809 Si
2766 2760 2947 2809 autem
2972 2756 3213 2823 vincunt,
3237 2757 3484 2815 adferunt
3510 2757 3644 2831 Regi

2057 2852 2419 2909 quaecumque
2436 2842 2699 2911 ceperint,
2715 2851 2770 2898 et
2789 2844 2879 2915 qui
2896 2860 3004 2903 non
3018 2846 3246 2902 militant
3268 2863 3367 2905 nec
3384 2858 3641 2920 pugnant,

2057 2933 2151 2989 sed
2182 2941 2375 2989 terram
2409 2936 2617 3004 colunt,
2649 2948 2703 2994 at
2729 2952 2851 2994 cum
2880 2941 3148 2997 araverint
3176 2951 3231 2997 et
3255 2957 3489 3000 messem
3512 2958 3643 3014 ege-

2058 3026 2167 3081 rint
2195 3024 2443 3081 adferunt
2470 3028 2605 3098 regi,
2633 3038 2687 3085 et
2719 3030 2833 3099 ipse
2875 3031 3024 3086 solus
3050 3041 3161 3098 est;
3209 3042 3264 3088 et
3303 3035 3347 3089 si
3399 3034 3642 3092 dixerit:

2061 3118 2315 3183 occidite;
2342 3118 2620 3187 occidunt;
2664 3128 2727 3174 et‘
2760 3121 2805 3176 si
2839 3121 3129 3191 dimittere,
3162 3124 3449 3194 dimittunt,
3481 3126 3529 3183 si
3550 3140 3643 3185 ce-

376 3213 544 3270 David
574 3186 642 3270 ex
660 3186 857 3284 genere
896 3186 1096 3274 Phares
1121 3216 1188 3273 de
1212 3218 1349 3272 tribu
1394 3186 1549 3286 luda,
1575 3219 1724 3287 cujus
1746 3218 1959 3288 petitio-
1987 3186 2035 3257 ο
2063 3207 2193 3267 dere
2240 3210 2462 3279 cedunt;
2509 3212 2553 3265 si
2585 3196 2887 3283 devastare,
2921 3186 3229 3281 devastant;
3260 3219 3304 3270 si
3355 3186 3642 3275 aediﬁcare

376 3306 461 3360 nis
488 3307 596 3362 Rex
630 3308 820 3364 Darius
846 3308 1104 3378 templum
1136 3308 1409 3365 aediﬁcari
1434 3310 1683 3378 jussit,et
1713 3312 1958 3365 universa

378 3413 503 3451 vasa
531 3400 761 3454 restitui.
791 3401 907 3470 Ipse
939 3401 1027 3457 est
1058 3399 1268 3467 Darius,
1300 3401 1390 3470 qui
1420 3400 1738 3457 Artaxerses
1763 3414 1956 3455 secun-

378 3491 504 3546 dum
536 3492 796 3549 Clialdeos
827 3494 1129 3549 nominatus
1159 3503 1263 3562 est,
1294 3494 1584 3549 secundum
1622 3492 1804 3548 Medos
1831 3507 1959 3549 vero

378 3583 568 3641 Darius
604 3586 898 3655 appellatus
939 3594 1042 3642 est.
1087 3585 1187 3641 Hic
1238 3585 1364 3640 iecit
1411 3584 1712 3641 convivium
1758 3584 1959 3655 grande

378 3677 627 3732 omnibus
655 3679 741 3748 qui
772 3678 872 3734 sub
893 3693 957 3734 eo
977 3686 1151 3748 erant,
1170 3678 1418 3734 omnibus
1438 3677 1746 3735 domesticis
1771 3684 1825 3732 et
1845 3690 1960 3732 om-

383 3769 544 3826 nibus
572 3770 890 3839 praepositis
914 3769 1117 3826 Mediae
1148 3778 1201 3825 et
1228 3769 1484 3835 Persidis,
1514 3769 1580 3823 ab
1614 3768 1758 3822 ludia
1794 3782 1958 3837 usque

381 3861 673 3939 Etiopiam
703 3871 915 3915 centum
944 3862 1128 3931 viginti
1154 3870 1356 3932 septem
1380 3859 1704 3930 regionibus.
1742 3860 1809 3915 Et
1838 3872 1956 3915 cum

382 3955 643 4013 bibissent
691 3961 746 4009 et
788 3953 1203 4009 manducassent
1241 3954 1429 4023 repleti
1481 3953 1957 4023 regrediebantur;

382 4045 576 4101 Darius
601 4044 713 4099 Rsx
746 4044 989 4100 ascendit
1014 4044 1315 4100 cubiculum
1343 4060 1529 4110 suum,
1549 4044 1891 4112 etdormivit,
1908 4054 1962 4103 ct

381 4152 577 4208 expers
604 4137 774 4193 factus
801 4146 905 4193 est.
932 4136 1080 4191 Tunc
1110 4145 1215 4193 tres
1237 4136 1460 4206 juvenes
1485 4136 1735 4191 custodes
1764 4150 1959 4205 θοι-ρος

380 4229 459 4286 ris
497 4229 640 4301 regis
670 4229 921 4285 dixerunt
946 4228 1012 4283 ad
1040 4227 1375 4293 alterutrum,
1409 4226 1551 4282 dicat
1597 4226 1959 4296 unusquisque

382 4330 629 4379 nostrum
659 4336 963 4381 sermonem
1004 4335 1159 4377 suum
1190 4322 1279 4390 qui
1332 4318 1658 4391 praevaleat,
1686 4328 1737 4374 et
1783 4318 1962 4389 cujus-

384 4427 614 4485 cumque
659 4412 819 4469 fuerit
851 4412 1071 4468 verbum
1115 4410 1427 4482 sapientior,
1461 4408 1609 4466 dabit
1637 4412 1685 4464 ei
1726 4424 1822 4466 rex
1857 4410 1960 4465 Da-

384 4506 497 4562 rius
538 4520 756 4563 tnunera
786 4521 998 4577 magna,
1027 4513 1079 4560 et
1101 4520 1262 4575 super
1284 4504 1561 4560 victoriam
1596 4518 1826 4573 purpura
1855 4503 1951 4558 cir-

383 4598 648 4665 cumdari,
672 4607 725 4654 et
745 4598 799 4652 in
829 4612 958 4652 auro
986 4596 1189 4663 bibere,
1215 4605 1270 4651 et
1298 4612 1457 4667 super
1485 4610 1673 4651 aurum
1697 4594 1957 4661 dormire,

385 4696 444 4744 et
463 4674 772 4759 quadrigam
799 4688 1116 4752 inauratam,
1139 4696 1193 4744 et
1214 4687 1431 4758 cydarin
1460 4686 1757 4758 byssiuam,
1783 4696 1835 4742 et
1861 4695 1963 4740 tor-

384 4795 545 4850 quem
581 4794 797 4834 auream
829 4779 969 4834 circa
995 4778 1186 4835 collum
1215 4778 1354 4848 ejus,
1381 4784 1435 4832 et
1463 4777 1731 4833 secundus
1760 4777 1963 4833 sedebit

383 4888 418 4927 a
462 4872 638 4938 Dario,
665 4879 881 4942 propter
925 4869 1235 4942 sapientiam
1289 4886 1461 4941 suam,
1496 4880 1545 4925 et
1590 4870 1785 4926 adﬁnis
1819 4870 1959 4925 Darii

384 4963 682 5019 vocabitur.
715 4963 862 5018 Tunc
883 4944 1213 5033 scripserunt
1252 4964 1447 5035 singuli
1477 4978 1778 5020 sermonem
1803 4978 1957 5018 suum

382 5064 444 5111 et
487 5065 778 5126 posuerunt
822 5056 923 5112 sub
971 5056 1186 5126 pulvino
1235 5056 1397 5124 Darii,
1446 5066 1499 5112 et
1525 5057 1813 5114 dixerunt:
1843 5073 1963 5112 cum

386 5146 651 5202 levaverit
684 5163 743 5203 se
775 5149 909 5214 Rex,
942 5147 1186 5202 dabimus
1212 5148 1489 5218 scriptum,
1519 5158 1573 5203 et
1594 5150 1732 5219 quod
1759 5148 1964 5217 judica-

384 5239 528 5293 verit
548 5238 683 5306 Rex,
715 5249 767 5295 et
811 5251 916 5295 tres
955 5239 1183 5309 majores
1211 5239 1463 5304 Persidis,
1497 5249 1550 5295 et
1600 5241 1751 5311 cujus
1791 5256 1967 5296 sermo

284 5386 299 5391 ,
384 5331 683 5398 sapientior
705 5331 885 5401 fuerit,
910 5333 1008 5403 ipsi
1036 5331 1248 5386 dabitur
1279 5332 1520 5398 victoria,
1545 5333 1680 5388 sicut
1710 5335 1964 5404 scriptum

386 5432 493 5479 est.
524 5423 672 5480 Unus
720 5425 965 5495 scripsit,
998 5427 1131 5479 forte
1182 5434 1263 5479 est
1292 5426 1496 5481 vinum.
1531 5427 1680 5481 Alius
1729 5428 1962 5497 scripsit,

385 5514 627 5588 prevalet
658 5515 793 5572 Rex.
824 5516 1033 5572 Tertius
1084 5516 1321 5587 scripsit,
1358 5519 1670 5587 praevalent
1692 5520 1966 5588 mulieres,

390 5623 555 5680 super
592 5610 772 5666 omnia
801 5620 975 5667 autem
1009 5611 1243 5680 prevalet
1286 5612 1503 5666 veritas.
1540 5612 1686 5669 Tunc
1726 5613 1967 5671 surrexit

464 5803 489 5831 α
519 5792 729 5852 llmc‘et
758 5794 1027 5865 sequentia
1058 5800 1181 5853 sunt
1216 5806 1279 5851 ex
1311 5791 1400 5850 lib.
1438 5807 1492 5851 ιιι
1518 5789 1719 5849 Eadm.

1987 4555 2040 4617 Ι)

2063 3298 2377 3364 aediﬁcant;
2410 3301 2456 3354 si
2481 3299 2733 3356 excidere
2771 3302 3051 3365 excidunt;
3079 3305 3124 3360 si
3174 3305 3439 3374 plantare,
3490 3308 3644 3374 plan-

2065 3398 2195 3457 tant,
2229 3398 2281 3444 et
2309 3391 2483 3446 omnis
2511 3391 2659 3460 plebs
2704 3401 2757 3447 et
2784 3402 3018 3462 potestas
3045 3396 3213 3464 ipsius
3241 3405 3406 3452 sunt:
3450 3411 3645 3467 super-

2063 3482 2144 3536 bis
2175 3491 2352 3537 autem
2403 3486 2723 3542 recumbens
2751 3487 3035 3543 manducat
3082 3497 3135 3545 et
3164 3489 3297 3547 bibit
3325 3498 3381 3546 et
3422 3490 3645 3558 dormit,

2064 3572 2114 3626 hi
2138 3584 2315 3629 autem
2359 3582 2573 3631 servant
2614 3576 2668 3631 in
2722 3576 2948 3637 circuitu
2975 3579 3112 3648 ejus,
3144 3593 3243 3634 nec
3290 3589 3517 3649 possunt
3563 3581 3647 3641 ire

2063 3666 2252 3738 singuli
2274 3680 2326 3722 et
2357 3668 2535 3726 lacere
2561 3684 2721 3740 opera
2740 3685 2858 3738 sua,
2883 3680 2937 3728 et
2966 3688 3070 3729 non
3095 3673 3143 3727 ei
3165 3672 3442 3733 obaudire.
3460 3672 3504 3729 Ο
3522 3672 3644 3742 viri,

2062 3758 2329 3827 quomodo
2360 3774 2468 3814 non
2513 3761 2819 3831 supervalet
2867 3762 3000 3820 Rex.
3029 3763 3241 3821 Tertius
3285 3766 3376 3835 qui
3422 3764 3555 3822 dixit
3576 3764 3649 3823 de

2062 3852 2371 3909 mulieribus
2392 3862 2446 3908 et
2474 3854 2719 3921 veritate,
2757 3852 2844 3908 hic
2876 3864 2957 3910 est
2979 3855 3273 3913 Zorobabel
3312 3856 3454 3914 ﬁlius
3499 3857 3645 3915 sala-

2063 3944 2191 3999 tliiel
2221 3947 2287 4011 de
2314 3945 2473 4001 domo
2504 3946 2670 4005 David
2709 3961 2775 4002 ex
2797 3961 2995 4018 genere
3020 3947 3184 4007 Fares
3228 3948 3294 4004 de
3320 3950 3459 4006 tribu
3485 3950 3644 4017 Juda.

2062 4042 2223 4109 coepit
2249 4040 2393 4111 loqui
2426 4060 2440 4095 :
2473 4042 2607 4109 Viri,
2640 4057 2747 4098 non
2791 4058 3017 4114 magnus
3044 4045 3158 4102 Rex
3189 4054 3243 4099 et
3271 4046 3423 4101 multi
3468 4046 3644 4103 homi-

2062 4146 2157 4187 nes
2198 4142 2252 4189 et
2303 4133 2484 4188 vinum
2526 4134 2684 4200 forte,
2724 4135 2845 4205 quis
2898 4149 3031 4205 ergo
3080 4135 3397 4191 dominatur
3433 4151 3643 4204 eorum,

2063 4238 2239 4276 nonne
2283 4208 2577 4279 mulieres?
2621 4223 2875 4279 mulieres
2924 4229 3318 4293 generaverunt
3356 4238 3560 4295 regem,
3592 4234 3649 4281 et

2062 4330 2273 4372 omnem
2320 4315 2528 4385 plebem
2564 4331 2702 4387 quae
2753 4316 3057 4373 dominatur
3090 4316 3227 4372 mari
3274 4324 3328 4374 et
3385 4317 3545 4375 terris
3593 4325 3649 4374 et

2062 4422 2125 4463 ex
2157 4406 2287 4477 ipsis
2318 4406 2442 4462 facti
2470 4414 2618 4473 sunt,
2632 4413 2689 4464 et
2705 4406 2838 4478 ipsae
2859 4407 3108 4465 aluerunt
3134 4422 3228 4465 eos
3255 4409 3345 4479 qui
3367 4408 3648 4479 plantave-

2064 4506 2187 4554 runt
2217 4500 2419 4566 vineas,
2444 4499 2511 4554 de
2540 4499 2730 4570 quibus
2751 4499 2931 4555 vinum
2961 4500 3048 4566 ﬁt;
3074 4500 3223 4571 ipsae
3263 4500 3465 4559 faciunt
3492 4501 3650 4557 indu-

2067 4602 2246 4648 menta
2287 4590 2535 4648 omnibus
2566 4591 2892 4656 hominibus,
2924 4600 2978 4647 et
3005 4590 3152 4661 ipsae
3194 4590 3394 4648 faciunt
3423 4591 3649 4663 gloriam

2066 4687 2394 4752 hominibus,
2425 4696 2477 4741 et
2494 4699 2598 4741 non
2621 4691 2846 4756 possunt
2864 4684 3104 4754 separari
3135 4682 3379 4740 homines
3400 4697 3430 4738 a
3456 4683 3649 4741 mulie-

2067 4778 2240 4845 ribus;
2270 4778 2409 4832 sicut
2453 4776 2660 4846 egerint
2707 4790 2896 4831 aurum
2933 4782 2987 4829 et
3017 4782 3293 4843 argentum
3336 4782 3390 4832 et
3436 4789 3652 4833 omnem

2065 4887 2178 4930 rem
2201 4872 2518 4942 speciosam,
2539 4879 2592 4927 et
2613 4870 2844 4925 viderint
2864 4870 3144 4927 mulierem
3174 4885 3333 4930 unam
3358 4870 3499 4927 bona
3527 4886 3653 4944 spe-

2067 4963 2148 5020 cie
2169 4975 2221 5017 et
2250 4964 2389 5019 bona
2417 4963 2607 5029 forma,
2627 4970 2680 5018 et
2710 4963 2844 5019 haec
2869 4963 3047 5017 omnia
3075 4962 3352 5020 dimittunt
3379 4971 3435 5019 et
3463 4963 3654 5034 inipsa

2076 5055 2385 5125 reSpiciunt,
2418 5063 2471 5110 et
2508 5069 2602 5110 ore
2650 5054 2851 5125 patenti
2896 5055 3169 5111 intuentur
3209 5070 3349 5127 eam,
3381 5065 3434 5112 et
3461 5070 3654 5113 omnes

2076 5162 2191 5205 eam
2223 5150 2458 5217 laudant,
2490 5150 2657 5221 magis
2701 5164 2858 5220 quam
2902 5165 3087 5206 aurum
3135 5160 3191 5209 et
3238 5159 3516 5220 argentum
3561 5158 3654 5205 aut

2076 5259 2234 5301 omne
2260 5258 2392 5315 opus
2422 5245 2766 5314 praetiosum.
2794 5244 2953 5299 homo
2993 5251 3196 5313 patrem
3225 5256 3376 5298 suum
3423 5239 3653 5294 derelin-

2076 5346 2200 5406 quet
2222 5337 2306 5406 qui
2337 5351 2456 5392 eum
2487 5336 2702 5392 nutrivit
2728 5344 2784 5393 et
2810 5343 3011 5391 terram
3036 5348 3184 5390 suam
3208 5341 3261 5387 et
3282 5331 3345 5385 ad
3373 5330 3653 5385 mulierem

2077 5443 2226 5485 suam
2278 5428 2607 5500 adhaerebit,
2640 5438 2695 5485 et
2736 5442 2857 5486 cum
2898 5428 3121 5484 muliere
3162 5422 3383 5481 dimittit
3418 5422 3654 5478 animant

2077 5537 2250 5591 suam,
2274 5530 2331 5578 et
2355 5538 2528 5593 neque
2559 5506 2721 5592 patris
2750 5521 3013 5587 meminit,
3049 5531 3221 5588 neque
3247 5515 3454 5585 matris,
3479 5530 3654 5587 neque

2080 5622 2278 5673 terrae.
2314 5616 2381 5672 Et
2407 5616 2493 5672 hic
2522 5616 2728 5673 debetis
2750 5628 3089 5686 cognoscere,
3123 5611 3371 5682 quoniam
3403 5610 3655 5671 mulieres
