4142 6350
495 342 602 402 555

1783 325 2084 384 ΑΝΟΝΥΜΙ
2123 323 2465 385 AUCTORIS

3676 333 3781 392 538

494 456 846 515 dominantur
878 450 1068 510 vestri.
1091 448 1283 505 Nonne
1312 444 1570 503 laboratis
1591 453 1649 501 et
1667 443 1863 501 doletis
1890 452 1947 500 et
1974 457 2089 515 om-
2117 445 2170 504 A
2189 444 2404 515 juvenis
2424 460 2454 499 a
2480 444 2613 501 facie
2642 444 2801 517 Regis
2832 442 3099 519 aspiciens
3121 446 3317 505 coelum
3338 454 3525 504 contra
3564 447 3781 507 Jerusa-

494 551 582 606 nia
605 547 919 605 mulieribus
946 543 1167 599 adfertis
1196 549 1249 596 et
1275 539 1447 602 datis;
1470 546 1526 594 et
1559 537 1751 608 accipit
1778 537 1941 590 homo
1970 537 2085 607 gla—

492 641 640 696 dium
668 651 822 694 suum
850 642 904 691 et
928 632 1074 687 vadit
1100 629 1454 715 peregrinari,
1488 637 1544 684 et
1573 629 1627 683 in
1656 627 1781 683 navi
1804 628 2077 698 navigare,
2124 649 2134 659 ’

490 742 546 788 et
574 732 627 786 in
649 728 824 797 ﬁuvijs
848 724 1097 792 transire,
1125 733 1181 778 et
1203 722 1416 777 leonem
1436 720 1644 787 videre,
1677 728 1731 774 et
1766 720 1819 774 in
1844 719 2079 775 tenebris
2108 771 2112 773 Α

488 825 745 888 ambulat,
772 828 827 876 et
858 833 977 874 cum
1007 816 1213 871 furatus
1242 814 1407 870 fuerit
1435 821 1491 868 et
1516 811 1857 868 latrocinium
1893 811 2083 866 fecerit

485 926 540 973 ct
580 914 805 985 cmperit
839 911 1048 983 amicae
1076 922 1207 964 suae
1237 907 1449 963 afferre.
1480 905 1549 960 Et
1580 906 1775 960 iterum
1807 903 1970 959 homo
1993 903 2078 958 di-

484 1012 603 1082 ligit
621 984 1079 1065 mulierem‘suam
1108 1003 1278 1073 magis
1298 1017 1456 1073 quam
1485 1008 1692 1071 patrem
1712 1009 2077 1067 .autmatrem,

482 1113 536 1160 et
568 1101 721 1158 multi
748 1098 1127 1169 desperatione
1156 1095 1283 1152 tacti
1322 1105 1443 1149 sunt
1469 1102 1689 1163 propter
1734 1093 2011 1157 mulieres,
2026 1101 2080 1148 et

484 1197 630 1253 servi
659 1195 783 1250 facti
812 1201 938 1250 sunt
965 1199 1187 1263 pr0pter
1201 1204 1313 1255 eas,
1339 1198 1393 1244 et
1422 1188 1572 1242 multi
1603 1187 1876 1258 perierunt
1905 1195 1961 1241 et
1990 1201 2080 1242 oc-

486 1288 582 1343 cisi
608 1294 733 1342 sunt
747 1295 801 1340 et
822 1289 1412 1356 peccaveruntpropter
1436 1279 1712 1347 mulieres,
1733 1287 1787 1333 et
1808 1293 1949 1347 nunc
1971 1292 2077 1333 non

487 1381 706 1437 creditis
748 1378 880 1433 mihi
908 1375 1159 1447 quoniam
1205 1387 1429 1443 magnus
1459 1381 1541 1427 est
1567 1370 1680 1425 Rex
1713 1371 1766 1425 in
1808 1381 2078 1439 poteSIate

486 1489 582 1531 sua
613 1482 667 1529 et
687 1486 874 1527 omnes
894 1470 1141 1540 regiones
1168 1468 1359 1522 timent
1386 1466 1700 1534 contingere
1730 1478 1874 1519 eum.
1894 1464 1958 1518 Et
1984 1463 2078 1518 de-

484 1567 659 1624 banna
696 1582 790 1636 per
835 1565 1005 1620 Emen
1054 1562 1156 1616 ﬁlia
1206 1559 1465 1616 Bezzachi
1510 1558 1655 1613 illius
1683 1556 1947 1611 mirabilis
1976 1555 2077 1611 viri

486 1661 778 1717 concubina
817 1658 979 1727 Regis
1017 1657 1293 1712 sedentem
1325 1652 1434 1708 vidi
1459 1653 1603 1707 circa
1635 1652 1861 1723 Regem,
1896 1661 1947 1705 et
1978 1665 2076 1706 ac-

485 1752 771 1821 cipientem
815 1749 1059 1805 diadema
1104 1747 1171 1803 de
1200 1746 1375 1816 capite
1402 1742 1588 1814 Regis,
1622 1749 1683 1799 'et
1712 1744 2076 1821 imponentem

484 1816 585 1902 sibi
612 1855 665 1901 et
709 1842 1063 1911 alapizantem
1111 1839 1309 1908 Regem
1351 1836 1421 1891 de
1447 1851 1610 1890 manu
1657 1835 1895 1898 sinistra,
1929 1816 1985 1888 et
2010 1832 2077 1888 ad
2112 1820 2159 1881 B

483 1937 616 1993 haec
660 1934 838 1990 omnia
886 1934 999 1989 Rex
1032 1931 1195 1987 hebes
1226 1929 1427 2000 patenti
1458 1943 1554 1982 ore
1585 1927 1892 1982 intuebatur
1922 1941 2068 1991 eam,

483 2038 539 2087 et
576 2030 622 2084 si
648 2028 928 2084 adrisisset
964 2025 1014 2081 ei
1045 2023 1253 2079 ridebat
1294 2022 1440 2085 Rex,
1464 2019 1551 2075 vel
1597 2019 1640 2073 si
1673 2019 1805 2074 irata
1850 2028 1997 2073 esset
2026 2026 2079 2072 et

482 2119 860 2177 blandiebatur
903 2116 953 2172 ei
980 2115 1156 2186 quoad
1186 2126 1356 2183 usque
1387 2113 1441 2165 in
1471 2110 1699 2181 gratiam
1734 2109 1938 2165 rediret
1957 2123 2078 2164 cum

484 2228 570 2269 ea.
604 2212 646 2267 0
669 2213 772 2265 viri
799 2208 1069 2281 quomodo
1089 2221 1217 2262 mon
1248 2207 1411 2261 fortes
1440 2213 1587 2268 sunt,
1618 2217 1756 2273 quae
1778 2204 1857 2258 sic
1880 2201 2081 2272 agunt?

483 2303 552 2360 Et
583 2312 710 2357 tunc
738 2302 855 2357 Rex
884 2308 940 2356 et
978 2309 1214 2369 potestas
1262 2297 1379 2352 eius
1423 2295 1763 2366 aspiciebant
1803 2293 1870 2349 ad
1917 2292 2080 2349 alter-

485 2404 687 2461 utrum,
712 2401 765 2449 et
793 2394 957 2463 coepit
1000 2392 1144 2460 loqui
1173 2390 1241 2445 de
1264 2391 1517 2453 veritate,
1547 2387 1688 2456 Viri,
1724 2402 1830 2442 non
1872 2401 1943 2444 ne
1972 2388 2078 2442 for-

486 2466 568 2544 tes
605 2495 732 2542 sunt
757 2487 1031 2553 mulieres,
1058 2492 1112 2540 et
1135 2498 1325 2554 magna
1354 2490 1438 2539 est
1464 2489 1605 2538 terra
1646 2489 1703 2537 et
1730 2480 1961 2538 sublime
1994 2489 2080 2537 est

486 2581 683 2646 celum,
698 2588 753 2635 et
774 2580 968 2633 citatus
985 2592 1173 2633 cursus
1195 2576 1327 2632 solis
1352 2574 1690 2646 regredietur
1720 2575 1778 2628 in
1793 2576 2077 2630 circuitum

484 2673 632 2739 caeli,
658 2681 712 2727 et
744 2674 939 2727 iterum
965 2671 1198 2725 recurrit
1228 2670 1283 2724 in
1310 2668 1539 2725 eundem
1569 2668 1746 2722 locum
1777 2668 1834 2721 in
1858 2683 1963 2722 una
1991 2668 2079 2723 die

487 2781 597 2821 non
621 2780 845 2835 magnus
879 2766 970 2833 qui
1000 2764 1100 2819 ista
1129 2764 1256 2819 fecit
1285 2762 1555 2817 etveritas
1598 2776 1789 2831 magna
1813 2772 1867 2817 et
1891 2762 2079 2817 fortior
2124 2764 2127 2767 “

486 2872 615 2929 prae
641 2858 910 2912 omnibus.
940 2855 1130 2910 Omnis
1159 2864 1300 2910 terra
1320 2857 1605 2911 veritatem
1634 2853 1869 2921 invocat,
1902 2855 2076 2911 celum

485 2963 605 3004 eam
650 2947 924 3002 benedicit
970 2956 1025 3001 et
1058 2947 1237 3001 omnia
1281 2960 1446 3014 opera
1486 2959 1623 3016 quae
1652 2954 1936 3001 moventur
1967 2956 2078 3002 tre-

488 3046 659 3105 ment,
703 3048 758 3093 et
808 3054 912 3093 non
962 3039 1120 3093 estin
1164 3051 1229 3093 eo
1280 3038 1557 3106 iniqu'tas.
1595 3037 1839 3106 Iniquum
1870 3039 2076 3104 vinum,

488 3132 707 3200 iniquus
749 3132 885 3196 Rex,
935 3131 1153 3201 iniquae
1191 3130 1468 3197 mulieres,
1510 3132 1681 3201 iniqui
1713 3145 1902 3187 omnes
1950 3133 2078 3186 ﬁliis

488 3220 790 3289 hominum,
820 3223 1002 3292 iniqua
1034 3220 1211 3277 omnia
1239 3236 1402 3292 opera
1433 3236 1643 3287 eorum,
1678 3232 1734 3278 et
1760 3239 1863 3277 non
1895 3233 1977 3279 est
2024 3225 2076 3280 in
2105 3195 2152 3260 θ

488 3311 623 3383 ipsis
642 3315 861 3381 veritas,
887 3314 1013 3368 etin
1036 3313 1321 3383 iniquitate
1348 3328 1440 3367 sua
1474 3313 1728 3383 peribunt
1752 3331 1767 3367 :
1796 3326 1849 3371 et
1877 3318 2077 3371 veritas

488 3415 674 3462 manet
702 3407 755 3460 in
782 3416 1083 3472 aeternum,
1102 3415 1156 3461 et
1179 3407 1306 3461 vivit
1326 3416 1380 3461 et
1408 3414 1555 3462 tenet
1575 3406 1628 3460 in
1655 3408 1928 3463 saeculum
1961 3423 2078 3463 sae-

489 3498 618 3555 culi.
653 3498 720 3552 Et
747 3513 851 3553 non
874 3509 957 3553 est
986 3497 1128 3569 apud
1148 3498 1317 3567 ipsam
1362 3498 1609 3568 accipere
1640 3513 1948 3569 personam,
1982 3501 2077 3555 sed

489 3594 815 3664 aequitatem
843 3590 988 3657 facit,
1004 3590 1071 3645 ab
1095 3589 1345 3645 omnibus
1366 3589 1565 3659 iniquis
1588 3597 1641 3643 et
1662 3590 1818 3644 malis
1844 3591 2079 3645 abstinet

488 3701 573 3751 se,
600 3694 656 3741 et
685 3700 789 3739 non
815 3693 897 3740 est
926 3686 980 3739 in
1024 3684 1282 3752 judicium
1313 3684 1429 3753 ejus
1461 3683 1708 3749 iniquus;
1750 3691 1805 3736 et
1835 3683 1937 3751 ipsi
1968 3683 2079 3738 for-

490 3777 750 3833 titudoet
780 3790 1002 3845 regnum
1029 3783 1085 3831 et
1126 3783 1366 3843 potestas
1412 3783 1466 3828 et
1517 3774 1915 3843 magniﬁcentia
1964 3788 2079 3829 om-

489 3869 641 3925 nium
671 3868 975 3923 seculorum
1009 3866 1323 3924 benedictus
1356 3866 1498 3921 Deus
1526 3866 1788 3921 veritatis.
1826 3866 1891 3922 Et
1912 3869 2080 3924 tacuit

490 3962 783 4033 loquendo.
820 3962 883 4015 Et
911 3960 1085 4015 omnis
1116 3960 1268 4029 plebs
1294 3961 1681 4027 clamaverunt,
1716 3970 1769 4017 et
1789 3961 2076 4017 dixerunt:

489 4070 684 4127 magna
714 4054 915 4110 veritas
941 4061 997 4107 et
1018 4052 1343 4121 supervalet.
1375 4052 1525 4107 Tunc
1550 4052 1684 4107 dixit
1714 4054 1761 4109 ei
1798 4054 1931 4121 Rex,
1956 4064 2079 4124 pete

489 4164 629 4223 quae
645 4140 789 4205 velis'
801 4148 919 4218 plus
934 4161 1095 4217 quam
1110 4161 1248 4216 quae
1263 4148 1462 4216 scripta
1482 4156 1608 4201 sunt
1632 4154 1688 4201 et
1707 4147 1868 4213 dabo,
1888 4164 2077 4218 quem-

487 4243 775 4299 admodum
819 4234 1069 4297 iiiventus
1104 4254 1163 4294 es
1197 4239 1510 4309 sapientior,
1540 4247 1596 4294 et
1636 4241 1909 4308 proximus
1948 4241 2077 4295 mihi

487 4335 703 4391 sedebis
732 4343 785 4388 et
813 4332 1007 4387 adﬁnis
1050 4346 1201 4385 meus
1230 4332 1533 4386 vocaberis.
1564 4329 1712 4386 Tune
1742 4332 1873 4402 Regi
1898 4332 2033 4387 dixit
2061 4350 2075 4387 :

486 4440 792 4484 memorare
816 4425 929 4479 voti
954 4424 1096 4493 quod
1130 4424 1345 4489 vovisti,
1377 4423 1660 4478 aediﬁcare
1696 4424 1991 4480 Jerusalem
2026 4428 2079 4480 in

488 4521 579 4578 die
597 4535 704 4592 quo
725 4520 969 4588 Regnum
1000 4519 1275 4587 accepisti,
1309 4526 1363 4572 et
1384 4519 1560 4572 omnia
1588 4533 1712 4573 vasa
1742 4535 1878 4587 quae
1899 4520 2073 4575 ablata

488 4624 615 4671 sunt
660 4612 949 4679 dimittere,
994 4624 1131 4679 quae
1162 4610 1434 4678 separavit
1471 4610 1643 4681 Cyrus
1684 4610 1796 4665 Rex
1836 4627 1957 4666 cum
1992 4629 2077 4669 me

489 4706 767 4765 excideret
815 4703 1169 4761 Babiloniam.
1223 4703 1288 4758 Et
1312 4703 1459 4757 vovit
1512 4704 1785 4760 remittere
1811 4720 1873 4760 ea
1906 4707 1956 4759 in
1984 4708 2077 4763 Je-

488 4800 746 4858 rusalem.
774 4799 842 4853 Et
885 4808 941 4852 tu
987 4796 1181 4852 vovisti
1228 4805 1409 4851 votum
1463 4796 1747 4854 aediﬁcare
1799 4802 2076 4870 templum,

486 4893 631 4965 quod
655 4891 1009 4947 incenderunt
1038 4889 1287 4945 Chaldaei
1310 4904 1431 4945 cum
1454 4888 1691 4945 desolata
1713 4900 1854 4947 esset
1877 4888 2076 4960 Judea;

490 4998 548 5047 et
570 5002 711 5045 nunc
742 4988 844 5043 hoc
874 4993 958 5040 est
1001 4984 1143 5053 quod
1188 4984 1445 5053 deprecor
1475 4992 1550 5054 te,
1586 4984 1810 5042 Domine
1858 4985 1993 5057 Rex,
2026 4996 2081 5043 et

486 5082 631 5155 quod
662 5089 805 5152 peto,
844 5088 899 5134 et
928 5078 1059 5132 haec
1088 5084 1171 5131 est
1212 5077 1605 5146 magniﬁcentia
1638 5088 1747 5144 tua,
1779 5094 1936 5147 quam
1967 5094 1994 5132 a
2025 5089 2076 5134 te

483 5189 678 5247 precor
701 5182 757 5228 ut
802 5169 981 5226 facias.
1014 5168 1209 5224 Votum
1256 5169 1398 5238 quod
1428 5169 1617 5223 vovisti
1670 5168 1898 5224 Domino
1946 5168 2079 5240 Regi

484 5270 602 5326 Celi
631 5284 697 5324 ex
726 5281 821 5322 ore
864 5272 975 5319 tuo.
1009 5261 1160 5316 Tunc
1202 5260 1439 5315 surrexit
1476 5260 1663 5314 Darius
1692 5258 1810 5315 Rex
1841 5270 1894 5315 et
1921 5275 2079 5317 oscu-

486 5366 625 5422 latus
654 5369 737 5418 est
762 5374 908 5426 cum,
932 5364 986 5412 et
1025 5353 1240 5423 scripsit
1266 5362 1321 5407 et
1363 5352 1616 5423 epistolas
1654 5352 1721 5407 ad
1753 5367 1939 5410 omnes
1966 5354 2077 5411 dis-

485 5464 801 5528 pensatores
832 5459 887 5506 ct
910 5450 1075 5506 duces
1105 5457 1159 5504 et
1184 5446 1503 5517 praefectos,
1527 5456 1584 5502 ut
1612 5462 1733 5504 eum
1757 5448 2073 5517 educerent,

414 5576 417 5577 ν
487 5556 542 5603 et
572 5559 760 5601 omnes
779 5544 870 5614 qui
899 5559 1021 5600 cum
1050 5557 1118 5599 eo
1144 5549 1298 5598 erant
1324 5556 1513 5597 omnes
1542 5542 1895 5600 ascendentes
1922 5545 2073 5601 aedi-

489 5641 717 5705 ﬁcarent
742 5635 1064 5702 Jerusalem,
1093 5643 1148 5690 et
1179 5633 1427 5690 omnibus
1454 5634 1742 5705 prepositis
1765 5634 1945 5690 Ctelae
1974 5636 2077 5708 Sy-

488 5731 625 5798 riae,
650 5727 916 5794 Foenicis;
939 5736 993 5783 et
1019 5727 1235 5783 Libanis
1265 5727 1480 5798 scripsit
1513 5726 1771 5797 epistolas
1800 5730 2074 5784 transferri

491 5818 636 5889 ligna
677 5818 895 5877 cedrina
924 5824 977 5875 et
1005 5815 1190 5873 Libani
1237 5818 1289 5875 in
1336 5816 1655 5893 Jerusalem.
1700 5815 1832 5875 Cum
1880 5820 2077 5879 exisset

2186 541 2291 595 lem
2319 538 2592 595 benedixit
2614 540 2843 595 Domino
2865 549 2923 595 et
2963 539 3138 597 dixit:
3164 555 3190 592 a
3224 549 3277 595 te
3308 540 3555 604 victoria,
3586 553 3637 595 et
3676 558 3703 595 a
3730 552 3781 600 te

2184 632 2466 703 sapientia,
2500 642 2554 688 et
2582 641 2670 688 tua
2696 635 2887 704 gloria,
2919 643 2973 689 et
3000 649 3101 704 ego
3137 648 3325 689 servus
3367 642 3529 689 tuus:
3556 634 3779 691 benedi-

2183 735 2300 781 ctus
2327 741 2384 781 es
2415 726 2504 796 qui
2534 726 2726 783 dedisti
2774 725 2904 781 mihi
2930 724 3267 797 sapientiam,
3297 738 3352 785 et
3386 730 3603 785 domine
3629 743 3779 799 pa'er

2186 820 2279 875 tibi
2308 821 2593 877 conﬁteor.
2625 821 2693 875 Et
2734 821 2943 889 accepit
2970 820 3281 888 aepistulas,
3311 832 3364 876 et
3395 823 3668 892 profectus
3695 832 3777 877 est

2184 912 2237 967 in
2263 913 2595 968 Bahiloniam
2628 922 2682 969 et
2712 912 3036 969 renuntiavit
3064 912 3319 968 fratribus
3347 915 3457 969 suis
3503 914 3773 980 omnibus,

2183 1013 2237 1061 et
2262 1003 2654 1061 benedicebant
2687 1005 2850 1061 Deum
2884 1013 3092 1074 patrum
3123 1020 3368 1071 suorum,
3400 1008 3650 1077 quoniam
3680 1008 3776 1062 de-

2182 1098 2260 1155 dit
2288 1099 2367 1154 cis
2388 1098 2761 1155 remissionem
2785 1099 3077 1155 ascendere
3100 1108 3153 1155 et
3172 1099 3455 1155 aediﬁcare
3478 1100 3775 1156 Jerusalem

2182 1199 2238 1245 et
2283 1191 2558 1255 templum,
2592 1191 2681 1245 ubi
2732 1191 3035 1246 invocatum
3080 1201 3165 1247 est
3216 1207 3409 1247 nomen
3461 1193 3575 1263 ejus
3604 1194 3656 1248 in
3688 1210 3773 1249 eo.

2183 1281 2282 1335 Est
2305 1292 2481 1337 autem
2525 1296 2785 1337 numerus
2816 1298 3003 1337 eorum
3034 1283 3123 1353 qui
3165 1283 3233 1339 de
3273 1284 3584 1353 captivitate
3618 1285 3773 1340 Dabi-

2147 1371 2359 1429 'loniae
2412 1376 2640 1446 regressi
2691 1385 2817 1430 sunt
2864 1375 2915 1430 in
2962 1385 3102 1431 terra
3157 1375 3291 1431 Juda
3322 1386 3378 1431 et
3414 1376 3711 1433 Jerusalem
3743 1395 3774 1436 a

2182 1470 2504 1527 duodecimo
2530 1486 2672 1527 anno
2700 1480 2755 1527 et
2784 1487 2965 1543 supra,
2999 1481 3215 1543 praeter
3236 1487 3431 1543 pueros
3471 1460 3535 1529 et.
3569 1475 3773 1543 puellas

2182 1562 2636 1633 quadragintatria
2661 1563 2805 1619 milia
2836 1564 3063 1619 trecenti
3094 1563 3563 1634 sexaginta.l’ueri
3594 1576 3775 1621 autem

2182 1666 2239 1712 et
2262 1658 2471 1727 puellae
2532 1657 2850 1728 septemillia
2897 1658 3122 1712 trecenti
3160 1657 3351 1728 viginti
3398 1666 3601 1729 septem
3633 1659 3774 1728 psal-
3834 1683 3839 1689 ~

2184 1752 2616 1817 Ientes,mascn|i
2638 1761 2691 1807 et
2718 1751 2970 1808 fmminae
2995 1752 3211 1823 degenti
3241 1752 3588 1822 quadraginta
3619 1752 3774 1821 quin-

2184 1862 2307 1917 que,
2339 1844 2565 1902 Camelli
2596 1846 2970 1917 quadringenti
2997 1862 3156 1902 xxxv.
3190 1846 3433 1917 subjugia
3473 1847 3774 1915 promiscua

2184 1939 2422 2009 quinque
2447 1938 2611 1993 millia
2645 1938 2981 2008 septingenta
3004 1939 3256 2008 quinque.
3280 1937 3414 1993 Cum
3434 1948 3624 1993 autem
3655 1955 3774 2009 pro-

2187 2031 2556 2086 ﬁciscerentur
2582 2045 2612 2086 e
2636 2031 2854 2100 regione
2882 2030 3239 2102 Babyloniae,
3265 2039 3393 2085 tunc
3420 2031 3579 2085 etiam
3606 2031 3774 2089 Esdra

2185 2123 2445 2193 propheta
2474 2131 2527 2178 et
2555 2122 2689 2193 legis
2719 2121 2907 2178 doctor
2935 2132 2989 2177 et
3015 2122 3132 2190 ipse
3160 2136 3281 2177 cum
3312 2121 3390 2177 eis
3416 2122 3675 2188 ascendit,
3707 2123 3772 2177 ad

2184 2229 2342 2286 quem
2374 2215 2556 2270 literas
2592 2214 2787 2269 direxit
2812 2214 2925 2270 Rex
2954 2214 3290 2278 Artaxerses,
3321 2229 3544 2284 quarum
3592 2229 3771 2269 exemc

2183 2310 2331 2378 plum
2376 2309 2476 2365 hoc
2504 2309 2763 2364 continet.
2791 2308 2904 2365 Rex
2925 2308 3245 2365 Artaxerses
3278 2309 3481 2365 Esdrae
3507 2310 3773 2389 sacerdoti

2182 2411 2237 2458 et
2261 2402 2447 2458 lectori
2480 2401 2613 2471 legis
2637 2400 2846 2456 Domini
2876 2401 3126 2457 salutem.
3156 2402 3471 2458 Amicaliter
3493 2417 3591 2473 ego
3631 2402 3770 2472 judi«

2182 2511 2330 2563 cans,
2347 2496 2617 2567 praecipio
2632 2509 2746 2561 eos,
2761 2496 2850 2566 qui
2873 2495 3138 2551 voluerint
3159 2512 3223 2551 ex
3244 2511 3439 2567 genere
3458 2496 3770 2561 Judeorum,

2181 2596 2237 2643 et
2268 2588 2606 2643 sacerdotum
2637 2595 2693 2641 et
2719 2587 3045 2652 Levitarum,
3073 2600 3281 2653 eorum,
3315 2588 3403 2656 qui
3431 2596 3557 2661 sunt
3585 2588 3637 2641 in
3677 2602 3771 2643 no-

2185 2689 2301 2737 stro
2325 2690 2488 2752 regno
2519 2688 2693 2735 tecum
2723 2680 3016 2735 ascendere
3047 2681 3098 2735 in
3124 2680 3455 2745 Jerusalem;
3488 2679 3771 2750 quodquod

2183 2789 2313 2843 ergo
2341 2775 2575 2844 cogitant
2603 2772 2887 2844 proﬁcisci,
2920 2772 3351 2844 proﬁciscantur,
3390 2773 3546 2827 sicuti
3576 2773 3772 2841 placuit

2185 2864 2313 2921 mihi
2342 2875 2395 2921 et
2446 2874 2652 2936 septem
2702 2863 2886 2920 amicis
2928 2866 3060 2919 meis
3089 2865 3431 2930 consiliariis,
3456 2873 3513 2918 ut
3559 2864 3771 2934 possitis

2185 2958 2364 3013 omnia
2401 2958 2687 3027 inSpicere,
2715 2972 2851 3027 quae
2883 2956 2935 3010 in
2967 2956 3168 3011 Judaea
3218 2965 3343 3011 sunt
3391 2964 3444 3011 et
3475 2957 3526 3010 in
3560 2956 3770 3012 Jerusa-

2185 3050 2314 3114 lem,
2343 3050 2483 3120 quod
2535 3064 2872 3118 consequens
2912 3058 3005 3104 .cst
3054 3048 3344 3103 secundum
3392 3049 3561 3118 legem
3614 3064 3770 3116 quam

2187 3140 2368 3207 habes,
2407 3140 2594 3195 tollere
2625 3155 2847 3195 munera
2900 3140 3125 3193 Domino
3157 3139 3268 3193 Deo
3310 3138 3495 3206 Israel,
3545 3140 3771 3193 novissi-

2183 3246 2302 3286 mus
2330 3246 2429 3301 ego
2456 3241 2511 3286 et
2538 3231 2695 3285 amici
2740 3230 2866 3298 mei,
2911 3232 3035 3299 quia
3085 3231 3222 3285 Deus
3268 3229 3470 3283 habitat
3520 3229 3571 3284 in
3617 3229 3769 3296 Sion,

2182 3338 2341 3379 omne
2390 3338 2581 3377 aurum
2628 3331 2682 3376 et
2731 3331 3012 3389 argentum
3068 3320 3439 3390 quodcumque
3496 3320 3772 3377 inventum

2182 3415 2342 3469 fuerit
2370 3415 2420 3467 in
2448 3413 2735 3485 Babylonia
2762 3413 3073 3467 restituetur
3102 3413 3153 3465 in
3188 3412 3386 3479 templo
3420 3411 3509 3465 Dei
3537 3422 3589 3466 ct
3615 3411 3771 3465 Jeru-

2182 3506 2370 3560 salem‘.
2400 3506 2481 3560 Tu
2516 3505 2733 3570 Esdras,
2772 3503 3068 3559 secundum
3117 3504 3432 3571 sapientiam
3480 3503 3575 3558 Dei
3624 3519 3772 3558 com—

2182 3613 2321 3669 pone
2338 3597 2550 3667 judices
2573 3612 2851 3651 causarum
2881 3597 3141 3651 ecclesiae
3185 3595 3238 3649 in
3280 3604 3443 3649 totam
3479 3593 3686 3665 Syriam
3716 3605 3772 3651 et

2182 3689 2454 3754 Fenicem,
2496 3704 2684 3744 omnes
2714 3689 2803 3758 qui
2851 3687 3064 3743 noveris
3112 3687 3353 3753 docebis,
3385 3696 3438 3741 et
3484 3687 3770 3756 quodquod

2184 3782 2474 3851 praeterint
2502 3780 2671 3849 legem
2703 3780 2795 3835 Dei
2821 3780 2894 3833 tui
2934 3788 2987 3833 et
3017 3779 3179 3848 regis,
3215 3778 3495 3847 diligenter
3544 3777 3767 3846 punien-

2183 3883 2292 3941 tur,
2315 3874 2432 3929 sive
2456 3882 2649 3940 morte,
2684 3873 2797 3926 sive
2845 3886 3002 3942 paena
3031 3872 3113 3926 vel
3142 3871 3336 3925 damno
3384 3869 3681 3940 pecuniario
3712 3879 3768 3925 et

2181 3966 2367 4024 exilio.
2399 3967 2751 4023 Benevaleas.
2779 3966 2843 4020 Et
2866 3965 2997 4019 dixit
3026 3965 3192 4019 Esdra
3222 3964 3427 4019 scriba:
3455 3963 3771 4018 Benedictus

2183 4059 2447 4114 Dominus
2478 4058 2617 4112 Deus
2647 4066 2857 4126 patrum
2887 4070 3151 4120 meorum,
3180 4056 3269 4125 qui
3296 4054 3442 4109 dedit
3473 4055 3571 4109 ista
3597 4056 3648 4108 in
3678 4068 3773 4109 cor

2183 4151 2325 4220 regis
2345 4149 2647 4220 gloriﬁcare
2676 4148 2893 4202 domum
2928 4146 3065 4216 ejus,
3090 4162 3226 4216 quae
3253 4155 3337 4202 est
3368 4146 3419 4200 in
3448 4146 3769 4214 Jerusalem,

2185 4252 2240 4298 et
2286 4257 2372 4296 me
2414 4241 2787 4296 honoriﬁcavit
2830 4241 2880 4293 in
2923 4248 3212 4308 conspectu
3247 4239 3408 4307 regis,
3439 4247 3494 4293 et
3523 4238 3771 4293 consilia-

2183 4336 2384 4390 riorum
2414 4335 2550 4404 ejus,
2581 4343 2635 4389 et
2656 4347 2757 4402 ego
2788 4331 2910 4386 forti
2935 4335 3114 4387 animo
3134 4333 3304 4386 factus
3333 4347 3450 4386 sum
3475 4330 3770 4386 seCundnm

2184 4428 2506 4498 adjutorium
2540 4426 2749 4480 Domini
2783 4425 2875 4478 Dei
2911 4426 3035 4480 mei.
3074 4426 3133 4479 Et
3159 4424 3382 4495 profecti
3415 4433 3677 4480 venerunt
3702 4425 3768 4479 ad

2183 4523 2501 4587 Jerusalem,
2528 4529 2582 4576 et
2601 4520 3009 4576 celebraverunt
3033 4519 3231 4574 Pascha
3260 4534 3402 4573 nono
3426 4520 3543 4574 Kal.
3572 4520 3774 4590 Aprilis

2184 4617 2314 4674 feria
2338 4633 2388 4670 v.
2407 4631 2435 4670 a
2462 4614 2656 4685 pascha
2678 4612 2845 4683 Moysi
2870 4612 2918 4666 in
2949 4611 3181 4681 Egypto
3204 4626 3373 4665 annos
3390 4611 3537 4665 mille
3555 4622 3769 4667 centum

2184 4708 2520 4779 septuaginta
2552 4721 2668 4762 sex.
2699 4704 2847 4758 Tunc
2887 4703 3231 4757 fundamenta
3262 4702 3444 4771 templi
3479 4702 3573 4758 Dei
3604 4718 3632 4755 a
3664 4703 3757 4758 Zo-

2185 4800 2401 4858 robahel
2436 4798 2602 4869 posita
2645 4806 3036 4865 restaurantur,
3071 4795 3210 4865 quod
3245 4796 3499 4865 templum
3541 4796 3773 4866 quadra-

2186 4895 2331 4965 ginta
2375 4908 2467 4949 sex
2501 4892 2657 4947 annis
2693 4890 3031 4946 aediﬁcatum
3063 4897 3187 4951 est:
3219 4904 3325 4943 non
3371 4889 3514 4943 enim
3566 4889 3770 4946 Zonam

2184 5001 2338 5042 suam
2367 4985 2549 5051 solvit,
2576 4998 2746 5053 neque
2777 4982 2997 5051 capillos
3026 4982 3216 5050 capitis
3254 4981 3336 5036 sui
3374 4980 3521 5047 fecit,
3550 4981 3641 5035 sed
3671 4995 3769 5036 nec

2188 5077 2549 5133 calceamenta
2574 5075 2822 5144 deposuit
2855 5075 3024 5129 donec
3067 5088 3162 5143 per
3189 5072 3411 5127 Esdram
3447 5071 3767 5143 Prophetam

2188 5182 2241 5226 et
2267 5168 2605 5226 sacerdotem
2636 5167 2874 5238 legisque
2915 5166 3278 5220 innovatorem
3311 5164 3533 5234 supletis
3562 5175 3766 5234 septem

2187 5262 2610 5319 hebdomadibus
2645 5258 2878 5315 Danielis
2921 5257 3185 5313 dedicatio
3229 5258 3380 5311 fieret
3412 5257 3613 5327 templi.
3647 5255 3766 5327 Ipse

2187 5367 2268 5412 est
2297 5345 2595 5412 Zorobabel
2624 5354 2713 5425 qui
2741 5352 2924 5425 genuit
2950 5350 3146 5417 Ahiud,
3169 5350 3258 5420 qui
3285 5349 3580 5419 appellatur
3611 5349 3765 5405 Pater

2185 5449 2556 5505 confessionis.
2580 5444 2756 5502 Abiud
2795 5444 2977 5517 genuit
3002 5442 3265 5509 Eliaehin,
3292 5440 3429 5497 idest
3457 5456 3763 5512 resurgens.

2184 5540 2424 5598 Eliaehin
2460 5541 2643 5611 genuit
2672 5540 2870 5605 Azzor,
2905 5538 3044 5593 idest
3083 5538 3311 5592 occisus.
3362 5535 3534 5590 Azzor
3582 5536 3771 5607 genuit

2182 5634 2415 5701 Saddoe,
2446 5634 2583 5689 idest
2606 5631 3035 5704 jussus.Saddoc
3065 5630 3249 5702 genuit
3269 5628 3479 5695 Achim,
3510 5627 3643 5684 idest
3673 5642 3769 5697 pa-

2184 5737 2350 5784 ratus.
2394 5726 2580 5783 Achim
2627 5726 2812 5797 genuit
2864 5723 3045 5791 Eliud,
3097 5723 3239 5780 idest
3285 5722 3542 5788 Dominus
3587 5720 3765 5776 fortis.

2192 5820 2346 5877 Eliud
2375 5820 2557 5893 genuit
2591 5819 2817 5888 Eliaxar,
2844 5817 2981 5874 idest
3003 5816 3145 5873 Deus
3178 5815 3408 5872 adiutor.
3440 5813 3645 5869 Eliazar
3670 5825 3767 5882 ge-
