4142 6350
338 356 441 413 537

1228 351 1317 407 DE
1352 347 1810 407 GENEALOGIIS
1848 346 2440 415 PATRIARCIIARUM
2477 357 2699 419 LIBER.

3497 371 3601 430 sas

335 472 448 527 nuit
490 470 744 537 Matham,
793 470 928 525 icht
956 481 1170 522 manus.
1204 467 1433 522 Matham
1476 468 1659 536 genuit
1706 464 1872 520 Iacob
1895 504 1909 529 ,
1939 464 1986 522 A
2018 468 2157 521 niam
2184 470 2306 526 inde
2332 483 2457 528 sunt
2478 478 2788 535 sacerdotes
2807 494 2895 551 qut
2917 481 3109 538 altario
3130 483 3226 540 Dei
3256 484 3596 542 deserviunt:

336 564 469 620 idest
500 564 744 617 dilectus.
776 561 943 617 Jacob
970 560 1154 630 genuit
1182 559 1403 627 Ioseph,
1440 559 1577 612 idest
1602 565 1909 627 congregat,

332 657 503 724 cujus,
532 663 591 709 ut
612 656 919 723 putabatur,
934 652 1183 707 dominus
1205 651 1452 706 Christus
1473 650 1764 707 secundum
1795 666 1915 707 car-

331 761 455 801 nem
482 744 624 799 ﬁlius
650 759 791 800 esse.

404 837 709 906 Expliciunt
737 837 1115 907 generationes
1144 849 1275 905 quas
1305 834 1545 891 Matheus
1570 836 1910 905 Evangelista

329 942 497 997 usque
522 927 587 981 ad
613 927 810 997 Ioseph
840 925 925 982 cui
954 926 1053 980 fuit
1082 926 1409 995 desponsata
1439 926 1600 981 Maria
1630 926 1904 983 describit.

328 1019 592 1089 Incipiunt
618 1018 757 1075 aliae
779 1034 912 1089 quas
940 1018 1111 1074 Lucas
1150 1018 1217 1074 ad
1257 1017 1479 1073 Mariam
1508 1034 1679 1091 usque
1708 1019 1909 1075 descri-

328 1109 423 1177 bit,
454 1111 547 1166 sed
574 1127 731 1167 cursu
772 1112 840 1168 ab
867 1113 1054 1169 eadem
1085 1114 1152 1168 ad
1183 1115 1413 1184 primum
1446 1113 1720 1169 hominem
1752 1129 1905 1171 reca-

326 1201 436 1257 Iato
456 1205 761 1259 revertitur.

392 1294 696 1352 Redeamus
726 1296 792 1352 ad
827 1296 1073 1352 Exodum
1105 1306 1158 1353 et
1180 1297 1503 1368 proferimus
1530 1302 1905 1368 generationes

325 1388 656 1457 Levitarum.
679 1389 803 1445 Levi
829 1390 969 1444 enim
999 1390 1181 1459 genuit
1200 1388 1365 1458 Cbat,
1398 1390 1625 1456 Gesson,
1654 1400 1706 1446 ct
1736 1392 1904 1447 Mera-

324 1479 411 1547 rij,
441 1481 528 1550 qui
557 1480 693 1536 Chat
718 1481 902 1551 genuit
930 1482 1207 1545 Ambram,
1236 1482 1327 1550 qui
1349 1483 1547 1536 dicitur
1576 1482 1814 1551 dilectio,
1846 1492 1902 1539 et

227 1557 230 1565 ’
321 1570 477 1639 Issar,
513 1575 600 1644 qui
630 1574 825 1629 dicitur
854 1574 1007 1629 fortis
1027 1574 1093 1628 ad
1118 1575 1334 1641 fortem,
1357 1584 1411 1631 et
1439 1575 1671 1643 Cebron,
1701 1580 1789 1647 qui
1820 1578 1903 1633 di-

320 1664 459 1718 citur
477 1665 681 1720 amicus
704 1673 975 1731 aeternus,
988 1675 1041 1721 et
1062 1666 1236 1731 Odicl,
1255 1668 1344 1735 qui
1360 1667 1552 1723 dicitur
1570 1668 1724 1723 fortis
1740 1669 1898 1735 Deus;

321 1756 409 1823 qui
436 1755 593 1810 Odicl
642 1758 824 1823 genuit
871 1756 1036 1822 Elisa,
1069 1758 1158 1825 qui
1199 1759 1392 1813 dicitur
1422 1760 1678 1825 visitatio,
1710 1771 1762 1814 et
1803 1761 1904 1815 Ma-

2018 561 2278 618 Dominus
2315 575 2398 619 est
2436 569 2580 622 enim
2609 586 2726 625 sors
2755 587 2963 629 eorum.
3015 575 3140 631 Ideo
3186 592 3326 632 nunc
3354 579 3598 634 decimae

2018 655 2270 743 sufficere
2296 658 2491 715 debent
2521 663 2891 721 sacerdotibus
2916 676 2973 722 ut
3001 668 3161 724 alieni
3202 670 3310 724 sint
3334 686 3362 725 a
3392 672 3590 727 saeculi

2015 747 2395 817 voluptatibus,
2441 751 2529 821 qui
2556 753 2749 808 alienis
2788 756 3041 814 incubare
3078 759 3387 816 desiderant
3410 763 3595 818 rebus.

2017 840 2219 897 Deinde
2260 841 2472 913 Moyses
2504 844 2818 916 Egyptiaca
2879 850 3055 920 lingua
3104 852 3488 923 interpretatur
3528 856 3597 911 de

2014 949 2147 1005 aqua
2186 947 2457 1006 acceptus,
2510 948 2564 993 et
2614 939 2843 997 ltaebrea
2896 943 3096 1014 lingua,
3143 958 3321 1002 servat
3355 937 3593 1004 domino.

2015 1026 2134 1096 Ipse
2177 1029 2361 1099 genuit
2405 1030 2626 1084 Gersam
2675 1042 2730 1087 et
2772 1034 3081 1090 Eleazarum
3116 1037 3336 1093 fratrem
3384 1038 3501 1109 ejus
3529 1055 3595 1095 ex

2010 1119 2217 1175 Selfora
2265 1137 2401 1190 quae
2426 1122 2621 1177 dicitur
2646 1124 2900 1181 visitatio.
2937 1126 3030 1183 llic
3064 1129 3274 1199 Moyses
3300 1130 3467 1187 fuitin
3499 1131 3595 1187 de-

2010 1220 2156 1267 serto
2196 1213 2337 1283 Syna
2389 1215 2544 1268 annis
2589 1231 2748 1271 xxxx.
2790 1226 2844 1271 et
2895 1218 3021 1272 dum
3068 1219 3249 1288 jussus
3286 1235 3315 1274 a
3369 1221 3594 1277 Domino

2009 1302 2323 1358 ascenderet
2350 1304 2401 1358 in
2434 1304 2806 1361 Robothmoab
2833 1323 2993 1378 super
3026 1318 3260 1365 montem
3290 1309 3463 1365 Nabat
3504 1326 3594 1367 su-

2010 1412 2106 1467 per
2128 1398 2381 1453 verticem
2412 1399 2601 1469 Fasga,
2633 1416 2769 1470 quae
2795 1411 2876 1457 est
2910 1412 3094 1458 contra
3127 1404 3316 1460 faciem
3347 1404 3585 1472 Hierico,

2008 1497 2063 1543 et
2086 1490 2321 1545 ostendit
2349 1492 2397 1544 ci
2427 1507 2640 1547 omnem
2670 1504 2863 1549 terram
2906 1496 3147 1565 Neptalin
3190 1498 3368 1553 Efrem
3406 1508 3459 1554 et
3485 1498 3593 1554 Ma-

2009 1598 2189 1650 nasse,
2224 1592 2278 1638 et
2305 1599 2518 1639 omnem
2552 1594 2748 1641 terram
2785 1587 2975 1644 ludam
3020 1606 3189 1661 usque
3219 1591 3285 1645 ad
3321 1606 3467 1646 mare
3496 1606 3591 1647 nos

2008 1674 2306 1741 vissimum,
2334 1685 2387 1730 et
2408 1676 2679 1731 desertum
2703 1687 2756 1732 et
2773 1679 3067 1745 adjacentia
3086 1681 3319 1751 regionis
3344 1682 3591 1737 Hiericho

2011 1767 2288 1822 civitatem
2334 1768 2611 1823 Faznicum
2644 1786 2812 1840 usque
2847 1772 3041 1839 Fogor,
3077 1781 3130 1827 et
3169 1774 3302 1828 dixit
3338 1775 3592 1831 Dominus

320 1846 442 1911 siel,
474 1846 563 1915 qui
614 1845 807 1900 dicitur
861 1847 1050 1916 petitio
1095 1848 1212 1911 Dei,
1243 1856 1296 1903 et
1332 1850 1509 1904 Soseri
1531 1892 1543 1912 ,
1576 1851 1665 1920 qui
1712 1851 1906 1907 dicitur
1935 1846 1985 1907 B
2011 1860 2075 1914 ad
2105 1861 2344 1932 Moysen,
2374 1862 2483 1915 lucc
2513 1870 2583 1915 est
2615 1872 2770 1929 terra,
2795 1881 2952 1934 quam
2969 1866 3591 1934 jnraviAbrathsaac,

322 1936 636 1992 absconsus.
687 1938 891 1994 Gesson
922 1953 1049 1993 vero
1081 1939 1222 1994 ﬁlius
1248 1940 1373 1995 Levi
1399 1941 1685 2009 secundus,
1706 1942 1795 2012 qui
1826 1943 1906 1998 di-

321 2035 439 2082 ctus
459 2036 541 2081 est
570 2030 873 2099 inquilinus,
893 2033 1073 2101 genuit
1094 2030 1300 2096 Lobon,
1322 2032 1456 2087 idest
1476 2034 1597 2099 Las,
1614 2049 1676 2088 ex
1701 2034 1901 2101 Semei,

317 2121 406 2189 qui
447 2120 642 2175 dicitur
677 2124 898 2178 auditio.
930 2125 1143 2179 Merarii
1182 2134 1359 2180 autem
1386 2128 1573 2181 tertius
1603 2128 1743 2184 ﬁlius
1771 2130 1899 2185 Levi

314 2213 501 2283 genuit
540 2214 739 2282 Moolli,
776 2216 864 2285 qui
921 2216 1116 2271 dicitur
1156 2218 1403 2284 mutatio,
1440 2228 1493 2273 et
1537 2219 1779 2284 Omousi,
1810 2224 1897 2289 qui

313 2305 510 2359 dicitur
547 2306 663 2361 fons
689 2323 858 2362 meus.
891 2310 1144 2364 Ambram
1181 2324 1309 2365 vero
1347 2310 1487 2366 ﬁlius
1517 2311 1686 2366 Cltaat
1720 2314 1900 2382 genuit

312 2397 491 2452 Aaron
524 2398 739 2470 Moysen
764 2411 813 2456 et
849 2399 1090 2469 Mariam,
1141 2418 1281 2471 quae
1307 2404 1508 2459 dicitur
1546 2405 1895 2475 dominatrix,

311 2504 378 2544 ex
418 2488 701 2557 Jochabet,
749 2508 886 2562 quae
930 2493 1073 2548 dicta
1116 2504 1199 2549 est
1231 2484 1464 2564 dignitas
1500 2497 1741 2564 Domini,
1790 2498 1897 2554 ﬁlia

312 2580 495 2638 fratris
522 2583 694 2637 Patris
718 2584 822 2637 sui.
874 2585 1015 2640 lsaar
1058 2596 1237 2641 autem
1281 2588 1422 2643 ﬁlius
1450 2583 1898 2657 Chatisecundus

310 2677 495 2746 genuit
525 2676 701 2731 Chore
731 2677 818 2745 qui
846 2677 1019 2733 dictus
1050 2688 1133 2734 est
1164 2680 1366 2744 nudus;
1403 2681 1487 2735 hic
1511 2682 1687 2738 Chore
1715 2686 1901 2753 genuit

314 2769 468 2823 Assir
492 2768 582 2838 qui
611 2768 806 2824 dicitur
835 2784 1050 2839 rogans,
1075 2778 1129 2825 et
1159 2771 1422 2827 Belchaua
1464 2773 1553 2843 qui
1587 2774 1782 2830 dicitur
1810 2792 1899 2833 ze-

310 2861 419 2927 lus,
444 2870 500 2915 et
529 2860 754 2915 Abiasar
792 2862 879 2932 qui
910 2862 1104 2917 dicitur
1128 2875 1276 2932 pater
1311 2881 1481 2920 meus.
1539 2866 1601 2921 lli
1643 2877 1767 2923 sunt
1803 2869 1895 2925 ﬁlii

310 2955 540 3020 Cborae,
591 2973 653 3028 ex
685 2945 790 3028 quo
820 2972 1017 3027 genere
1048 2958 1262 3013 fuerunt
1292 2960 1390 3025 illi,
1434 2961 1523 3030 qui
1566 2964 1897 3031 temporibus

307 3046 473 3102 David
503 3056 626 3101 ante
653 3064 830 3102 arcam
857 3051 1160 3104 testamenti
1186 3052 1486 3118 psallebant
1517 3068 1637 3107 cum
1671 3056 1897 3111 caeteris

306 3140 510 3197 Levitis
550 3151 604 3197 et
632 3143 1011 3198 Sarerdotibus
1036 3144 1260 3198 sortium
1288 3146 1472 3215 viginti
1518 3158 1745 3223 quatuor
1775 3165 1894 3203 cum

2009 1960 2054 2006 et
2085 1952 2269 2019 Iacob,
2302 1954 2476 2007 dicens
2507 1956 2687 2008 semini
2715 1966 2875 2009 vestro
2897 1956 3030 2008 dabo
3054 1956 3218 2023 illam,
3244 1974 3395 2026 quam
3420 1971 3591 2012 osten-

2006 2047 2063 2099 di
2082 2048 2239 2100 oculis
2271 2044 2408 2112 tuis,-
2462 2049 2549 2100 sed
2588 2047 2680 2101 illo
2718 2064 2819 2101 non
2853 2049 3103 2103 introibis.
3152 2048 3216 2102 Et
3255 2060 3481 2103 mortuus
3521 2059 3591 2104 est

2006 2152 2201 2205 moyses
2225 2138 2453 2205 famulus
2474 2136 2700 2204 Domini,
2732 2139 2784 2191 in
2807 2148 2940 2191 terra
2969 2138 3143 2203 Moab,
3170 2140 3449 2194 secundum
3479 2154 3590 2194 vers

2004 2226 2121 2279 bum
2154 2225 2383 2293 Domini,
2415 2237 2461 2279 et
2483 2229 2790 2295 sepelierunt
2817 2244 2933 2281 eum
2968 2229 3021 2281 in
3053 2228 3181 2284 Gelli
3195 2233 3352 2302 juxta
3380 2234 3588 2287 domum

2003 2315 2202 2387 Fogor,
2235 2325 2281 2370 et
2315 2332 2459 2370 nemo
2485 2318 2581 2371 scit
2613 2318 2928 2387 sepulturam
2956 2320 3066 2386 eius
3098 2335 3255 2389 usque
3288 2320 3340 2373 in
3384 2320 3588 2375 hodier-

2001 2423 2125 2459 num
2151 2406 2307 2469 diem,
2349 2421 2417 2460 ne
2454 2418 2507 2460 ut
2540 2407 2681 2463 Deus
2707 2408 2775 2461 ab
2807 2408 2937 2477 ipsis
2975 2408 3264 2477 coleretur,
3297 2410 3432 2464 sicut
3463 2426 3586 2467 eum

2001 2498 2381 2568 delinquerunt
2410 2498 2461 2551 in
2486 2498 2719 2553 Choreb.
2771 2498 2867 2552 Hic
2889 2499 3123 2554 conclusi
3152 2508 3276 2554 sunt
3304 2500 3427 2555 anui
3452 2517 3588 2570 qua-

2001 2591 2268 2661 dringenti
2292 2592 2625 2660 septuaginta
2656 2606 2684 2644 a
2715 2592 2994 2646 vocatione
3014 2592 3263 2648 Abrahae
3286 2595 3587 2665 peregrina.

2003 2686 2164 2740 tionis
2194 2684 2357 2741 Israel
2384 2700 2552 2754 usque
2584 2684 2649 2739 ad
2681 2684 2883 2741 heremi
2919 2694 3151 2758 tempus,
3191 2696 3245 2742 et
3275 2689 3444 2758 tnoysi
3478 2699 3589 2745 ter-

2002 2778 2204 2831 minum
2237 2778 2399 2832 vitae.
2454 2777 2579 2832 Post
2629 2778 2771 2851 hunc
2805 2786 2981 2833 autem
3013 2777 3206 2835 .Iltesus
3242 2779 3381 2833 ﬁlius
3418 2780 3586 2847 Nave,
3669 2809 3672 2812 ~

1999 2867 2087 2936 qui
2116 2867 2293 2921 dictus
2323 2874 2406 2920 est
2432 2866 2701 2932 Salvator,
2729 2865 2993 2935 judicavit
3014 2866 3177 2923 Israel
3196 2869 3351 2923 annis
3380 2885 3504 2925 xxx.
3532 2879 3587 2929 et

2001 2960 2127 3014 anni
2158 2960 2280 3014 vitae
2305 2960 2423 3029 ejus
2454 2970 2666 3016 centum
2696 2960 2905 3025 decem,
2938 2971 2990 3015 et
3021 2962 3351 3033 sepelierunt
3376 2978 3498 3019 eum
3532 2965 3584 3023 in

2002 3051 2246 3106 terminis
2286 3052 2446 3105 sortis
2485 3066 2615 3107 suae
2651 3051 2703 3106 in
2731 3052 3137 3108 Toamnasarim
3180 3064 3360 3111 monte
3404 3052 3619 3112 Efrem'

2002 3149 2148 3196 trans
2203 3151 2383 3197 utonte
2430 3142 2648 3209 Galaad,
2705 3153 2998 3212 posuerunt
3041 3160 3161 3200 cum
3203 3162 3271 3202 eo
3311 3148 3365 3203 in
3392 3162 3585 3204 monu-

305 3233 456 3300 Asaf,
493 3234 705 3299 Iditum,
740 3235 930 3301 Eman,
962 3244 1016 3289 et
1053 3236 1209 3290 Etan.
1256 3236 1537 3291 Secundus
1586 3254 1713 3293 vero
1753 3240 1892 3295 ﬁlius
1923 3221 1969 3283 (ἶ
2005 3246 2187 3289 mento
2227 3235 2481 3289 cortellos
2511 3234 2759 3290 Petrinos
2793 3237 3236 3305 circumcisionis,
3287 3238 3450 3294 Israel
3493 3240 3586 3295 ἀμ

306 3324 453 3381 lsaar
486 3326 674 3380 Nafeth
720 3327 895 3381 dictus
933 3336 1037 3390 est,
1078 3327 1169 3396 qui
1202 3325 1583 3397 interpretatur
1621 3330 1887 3398 impietas,

307 3426 362 3474 et
393 3418 583 3473 tertius
606 3418 789 3474 Zecris
830 3419 919 3488 qui
948 3420 1156 3475 'dicitur
1182 3420 1419 3487 dilectio,
1461 3431 1516 3479 et
1545 3433 1767 3491 quartus
1798 3423 1892 3479 Mi-

304 3512 439 3576 sael,
463 3511 554 3582 qui
579 3511 771 3566 dicitur
801 3512 941 3566 misit
965 3511 1124 3567 Deus.
1160 3512 1339 3568 Aaron
1366 3522 1545 3568 autem
1570 3515 1889 3585 interpreta-

306 3613 393 3660 tur
411 3619 532 3659 area
562 3603 769 3667 videns,
793 3611 883 3657 aut
906 3604 1043 3658 visio
1073 3604 1319 3659 altissimi
1350 3621 1366 3659 :
1400 3605 1485 3660 hic
1508 3607 1687 3661 Aaron
1708 3608 1890 3677 genuit

301 3694 490 3751 Nadab
510 3695 599 3765 qui
620 3695 817 3751 dicitur
843 3696 1273 3765 concupiscentia
1302 3704 1356 3751 et
1380 3698 1574 3764 Abiud,
1603 3702 1689 3769 qui
1712 3700 1888 3756 dictus

302 3801 389 3846 est
409 3790 612 3847 amicus
644 3791 757 3846 Dei.
793 3792 1030 3846 Mortuus
1061 3801 1143 3846 est
1182 3800 1357 3846 autem
1390 3791 1569 3848 Nabad
1618 3804 1670 3848 et
1714 3795 1886 3851 Abiud

300 3889 429 3944 dum
457 3887 715 3943 offerrent
757 3888 955 3958 ignem‘
976 3886 1209 3941 alienum
1254 3897 1376 3943 ante
1406 3888 1688 3943 Dominum
1720 3890 1885 3945 Deum

299 3982 355 4038 in
397 3982 610 4037 deserto
637 3982 800 4052 Syua.
852 3982 918 4036 Et
966 3981 1101 4035 facta
1146 3989 1269 4035 sunt
1314 3996 1377 4036 ex
1426 3998 1649 4037 numero
1695 3998 1884 4040 eorum

298 4075 485 4146 viginti
517 4075 615 4130 tria
642 4074 829 4127 millia.
881 4073 1067 4128 Omnis
1094 4075 1362 4128 masculus
1391 4075 1457 4128 ab
1480 4090 1588 4130 uno
1625 4090 1808 4130 mense
1832 4085 1887 4131 et

296 4182 461 4238 supra
502 4183 607 4222 non
644 4168 786 4221 enim
820 4165 1145 4220 considerati
1174 4176 1299 4219 sunt
1343 4167 1395 4220 in
1438 4167 1615 4221 medio
1650 4168 1882 4222 ﬁliorum
1928 4220 1948 4241 ,

295 4256 486 4325 Israel,
528 4259 649 4327 quia
691 4273 794 4311 non
826 4242 986 4312 datur
1016 4257 1120 4311 illis
1152 4256 1456 4311 Itaereditas
1496 4259 1547 4310 in
1584 4258 1759 4312 medio
1794 4274 1885 4314 eo-

295 4364 416 4406 rum
448 4353 620 4420 igncm
648 4351 881 4405 alienum
927 4349 1068 4419 quod
1118 4349 1245 4403 dicit
1283 4364 1348 4404 ex
1393 4351 1661 4403 communi
1706 4350 1882 4420 utique

295 4458 405 4498 non
430 4443 611 4498 divino
640 4442 707 4497 de
734 4443 883 4497 Caelo
907 4442 1259 4496 venientem-
1284 4442 1505 4496 Eleazar
1528 4458 1660 4496 vero
1690 4444 1881 4498 tertius

294 4537 440 4592 ﬁlius
469 4536 646 4591 Aaron
676 4536 763 4605 qui
788 4536 961 4589 dictus
989 4542 1072 4590 est
1101 4534 1239 4589 Deus
1260 4535 1474 4589 adiutor
1504 4551 1676 4601 meus,
1700 4536 1881 4606 genuit

1995 3329 2150 3384 victis
2174 3344 2318 3383 xxix.
2353 3326 2608 3397 Regibus.
2651 3328 2764 3383 lloc
2793 3329 2844 3382 in
2878 3337 3120 3398 tempore
3162 3330 3351 3400 viginti
3392 3322 3583 3388 novem

1998 3420 2201 3489 Regum
2250 3419 2431 3488 populi
2479 3426 2533 3472 ct
2574 3428 2761 3487 gentes
2810 3420 3041 3475 Africam
3097 3428 3407 3488 tenuerunt,
3447 3438 3584 3492 quae

1995 3512 2173 3583 prisco
2196 3520 2437 3581 tempore
2467 3512 2636 3566 insula
2670 3512 2963 3578 dicebatur,
3008 3524 3061 3569 et
3102 3529 3164 3568 ex
3197 3529 3302 3585 quo
3340 3515 3583 3575 habitare

1995 3607 2158 3677 cmpit
2186 3607 2311 3660 anni
2343 3614 2467 3659 sunt
2508 3620 2676 3675 usque
2714 3606 2779 3660 ad
2822 3621 3017 3661 annum
3060 3616 3267 3661 sextum
3315 3606 3582 3663 decimum

1993 3702 2134 3773 regis
2159 3684 2267 3755 duo
2293 3698 2436 3753 milia
2466 3700 2800 3770 septuaginta
2828 3714 2942 3754 sex.
2988 3698 3118 3755 Post
3152 3699 3375 3755 Jhcsum
3402 3710 3582 3757 autem

1993 3805 2330 3865 transgresso
2380 3793 2580 3864 populo
2612 3808 2641 3847 a
2683 3794 2950 3849 mandatis
2993 3793 3083 3848 Dei
3116 3793 3422 3849 servierunt
3452 3794 3581 3866 Regi

1991 3887 2409 3957 Mesopotamiae
2430 3884 2797 3940 Chusarsaton
2820 3884 3202 3941 nomineanttis
3222 3894 3366 3951 octo,
3387 3886 3581 3944 deinde

1992 3978 2305 4047 paenitentia
2334 3977 2441 4046 egit
2468 3978 2715 4047 populus,
2764 3986 2815 4030 et
2858 3975 3117 4044 judicavit
3162 3992 3255 4031 eos
3298 3976 3581 4035 Gotltoniel

1990 4069 2143 4123 annis
2174 4067 2577 4137 quinquaginta.
2600 4066 2761 4136 Origo
2786 4074 2964 4121 autem
2989 4066 3274 4120 Gotbonicl
3306 4066 3438 4123 haec
3466 4078 3574 4122 est:

1992 4159 2132 4213 ﬁlius
2165 4157 2265 4212 fuit
2294 4156 2472 4211 Genez
2512 4157 2691 4211 fratris
2729 4154 2932 4210 Chaleb
2969 4156 3147 4209 fratris
3186 4155 3449 4224 Jepbone,
3496 4157 3581 4212 hic

1991 4250 2278 4306 Gothoniel
2318 4250 2482 4317 coepit
2533 4249 2813 4303 civitatem
2867 4248 3164 4301 litterarum
3219 4254 3273 4302 et
3328 4247 3476 4303 dedit
3527 4249 3579 4303 ei

1987 4342 2191 4398 Chaleb
2220 4340 2451 4395 Ascham
2474 4338 2651 4409 gﬁliam
2699 4353 2849 4393 suam
2884 4351 3105 4391 uxorem
3149 4336 3281 4393 haec
3310 4345 3392 4392 est
3423 4339 3580 4397 Dabit-

1987 4436 2176 4491 civitas
2216 4434 2537 4499 litterarum,
2572 4429 2765 4485 deinde
2799 4429 3060 4498 juditavit
3102 4443 3196 4485 eos
3227 4429 3393 4496 Eglon
3425 4430 3579 4487 annis
3660 4428 3679 4445 ‘

1987 4531 2174 4584 decem
2207 4534 2261 4582 et
2290 4534 2433 4581 octo.
2479 4522 2574 4577 llic
2598 4522 2713 4577 Rex
2742 4520 3094 4577 Moabitarum
3136 4521 3255 4576 fuit.
3303 4521 3451 4577 Tunc
3485 4537 3579 4592 po.

298 4628 512 4693 Finees,
556 4629 648 4699 qui
696 4628 869 4681 dictus
910 4636 991 4682 est
1024 4634 1260 4681 sectator
1294 4641 1357 4681 ex
1396 4626 1604 4681 ﬁliabus
1644 4627 1877 4683 Fuiziel:
1908 4596 1966 4661 D
1991 4623 2146 4693 polus
2172 4620 2401 4675 Domino
2433 4632 2539 4672 non
2567 4616 2859 4682 serviebat,
2896 4615 3019 4687 quia
3058 4615 3216 4670 idolis
3248 4615 3577 4683 immolabat,

296 4724 386 4779 hic
409 4732 493 4779 est
518 4723 710 4777 Finecs
738 4721 805 4776 de
829 4735 936 4791 quo
966 4721 1018 4775 in
1042 4721 1395 4777 Machabeicis
1423 4721 1573 4776 libris
1599 4720 1880 4778 Matathias

294 4817 547 4887 loquutus
572 4824 654 4870 est
682 4814 868 4870 dicens
895 4830 909 4867 :
936 4813 1131 4868 Finees
1158 4812 1283 4867 dum
1308 4814 1573 4867 cmulatur
1601 4813 1719 4883 lege
1747 4815 1879 4869 ade-

295 4920 419 4980 ltus
440 4919 523 4964 est
544 4907 926 4963 sacerdotium.
952 4906 1182 4973 Quartus
1210 4919 1338 4960 vero
1376 4903 1516 4959 ﬁlius
1548 4906 1724 4960 Aaron
1764 4908 1889 4977 Sta:

296 5019 415 5059 mar
443 5002 615 5057 dictus
642 5010 744 5065 est,
777 4999 868 5071 qui
890 4997 1087 5054 dicitur
1110 4997 1361 5052 rancidus
1392 4997 1490 5051 hos
1518 4998 1722 5067 genuit,
1772 4997 1881 5051 Eli-

293 5095 435 5152 safat
471 5109 605 5166 quae
648 5093 787 5149 dicta
816 5097 913 5146 est
959 5089 1126 5159 gratia
1178 5088 1401 5142 domini.
1449 5088 1660 5160 Moyses
1700 5098 1877 5144 autem

295 5188 441 5242 ﬁlius
471 5186 722 5241 Ambram
762 5181 1031 5238 secundus
1072 5179 1253 5251 genuit
1291 5178 1511 5233 Gersam
1549 5179 1639 5249 qui
1676 5180 1877 5234 dicitur

292 5285 526 5352 Hospes,
576 5290 629 5336 et
679 5280 1015 5344 Eleazarum,
1069 5276 1159 5345 qui
1205 5274 1401 5329 dicitur
1429 5274 1522 5329 Dei
1565 5275 1753 5340 virtus,
1806 5289 1875 5329 ex

290 5380 523 5443 Sellora,
551 5392 685 5450 quae
710 5377 850 5433 dicta
885 5384 967 5429 est
993 5370 1229 5427 visitatio
1262 5372 1532 5423 formonsa
1576 5368 1682 5422 ﬁlia
1720 5368 1879 5424 Sotor

289 5475 361 5529 de
396 5471 566 5527 Madia
615 5469 930 5526 sacerdotis.
972 5466 1178 5523 Gersan
1224 5477 1358 5520 vero
1397 5462 1576 5531 genuit
1618 5463 1874 5531 Sonatan,

290 5572 412 5642 ipse
442 5577 497 5624 et
524 5568 619 5623 ﬁlii
647 5566 765 5636 ejus
794 5574 946 5622 erant
975 5564 1337 5620 sacriﬁcantes
1367 5560 1418 5615 in
1453 5559 1618 5614 Tribu
1649 5559 1760 5613 Dan
1792 5571 1880 5612 us—
1906 5601 1913 5609 .

288 5676 399 5731 que
427 5660 496 5716 ad
521 5660 662 5715 diem
680 5655 1169 5728 transmigrationis
1187 5663 1379 5710 terrae.
1411 5652 1468 5707 In
1492 5650 1680 5706 borum
1701 5658 1878 5706 autem

287 5765 478 5812 monte
503 5754 747 5823 sepultus
788 5758 872 5808 est
899 5753 1076 5807 Aaron
1118 5758 1172 5805 et
1211 5749 1425 5827 Moyses
1456 5747 1510 5801 in
1556 5745 1690 5802 Getlt
1732 5745 1877 5815 juxta

288 5849 510 5905 domum
542 5847 735 5920 Fogor.
770 5844 911 5901 llaec
942 5843 1109 5900 tribus
1140 5851 1338 5900 sortem
1368 5856 1473 5898 non
1496 5838 1720 5910 accepit,
1748 5853 1878 5909 quo-

1990 4724 2044 4771 et
2074 4712 2255 4768 traditi
2278 4718 2407 4766 sunt
2433 4708 2548 4779 regi
2564 4707 2755 4779 Eglon.
2778 4706 2979 4762 Deinde
2992 4706 3247 4776 judicavit
3270 4721 3364 4763 eos
3389 4708 3580 4765 Aotam

1990 4806 2334 4863 Ambidester
2360 4803 2514 4857 annis
2540 4799 2831 4871 octoginta.
2864 4799 2961 4853 llic
2985 4798 3259 4853 cultellum
3286 4799 3578 4869 palmarem

1991 4899 2200 4970 accepit
2234 4904 2289 4951 et
2324 4895 2464 4950 dixit
2503 4892 2569 4977 ad
2604 4891 2815 4961 Eglom.
2857 4889 3090 4945 Verbum
3136 4899 3217 4946 est
3260 4890 3388 4945 mihi
3424 4892 3487 4945 ad
3528 4900 3581 4948 te

1992 4993 2139 5057 Rex;
2167 4999 2221 5045 et
2247 4988 2372 5044 dum
2402 4985 2717 5041 introissent
2752 4984 2808 5037 in
2852 4981 3099 5037 cubiculo
3140 4982 3337 5037 occidit
3374 4997 3494 5037 eum
3524 4991 3577 5037 et

1990 5084 2183 5142 clausit
2205 5083 2450 5152 januam,
2488 5088 2541 5133 et
2581 5076 2716 5148 fugit
2743 5089 2840 5146 per
2882 5074 3117 5130 medium
3146 5076 3444 5131 exercitum
3472 5073 3573 5127 sal-

1988 5186 2163 5232 vatus.
2212 5174 2371 5228 Anno
2412 5178 2590 5225 autem
2638 5168 2899 5240 vigesimo
2932 5175 3126 5238 quarto
3155 5166 3293 5221 Aotlt
3340 5166 3391 5219 in
3435 5174 3575 5219 terra

1990 5269 2158 5323 Edom
2192 5272 2434 5320 mortuus
2466 5269 2549 5317 est
2576 5260 2696 5325 Job,
2724 5259 2915 5315 deinde
2936 5260 3241 5314 servierunt
3267 5257 3376 5324 regi
3401 5256 3578 5310 Seme-

1987 5377 2080 5433 gar
2106 5358 2261 5415 annis
2296 5372 2395 5411 xx.
2439 5354 2528 5409 hic
2578 5352 2775 5409 occidit
2825 5367 2889 5405 ex
2940 5347 3252 5417 alienigenis
3302 5346 3352 5399 in
3398 5353 3576 5399 aratro

1989 5460 2151 5515 boum
2179 5454 2517 5525 octingentos
2541 5449 2685 5506 viros
2715 5456 2770 5504 et
2789 5445 3029 5502 defendit
3073 5442 3209 5496 ﬁlios
3254 5438 3434 5506 Israel,
3483 5438 3573 5495 de-

1986 5552 2110 5609 inde
2132 5550 2282 5607 Jabis
2318 5548 2623 5605 servierunt
2666 5542 2777 5613 regi
2811 5540 3233 5607 alienigenarum
3280 5535 3436 5591 annis
3477 5548 3572 5598 xx.

1988 5646 2084 5703 ilic
2122 5659 2219 5700 rex
2265 5641 2483 5696 Chanan
2534 5638 2632 5692 fuit
2671 5634 2763 5705 qui
2812 5630 3069 5701 regnabat
3102 5628 3154 5682 in
3186 5628 3471 5697 Astaroth,
3519 5637 3575 5684 et

1991 5743 2243 5811 princeps
2272 5734 2493 5790 militiae
2519 5730 2636 5799 ejus
2665 5733 2781 5782 erat
2803 5723 2955 5794 Syra.
2990 5721 3125 5776 lluic
3147 5719 3360 5777 fuerunt
3383 5734 3571 5775 currus

1987 5832 2148 5890 ferrei
2178 5826 2453 5897 nongenti.
2496 5819 2695 5877 Deinde
2728 5815 2972 5872 chbora
2995 5812 3254 5886 judicavit
3290 5825 3382 5869 eos
3414 5811 3571 5881 annis
