4142 6350
526 324 629 383 539

1790 321 2016 379 ANONY
2025 321 2098 378 III
2134 322 2269 378 AUC
2278 322 2473 379 TORIS

3679 331 3783 393 550

522 452 609 498 ιι..
630 439 797 513 Hujus
822 439 1149 509 temporibus
1175 438 1308 511 fugit
1334 438 1514 497 Sisara
1537 438 1589 494 in
1611 438 1772 495 domo
1788 437 1911 505 Iail,
1932 453 2090 508 quem
2121 437 2172 498 Α
2201 436 2487 502 Abiathar;
2518 438 2607 508 qui
2635 445 2690 493 et
2718 437 2804 494 hic
2824 448 3010 509 genuit
3029 439 3402 509 Achimelech,
3436 456 3467 501 a
3493 442 3784 511 Solomone

524 534 639 604 ipsa
658 532 760 589 JaiI
789 532 984 590 occidit
1022 531 1089 587 de
1128 531 1247 601 palu
1281 524 1601 587 t‘avernaculi
1628 532 1711 587 sui
1743 541 2099 601 persequente

523 624 726 683 Barach
755 623 993 695 principe
1026 624 1268 681 militiae.
1301 624 1506 681 Deinde
1533 624 1823 681 Mazanitae
1852 624 2097 679 obtinue-

525 727 651 773 runt
678 730 861 773 eorum
887 716 1041 772 annis
1070 724 1369 786 septem,et
1388 717 1595 785 inomen
1616 716 1733 787 ejus
1752 725 1870 772 erat
1892 716 2096 773 Alazia.

524 807 636 866 Sub
659 808 776 879 ipso
806 806 1055 879 fugerunt
1086 806 1178 863 ﬁlii
1208 806 1370 863 Israel
1401 807 1454 862 in
1484 807 1756 876 speluncis
1795 817 1849 865 et
1876 809 1927 863 in
1963 809 2097 865 scis-

406 944 417 955 .
519 898 659 955 suris
689 899 950 955 montium
995 898 1394 955 abscondebam
1438 912 1497 955 se
1549 898 1772 955 Domino
1809 898 2095 956 irascente.

519 984 721 1047 Deinde
748 990 1006 1061 judicavit
1036 1003 1127 1045 eos
1158 989 1374 1049 Gedeon
1413 992 1569 1047 annis
1615 1006 1702 1047 xc.
1741 990 1881 1047 filius
1907 990 2098 1048 Iliero-

518 1084 623 1153 bal,
672 1084 775 1141 soli
834 1084 980 1145 enim
1029 1086 1252 1141 trecenti
1307 1085 1408 1140 viri
1461 1074 1713 1141 exeriunt
1750 1098 1870 1139 cum
1922 1099 1989 1145 eo
2029 1082 2097 1141 ad

526 1192 757 1250 pugnam
802 1177 1060 1237 adversus
1099 1176 1332 1244 Madian,
1388 1178 1479 1248 qui
1530 1178 1855 1233 Iambierunt
1904 1191 2099 1247 aquam

518 1274 659 1329 sicut
686 1286 868 1329 canes.
899 1272 1050 1330 'I‘unc
1075 1271 1213 1328 dixit
1244 1271 1502 1354 Dominus
1545 1274 1599 1328 in
1652 1272 1916 1329 trecentis
1964 1271 2097 1335 viris

518 1364 668 1432 solis,
696 1365 786 1434 qui
812 1363 1137 1422 lambieruat
1165 1378 1331 1433 aquas
1372 1366 1514 1419 sicut
1552 1380 1712 1420 canes
1739 1383 1750 1417 :
1782 1363 1987 1419 salvum
2020 1362 2097 1417 fa-

518 1456 656 1513 ciam
703 1455 883 1512 Israel.
940 1455 1138 1512 Deinde
1174 1455 1453 1511 Abintelec
1492 1455 1757 1526 judicavit
1794 1469 1888 1509 eos
1938 1454 2098 1511 annis

519 1547 713 1605 tribus.
760 1547 858 1604 IIic
902 1548 1099 1602 occidit
1140 1561 1206 1603 ex
1246 1538 1564 1617 alienigenis
1609 1548 1755 1602 mille
1786 1547 1993 1603 animas
2038 1548 2095 1602 in

520 1638 662 1708 igne,
692 1638 781 1708 qui
816 1637 1029 1694 fuerunt
1070 1639 1123 1693 in
1157 1646 1301 1693 turre
1332 1637 1708 1710 Sychimorum
1746 1637 1959 1710 quando
2007 1635 2088 1691 fu-

518 1737 703 1801 gerant
730 1743 759 1783 a
786 1729 924 1786 facie
944 1730 1059 1799 ejus
1083 1730 1133 1784 in
1162 1730 1558 1786 Aehroterium.
1603 1729 1752 1785 Tunc
1792 1744 1822 1783 a
1862 1728 2091 1783 muliere

2200 529 2253 583 in
2281 530 2445 584 exilio
2474 530 2748 600 religatus,
2799 540 2855 587 et
2884 532 2965 587 Eli
3007 533 3167 588 nimis
3197 548 3365 589 senex
3396 543 3452 593 et
3491 536 3650 593 ambo
3689 538 3782 595 ﬁlii

2200 620 2318 690 ejus
2352 630 2661 691 peccatores
2688 623 2740 677 in
2783 631 3077 692 conspectu
3110 625 3340 680 Domini.
3395 625 3507 685 Hoc
3547 628 3599 683 in
3648 614 3783 685 lctus

2202 728 2329 782 pore
2364 722 2517 768 natus
2552 725 2633 769 est
2661 716 2911 783 Samuel,
2944 731 3099 786 quem
3138 717 3429 787 postulavit
3459 722 3613 777 Anna
3649 737 3782 781 uxor
3846 752 3849 753 ν

2205 804 2491 873 Belchane,
2524 820 2645 862 cum
2673 816 2813 863 esset
2838 808 3039 865 sterilis
3068 818 3123 865 et
3142 810 3419 865 exaudivit
3446 825 3566 869 eam
3600 812 3780 871 Domi-

2204 911 2324 964 nus,
2354 904 2407 952 et
2448 898 2693 968 concepit
2725 908 2778 959 ct
2808 900 3010 970 peperit
3043 900 3210 956 ﬁlium
3234 909 3289 957 et
3336 905 3549 961 vocavit
3586 919 3780 965 nomen

2206 988 2316 1058 :jus
2344 988 2581 1065 Samuel,
2632 990 2837 1057 dicens,
2884 992 3141 1062 quoniam
3181 1009 3213 1049 a
3255 994 3367 1050 Deo
3400 995 3780 1067 Omnipotento

2202 1080 2329 1149 petii
2378 1080 2549 1137 illum.
2607 1081 2727 1138 IIeli
2766 1092 2942 1139 autem
2988 1083 3088 1151 fuit
3144 1088 3431 1156 nonaginta
3476 1104 3775 1157 annorum;

2199 1171 2338 1225 oculi
2368 1182 2545 1227 autem
2586 1173 2701 1241 ejus
2753 1184 2905 1229 erant
2940 1175 3153 1230 obducti
3197 1186 3252 1233 et
3288 1192 3397 1237 non
3425 1180 3697 1248 videbant,
3723 1192 3779 1240 et

2196 1265 2452 1333 judicavit
2482 1267 2731 1338 populum
2759 1268 2914 1324 annis
2937 1284 3029 1324 xx.
3085 1270 3148 1327 Et
3173 1271 3357 1327 audito
3401 1274 3588 1331 nuntio
3634 1276 3773 1345 quod

2198 1368 2349 1428 capta
2371 1359 2441 1413 sit
2466 1359 2531 1416 ab
2555 1360 2819 1429 allophilis
2860 1374 2984 1417 arca
3018 1360 3249 1430 Demini,
3290 1365 3488 1423 cecidit
3525 1366 3593 1426 de
3619 1368 3775 1435 sella,

2197 1444 2254 1503 et
2279 1458 2519 1505 mortuus
2550 1459 2652 1506 est.
2679 1449 2829 1506 Tunc
2859 1451 3073 1507 Samuel
3108 1454 3368 1511 successit
3392 1444 3464 1522 ei,
3494 1466 3548 1513 et
3572 1457 3777 1527 judica-

2198 1541 2272 1595 vit
2302 1541 2462 1596 Israel
2490 1542 2646 1599 annis
2679 1558 2766 1597 xx.
2808 1543 2905 1598 Ilic
2933 1544 3152 1602 Samuel
3181 1549 3368 1617 genuit
3396 1548 3560 1618 filios,
3613 1566 3781 1613 unum

2200 1635 2413 1689 nomine
2442 1635 2583 1704 Joel,
2615 1635 2777 1690 alium
2805 1651 2932 1691 vero
2969 1637 3251 1694 Abiathar.
3294 1638 3650 1707 Temporibus
3683 1658 3775 1699 au-

2199 1735 2303 1780 tem
2326 1725 2442 1792 ejus
2471 1735 2591 1795 post
2616 1726 2981 1795 captivitatem
3012 1743 3152 1785 arca:
3180 1730 3247 1786 ab
3263 1730 3777 1803 allophilis,quando

517 1838 799 1893 percussus
850 1824 1080 1893 lapidem
1134 1826 1275 1881 mole
1325 1834 1565 1879 mortuus
1590 1833 1694 1882 est.
1749 1823 1951 1879 Deinde
1977 1824 2091 1879 Fua

2201 1816 2359 1872 occisi
2408 1825 2533 1871 sunt
2561 1816 2791 1874 Phineas
2839 1827 2892 1874 et
2931 1819 3053 1873 Ofni
3108 1820 3200 1875 ﬁlii
3231 1821 3334 1877 Eli.
3383 1823 3532 1878 Tunc
3561 1833 3616 1880 et
3642 1828 3775 1893 ipse,

517 1914 658 1971 ﬁlius
688 1913 943 1971 Charram
966 1916 1225 1986 judicavit
1250 1931 1343 1972 eos
1371 1918 1526 1971 annis
1556 1932 1649 1971 xx.
1685 1915 1785 1972 IIic
1809 1915 2085 1971 habitabat

517 2010 570 2064 in
602 2017 783 2064 monte
814 2008 1016 2065 Efrem.
1057 2009 1169 2066 Sub
1196 2013 1347 2079 cujus
1380 2019 1586 2080 tempus
1619 2024 1721 2078 pax
1767 2009 2086 2073 abundavit,

519 2107 573 2154 et
611 2113 716 2154 non
752 2099 853 2155 fuit
878 2101 1078 2156 bellum
1113 2103 1164 2155 in
1196 2102 1381 2157 Israel.
1432 2101 1634 2158 Deinde
1661 2102 1793 2156 Tole
1828 2101 2090 2172 judicavit

519 2204 609 2245 eos
638 2190 793 2246 annis
818 2206 904 2245 xx.
934 2191 1159 2247 duobus.
1184 2192 1384 2248 Deinde
1410 2192 1523 2247 Jair
1540 2191 1799 2262 judicavit
1825 2192 1978 2247 annis
1996 2208 2087 2249 xx.

520 2282 742 2341 duobus.
772 2282 907 2340 Huic
934 2293 1085 2340 erant
1115 2284 1716 2345 filiixxx.ascendcntes
1744 2301 1867 2340 xxx.
1899 2301 2089 2355 equos,

520 2383 569 2430 et
595 2383 748 2430 erant
777 2376 857 2431 eis
886 2391 1018 2431 xxx.
1050 2377 1313 2444 civitates,
1364 2393 1501 2446 quae
1525 2378 1842 2435 dicebantur
1868 2379 2087 2435 Abotthi

448 2510 455 2513 _
520 2464 606 2520 Iar
648 2466 702 2519 in
748 2464 1034 2537 Galatidin.
1091 2467 1296 2524 Deinde
1344 2468 1613 2524 Philistini
1660 2478 1715 2523 et
1754 2472 2093 2527 Ammanitae

518 2558 865 2615 obtinuerunt
892 2573 1078 2617 eorum
1108 2560 1265 2617 anuis
1302 2559 1492 2616 decem
1521 2570 1574 2616 et
1593 2570 1737 2627 octo,
1772 2561 1872 2616 sub
1904 2576 2091 2617 eorum

518 2648 755 2719 pondera
780 2650 1242 2721 proclamaveruut
1273 2652 1368 2708 ﬁlii
1389 2650 1552 2709 Israel
1577 2654 1643 2707 ad
1673 2653 1954 2709 Dominum
1986 2668 2095 2708 non

518 2742 683 2798 semel
714 2741 808 2797 sed
834 2744 1071 2813 saepius,
1098 2751 1154 2799 et
1186 2744 1269 2798 vix
1306 2759 1402 2799 eos
1436 2744 1503 2799 de
1531 2744 1783 2814 periculis
1824 2744 2089 2799 liberavit.

520 2833 719 2889 Deinde
744 2831 935 2903 Jephta
965 2833 1034 2888 de
1055 2833 1254 2889 Galaad
1279 2834 1541 2903 judicavit
1566 2850 1660 2891 eos
1688 2837 1841 2890 annis
1864 2844 2092 2906 septem.

524 2924 621 2980 IIic
648 2924 716 2978 ab
743 2925 914 2979 Aroer
950 2938 1118 2994 usque
1139 2925 1264 2980 dum
1307 2926 1552 2981 veniatur
1578 2926 1887 2981 Marattbaei
1929 2942 2097 2996 usque

522 3013 778 3070 Abelthar
805 3030 901 3070 xx.
930 3015 1172 3070 civitates
1198 3018 1369 3070 Amon
1397 3017 1587 3072 evertit
1614 3030 1733 3072 cum
1761 3019 1970 3087 pepulis
2001 3033 2097 3073 eo-

522 3116 660 3160 rum.
693 3105 916 3173 Quando
954 3121 1202 3162 reversus
1240 3093 1388 3165 suam
1429 3108 1645 3165 domum
1682 3110 1875 3164 obtulit
1912 3110 2093 3165 filiam.

2198 1908 2380 1964 audito
2412 1908 2618 1979 nuntio,
2652 1918 2895 1965 mortuus
2939 1920 3043 1979 est,
3081 1921 3135 1966 et
3172 1928 3201 1967 a
3228 1913 3474 1983 gentibus
3504 1919 3637 1971 Area
3667 1919 3775 1972 fue-

2199 2012 2279 2053 rat
2307 2000 2633 2071 dcpracdata.
2664 2001 2791 2058 Post
2819 2002 3048 2059 reditum
3075 2005 3191 2074 ejus
3222 2019 3450 2075 quatuor
3492 2008 3608 2064 loca
3655 2025 3775 2065 sann

2197 2093 2425 2149 ctiﬁcata
2453 2095 2682 2161 fuerant,
2707 2111 2825 2166 qua:
2844 2097 3105 2152 circuibat
3131 2099 3369 2166 Samuel,
3400 2098 3537 2156 idest
3562 2101 3772 2172 Betbel,

2196 2200 2314 2254 qua:
2360 2186 2553 2241 dicitur
2590 2185 2758 2250 Luxa,
2810 2188 2898 2244 ubi
2945 2190 3088 2244 visus
3131 2198 3212 2244 est
3240 2191 3380 2247 Deus
3407 2193 3474 2248 ab
3504 2192 3689 2261 Iacob,
3717 2205 3774 2251 et

2198 2275 2435 2344 Galgala,
2461 2277 2545 2332 ubi
2574 2278 2910 2335 circumcidit
2940 2280 3139 2337 Jltesus
3162 2283 3417 2352 populum
3444 2295 3619 2339 contra
3648 2286 3771 2343 Ilie-

2198 2370 2331 2435 rico,
2359 2381 2410 2426 et
2442 2370 2685 2437 Masefat,
2710 2372 2798 2428 ubi
2822 2374 3013 2428 obtulit
3060 2376 3223 2430 ﬁliam
3268 2391 3420 2433 suam
3463 2378 3676 2448 Iephte,
3718 2388 3775 2437 et

2198 2460 2452 2515 Armaten
2482 2464 2535 2516 in
2567 2462 2728 2518 domo
2756 2479 2873 2533 sua,
2906 2464 2995 2520 ubi
3018 2465 3217 2521 fecerat
3242 2467 3489 2524 altarium
3521 2469 3661 2536 Deo;
3690 2484 3775 2526 sa~

2197 2556 2387 2612 cerdos
2420 2559 2557 2612 enim
2588 2557 2684 2613 fuit
2725 2558 2893 2629 judex
2939 2569 2993 2615 et
3038 2560 3315 2631 propheta,
3373 2563 3465 2620 sed
3492 2563 3613 2619 ideo
3639 2564 3775 2621 inter

2198 2649 2505 2705 sacerdotes
2534 2665 2563 2704 a
2605 2650 2756 2707 nobis
2808 2666 2911 2708 non
2965 2662 3048 2709 est
3097 2655 3391 2720 immissus,
3450 2670 3623 2725 neque
3671 2656 3774 2723 Eli,

2198 2739 2318 2809 quia
2350 2740 2488 2795 inter
2517 2740 2733 2797 Iudices
2763 2751 3161 2812 computantur.
3206 2744 3303 2800 IIic
3345 2746 3493 2800 enim
3538 2746 3779 2803 conclusi

2200 2842 2321 2886 sunt
2350 2831 2597 2889 Iudicum
2639 2834 2762 2888 anni
2808 2834 3085 2905 quingenti
3134 2838 3409 2907 sexaginta
3458 2854 3593 2894 unus
3642 2838 3777 2895 initii

2200 2923 2522 2991 captivitatis
2547 2923 2985 2993 alienigenarum.
3035 2925 3163 2982 Post
3190 2928 3331 2983 hunc
3382 2937 3560 2984 autem
3610 2928 3775 2986 factus

2202 3022 2283 3070 est
2328 3015 2452 3079 Saul
2500 3014 2635 3081 Rex,
2686 3030 2845 3086 quem
2905 3016 3163 3072 Dominus
3213 3020 3263 3073 io
3316 3019 3422 3076 bile
3459 3035 3553 3075 sua
3581 3022 3777 3090 populo

2202 3105 2365 3162 Israel
2386 3104 2628 3174 dederat,
2660 3121 2754 3175 per
2784 3122 2975 3163 manus
3004 3109 3211 3165 scilicet
3240 3109 3503 3166 Samuelis
3535 3121 3776 3177 unctum,

522 3197 726 3255 Deinde
773 3198 953 3257 Usbon
987 3199 1131 3257 ﬁlius
1168 3200 1332 3257 Israel
1368 3201 1625 3271 judicavit
1668 3218 1761 3261 eos
1808 3205 1961 3259 annis
2003 3220 2095 3261 vu.
2126 3188 2176 3253 C
2204 3214 2322 3254 cum
2351 3209 2599 3269 quereret
2624 3200 2801 3256 asinas
2825 3202 2990 3283 patris
3038 3204 3121 3256 sui
3152 3202 3265 3268 Cis,
3312 3202 3401 3271 qui
3452 3204 3697 3273 regnavit
3728 3203 3777 3257 in

523 3288 625 3346 Hic
644 3304 711 3346 ex
734 3290 972 3348 Bethlem
1006 3291 1104 3348 fuit
1126 3301 1182 3352 et
1204 3302 1359 3349 erant
1384 3294 1432 3350 ei
1454 3310 1581 3350 xxx.
1605 3295 1698 3350 ﬁlii
1730 3304 1783 3351 et
1811 3312 1933 3351 xxx.
1962 3298 2101 3354 ﬁliae

523 3378 772 3438 dimissae
790 3382 937 3451 foris,
968 3390 1022 3438 et
1047 3398 1168 3439 xxx.
1187 3398 1380 3440 uxores
1410 3384 1561 3440 duxit
1587 3384 1715 3442 ﬁliis
1736 3388 1847 3441 suis
1875 3394 1929 3441 et
1955 3401 2100 3443 mor-

523 3477 646 3526 tuus
675 3480 839 3526 estet
870 3473 1108 3541 sepultus
1148 3481 1230 3531 est
1269 3475 1321 3531 in
1360 3474 1653 3530 Bethleem.
1699 3475 1901 3532 Deinde
1946 3477 2099 3532 Elom

523 3560 781 3633 judicavit
820 3576 911 3619 eos
944 3563 1097 3625 annis
1141 3580 1195 3619 x.
1248 3565 1345 3620 llic
1402 3566 1552 3621 Elom
1593 3567 1935 3623 Zabulonites
1977 3568 2099 3636 fuit,

522 3664 804 3724 propterea
827 3657 881 3710 in
904 3665 1044 3712 terra
1062 3658 1302 3725 sepultus
1318 3658 1665 3729 estZabuJon.
1690 3660 1889 3715 Deinde
1911 3660 2099 3717 Abdon

524 3745 779 3817 judicavit
825 3760 920 3801 eos
968 3748 1123 3800 annis
1164 3755 1307 3809 octo,
1363 3749 1504 3803 ﬁlius
1563 3749 1662 3802 fuit
1712 3749 2096 3805 Farathonites.

527 3836 662 3890 Iluic
690 3846 844 3890 erant
872 3836 1217 3907 quadraginta
1250 3838 1369 3903 ﬁlii,
1412 3849 1463 3893 et
1504 3854 1633 3893 xxx.
1665 3848 1886 3909 nepotes
1914 3854 2100 3895 ascen-

527 3926 715 3983 dentes
738 3929 1073 4000 septuaginta
1100 3943 1286 4000 equos.
1322 3930 1560 3986 Mortuus
1589 3939 1643 3985 et
1672 3930 1913 4000 sepultus
1940 3940 2021 3987 est
2050 3934 2103 3993 in

527 4016 799 4072 Farathon
848 4018 901 4072 in
946 4028 1083 4074 terra
1121 4018 1303 4076 Efrem
1346 4019 1399 4077 in
1442 4028 1624 4077 monte
1651 4020 1848 4076 Elieth.
1900 4021 2101 4077 Deinde

526 4107 855 4180 alienigenae
884 4108 1233 4167 obtinuerunt
1265 4124 1359 4167 eos
1393 4112 1547 4167 annis
1576 4128 1685 4179 xr..,
1737 4129 1832 4185 pro
1870 4128 1935 4168 eo
1960 4112 2101 4183 quod

524 4202 985 4257 exacerbaverunt
1014 4202 1316 4270 Dominum,
1354 4210 1408 4259 et
1432 4204 1610 4259 traditi
1638 4204 2098 4271 suntChananeis,
2162 4216 2177 4233 '

526 4295 614 4364 qui
646 4292 1015 4349 inhabitabant
1037 4294 1286 4363 Ascalon,
1339 4293 1557 4361 Gerara,
1591 4296 1760 4365 Gaza,
1792 4298 2017 4365 Azontu,
2049 4304 2103 4353 et

424 4418 446 4436 .
527 4383 663 4438 Geth
686 4383 919 4452 quinque
938 4384 1206 4450 civitates,
1228 4399 1358 4455 quas
1376 4386 1595 4440 Inathen
1620 4388 1757 4441 filius
1782 4389 2101 4443 Ilatltathiae

527 4473 868 4542 expugnavit.
902 4473 1106 4529 Deinde
1136 4474 1365 4529 Samson
1391 4476 1528 4531 ﬁlius
1540 4477 1724 4533 Manoe
1749 4488 1801 4534 et
1827 4496 1961 4534 uxor
1986 4484 2101 4552 ejus

2205 3292 2364 3347 Israel
2412 3293 2565 3346 annis
2610 3308 2695 3347 ιι.
2743 3296 2961 3348 Bamma
3016 3293 3160 3351 enim
3208 3293 3401 3349 dicitur
3452 3295 3661 3360 civitas,
3692 3296 3778 3351 ubi

2205 3394 2394 3439 unetus
2423 3393 2498 3440 est
2535 3385 2633 3439 iste
2664 3384 2811 3440 Saul.
2868 3384 2967 3453 Qui
3012 3385 3139 3440 Saul
3188 3386 3371 3460 habujt
3418 3401 3646 3443 uxorem
3685 3403 3776 3441 lto-

2204 3478 2345 3531 mine
2375 3476 2597 3531 Achima
2618 3463 2638 3542 ’;
2665 3492 2730 3533 ex
2750 3478 2845 3531 hac
2870 3477 3052 3547 genuit
3072 3476 3357 3537 Ionatham
3379 3478 3568 3534 Jesiul.
3600 3478 3778 3547 Esbal,

2204 3566 2501 3633 Memﬁbos,
2556 3577 2609 3622 et
2638 3581 2854 3621 sorores
2885 3582 3071 3622 eorum
3115 3567 3297 3624 Merob
3341 3577 3394 3623 et
3443 3568 3695 3635 Mclchol,
3727 3576 3779 3626 ct

2206 3659 2347 3713 ﬁlius
2375 3658 2621 3713 Jonathee
2649 3659 2981 3716 Memﬁboste
3001 3661 3186 3730 genuit
3215 3660 3413 3719 Macca.
3464 3661 3591 3717 Post
3638 3662 3781 3719 hunc

2204 3754 2442 3821 regnavit
2493 3753 2657 3807 David
2708 3754 2761 3806 in
2804 3752 2969 3808 Israel
3010 3754 3163 3808 annis
3197 3770 3283 3811 ιι..
3325 3763 3380 3809 et
3421 3770 3629 3811 menses
3657 3770 3777 3811 sex.

2204 3845 2346 3899 Inter
2370 3844 2582 3899 Samuel
2613 3854 2791 3900 autem
2825 3854 2879 3899 et
2910 3845 3074 3899 David
3104 3845 3229 3911 anni
3258 3854 3384 3900 sunt
3416 3862 3497 3899 ιι.
3546 3845 3775 3916 Τεηιρος

2204 3936 2351 3990 ribus
2380 3950 2563 3990 eorum
2596 3946 2747 3990 erant
2778 3938 3095 3993 sacerdotes
3138 3938 3463 3994 tabernaculi
3490 3936 3777 3991 testimonii

2205 4027 2389 4081 decem
2435 4028 2600 4081 millia
2643 4028 2859 4083 ducenti
2910 4028 3207 4101 sexaginta,
3242 4038 3312 4099 et
3341 4029 3540 4084 Levitze
3567 4039 3779 4088 centum

2204 4119 2482 4173 duodecim
2515 4119 2705 4173 millia.
2750 4119 3089 4175 sacerdotum
3123 4131 3299 4175 autem
3329 4129 3483 4175 erant
3515 4120 3779 4191 principe:

2205 4212 2389 4282 viginti
2422 4223 2683 4282 quatuor;
2732 4212 2824 4282 qui
2857 4221 2980 4268 sunt
3029 4216 3269 4269 seniores
3298 4213 3485 4284 viginti
3534 4226 3779 4284 quatuor,

2202 4312 2257 4358 et
2286 4303 2383 4357 ista
2416 4303 2627 4357 nomina
2652 4318 2859 4358 eorum.
2898 4304 2976 4358 Ex
3000 4319 3195 4374 genere
3216 4304 3358 4358 enim
3382 4314 3536 4359 erant
3560 4304 3777 4359 Eleazar

2203 4404 2256 4449 ct
2281 4395 2513 4449 Ithamar
2543 4394 2771 4449 ﬁliorum
2799 4396 2997 4450 Aaron.
3046 4394 3221 4449 Prima
3257 4409 3373 4449 sors
3400 4394 3589 4461 Jarim,
3644 4394 3779 4449 unde

2204 4483 2304 4540 fuit
2329 4486 2673 4551 Muthathias;
2695 4487 2928 4541 secunda
2952 4485 3124 4553 Bidaz;
3158 4486 3567 4552 tertiaChoreb;
3597 4496 3782 4558 quarta

530 4561 734 4634 Dalyla,
764 4563 1025 4634 judicavit
1056 4580 1148 4621 eos
1176 4568 1328 4621 annis
1364 4584 1450 4621 xx.
1481 4568 1645 4640 Cujus
1676 4573 1844 4626 virtus
1874 4570 1977 4628 non
2010 4592 2104 4644 po-
2130 4556 2183 4617 D
2206 4579 2429 4642 Seroib;
2483 4581 2666 4648 quinta
2713 4578 2898 4633 Michm
2926 4596 2940 4645 ;
3000 4588 3148 4633 sexta
3189 4577 3463 4632 Beniamin
3490 4621 3503 4642 ,
3555 4556 3780 4648 septima

531 4665 666 4711 terat
711 4657 1111 4728 comprehendi,
1158 4660 1246 4735 qui
1294 4660 1409 4729 plus
1453 4661 1647 4717 occidit
1694 4664 1743 4716 in
1794 4674 1963 4721 morte
2004 4683 2099 4723 sua

528 4764 687 4820 quam
732 4750 869 4820 quod
910 4751 966 4807 in
1000 4752 1107 4808 vita
1152 4768 1267 4808 sua.
1324 4754 1522 4811 Deinde
1569 4754 1808 4815 Samiera
1843 4760 2100 4829 judicavit

528 4857 624 4899 eos
651 4858 791 4897 anno
817 4858 941 4898 uno.
977 4843 1072 4900 llic
1097 4846 1362 4915 percussit
1395 4861 1459 4901 ex
1493 4845 1775 4918 Allophilis
1814 4862 2098 4915 sexcentos

528 4934 674 4991 viros
697 4929 909 5006 praeter
931 4936 1169 5006 jumenta
1200 4946 1252 4994 et
1279 4939 1483 4994 salvum
1527 4940 1650 4996 fecit
1684 4950 1734 4998 et
1768 4944 1880 5015 ipse
1913 4945 2093 5003 Israel.

528 5026 730 5083 Deinde
760 5042 941 5098 pacem
972 5027 1273 5085 habuerunt
1295 5031 1448 5086 annis
1480 5049 1604 5088 xxx.
1647 5035 1740 5089 llis
1773 5040 2096 5107 temporibus

528 5134 633 5175 non
666 5130 779 5175 erat
806 5120 912 5175 dux
940 5120 993 5175 in
1022 5119 1215 5189 Israel,
1245 5131 1296 5177 et
1324 5126 1683 5195 unusquisque
1718 5130 1856 5197 quod
1889 5131 2097 5186 volebat

526 5210 629 5266 hoc
666 5210 907 5267 faciebat.
949 5210 1097 5267 Tunc
1134 5212 1303 5267 tribus
1342 5213 1620 5270 Beniamin
1669 5216 2003 5288 delinqucrat
2041 5224 2095 5277 in

523 5301 666 5359 facto
695 5302 1091 5360 Sodomitarum
1122 5314 1174 5359 et
1199 5307 1539 5363 exterminati
1562 5321 1683 5364 sunt
1706 5328 1734 5363 a
1756 5312 1879 5367 ﬁliis
1908 5314 2091 5382 Israel,
2138 5308 2141 5309 ⁷

524 5404 576 5449 et
597 5394 837 5451 derelicti
868 5404 991 5452 sunt
1015 5396 1115 5450 viri
1143 5398 1401 5467 sexcenti,
1436 5401 1524 5470 qui
1555 5401 1797 5471 fugerant
1824 5415 1879 5459 ut
1902 5408 2093 5462 evade-

524 5493 663 5537 rent.
708 5486 909 5542 Deinde
952 5487 1035 5541 Eli
1074 5488 1345 5554 sacerdos,
1378 5491 1466 5559 qui
1501 5490 1670 5546 fuerat
1710 5494 1759 5547 in
1794 5494 1974 5563 Selon,
2006 5498 2091 5552 ubi

524 5590 646 5630 arca
674 5577 765 5632 Dei
796 5583 1082 5637 constituta
1123 5593 1239 5637 erat
1296 5593 1349 5637 et
1388 5584 1475 5637 filii
1519 5586 1631 5652 ejus
1660 5586 1778 5641 Ofni
1811 5601 1861 5643 et
1905 5590 2093 5646 Finees

523 5668 826 5741 sacerdotes
867 5675 1099 5731 Domini.
1148 5674 1337 5731 Finees
1370 5690 1497 5731 vero
1537 5678 1717 5747 genuit
1763 5681 1990 5735 Achitob
2042 5684 2099 5739 et

523 5761 886 5835 Beriochabcl,
929 5770 1017 5837 qui
1052 5769 1279 5827 Achitob
1310 5772 1643 5839 Abimelcch,
1701 5784 1747 5829 et
1795 5774 1878 5829 hic
1910 5781 2091 5848 genuit

2207 4671 2415 4737 Choos;
2474 4680 2658 4727 octava
2712 4671 2866 4735 Abia,
2911 4671 3055 4726 unde
3106 4670 3203 4725 fuit
3256 4670 3603 4736 Zaccharias;
3636 4684 3779 4724 nona

2208 4763 2332 4817 Iesu
2359 4781 2371 4829 ;
2406 4763 2611 4817 decima
2636 4761 2951 4828 Jeccbenir;
2998 4763 3277 4818 undecima
3304 4761 3503 4816 Enasib
3528 4780 3543 4827 ;
3572 4763 3779 4817 duode-

2205 4858 2344 4910 cima
2376 4853 2597 4909 Jachih:
2660 4854 3023 4910 tertiadecima
3071 4854 3325 4919 Chobra;
3383 4852 3776 4924 quartadecima
3834 4848 3845 4855 “

2208 4950 2353 5015 Isba;
2405 4949 2801 5021 quintadecima
2847 4950 3067 5016 Banne;
3114 4948 3474 5023 sextadecima
3521 4948 3776 5013 Emmer;

2202 5024 2639 5112 septimadecima
2675 5041 2905 5108 Chexir;
2939 5041 3332 5097 octavadecima
3359 5040 3583 5103 Afesor;
3612 5052 3777 5093 nona-

2202 5134 2410 5188 decima
2440 5133 2677 5199 Phaner;
2722 5134 2974 5201 vigesima
3014 5131 3294 5197 Ezechiel;
3341 5130 3779 5202 vigesimaprima

2200 5228 2399 5292 Achin;
2439 5226 2931 5295 vigesimasecunda
2959 5214 3204 5291 Samuel;
3238 5223 3648 5295 vigesimatertia
3674 5223 3777 5276 Da-

2199 5319 2312 5385 Iea;
2338 5320 2781 5390 vigesimaquarta
2810 5321 2995 5375 Mazia.
3028 5319 3092 5373 Ili
3122 5328 3244 5373 sunt
3273 5334 3415 5374 xxtv.
3440 5331 3576 5389 quos
3604 5316 3777 5371 David

2200 5411 2568 5466 sacerdotibus
2615 5420 2981 5481 prmposnerat
3025 5412 3315 5479 principes.
3367 5409 3591 5477 Quando
3626 5408 3772 5463 enim

2199 5504 2266 5556 de
2294 5504 2454 5556 domo
2487 5501 2689 5557 Abidda
2722 5502 2903 5556 retulit
2945 5516 3122 5556 arcam
3154 5502 3475 5567 testamenti,
3515 5509 3567 5555 et
3597 5500 3777 5569 posuit

2188 5595 2316 5650 'eam
2349 5595 2400 5646 in
2429 5592 2554 5649 Sion
2597 5594 2650 5648 in
2683 5593 2843 5648 domo
2880 5593 3193 5661 Aminadab,
3241 5602 3295 5649 et
3337 5593 3459 5649 inde
3499 5593 3777 5649 transtulit

2198 5702 2333 5753 eam,
2367 5697 2418 5741 et
2441 5685 2613 5756 posuit
2642 5702 2758 5743 eam
2802 5687 2855 5741 in
2887 5687 3046 5742 domo
3076 5703 3192 5755 sua,
3230 5697 3353 5743 tunc
3385 5688 3481 5742 hos
3510 5687 3773 5743 sacerdo-

2203 5783 2339 5837 tibus
2368 5782 2634 5853 principes
2660 5782 2969 5849 constituit,
3000 5783 3085 5852 qui
3120 5782 3479 5853 prazccdercnt
3511 5783 3771 5853 pepulum
