4142 6350
318 373 412 430 541

1213 373 1299 427 DE
1340 367 1791 427 GENEALOGIIS
1832 366 2417 423 PATRIARCIIARUM
2457 368 2657 423 LIBER

3465 372 3571 430 542

317 499 439 548 ante
466 503 644 546 arcam
674 492 1000 557 testamenti,
1035 498 1089 547 et
1124 489 1323 546 Levita:
1370 488 1585 545 fuerunt
1619 500 1767 541 xxiv.
1795 480 1885 553 qui
1913 482 1966 547 Δ
1995 485 2207 553 (tumulo
2237 487 2400 543 occisi
2439 498 2563 545 sunt
2592 492 2812 547 trecenti
2853 491 3230 562 quinquaginta
3256 493 3566 551 sacerdotes

316 583 517 639 Levitis
536 581 889 649 imperabant,
918 596 981 635 ex
1009 596 1206 651 genere
1228 582 1369 636 enim
1403 589 1556 635 erant
1582 580 1729 641 Caat,
1756 578 1890 632 Ges—

314 690 434 741 son,
488 674 810 738 Elmencrii;
863 688 984 729 nam
1029 687 1190 739 super
1242 686 1336 728 eos
1367 675 1577 725 fuerant
1615 678 1886 739 quattuor,

312 782 538 838 quorum
569 766 780 823 nomina
814 765 929 821 haec
956 776 1100 821 sunt.
1142 765 1355 819 Primus
1392 765 1581 827 Eman,
1625 763 1890 817 secundus

312 861 463 928 Asaf,
493 861 681 918 tertius
711 860 925 927 lditum,
967 870 1190 931 quartus
1220 860 1453 923 Etham;
1496 858 1591 911 fuit
1635 870 1891 912 numerus

312 956 549 1022 ipsorum
579 966 698 1007 cum
729 950 981 1009 fratribus
1016 953 1256 1023 ipsorum
1287 949 1429 1006 docti
1462 959 1678 1006 cantare
1708 949 1891 1004 Domi-

311 1060 405 1114 no,
432 1046 607 1101 omnis
635 1045 725 1117 qui
752 1045 1018 1114 intelligit,
1052 1045 1267 1101 ducenti
1302 1044 1568 1114 octoginta
1605 1050 1748 1099 octo.
1781 1042 1911 1096 Acr

311 1145 567 1208 ceperunt
591 1136 752 1193 etiam
776 1136 875 1206 ipsi
906 1146 1080 1192 sortes
1104 1130 1311 1189 diurnae
1336 1134 1699 1205 apparitiones
1731 1132 1888 1203 juxta

310 1241 559 1298 maguum
604 1235 656 1279 ct
696 1226 844 1295 juxta
895 1226 1141 1294 pusillum
1188 1225 1547 1296 perfecturum
1586 1232 1639 1279 et
1672 1224 1890 1279 disceu-

312 1318 478 1384 tium;
509 1317 707 1374 excidit
752 1332 870 1375 sors
909 1318 1074 1389 prima
1116 1318 1345 1372 ﬁliorum
1394 1317 1510 1388 ejus
1554 1325 1607 1369 et
1661 1317 1884 1370 fratrum

310 1411 425 1483 ejus
446 1410 610 1482 ipsius
637 1410 833 1481 Asaph,
859 1410 931 1464 illi
963 1409 1159 1478 .loseph
1190 1410 1322 1478 ipse,
1349 1416 1403 1464 et
1431 1408 1523 1461 ﬁlii
1556 1407 1671 1477 ejus
1707 1416 1760 1461 et
1787 1406 1893 1462 fra-

310 1510 418 1560 tres
446 1503 561 1574 ejus
590 1502 890 1562 duodecim.
940 1501 1219 1558 Secundus
1266 1500 1518 1557 Godolias
1559 1500 1656 1556 filii
1698 1500 1813 1569 ejus
1836 1510 1890 1557 et

309 1595 500 1652 fratres
525 1595 640 1667 ejus
666 1595 970 1652 duodecim.
1005 1594 1220 1648 Tertius
1262 1592 1524 1659 Zacchur,
1572 1593 1667 1648 lilii
1696 1593 1814 1662 ejus
1839 1600 1895 1649 et

309 1685 503 1743 fratres
530 1686 650 1757 ejus
686 1686 990 1741 duodecim.
1032 1686 1266 1752 Quartus
1301 1683 1501 1752 Jesdri,
1547 1685 1642 1739 lilii
1686 1685 1804 1753 ejus
1841 1693 1895 1743 et

1990 592 2019 631 a
2054 578 2194 632 Doec
2225 580 2383 649 Syro,
2416 597 2571 650 quem
2604 600 2696 639 rex
2734 584 2858 639 Saul
2889 586 3146 641 miserat:
3175 587 3251 642 De
3286 588 3401 657 ipso
3434 589 3568 645 dixit

1995 670 2158 725 David
2188 672 2253 728 ad
2280 673 2404 728 Saul
2435 690 2449 727 :
2483 675 2716 732 dilexisti
2741 680 2996 733 malitiam
3021 694 3180 748 super
3202 680 3489 737 bonitatem
3514 690 3570 736 et

1991 761 2325 831 iniquitatem
2361 779 2522 833 super
2551 781 2710 835 quam
2738 768 2973 836 loqueris
3007 768 3265 836 justitiam
3310 771 3569 827 callidita-

1991 863 2097 911 tem
2124 857 2265 913 Doee
2294 857 2416 928 Syri
2447 858 2675 926 incusat,
2729 860 2818 929 qui
2848 875 2907 917 se
2929 862 3129 931 justum
3155 864 3207 917 in
3234 865 3568 921 sermonibus

1992 946 2419 1019 demonstrabat,
2450 959 2503 1006 et
2528 952 2862 1021 iniquitatem
2900 953 3042 1016 circa
3075 956 3387 1012 innocentes
3410 972 3568 1014 exer—

1991 1042 2122 1099 cuit.
2154 1041 2218 1095 Et
2249 1042 2442 1097 iterum
2487 1042 2721 1099 dilexisti
2752 1045 2927 1098 omnia
2956 1046 3113 1099 verba
3146 1049 3441 1117 praccipitii
3471 1050 3571 1107 lin-

1994 1150 2095 1201 gua
2116 1132 2364 1199 subdola,
2409 1135 2600 1204 quibus
2637 1135 2883 1191 incautos
2919 1136 3096 1193 subito
3117 1138 3311 1208 dejecit
3338 1140 3390 1193 in
3422 1156 3570 1197 mor-

1996 1235 2121 1280 tem.
2157 1226 2249 1282 flic
2275 1236 2451 1281 autem
2475 1226 2751 1293 Abiathar,
2786 1229 2875 1297 qui
2908 1237 3034 1283 tunc
3056 1244 3086 1284 a
3108 1239 3280 1287 morte
3304 1244 3571 1303 euaserat,

1996 1325 2215 1389 preptcr
2236 1319 2453 1373 Orniam
2480 1334 2508 1373 a
2541 1318 2830 1376 Salomone
2861 1322 3143 1392 relegatur,
3176 1332 3233 1379 ut
3277 1327 3572 1384 secundum

1995 1409 2313 1463 sententiam
2365 1410 2572 1465 Domini
2622 1412 2798 1466 nullus
2854 1427 2917 1467 ex
2966 1414 3173 1469 semine
3206 1415 3285 1470 Eli
3325 1416 3378 1472 in
3412 1417 3574 1475 domo

1998 1502 2207 1559 Domini
2239 1504 2558 1559 sacrificium
2580 1506 2999 1563 administraret.
3025 1510 3252 1578 Quintus
3284 1512 3573 1585 Apltatias;

1998 1602 2181 1649 sextus
2216 1594 2494 1661 Ethoram,
2528 1604 2580 1651 et
2612 1596 2845 1652 Thamar
2889 1614 3045 1654 soror
3076 1601 3395 1675 Abessalon.
3442 1603 3575 1663 Nam

2000 1684 2052 1738 in
2095 1682 2427 1739 Hierusalem
2477 1686 2544 1743 de
2594 1687 2823 1744 Bcrsabc
2872 1690 3029 1745 Uriac
3072 1692 3239 1747 Cettei
3287 1693 3483 1751 Samae
3524 1705 3576 1753 et

312 1779 506 1837 fratres
533 1779 655 1851 ejus
672 1794 765 1833 xu.
798 1780 1026 1845 Quintus
1049 1778 1324 1843 Natanias,
1358 1778 1450 1831 lilii
1474 1777 1587 1845 ejus
1615 1785 1671 1831 et
1701 1775 1896 1833 fratres
1928 1851 1968 1858 _
1999 1774 2181 1833 Soban
2210 1776 2303 1832 filii
2333 1786 2458 1834 sunt
2483 1779 2668 1847 David,
2697 1783 2889 1837 fratres
2920 1783 3222 1839 Salomonis
3256 1796 3311 1842 et
3352 1787 3573 1858 Nathae,

314 1873 433 1941 ejus
466 1886 558 1924 xu.
601 1871 796 1927 Sextus
822 1870 978 1925 Bocia
1000 1910 1016 1935 ,
1063 1869 1157 1924 filii
1190 1870 1307 1939 ejus
1334 1877 1390 1925 et
1418 1869 1611 1941 fratres
1646 1869 1766 1938 ejus
1795 1884 1888 1924 xtt.
1924 1851 1974 1917 Β
1999 1868 2151 1939 cujus
2202 1871 2370 1927 Lucas
2425 1873 2759 1943 Evangelista
2816 1876 2882 1930 ad
2934 1877 3149 1933 Mariam
3196 1881 3455 1951 originem
3489 1851 3577 1939 de;

311 1962 583 2033 Septimus
614 1962 797 2027 Israel,
829 1962 924 2017 filii
951 1960 1066 2031 ejus
1090 1972 1142 2016 et
1167 1961 1359 2016 fratres
1377 1961 1495 2030 ejus
1527 1976 1621 2015 xu.
1654 1960 1891 2016 Octavus

308 2056 505 2127 Ageas,
531 2056 622 2110 lilii
645 2056 763 2123 ejus
786 2063 839 2109 et
858 2053 1051 2109 fratres
1073 2055 1188 2122 ejus
1217 2071 1311 2110 xtt.
1342 2054 1527 2109 Nonus
1552 2054 1890 2120 Matthanias,

307 2145 398 2200 lilii
430 2145 547 2214 ejus
566 2154 619 2201 et
645 2145 836 2200 fratres
862 2145 979 2214 ejus
1010 2160 1101 2198 xu.
1134 2146 1384 2217 Decimus
1406 2146 1609 2210 Semei,
1643 2145 1736 2200 ﬁlii
1770 2148 1888 2215 ejus

306 2247 359 2293 et
383 2236 576 2291 fratres
607 2235 726 2305 ejus
765 2250 855 2289 xu.
916 2235 1235 2290 Undecimus
1275 2236 1502 2303 Esdriel,
1544 2236 1639 2292 lilii
1677 2236 1796 2305 ejus
1837 2246 1892 2292 et

305 2329 498 2384 fratres
534 2327 653 2396 ejus
683 2343 775 2383 xu.
828 2327 1187 2382 Duodecimus
1236 2328 1486 2394 Asabias,
1544 2330 1636 2383 iiiii
1684 2330 1799 2399 ejus
1834 2340 1887 2386 et

306 2409 642 2491 fratres'ejns
672 2435 765 2475 xu.
807 2416 1271 2475 Tertiusdeeimus
1308 2420 1525 2490 Sabaei,
1569 2420 1661 2475 ﬁlii
1689 2424 1806 2491 ejus
1837 2430 1891 2479 et

307 2512 498 2570 fratres
525 2512 640 2583 ejus
662 2528 757 2585 xu.
784 2511 1258 2579 Quartusdecimns
1285 2513 1613 2581 Matthatias,
1644 2514 1737 2569 ﬁlii
1768 2516 1885 2583 ejus

307 2615 359 2660 et
400 2588 594 2659 fratres
639 2601 756 2672 ejus
809 2618 901 2656 xu.
958 2603 1431 2671 Quintusdecimus
1465 2606 1752 2674 Jarintotb,
1797 2604 1889 2661 ﬁlii

306 2697 421 2768 ejus
446 2705 499 2752 et
527 2697 716 2752 fratres
748 2695 865 2766 ejus
892 2712 983 2750 xu.
1021 2696 1456 2757 Sextusdecimus
1487 2698 1745 2771 Ananias,
1791 2699 1887 2754 lilii

308 2791 421 2861 ejus
447 2800 503 2846 et
525 2789 720 2846 fratres
746 2791 863 2861 ejus
895 2806 987 2844 xu.
1032 2790 1550 2861 Septimusdecimus
1571 2792 1884 2859 .lesbachas,

308 2884 398 2939 filii
434 2885 550 2954 ejus
585 2893 639 2939 et
674 2884 867 2939 fratres
917 2884 1033 2953 ejus
1079 2901 1173 2939 xu.
1217 2886 1694 2943 Oetavusdecimus
1743 2886 1886 2942 Ana-

307 2977 440 3041 nias,
476 2977 570 3031 filii
594 2976 710 3048 ejus
738 2984 792 3033 et
820 2977 1011 3033 fratres
1052 2976 1166 3047 ejus
1196 2993 1288 3033 xu.
1338 2977 1764 3035 Nonusdeeimus
1792 2978 1886 3034 Mi-

306 3070 438 3136 sael,
486 3069 577 3123 filii
627 3070 742 3139 ejus
783 3077 837 3124 et
872 3070 1065 3125 fratres
1087 3070 1203 3139 ejus
1225 3086 1320 3125 xu.
1351 3071 1650 3141 Vigesimus
1685 3070 1882 3136 Eliath,

308 3162 404 3219 filii
430 3163 546 3234 ejus
570 3171 624 3219 et
653 3163 844 3219 fratres
875 3163 989 3233 ejus
1017 3180 1107 3218 xu.
1154 3163 1456 3233 Vigesimus
1494 3164 1693 3231 primus
1733 3162 1881 3226 Etth,

2001 1966 2333 2020 monstravit.
2380 1966 2635 2023 Similiter
2667 1970 2824 2023 etiam
2858 1978 2910 2024 et
2942 1971 3248 2028 Salomonis
3283 1974 3579 2034 Matthaeus

2000 2058 2337 2127 Evangelista
2403 2060 2467 2114 ad
2526 2060 2723 2127 Joseph
2788 2062 3046 2131 originem
3103 2064 3463 2130 demonstrat,
3522 2074 3579 2124 ut

1995 2159 2249 2220 appareat
2274 2167 2368 2206 eos
2397 2152 2463 2206 de
2490 2165 2594 2206 una
2620 2152 2763 2209 tribu
2795 2153 2966 2219 exire,
2999 2163 3053 2210 et
3095 2155 3173 2208 sic
3214 2155 3279 2210 ad
3303 2155 3575 2213 Christum

1994 2245 2285 2301 secundum
2352 2260 2566 2300 carnem
2623 2247 2840 2311 venire,
2916 2256 2973 2303 ut
3031 2250 3363 2317 compleatur
3428 2251 3571 2318 quod

1999 2336 2255 2404 scriptum
2302 2347 2384 2392 est
2435 2355 2445 2390 :
2499 2354 2612 2392 ecce
2656 2338 2774 2393 vicit
2829 2338 2908 2392 leo
2951 2339 3014 2394 de
3062 2340 3195 2395 tribu
3238 2339 3385 2397 Iuda
3426 2344 3578 2401 radis

1996 2428 2201 2493 David;
2256 2428 2362 2485 Leo
2416 2444 2482 2484 ex
2526 2430 2859 2496 Salomone;
2908 2442 2961 2487 et
3010 2433 3163 2487 radix
3218 2450 3284 2490 ex
3340 2434 3571 2503 Nathan,

1996 2519 2249 2575 Salomon
2308 2529 2483 2575 autem
2544 2522 2729 2591 genuit
2779 2516 3049 2587 Roboam,
3108 2534 3160 2579 et
3218 2525 3425 2580 Nathan
3479 2543 3574 2595 ge.

1996 2612 2111 2666 nuit
2139 2612 2399 2667 Mattlran.
2440 2611 2590 2666 Tnnc
2618 2614 2823 2682 accepit
2860 2628 3081 2684 regnum
3110 2614 3396 2672 Jeroboam
3437 2618 3577 2677 ﬁlius

1994 2702 2200 2758 Nabath
2225 2718 2288 2758 ex
2318 2718 2485 2759 uxore
2516 2704 2733 2759 nomine
2761 2704 2977 2773 SOI'UID,
3008 2720 3144 2773 quae
3174 2707 3329 2764 vidua
3359 2711 3571 2768 mansit.

1992 2792 2343 2862 Temporibus
2394 2794 2575 2849 multis
2638 2809 2826 2849 servus
2872 2795 3172 2852 Salomonis
3222 2808 3408 2855 contra
3464 2800 3575 2857 Ro-

1992 2885 2147 2940 boam
2201 2885 2365 2941 ﬁlium
2416 2886 2747 2956 Salomonis,
2802 2901 2990 2943 servus
3043 2903 3164 2944 cum
3212 2890 3431 2948 domino
3484 2907 3575 2950 re-

1990 2986 2151 3049 gnum
2174 2980 2399 3051 adeptus
2430 2990 2534 3047 est,
2575 2990 2627 3038 et
2659 2982 2713 3037 iu
2748 2984 2920 3051 primo
2944 3000 3086 3041 anno
3124 2987 3275 3057 regni
3320 2987 3403 3043 sui
3444 2986 3574 3043 fecit

1993 3086 2179 3128 vaccas
2207 3088 2395 3129 aureas
2421 3074 2573 3141 duas,
2611 3090 2767 3129 unam
2797 3076 2943 3132 dedit
2973 3080 3027 3133 in
3057 3080 3165 3136 Dan
3192 3089 3248 3137 et
3290 3094 3450 3136 unam
3476 3094 3573 3151 po-

1990 3164 2095 3219 suit
2124 3166 2175 3217 in
2210 3164 2418 3221 Bethel.
2453 3166 2603 3222 Tunc
2630 3168 2764 3223 dixit
2790 3172 2855 3223 ad
2885 3170 3093 3239 plebem
3124 3189 3136 3223 :
3163 3170 3394 3228 sufﬁciat
3420 3172 3571 3231 vobis

308 3257 401 3313 ﬁlii
425 3228 543 3326 ejus
572 3265 626 3313 et
664 3256 856 3312 fratres
885 3228 1000 3325 ejus
1027 3271 1118 3310 xu.
1164 3228 1462 3325 \‘igesirrius
1486 3228 1749 3312 secundus
1778 3254 1885 3311 (Ξο-
1912 3228 1959 3292 C
1988 3254 2278 3311 ascendere
2318 3257 2369 3311 in
2411 3257 2734 3323 Jerusalem;
2762 3228 2902 3316 ecce'
2931 3261 3013 3315 Dii
3058 3263 3138 3315 tui
3185 3262 3371 3327 lsrael,
3401 3263 3490 3330 qui
3520 3271 3575 3319 te

248 3410 253 3413 _
307 3348 525 3414 tholias,
554 3346 645 3401 filii
672 3347 787 3421 ejus
812 3356 864 3401 et
889 3346 1080 3401 fratres
1103 3345 1218 3415 ejus
1233 3362 1324 3400 xu.
1353 3345 1880 3415 Vigesimustertius,

307 3444 535 3511 Haleth,
570 3444 664 3498 filii
686 3442 801 3512 ejus
825 3440 878 3497 et
908 3441 1100 3497 fratres
1118 3441 1235 3509 ejus
1260 3456 1352 3496 xu.
1392 3441 1695 3509 Vigesimus
1720 3454 1884 3508 quar-

308 3547 388 3594 tus
416 3535 658 3606 Ramagi,
689 3534 781 3590 filii
811 3534 927 3604 ejus
948 3541 1002 3588 ct
1033 3535 1221 3589 fratres
1249 3533 1366 3602 ejus
1396 3548 1489 3588 xu.
1529 3533 1588 3586 lli
1618 3542 1742 3586 sunt
1784 3532 1883 3585 du-

308 3630 448 3685 centi
490 3628 762 3697 octoginta
803 3639 947 3696 octo,
1002 3627 1093 3695 qui
1145 3624 1537 3694 praecedebant
1589 3624 1882 3678 exercitum

308 3722 540 3778 filiorum
577 3719 761 3781 israel,
788 3728 843 3773 et
869 3718 1155 3774 cantabant
1178 3720 1403 3774 Domino
1423 3718 1707 3775 canticum.
1738 3717 1887 3772 Tunc

309 3812 468 3869 etiam
490 3819 543 3864 et
562 3810 731 3864 David
762 3823 882 3864 cum
902 3808 981 3864 eis
1011 3809 1260 3878 impletus
1285 3809 1475 3878 spiritu
1505 3818 1691 3865 saneto
1722 3809 1883 3864 simul

308 3903 757 3974 prephelaverunt
789 3902 1025 3970 psalmos
1048 3910 1262 3957 centum
1294 3903 1694 3972 quinquaginta.
1722 3902 1885 3969 Quat-

310 4005 429 4050 tuor
472 3994 615 4049 enim
666 4001 825 4049 erant
869 3993 961 4062 qui
1020 3993 1307 4047 cantabant
1354 3993 1571 4051 domino
1618 3994 1886 4063 principes

309 4085 604 4149 consﬁtuti,
635 4092 693 4137 ut
721 4082 985 4148 diximus;
1007 4084 1209 4153 primus
1236 4083 1427 4152 Etnan,
1447 4083 1713 4140 secundus
1736 4083 1882 4149 Asaf,

310 4176 498 4231 tertius
522 4174 735 4239 lditum,
767 4182 989 4244 quartus
1008 4173 1199 4237 Ethan,
1236 4172 1503 4229 habebant
1531 4182 1886 4244 septuagenos

308 4267 483 4332 binos,
534 4265 951 4336 respondentes.
969 4265 1067 4320 sibi
1120 4266 1172 4320 in
1227 4265 1504 4336 cymbalis,
1548 4274 1602 4321 et
1639 4266 1807 4319 nablis
1835 4275 1888 4320 et

311 4360 571 4431 cytharis.
619 4358 767 4413 Tunc
794 4374 901 4412 non
941 4357 1082 4426 quod
1122 4357 1393 4423 volebant,
1449 4358 1549 4412 hoc
1590 4358 1889 4427 psallebant

310 4453 404 4510 sed
431 4452 571 4521 quod
605 4467 698 4522 per
726 4466 819 4507 eos
849 4450 1067 4520 spiritus
1105 4431 1471 4505 adnuntiabat.
1521 4450 1711 4519 Viginti
1744 4451 1885 4505 enim

308 4548 464 4603 annis
504 4546 602 4601 luit
629 4548 766 4600 Area
798 4545 851 4597 in
880 4543 1206 4613 captivitate,
1245 4554 1301 4599 et
1342 4532 1691 4614 quadraginta
1734 4544 1888 4601 annis

1989 3346 2286 3426 eduxerunt
2314 3347 2379 3401 de
2403 3358 2543 3403 terra
2566 3347 2805 3421 Egypti.
2837 3350 2931 3405 Hic
2952 3350 3235 3407 Jeroboam
3260 3352 3501 3421 regnavit
3520 3352 3575 3409 in

1990 3440 2229 3495 Samaria
2270 3441 2423 3496 annis
2473 3457 2651 3497 xxxiv.
2686 3450 2741 3497 et
2779 3443 2876 3497 fuit
2924 3444 3117 3499 scisma
3162 3444 3303 3507 inter
3333 3444 3574 3502 Roboam

1991 3519 2157 3586 filium
2203 3530 2524 3605 Salomonis,
2570 3540 2621 3585 ct
2670 3532 2955 3599 Jeroboam
3006 3533 3171 3587 ﬁlium
3230 3533 3456 3598 Nabath,
3518 3542 3575 3591 et

1988 3621 2245 3691 praelium
2270 3630 2386 3676 erat
2416 3622 2554 3677 inter
2580 3636 2672 3678 eos
2702 3623 2949 3678 omnibus
2984 3622 3171 3679 diebus
3197 3623 3336 3681 vitae
3361 3638 3573 3692 eorum,

1988 3716 2144 3785 sicuti
2174 3730 2313 3771 nunc
2342 3718 2478 3773 inter
2502 3730 2664 3772 veros
2691 3715 3029 3772 Christianos
3065 3726 3119 3774 et
3141 3716 3306 3774 falsos
3338 3716 3575 3775 Catholi-

1989 3824 2102 3863 cos.
2148 3808 2244 3863 llic
2274 3808 2557 3865 Jeroboam
2601 3810 2787 3880 genuit
2833 3809 3019 3865 Nadab
3045 3824 3107 3865 ex
3148 3824 3314 3866 uxore
3357 3809 3575 3868 nomine

1988 3902 2170 3979 Anna;
2201 3909 2253 3954 et
2284 3902 2523 3970 regnavit
2562 3903 2717 3958 annis
2746 3902 2975 3958 duobus.
3024 3903 3292 3959 Successit
3320 3903 3487 3959 Basaa
3514 3904 3576 3958 fi-

1988 3992 2090 4046 lius
2118 3991 2305 4056 Achia,
2338 4001 2391 4045 et
2420 3994 2662 4062 regnavit
2701 3996 2853 4049 annis
2885 4010 3028 4049 xxiv.
3057 3995 3184 4049 Post
3221 3996 3362 4049 hunc
3389 3994 3483 4049 Ela
3515 3996 3576 4051 fi-

1992 4084 2096 4138 lius
2124 4085 2257 4139 Dasa
2298 4087 2541 4155 regnavit
2575 4086 2729 4141 annis
2758 4086 2987 4141 duobus.
3033 4087 3159 4141 Post
3205 4086 3301 4139 Ela
3338 4087 3577 4155 regnavit

1990 4177 2201 4239 Zumbri
2230 4178 2384 4232 annis
2415 4193 2561 4232 xvtu.
2594 4193 2711 4232 cum
2745 4178 3002 4232 Thameni
3029 4178 3181 4232 annis
3207 4192 3324 4242 sex,
3350 4186 3405 4232 et
3430 4178 3577 4233 solus

1990 4270 2143 4323 annis
2166 4284 2257 4322 xu.
2290 4269 2407 4337 Ipse
2436 4278 2519 4323 est
2547 4268 2778 4335 Zambri,
2811 4268 2900 4337 qui
2930 4268 3115 4337 genuit
3135 4267 3335 4331 Achab,
3366 4267 3456 4333 qui
3482 4267 3578 4323 ha-

1994 4360 2106 4424 buit
2154 4360 2405 4415 lliezahel
2440 4358 2599 4414 ﬁliam
2628 4360 2797 4422 ~Elan_
2819 4358 2961 4428 regis
3010 4357 3426 4414 Sidoniensium.
3476 4359 3574 4416 Hic

1992 4452 2178 4508 Achab
2210 4452 2451 4521 regnavit
2480 4454 2633 4507 annis
2665 4469 2771 4506 χιι.
2805 4464 2859 4509 ct
2882 4452 3063 4521 genuit
3092 4451 3378 4506 Ochoziam
3407 4459 3462 4506 et
3485 4436 3597 4507 re;

1992 4544 2173 4611 gnavit
2194 4545 2347 4598 annis
2372 4543 2604 4607 duobus;
2631 4553 2681 4597 et
2705 4544 2839 4598 alius
2868 4542 3008 4598 ﬁlius
3028 4542 3211 4597 Achab
3233 4544 3448 4598 nomine
3475 4543 3572 4598 Jo-

308 4640 410 4695 fuit
443 4638 497 4694 in
524 4637 686 4693 domo
713 4609 1003 4700 Abiddarc,
1027 4651 1119 4690 xx.
1149 4636 1303 4690 annis
1336 4609 1433 4689 fuit
1458 4636 1507 4689 iu
1533 4609 1692 4690 domo
1722 4609 1969 4692 David.D
1995 4609 2109 4689 ram
2132 4644 2234 4689 etc.
2265 4635 2505 4705 regnavit
2530 4635 2684 4689 annis
2711 4650 2802 4688 xu.
2836 4635 2962 4689 Post
2994 4622 3134 4688 hunc
3168 4634 3412 4703 regnavit
3442 4633 3577 4690 Hieu

310 4734 475 4803 regis,
504 4731 593 4802 qui
619 4727 859 4798 regnavit
880 4729 930 4782 in
964 4727 1122 4783 Israel
1159 4729 1313 4782 annis
1343 4744 1428 4783 χι..
1464 4729 1736 4783 mensibus
1767 4744 1882 4794 sex,

312 4825 380 4880 de
410 4824 561 4893 Cujus
591 4820 753 4876 domo
785 4818 905 4873 tulit
944 4817 1157 4873 Saddoc
1190 4818 1330 4871 filius
1373 4819 1648 4884 Sachitoh,
1700 4821 1787 4889 qui
1834 4822 1889 4875 in

311 4918 508 4975 nomba
540 4915 638 4970 fuit
662 4928 907 4970 cornum.
940 4913 1005 4967 Et
1037 4913 1185 4967 unxit
1215 4913 1555 4968 Salomonem
1593 4930 1685 4981 pro
1724 4914 1889 4969 David

312 5018 465 5080 patre
493 5023 591 5075 suo
622 5007 677 5061 in
703 5020 904 5076 regem.
937 5004 1200 5074 Regnavit
1226 5014 1401 5060 autem
1423 5008 1583 5061 David
1615 5008 1767 5062 annis
1796 5023 1889 5062 vu.

313 5104 368 5157 in
399 5099 646 5155 Chebron
678 5106 731 5151 et
752 5096 967 5166 triginta
1014 5096 1181 5150 tribus
1212 5096 1263 5149 iu
1304 5097 1617 5152 Jerusalem.
1672 5100 1729 5152 In
1759 5099 1892 5155 Che-

312 5195 451 5250 bron
477 5200 652 5246 autem
680 5191 861 5259 genuit
903 5187 1041 5242 filios
1067 5195 1292 5257 septem,
1337 5199 1389 5243 et
1420 5190 1517 5244 ἰείη
1552 5192 1767 5246 nomina
1804 5207 1896 5247 eo-

313 5300 475 5341 rum:
516 5280 818 5353 primitivus
863 5278 1093 5333 Ammon
1132 5294 1289 5349 quem
1337 5280 1530 5334 occidit
1573 5281 1891 5349 Abessalon,

313 5392 440 5435 cum
471 5378 792 5432 incestasset
822 5372 1088 5434 Thamar;
1134 5372 1403 5427 secundus
1436 5373 1667 5439 Chalcb;
1708 5375 1897 5431 tertius

310 5470 646 5535 Abessalon;
672 5474 891 5537 quartus
913 5464 1128 5529 Ornias,
1153 5465 1239 5535 qui
1273 5474 1487 5534 propter
1518 5465 1713 5520 Abisac
1734 5480 1897 5521 suna-

312 5564 501 5621 mitem
530 5560 724 5616 Ornias
766 5573 796 5612 a
828 5556 1117 5612 Salomone
1161 5555 1467 5611 interfectus
1499 5566 1600 5623 cst,
1644 5559 1894 5629 quoniam

312 5654 607 5727 postulavit
647 5666 764 5707 eam
806 5650 1087 5719 conjugem
1134 5650 1255 5703 sibi.
1300 5651 1446 5705 Tunc
1477 5648 1734 5706 Abiathar
1757 5654 1896 5709 rele-

313 5759 471 5823 gatus
499 5757 602 5811 est,
625 5743 765 5814 quod
796 5744 906 5811 ipse
936 5758 1055 5797 eum
1084 5753 1315 5797 nnxcrat
1343 5744 1392 5798 iu
1420 5746 1895 5814 regem,Abiathar

314 5844 462 5904 filius
493 5850 574 5898 est
606 5836 947 5902 Abimelech,
983 5836 1069 5903 qui
1100 5836 1299 5909 fugiens
1329 5839 1490 5904 solus,
1526 5836 1757 5896 salVatus
1792 5849 1891 5907 est,

1999 4728 2140 4782 ﬁlius
2170 4727 2423 4781 Mannase
2451 4729 2607 4782 annis
2634 4743 2820 4782 xxvut.
2848 4727 2997 4782 Tunc
3024 4727 3275 4782 .losebeth
3302 4726 3407 4781 ﬁlia
3443 4728 3582 4798 regis

1997 4819 2165 4873 Judae
2198 4818 2333 4873 idest
2360 4819 2463 4873 lilia
2492 4818 2652 4872 Joran
2677 4833 2830 4873 soror
2856 4818 3122 4873 Ochoziae
3151 4817 3431 4873 abscondit
3454 4818 3583 4875 Joas

1999 4914 2164 4968 ﬁlium
2204 4913 2384 4968 fratris
2430 4915 2510 4966 sui
2541 4911 2811 4967 Uehoziae
2852 4912 2993 4980 regis
3020 4909 3190 4966 Judae
3228 4927 3259 4965 a
3309 4910 3443 4967 facie
3485 4911 3582 4967 Jeu

2000 5006 2152 5061 annis
2194 5014 2314 5060 octo
2347 5006 2396 5058 in
2423 5004 2580 5058 domo
2611 5002 2822 5057 Domini
2854 5004 2953 5060 sub
2985 5003 3098 5058 Aod
3140 5002 3451 5067 sacerdote;
3484 5004 3582 5059 sub

1998 5102 2115 5169 ipso
2145 5101 2243 5154 Jeu
2276 5098 2437 5152 Azael
2470 5112 2559 5152 rex
2588 5097 2777 5166 Syriae
2808 5098 3022 5166 reliquit
3048 5096 3117 5155 de
3156 5096 3392 5152 exercitu
3421 5093 3583 5149 Israel

2001 5190 2381 5260 quinquaginta
2432 5189 2659 5256 equites,
2699 5188 2884 5245 decem
2915 5202 3101 5243 curros
3150 5195 3205 5242 et
3253 5185 3396 5241 mille
3438 5184 3582 5237 viros

2000 5282 2292 5337 secundum
2326 5282 2519 5335 Elisaei
2553 5281 2907 5351 prophetiam.
2936 5281 3065 5334 lluic
3087 5278 3183 5333 Jeu
3214 5274 3473 5332 successit
3499 5274 3583 5329 Jo.

2003 5374 2132 5430 chas
2166 5374 2303 5430 ﬁlius
2331 5376 2468 5442 ejus,
2500 5384 2553 5429 et
2580 5376 2823 5447 regnavit
2853 5374 3005 5429 annis
3029 5388 3155 5427 xvu.
3184 5368 3251 5425 Et
3274 5367 3468 5424 .lochas
3494 5382 3583 5437 ge-

2003 5467 2118 5522 nuit
2148 5465 2271 5521 Joas
2292 5476 2343 5521 et
2364 5469 2601 5537 regnavit
2624 5468 2780 5523 annis
2802 5466 3053 5521 xv1.Joas
3075 5462 3256 5533 genuit
3274 5458 3581 5526 Jeroboam,

2005 5567 2059 5614 et
2101 5558 2345 5629 regnavit
2384 5559 2540 5612 anuis
2580 5575 2671 5614 xu.
2705 5559 2962 5614 Jeroboas
3004 5554 3185 5624 genuit
3215 5551 3581 5622 Zacchariam,

2006 5631 2061 5708 ct
2089 5653 2326 5722 regnavit
2356 5667 2564 5707 tnenscs
2605 5666 2719 5717 sex.
2768 5652 2893 5704 Post
2926 5649 3069 5703 hunc
3112 5647 3355 5717 regnavit
3388 5646 3584 5703 Sollem

2008 5748 2145 5801 filius
2176 5731 2633 5800 Narmiwmcnsem
2666 5760 2850 5798 unum.
2884 5743 3011 5797 Post
3047 5742 3187 5798 hunc
3224 5741 3405 5795 Maneo
3446 5740 3584 5794 filius

2008 5840 2177 5896 Gaddi
2212 5839 2447 5908 regnavit
2482 5838 2631 5892 annis
2672 5854 2721 5891 x.
2768 5836 2858 5891 llic
2892 5836 3073 5894 Manee
3100 5836 3279 5910 genuit
3326 5832 3501 5900 Facis,
3533 5840 3584 5889 ct

2118 6092 2189 6102 ’σου
