  <div class='ocr_page' id='page_1' title='image "/cluster/home/n/w/nwhite01/storage/ocr_20150623/59/hvd.32044015471626/277.png"; bbox 0 0 4142 6350; ppageno 0'>
   <div class='ocr_carea' id='block_1_1' title="bbox 578 413 686 472">
    <p class='ocr_par' dir='ltr' id='par_1_1' title="bbox 578 413 686 472">
     <span class='ocr_line' id='line_1_1' title="bbox 578 413 686 472; baseline -0.019 -1"><span class='ocrx_word' id='word_1_1' title='bbox 578 413 686 472; x_wconf 66' lang='grc'><strong>845</strong></span> 
     </span>
    </p>
   </div>
   <div class='ocr_carea' id='block_1_2' title="bbox 1760 350 2513 448">
    <p class='ocr_par' dir='ltr' id='par_1_2' title="bbox 1760 350 2513 448">
     <span class='ocr_line' id='line_1_2' title="bbox 1760 350 2513 448; baseline 0 0"><span class='ocrx_word' id='word_1_2' title='bbox 1760 422 1763 423; x_wconf 47' lang='grc' dir='ltr'><em>κ</em></span> <span class='ocrx_word' id='word_1_3' title='bbox 1838 350 2133 447; x_wconf 68' lang='lat' dir='ltr'><strong>meatum</strong></span> <span class='ocrx_word' id='word_1_4' title='bbox 2175 384 2513 448; x_wconf 71' lang='lat' dir='ltr'><strong>aucroms</strong></span> 
     </span>
    </p>
   </div>
   <div class='ocr_carea' id='block_1_3' title="bbox 3735 393 3843 450">
    <p class='ocr_par' dir='ltr' id='par_1_3' title="bbox 3735 393 3843 450">
     <span class='ocr_line' id='line_1_3' title="bbox 3735 393 3843 450; baseline 0 -1"><span class='ocrx_word' id='word_1_5' title='bbox 3735 393 3843 450; x_wconf 65' lang='grc' dir='ltr'><strong>ΒΗ</strong></span> 
     </span>
    </p>
   </div>
   <div class='ocr_carea' id='block_1_4' title="bbox 580 504 3844 598">
    <p class='ocr_par' dir='ltr' id='par_1_4' title="bbox 580 504 3844 598">
     <span class='ocr_line' id='line_1_4' title="bbox 580 504 3844 598; baseline -0.005 -16"><span class='ocrx_word' id='word_1_6' title='bbox 580 524 821 598; x_wconf 75' lang='lat' dir='ltr'><strong>regnavit</strong></span> <span class='ocrx_word' id='word_1_7' title='bbox 863 522 1016 578; x_wconf 89' lang='lat' dir='ltr'><strong>annis</strong></span> <span class='ocrx_word' id='word_1_8' title='bbox 1059 518 1284 574; x_wconf 86' lang='lat' dir='ltr'><strong>duobus.</strong></span> <span class='ocrx_word' id='word_1_9' title='bbox 1332 513 1469 569; x_wconf 82' lang='lat' dir='ltr'><strong>Huic</strong></span> <span class='ocrx_word' id='word_1_10' title='bbox 1515 511 1774 568; x_wconf 70' lang='lat' dir='ltr'><strong>successit</strong></span> <span class='ocrx_word' id='word_1_11' title='bbox 1813 508 1986 564; x_wconf 84' lang='lat' dir='ltr'><strong>Facee</strong></span> <span class='ocrx_word' id='word_1_12' title='bbox 2022 506 2161 562; x_wconf 88' lang='lat' dir='ltr'><strong>lilius</strong></span> <span class='ocrx_word' id='word_1_13' title='bbox 2188 504 2243 562; x_wconf 78' lang='grc' dir='ltr'><strong>Α</strong></span> <span class='ocrx_word' id='word_1_14' title='bbox 2266 504 2478 598; x_wconf 83' lang='lat' dir='ltr'><strong>pientia</strong></span> <span class='ocrx_word' id='word_1_15' title='bbox 2500 506 2724 561; x_wconf 91' lang='lat' dir='ltr'><strong>vertitur</strong></span> <span class='ocrx_word' id='word_1_16' title='bbox 2752 513 2808 562; x_wconf 91' lang='lat' dir='ltr'><strong>ut</strong></span> <span class='ocrx_word' id='word_1_17' title='bbox 2834 513 3175 578; x_wconf 78' lang='lat' dir='ltr'><strong>computetur</strong></span> <span class='ocrx_word' id='word_1_18' title='bbox 3194 519 3293 579; x_wconf 87' lang='lat' dir='ltr'><strong>per</strong></span> <span class='ocrx_word' id='word_1_19' title='bbox 3317 519 3438 566; x_wconf 89' lang='lat' dir='ltr'><strong>eras</strong></span> <span class='ocrx_word' id='word_1_20' title='bbox 3465 521 3661 566; x_wconf 84' lang='lat' dir='ltr'><strong>nomen</strong></span> <span class='ocrx_word' id='word_1_21' title='bbox 3694 508 3844 566; x_wconf 85' lang='lat' dir='ltr'><strong>illius</strong></span> 
     </span>
    </p>
   </div>
   <div class='ocr_carea' id='block_1_5' title="bbox 580 603 2154 681">
    <p class='ocr_par' dir='ltr' id='par_1_5' title="bbox 580 603 2154 681">
     <span class='ocr_line' id='line_1_5' title="bbox 580 603 2154 681; baseline -0.015 -4"><span class='ocrx_word' id='word_1_22' title='bbox 580 619 873 681; x_wconf 78' lang='lat' dir='ltr'><strong>Romeliae,</strong></span> <span class='ocrx_word' id='word_1_23' title='bbox 923 623 973 670; x_wconf 88' lang='lat' dir='ltr'><strong>et</strong></span> <span class='ocrx_word' id='word_1_24' title='bbox 1027 609 1265 679; x_wconf 73' lang='lat' dir='ltr'><strong>regnavit</strong></span> <span class='ocrx_word' id='word_1_25' title='bbox 1317 606 1471 660; x_wconf 91' lang='lat' dir='ltr'><strong>annis</strong></span> <span class='ocrx_word' id='word_1_26' title='bbox 1527 620 1660 658; x_wconf 72' lang='grc' dir='ltr'>χιιι.</span> <span class='ocrx_word' id='word_1_27' title='bbox 1712 603 1925 657; x_wconf 88' lang='lat' dir='ltr'><strong>conlato</strong></span> <span class='ocrx_word' id='word_1_28' title='bbox 1976 608 2154 654; x_wconf 90' lang='lat' dir='ltr'><strong>autem</strong></span> 
     </span>
    </p>
   </div>
   <div class='ocr_carea' id='block_1_6' title="bbox 581 692 2253 780">
    <p class='ocr_par' dir='ltr' id='par_1_6' title="bbox 581 692 2253 780">
     <span class='ocr_line' id='line_1_6' title="bbox 581 692 2253 780; baseline -0.016 -11"><span class='ocrx_word' id='word_1_29' title='bbox 581 712 735 768; x_wconf 86' lang='lat' dir='ltr'><strong>libro.</strong></span> <span class='ocrx_word' id='word_1_30' title='bbox 785 751 797 762; x_wconf 94' lang='lat'><strong>.</strong></span> <span class='ocrx_word' id='word_1_31' title='bbox 843 748 856 761; x_wconf 96' lang='lat'><strong>.</strong></span> <span class='ocrx_word' id='word_1_32' title='bbox 902 748 915 760; x_wconf 91' lang='lat'><strong>.</strong></span> <span class='ocrx_word' id='word_1_33' title='bbox 961 745 974 759; x_wconf 94' lang='lat'><strong>.</strong></span> <span class='ocrx_word' id='word_1_34' title='bbox 1018 744 1031 757; x_wconf 92' lang='lat'><strong>.</strong></span> <span class='ocrx_word' id='word_1_35' title='bbox 1076 742 1089 756; x_wconf 96' lang='lat'><strong>.</strong></span> <span class='ocrx_word' id='word_1_36' title='bbox 1137 744 1149 756; x_wconf 90' lang='lat'><strong>.</strong></span> <span class='ocrx_word' id='word_1_37' title='bbox 1186 717 1244 754; x_wconf 89' lang='lat' dir='ltr'><strong>ru</strong></span> <span class='ocrx_word' id='word_1_38' title='bbox 1278 701 1552 755; x_wconf 87' lang='lat' dir='ltr'><strong>inventum</strong></span> <span class='ocrx_word' id='word_1_39' title='bbox 1592 706 1675 753; x_wconf 88' lang='lat' dir='ltr'><strong>est</strong></span> <span class='ocrx_word' id='word_1_40' title='bbox 1704 696 1844 767; x_wconf 93' lang='lat' dir='ltr'><strong>quod</strong></span> <span class='ocrx_word' id='word_1_41' title='bbox 1895 692 2153 780; x_wconf 61' lang='lat' dir='ltr'><strong>tempori:</strong></span> <span class='ocrx_word' id='word_1_42' title='bbox 2252 702 2253 705; x_wconf 78' lang='lat'>‘</span> 
     </span>
    </p>
   </div>
   <div class='ocr_carea' id='block_1_7' title="bbox 580 786 2154 857">
    <p class='ocr_par' dir='ltr' id='par_1_7' title="bbox 580 786 2154 857">
     <span class='ocr_line' id='line_1_7' title="bbox 580 786 2154 857; baseline -0.012 0"><span class='ocrx_word' id='word_1_43' title='bbox 580 802 677 857; x_wconf 90' lang='lat' dir='ltr'><strong>bus</strong></span> <span class='ocrx_word' id='word_1_44' title='bbox 703 800 873 854; x_wconf 83' lang='lat' dir='ltr'><strong>Facee</strong></span> <span class='ocrx_word' id='word_1_45' title='bbox 906 795 998 849; x_wconf 84' lang='lat' dir='ltr'><strong>ﬁlii</strong></span> <span class='ocrx_word' id='word_1_46' title='bbox 1047 791 1322 847; x_wconf 82' lang='lat' dir='ltr'><strong>Romeliae</strong></span> <span class='ocrx_word' id='word_1_47' title='bbox 1366 790 1609 845; x_wconf 73' lang='lat' dir='ltr'><strong>ascendit</strong></span> <span class='ocrx_word' id='word_1_48' title='bbox 1643 786 2024 857; x_wconf 84' lang='lat' dir='ltr'><strong>Teglafellasar</strong></span> <span class='ocrx_word' id='word_1_49' title='bbox 2059 800 2154 839; x_wconf 80' lang='lat' dir='ltr'><strong>rex</strong></span> 
     </span>
    </p>
   </div>
   <div class='ocr_carea' id='block_1_8' title="bbox 576 876 2153 962">
    <p class='ocr_par' dir='ltr' id='par_1_8' title="bbox 576 876 2153 962">
     <span class='ocr_line' id='line_1_8' title="bbox 576 876 2153 962; baseline -0.011 -14"><span class='ocrx_word' id='word_1_50' title='bbox 576 890 940 962; x_wconf 82' lang='lat' dir='ltr'><strong>Assyriorum,</strong></span> <span class='ocrx_word' id='word_1_51' title='bbox 972 892 1026 940; x_wconf 91' lang='lat' dir='ltr'><strong>et</strong></span> <span class='ocrx_word' id='word_1_52' title='bbox 1054 883 1326 939; x_wconf 88' lang='lat' dir='ltr'><strong>transtulit</strong></span> <span class='ocrx_word' id='word_1_53' title='bbox 1359 882 1501 938; x_wconf 87' lang='lat' dir='ltr'><strong>tribu</strong></span> <span class='ocrx_word' id='word_1_54' title='bbox 1531 881 1644 937; x_wconf 89' lang='lat' dir='ltr'><strong>Gad</strong></span> <span class='ocrx_word' id='word_1_55' title='bbox 1678 887 1734 935; x_wconf 87' lang='lat' dir='ltr'><strong>et</strong></span> <span class='ocrx_word' id='word_1_56' title='bbox 1768 878 1985 933; x_wconf 88' lang='lat' dir='ltr'><strong>dimidia</strong></span> <span class='ocrx_word' id='word_1_57' title='bbox 2016 876 2153 931; x_wconf 92' lang='lat' dir='ltr'><strong>tribu</strong></span> 
     </span>
    </p>
   </div>
   <div class='ocr_carea' id='block_1_9' title="bbox 578 973 2154 1051">
    <p class='ocr_par' dir='ltr' id='par_1_9' title="bbox 578 973 2154 1051">
     <span class='ocr_line' id='line_1_9' title="bbox 578 973 2154 1051; baseline -0.01 -10"><span class='ocrx_word' id='word_1_58' title='bbox 578 986 819 1041; x_wconf 82' lang='lat' dir='ltr'><strong>Manasse</strong></span> <span class='ocrx_word' id='word_1_59' title='bbox 841 996 1008 1051; x_wconf 87' lang='lat' dir='ltr'><strong>usque</strong></span> <span class='ocrx_word' id='word_1_60' title='bbox 1034 980 1112 1035; x_wconf 86' lang='lat' dir='ltr'><strong>ad-</strong></span> <span class='ocrx_word' id='word_1_61' title='bbox 1128 978 1383 1034; x_wconf 90' lang='lat' dir='ltr'><strong>terminos</strong></span> <span class='ocrx_word' id='word_1_62' title='bbox 1412 976 1639 1046; x_wconf 83' lang='lat' dir='ltr'><strong>Neptali,</strong></span> <span class='ocrx_word' id='word_1_63' title='bbox 1678 984 1732 1029; x_wconf 91' lang='lat' dir='ltr'><strong>et</strong></span> <span class='ocrx_word' id='word_1_64' title='bbox 1761 973 2021 1042; x_wconf 86' lang='lat' dir='ltr'><strong>disperdit</strong></span> <span class='ocrx_word' id='word_1_65' title='bbox 2062 986 2154 1026; x_wconf 84' lang='lat' dir='ltr'><strong>eos</strong></span> 
     </span>
    </p>
   </div>
   <div class='ocr_carea' id='block_1_10' title="bbox 576 1065 2155 1131">
    <p class='ocr_par' dir='ltr' id='par_1_10' title="bbox 576 1065 2155 1131">
     <span class='ocr_line' id='line_1_10' title="bbox 576 1065 2155 1131; baseline -0.009 0"><span class='ocrx_word' id='word_1_66' title='bbox 576 1075 629 1131; x_wconf 85' lang='lat' dir='ltr'><strong>in</strong></span> <span class='ocrx_word' id='word_1_67' title='bbox 674 1086 894 1131; x_wconf 88' lang='lat' dir='ltr'><strong>terram.</strong></span> <span class='ocrx_word' id='word_1_68' title='bbox 934 1112 948 1127; x_wconf 96' lang='lat'><strong>.</strong></span> <span class='ocrx_word' id='word_1_69' title='bbox 1002 1113 1015 1127; x_wconf 97' lang='lat'><strong>.</strong></span> <span class='ocrx_word' id='word_1_70' title='bbox 1061 1112 1073 1125; x_wconf 95' lang='lat'><strong>.</strong></span> <span class='ocrx_word' id='word_1_71' title='bbox 1119 1112 1133 1126; x_wconf 95' lang='lat'><strong>.</strong></span> <span class='ocrx_word' id='word_1_72' title='bbox 1179 1111 1194 1126; x_wconf 95' lang='lat'><strong>.</strong></span> <span class='ocrx_word' id='word_1_73' title='bbox 1239 1111 1251 1123; x_wconf 94' lang='lat'><strong>.</strong></span> <span class='ocrx_word' id='word_1_74' title='bbox 1299 1110 1311 1124; x_wconf 93' lang='lat'><strong>.</strong></span> <span class='ocrx_word' id='word_1_75' title='bbox 1356 1109 1369 1123; x_wconf 91' lang='lat'><strong>.</strong></span> <span class='ocrx_word' id='word_1_76' title='bbox 1414 1109 1429 1124; x_wconf 96' lang='lat'><strong>.</strong></span> <span class='ocrx_word' id='word_1_77' title='bbox 1474 1109 1487 1121; x_wconf 93' lang='lat'><strong>.</strong></span> <span class='ocrx_word' id='word_1_78' title='bbox 1534 1068 1702 1122; x_wconf 77' lang='lat' dir='ltr'><strong>tilium</strong></span> <span class='ocrx_word' id='word_1_79' title='bbox 1748 1065 2020 1120; x_wconf 79' lang='lat' dir='ltr'><strong>Romeliae</strong></span> <span class='ocrx_word' id='word_1_80' title='bbox 2067 1078 2155 1118; x_wconf 76' lang='lat' dir='ltr'><strong>re-</strong></span> 
     </span>
    </p>
   </div>
   <div class='ocr_carea' id='block_1_11' title="bbox 577 1158 2154 1242">
    <p class='ocr_par' dir='ltr' id='par_1_11' title="bbox 577 1158 2154 1242">
     <span class='ocr_line' id='line_1_11' title="bbox 577 1158 2154 1242; baseline -0.01 -17"><span class='ocrx_word' id='word_1_81' title='bbox 577 1170 754 1242; x_wconf 88' lang='lat' dir='ltr'><strong>gnavit</strong></span> <span class='ocrx_word' id='word_1_82' title='bbox 781 1167 952 1222; x_wconf 91' lang='lat' dir='ltr'><strong>Oseae</strong></span> <span class='ocrx_word' id='word_1_83' title='bbox 991 1166 1143 1220; x_wconf 87' lang='lat' dir='ltr'><strong>annis</strong></span> <span class='ocrx_word' id='word_1_84' title='bbox 1177 1179 1308 1219; x_wconf 76' lang='lat' dir='ltr'><strong>vim.</strong></span> <span class='ocrx_word' id='word_1_85' title='bbox 1351 1162 1503 1217; x_wconf 82' lang='lat' dir='ltr'><strong>Hunc</strong></span> <span class='ocrx_word' id='word_1_86' title='bbox 1549 1160 1917 1216; x_wconf 90' lang='lat' dir='ltr'><strong>humiliaverat</strong></span> <span class='ocrx_word' id='word_1_87' title='bbox 1950 1158 2154 1214; x_wconf 89' lang='lat' dir='ltr'><strong>Salma-</strong></span> 
     </span>
    </p>
   </div>
   <div class='ocr_carea' id='block_1_12' title="bbox 577 1253 2149 1330">
    <p class='ocr_par' dir='ltr' id='par_1_12' title="bbox 577 1253 2149 1330">
     <span class='ocr_line' id='line_1_12' title="bbox 577 1253 2149 1330; baseline -0.008 -14"><span class='ocrx_word' id='word_1_88' title='bbox 577 1277 736 1317; x_wconf 81' lang='lat' dir='ltr'><strong>nasar</strong></span> <span class='ocrx_word' id='word_1_89' title='bbox 756 1276 848 1316; x_wconf 78' lang='lat' dir='ltr'><strong>rex</strong></span> <span class='ocrx_word' id='word_1_90' title='bbox 874 1258 1234 1330; x_wconf 79' lang='lat' dir='ltr'><strong>Assyriorum,</strong></span> <span class='ocrx_word' id='word_1_91' title='bbox 1258 1266 1312 1312; x_wconf 90' lang='lat' dir='ltr'><strong>et</strong></span> <span class='ocrx_word' id='word_1_92' title='bbox 1341 1256 1436 1309; x_wconf 78' lang='lat' dir='ltr'><strong>fuit</strong></span> <span class='ocrx_word' id='word_1_93' title='bbox 1458 1256 1503 1309; x_wconf 92' lang='lat' dir='ltr'><strong>ei</strong></span> <span class='ocrx_word' id='word_1_94' title='bbox 1535 1253 1764 1309; x_wconf 74' lang='lat' dir='ltr'><strong>oﬂ‘erens</strong></span> <span class='ocrx_word' id='word_1_95' title='bbox 1792 1266 2031 1306; x_wconf 89' lang='lat' dir='ltr'><strong>munera.</strong></span> <span class='ocrx_word' id='word_1_96' title='bbox 2078 1292 2089 1304; x_wconf 96' lang='lat'><strong>.</strong></span> <span class='ocrx_word' id='word_1_97' title='bbox 2135 1288 2149 1303; x_wconf 97' lang='lat'><strong>.</strong></span> 
     </span>
    </p>
   </div>
   <div class='ocr_carea' id='block_1_13' title="bbox 580 1342 2153 1422">
    <p class='ocr_par' dir='ltr' id='par_1_13' title="bbox 580 1342 2153 1422">
     <span class='ocr_line' id='line_1_13' title="bbox 580 1342 2153 1422; baseline -0.008 -11"><span class='ocrx_word' id='word_1_98' title='bbox 580 1372 669 1411; x_wconf 92' lang='lat' dir='ltr'><strong>an.</strong></span> <span class='ocrx_word' id='word_1_99' title='bbox 715 1373 768 1410; x_wconf 80' lang='grc' dir='ltr'><strong>γ.</strong></span> <span class='ocrx_word' id='word_1_100' title='bbox 810 1354 961 1409; x_wconf 91' lang='lat' dir='ltr'><strong>Tunc</strong></span> <span class='ocrx_word' id='word_1_101' title='bbox 989 1360 1277 1422; x_wconf 87' lang='lat' dir='ltr'><strong>conpertus</strong></span> <span class='ocrx_word' id='word_1_102' title='bbox 1312 1358 1393 1405; x_wconf 90' lang='lat' dir='ltr'><strong>est</strong></span> <span class='ocrx_word' id='word_1_103' title='bbox 1432 1342 1772 1403; x_wconf 79' lang='lat' dir='ltr'><strong>Salmanasar</strong></span> <span class='ocrx_word' id='word_1_104' title='bbox 1814 1347 1986 1415; x_wconf 88' lang='lat' dir='ltr'><strong>ipsum</strong></span> <span class='ocrx_word' id='word_1_105' title='bbox 2015 1344 2153 1399; x_wconf 88' lang='lat' dir='ltr'><strong>Osee</strong></span> 
     </span>
    </p>
   </div>
   <div class='ocr_carea' id='block_1_14' title="bbox 579 1437 2149 1513">
    <p class='ocr_par' dir='ltr' id='par_1_14' title="bbox 579 1437 2149 1513">
     <span class='ocr_line' id='line_1_14' title="bbox 579 1437 2149 1513; baseline -0.007 -11"><span class='ocrx_word' id='word_1_106' title='bbox 579 1447 872 1503; x_wconf 84' lang='lat' dir='ltr'><strong>mittentem</strong></span> <span class='ocrx_word' id='word_1_107' title='bbox 922 1444 989 1498; x_wconf 91' lang='lat' dir='ltr'><strong>ad</strong></span> <span class='ocrx_word' id='word_1_108' title='bbox 1031 1444 1337 1513; x_wconf 61' lang='lat' dir='ltr'><strong>Egyptum,</strong></span> <span class='ocrx_word' id='word_1_109' title='bbox 1374 1449 1427 1495; x_wconf 84' lang='lat' dir='ltr'><strong>et</strong></span> <span class='ocrx_word' id='word_1_110' title='bbox 1468 1448 1739 1509; x_wconf 88' lang='lat' dir='ltr'><strong>parantem</strong></span> <span class='ocrx_word' id='word_1_111' title='bbox 1772 1439 1819 1492; x_wconf 90' lang='lat' dir='ltr'><strong>ei</strong></span> <span class='ocrx_word' id='word_1_112' title='bbox 1854 1437 2089 1491; x_wconf 84' lang='lat' dir='ltr'><strong>insidias.</strong></span> <span class='ocrx_word' id='word_1_113' title='bbox 2135 1474 2149 1491; x_wconf 91' lang='lat'><strong>.</strong></span> 
     </span>
    </p>
   </div>
   <div class='ocr_carea' id='block_1_15' title="bbox 640 1530 2150 1606">
    <p class='ocr_par' dir='ltr' id='par_1_15' title="bbox 640 1530 2150 1606">
     <span class='ocr_line' id='line_1_15' title="bbox 640 1530 2150 1606; baseline -0.009 -8"><span class='ocrx_word' id='word_1_114' title='bbox 640 1582 656 1598; x_wconf 94' lang='lat'><strong>.</strong></span> <span class='ocrx_word' id='word_1_115' title='bbox 699 1582 713 1596; x_wconf 97' lang='lat'><strong>.</strong></span> <span class='ocrx_word' id='word_1_116' title='bbox 756 1580 771 1595; x_wconf 94' lang='lat'><strong>.</strong></span> <span class='ocrx_word' id='word_1_117' title='bbox 801 1551 989 1597; x_wconf 81' lang='lat' dir='ltr'><strong>octavo</strong></span> <span class='ocrx_word' id='word_1_118' title='bbox 1020 1554 1162 1592; x_wconf 90' lang='lat' dir='ltr'><strong>anno</strong></span> <span class='ocrx_word' id='word_1_119' title='bbox 1184 1537 1332 1606; x_wconf 85' lang='lat' dir='ltr'><strong>regni</strong></span> <span class='ocrx_word' id='word_1_120' title='bbox 1363 1536 1477 1605; x_wconf 83' lang='lat' dir='ltr'><strong>ejus</strong></span> <span class='ocrx_word' id='word_1_121' title='bbox 1500 1534 1672 1588; x_wconf 82' lang='lat' dir='ltr'><strong>vinxit</strong></span> <span class='ocrx_word' id='word_1_122' title='bbox 1700 1548 1820 1588; x_wconf 91' lang='lat' dir='ltr'><strong>eum</strong></span> <span class='ocrx_word' id='word_1_123' title='bbox 1850 1540 1904 1587; x_wconf 85' lang='lat' dir='ltr'><strong>et</strong></span> <span class='ocrx_word' id='word_1_124' title='bbox 1933 1530 2077 1585; x_wconf 91' lang='lat' dir='ltr'><strong>misit</strong></span> <span class='ocrx_word' id='word_1_125' title='bbox 2097 1531 2150 1585; x_wconf 92' lang='lat' dir='ltr'><strong>in</strong></span> 
     </span>
    </p>
   </div>
   <div class='ocr_carea' id='block_1_16' title="bbox 578 1624 2152 1697">
    <p class='ocr_par' dir='ltr' id='par_1_16' title="bbox 578 1624 2152 1697">
     <span class='ocr_line' id='line_1_16' title="bbox 578 1624 2152 1697; baseline -0.01 -7"><span class='ocrx_word' id='word_1_126' title='bbox 578 1648 873 1697; x_wconf 87' lang='lat' dir='ltr'><strong>carcerem;</strong></span> <span class='ocrx_word' id='word_1_127' title='bbox 907 1633 956 1685; x_wconf 90' lang='lat' dir='ltr'><strong>in</strong></span> <span class='ocrx_word' id='word_1_128' title='bbox 990 1645 1131 1684; x_wconf 73' lang='lat' dir='ltr'><strong>nono</strong></span> <span class='ocrx_word' id='word_1_129' title='bbox 1161 1644 1301 1683; x_wconf 84' lang='lat' dir='ltr'><strong>anno</strong></span> <span class='ocrx_word' id='word_1_130' title='bbox 1328 1624 1719 1693; x_wconf 84' lang='lat' dir='ltr'><strong>transmigravit</strong></span> <span class='ocrx_word' id='word_1_131' title='bbox 1752 1638 1871 1678; x_wconf 90' lang='lat' dir='ltr'><strong>eum</strong></span> <span class='ocrx_word' id='word_1_132' title='bbox 1905 1636 2023 1676; x_wconf 92' lang='lat' dir='ltr'><strong>cum</strong></span> <span class='ocrx_word' id='word_1_133' title='bbox 2056 1636 2152 1689; x_wconf 91' lang='lat' dir='ltr'><strong>po-</strong></span> 
     </span>
    </p>
   </div>
   <div class='ocr_carea' id='block_1_17' title="bbox 577 1715 2147 1796">
    <p class='ocr_par' dir='ltr' id='par_1_17' title="bbox 577 1715 2147 1796">
     <span class='ocr_line' id='line_1_17' title="bbox 577 1715 2147 1796; baseline -0.01 -16"><span class='ocrx_word' id='word_1_134' title='bbox 577 1724 705 1796; x_wconf 85' lang='lat' dir='ltr'><strong>pulo</strong></span> <span class='ocrx_word' id='word_1_135' title='bbox 726 1723 885 1777; x_wconf 90' lang='lat' dir='ltr'><strong>Israel</strong></span> <span class='ocrx_word' id='word_1_136' title='bbox 914 1722 980 1777; x_wconf 82' lang='lat' dir='ltr'><strong>ad</strong></span> <span class='ocrx_word' id='word_1_137' title='bbox 1016 1722 1210 1776; x_wconf 82' lang='lat' dir='ltr'><strong>ﬂumen</strong></span> <span class='ocrx_word' id='word_1_138' title='bbox 1244 1720 1417 1774; x_wconf 86' lang='lat' dir='ltr'><strong>Cozae</strong></span> <span class='ocrx_word' id='word_1_139' title='bbox 1442 1718 1494 1772; x_wconf 90' lang='lat' dir='ltr'><strong>in</strong></span> <span class='ocrx_word' id='word_1_140' title='bbox 1525 1717 1824 1772; x_wconf 63' lang='lat' dir='ltr'><strong>civitatibus-</strong></span> <span class='ocrx_word' id='word_1_141' title='bbox 1854 1715 2147 1776; x_wconf 87' lang='lat' dir='ltr'><strong>Medorum,</strong></span> 
     </span>
    </p>
   </div>
   <div class='ocr_carea' id='block_1_18' title="bbox 2260 596 2573 667">
    <p class='ocr_par' dir='ltr' id='par_1_18' title="bbox 2260 596 2573 667">
     <span class='ocr_line' id='line_1_18' title="bbox 2260 596 2573 667; baseline 0.01 -18"><span class='ocrx_word' id='word_1_142' title='bbox 2260 598 2348 667; x_wconf 89' lang='lat' dir='ltr'><strong>qui</strong></span> <span class='ocrx_word' id='word_1_143' title='bbox 2378 596 2573 652; x_wconf 89' lang='lat' dir='ltr'><strong>dicitur</strong></span> 
     </span>
    </p>
   </div>
   <div class='ocr_carea' id='block_1_19' title="bbox 2873 689 3241 747">
    <p class='ocr_par' dir='ltr' id='par_1_19' title="bbox 2873 689 3241 747">
     <span class='ocr_line' id='line_1_19' title="bbox 2873 689 3241 747; baseline 0.003 -2"><span class='ocrx_word' id='word_1_144' title='bbox 2873 689 3241 747; x_wconf 86' lang='lat' dir='ltr'><strong>Antichristus</strong></span> 
     </span>
    </p>
   </div>
   <div class='ocr_carea' id='block_1_20' title="bbox 2259 795 3844 842">
    <p class='ocr_par' dir='ltr' id='par_1_20' title="bbox 2259 795 3844 842">
     <span class='ocr_line' id='line_1_20' title="bbox 2259 795 3844 842; baseline 0.004 -7"><span class='ocrx_word' id='word_1_145' title='bbox 2259 796 2297 835; x_wconf 84' lang='lat' dir='ltr'><strong>I.</strong></span> <span class='ocrx_word' id='word_1_146' title='bbox 2333 797 2445 837; x_wconf 74' lang='lat' dir='ltr'>XIII.</span> <span class='ocrx_word' id='word_1_147' title='bbox 2499 798 2644 837; x_wconf 74' lang='lat' dir='ltr'>XVIII.</span> <span class='ocrx_word' id='word_1_148' title='bbox 2688 798 2820 837; x_wconf 84' lang='lat' dir='ltr'>VIIII.</span> <span class='ocrx_word' id='word_1_149' title='bbox 2873 799 2951 837; x_wconf 88' lang='lat' dir='ltr'>III.</span> <span class='ocrx_word' id='word_1_150' title='bbox 2998 800 3126 839; x_wconf 77' lang='lat' dir='ltr'>XVII.</span> <span class='ocrx_word' id='word_1_151' title='bbox 3159 799 3269 839; x_wconf 72' lang='lat' dir='ltr'>VIII.</span> <span class='ocrx_word' id='word_1_152' title='bbox 3305 799 3439 838; x_wconf 78' lang='lat' dir='ltr'>VIIII.</span> <span class='ocrx_word' id='word_1_153' title='bbox 3487 799 3613 840; x_wconf 70' lang='lat' dir='ltr'>XVII.</span> <span class='ocrx_word' id='word_1_154' title='bbox 3654 801 3743 839; x_wconf 73' lang='lat' dir='ltr'><strong>XX.</strong></span> <span class='ocrx_word' id='word_1_155' title='bbox 3788 795 3844 842; x_wconf 74' lang='grc' dir='ltr'>ει</span> 
     </span>
    </p>
   </div>
   <div class='ocr_carea' id='block_1_21' title="bbox 2260 876 3843 949">
    <p class='ocr_par' dir='ltr' id='par_1_21' title="bbox 2260 876 3843 949">
     <span class='ocr_line' id='line_1_21' title="bbox 2260 876 3843 949; baseline 0.003 -21"><span class='ocrx_word' id='word_1_156' title='bbox 2260 889 2430 931; x_wconf 80' lang='lat' dir='ltr'><strong>xvnu.</strong></span> <span class='ocrx_word' id='word_1_157' title='bbox 2474 916 2486 930; x_wconf 95' lang='lat'><strong>.</strong></span> <span class='ocrx_word' id='word_1_158' title='bbox 2532 916 2544 929; x_wconf 91' lang='lat'><strong>.</strong></span> <span class='ocrx_word' id='word_1_159' title='bbox 2592 918 2604 931; x_wconf 93' lang='lat'><strong>.</strong></span> <span class='ocrx_word' id='word_1_160' title='bbox 2650 914 2665 929; x_wconf 92' lang='lat'><strong>.</strong></span> <span class='ocrx_word' id='word_1_161' title='bbox 2710 876 3039 949; x_wconf 85' lang='lat' dir='ltr'><strong>._desumpto</strong></span> <span class='ocrx_word' id='word_1_162' title='bbox 3078 878 3247 931; x_wconf 74' lang='lat' dir='ltr'><strong>sexis.</strong></span> <span class='ocrx_word' id='word_1_163' title='bbox 3289 915 3305 930; x_wconf 96' lang='lat'><strong>.</strong></span> <span class='ocrx_word' id='word_1_164' title='bbox 3353 876 3409 929; x_wconf 83' lang='lat' dir='ltr'><strong>lit</strong></span> <span class='ocrx_word' id='word_1_165' title='bbox 3446 891 3699 932; x_wconf 84' lang='lat' dir='ltr'><strong>numerus</strong></span> <span class='ocrx_word' id='word_1_166' title='bbox 3727 878 3843 933; x_wconf 87' lang='lat' dir='ltr'><strong>col-</strong></span> 
     </span>
    </p>
   </div>
   <div class='ocr_carea' id='block_1_22' title="bbox 2261 966 3649 1037">
    <p class='ocr_par' dir='ltr' id='par_1_22' title="bbox 2261 966 3649 1037">
     <span class='ocr_line' id='line_1_22' title="bbox 2261 966 3649 1037; baseline 0.003 -17"><span class='ocrx_word' id='word_1_167' title='bbox 2261 966 2431 1022; x_wconf 87' lang='lat' dir='ltr'><strong>lectus</strong></span> <span class='ocrx_word' id='word_1_168' title='bbox 2460 977 2759 1023; x_wconf 88' lang='lat' dir='ltr'><strong>sescentum</strong></span> <span class='ocrx_word' id='word_1_169' title='bbox 2786 984 2916 1022; x_wconf 75' lang='lat' dir='ltr'><strong>urn.</strong></span> <span class='ocrx_word' id='word_1_170' title='bbox 2944 967 3045 1023; x_wconf 91' lang='lat' dir='ltr'><strong>hoc</strong></span> <span class='ocrx_word' id='word_1_171' title='bbox 3066 968 3154 1037; x_wconf 86' lang='lat' dir='ltr'><strong>qui</strong></span> <span class='ocrx_word' id='word_1_172' title='bbox 3184 970 3468 1024; x_wconf 89' lang='lat' dir='ltr'><strong>intersunt.</strong></span> <span class='ocrx_word' id='word_1_173' title='bbox 3515 1010 3527 1023; x_wconf 95' lang='lat'><strong>.</strong></span> <span class='ocrx_word' id='word_1_174' title='bbox 3575 1007 3590 1024; x_wconf 96' lang='lat'><strong>.</strong></span> <span class='ocrx_word' id='word_1_175' title='bbox 3634 1007 3649 1023; x_wconf 93' lang='lat'><strong>.</strong></span> 
     </span>
    </p>
   </div>
   <div class='ocr_carea' id='block_1_23' title="bbox 2231 1062 3837 1131">
    <p class='ocr_par' dir='ltr' id='par_1_23' title="bbox 2231 1062 3837 1131">
     <span class='ocr_line' id='line_1_23' title="bbox 2231 1062 3837 1131; baseline 0.001 -14"><span class='ocrx_word' id='word_1_176' title='bbox 2231 1064 2481 1118; x_wconf 70' lang='lat' dir='ltr'><strong>nomine</strong></span> <span class='ocrx_word' id='word_1_177' title='bbox 2529 1062 2882 1127; x_wconf 82' lang='lat' dir='ltr'><strong>Antichristi;</strong></span> <span class='ocrx_word' id='word_1_178' title='bbox 2929 1077 3048 1116; x_wconf 89' lang='lat' dir='ltr'><strong>nam</strong></span> <span class='ocrx_word' id='word_1_179' title='bbox 3103 1072 3156 1117; x_wconf 91' lang='lat' dir='ltr'><strong>et</strong></span> <span class='ocrx_word' id='word_1_180' title='bbox 3210 1064 3263 1116; x_wconf 92' lang='lat' dir='ltr'><strong>in</strong></span> <span class='ocrx_word' id='word_1_181' title='bbox 3320 1064 3543 1118; x_wconf 90' lang='lat' dir='ltr'><strong>secretis</strong></span> <span class='ocrx_word' id='word_1_182' title='bbox 3588 1063 3837 1131; x_wconf 82' lang='lat' dir='ltr'><strong>legimus,</strong></span> 
     </span>
    </p>
   </div>
   <div class='ocr_carea' id='block_1_24' title="bbox 2258 1153 3839 1223">
    <p class='ocr_par' dir='ltr' id='par_1_24' title="bbox 2258 1153 3839 1223">
     <span class='ocr_line' id='line_1_24' title="bbox 2258 1153 3839 1223; baseline 0.001 -16"><span class='ocrx_word' id='word_1_183' title='bbox 2258 1153 2421 1223; x_wconf 90' lang='lat' dir='ltr'><strong>quod.</strong></span> <span class='ocrx_word' id='word_1_184' title='bbox 2466 1193 2479 1206; x_wconf 95' lang='lat'><strong>.</strong></span> <span class='ocrx_word' id='word_1_185' title='bbox 2525 1192 2538 1206; x_wconf 96' lang='lat'><strong>.</strong></span> <span class='ocrx_word' id='word_1_186' title='bbox 2584 1193 2596 1205; x_wconf 96' lang='lat'><strong>.</strong></span> <span class='ocrx_word' id='word_1_187' title='bbox 2644 1194 2656 1206; x_wconf 95' lang='lat'><strong>.</strong></span> <span class='ocrx_word' id='word_1_188' title='bbox 2686 1162 2787 1207; x_wconf 91' lang='lat' dir='ltr'><strong>tus.</strong></span> <span class='ocrx_word' id='word_1_189' title='bbox 2834 1192 2847 1206; x_wconf 93' lang='lat'><strong>.</strong></span> <span class='ocrx_word' id='word_1_190' title='bbox 2896 1191 2909 1204; x_wconf 95' lang='lat'><strong>.</strong></span> <span class='ocrx_word' id='word_1_191' title='bbox 2954 1194 2967 1207; x_wconf 92' lang='lat'><strong>.</strong></span> <span class='ocrx_word' id='word_1_192' title='bbox 3014 1194 3027 1208; x_wconf 96' lang='lat'><strong>.</strong></span> <span class='ocrx_word' id='word_1_193' title='bbox 3074 1153 3341 1209; x_wconf 90' lang='lat' dir='ltr'><strong>.Neronis</strong></span> <span class='ocrx_word' id='word_1_194' title='bbox 3361 1162 3415 1210; x_wconf 90' lang='lat' dir='ltr'><strong>et</strong></span> <span class='ocrx_word' id='word_1_195' title='bbox 3434 1154 3839 1209; x_wconf 85' lang='lat' dir='ltr'><strong>diciturcivitas</strong></span> 
     </span>
    </p>
   </div>
   <div class='ocr_carea' id='block_1_25' title="bbox 2257 1244 3835 1302">
    <p class='ocr_par' dir='ltr' id='par_1_25' title="bbox 2257 1244 3835 1302">
     <span class='ocr_line' id='line_1_25' title="bbox 2257 1244 3835 1302; baseline 0.003 -4"><span class='ocrx_word' id='word_1_196' title='bbox 2257 1244 2311 1299; x_wconf 90' lang='lat' dir='ltr'><strong>in</strong></span> <span class='ocrx_word' id='word_1_197' title='bbox 2331 1245 2713 1301; x_wconf 76' lang='lat' dir='ltr'><strong>occidentcubi</strong></span> <span class='ocrx_word' id='word_1_198' title='bbox 2741 1247 2914 1302; x_wconf 88' lang='lat' dir='ltr'><strong>adhuc</strong></span> <span class='ocrx_word' id='word_1_199' title='bbox 2936 1256 3147 1301; x_wconf 90' lang='lat' dir='ltr'><strong>tenetur</strong></span> <span class='ocrx_word' id='word_1_200' title='bbox 3176 1246 3305 1301; x_wconf 86' lang='lat' dir='ltr'><strong>incl.</strong></span> <span class='ocrx_word' id='word_1_201' title='bbox 3350 1286 3364 1300; x_wconf 98' lang='lat'><strong>.</strong></span> <span class='ocrx_word' id='word_1_202' title='bbox 3408 1284 3423 1300; x_wconf 94' lang='lat'><strong>.</strong></span> <span class='ocrx_word' id='word_1_203' title='bbox 3465 1286 3481 1300; x_wconf 97' lang='lat'><strong>.</strong></span> <span class='ocrx_word' id='word_1_204' title='bbox 3521 1283 3536 1297; x_wconf 93' lang='lat'><strong>.</strong></span> <span class='ocrx_word' id='word_1_205' title='bbox 3580 1286 3594 1299; x_wconf 94' lang='lat'><strong>.</strong></span> <span class='ocrx_word' id='word_1_206' title='bbox 3639 1284 3655 1300; x_wconf 93' lang='lat'><strong>.</strong></span> <span class='ocrx_word' id='word_1_207' title='bbox 3699 1286 3715 1301; x_wconf 94' lang='lat'><strong>.</strong></span> <span class='ocrx_word' id='word_1_208' title='bbox 3759 1288 3774 1302; x_wconf 93' lang='lat'><strong>.</strong></span> <span class='ocrx_word' id='word_1_209' title='bbox 3819 1286 3835 1302; x_wconf 94' lang='lat'><strong>.</strong></span> 
     </span>
    </p>
   </div>
   <div class='ocr_carea' id='block_1_26' title="bbox 2258 1328 3835 1411">
    <p class='ocr_par' dir='ltr' id='par_1_26' title="bbox 2258 1328 3835 1411">
     <span class='ocr_line' id='line_1_26' title="bbox 2258 1328 3835 1411; baseline 0.006 -19"><span class='ocrx_word' id='word_1_210' title='bbox 2258 1339 2472 1409; x_wconf 91' lang='lat' dir='ltr'><strong>quibus.</strong></span> <span class='ocrx_word' id='word_1_211' title='bbox 2524 1382 2538 1395; x_wconf 97' lang='lat'><strong>.</strong></span> <span class='ocrx_word' id='word_1_212' title='bbox 2584 1381 2596 1393; x_wconf 96' lang='lat'><strong>.</strong></span> <span class='ocrx_word' id='word_1_213' title='bbox 2642 1383 2654 1395; x_wconf 96' lang='lat'><strong>.</strong></span> <span class='ocrx_word' id='word_1_214' title='bbox 2706 1381 2719 1395; x_wconf 96' lang='lat'><strong>.</strong></span> <span class='ocrx_word' id='word_1_215' title='bbox 2747 1328 2919 1396; x_wconf 83' lang='lat' dir='ltr'><strong>stellis</strong></span> <span class='ocrx_word' id='word_1_216' title='bbox 2959 1341 3171 1411; x_wconf 86' lang='lat' dir='ltr'><strong>quando</strong></span> <span class='ocrx_word' id='word_1_217' title='bbox 3215 1343 3392 1396; x_wconf 80' lang='lat' dir='ltr'><strong>veniet</strong></span> <span class='ocrx_word' id='word_1_218' title='bbox 3446 1341 3835 1401; x_wconf 80' lang='lat' dir='ltr'><strong>Antichristus.</strong></span> 
     </span>
    </p>
   </div>
   <div class='ocr_carea' id='block_1_27' title="bbox 2256 1430 3835 1492">
    <p class='ocr_par' dir='ltr' id='par_1_27' title="bbox 2256 1430 3835 1492">
     <span class='ocr_line' id='line_1_27' title="bbox 2256 1430 3835 1492; baseline 0.004 -6"><span class='ocrx_word' id='word_1_219' title='bbox 2256 1430 2406 1487; x_wconf 86' lang='lat' dir='ltr'><strong>Nunc</strong></span> <span class='ocrx_word' id='word_1_220' title='bbox 2435 1442 2611 1487; x_wconf 89' lang='lat' dir='ltr'><strong>autem</strong></span> <span class='ocrx_word' id='word_1_221' title='bbox 2662 1434 2836 1488; x_wconf 90' lang='lat' dir='ltr'><strong>multi.</strong></span> <span class='ocrx_word' id='word_1_222' title='bbox 2883 1473 2896 1487; x_wconf 94' lang='lat'><strong>.</strong></span> <span class='ocrx_word' id='word_1_223' title='bbox 2941 1474 2954 1487; x_wconf 96' lang='lat'><strong>.</strong></span> <span class='ocrx_word' id='word_1_224' title='bbox 2999 1474 3013 1489; x_wconf 97' lang='lat'><strong>.</strong></span> <span class='ocrx_word' id='word_1_225' title='bbox 3059 1472 3072 1487; x_wconf 94' lang='lat'><strong>.</strong></span> <span class='ocrx_word' id='word_1_226' title='bbox 3120 1474 3132 1488; x_wconf 96' lang='lat'><strong>.</strong></span> <span class='ocrx_word' id='word_1_227' title='bbox 3160 1434 3263 1488; x_wconf 92' lang='lat' dir='ltr'><strong>acti</strong></span> <span class='ocrx_word' id='word_1_228' title='bbox 3288 1442 3430 1487; x_wconf 91' lang='lat' dir='ltr'><strong>sunt.</strong></span> <span class='ocrx_word' id='word_1_229' title='bbox 3478 1475 3491 1488; x_wconf 95' lang='lat'><strong>.</strong></span> <span class='ocrx_word' id='word_1_230' title='bbox 3536 1475 3550 1489; x_wconf 97' lang='lat'><strong>.</strong></span> <span class='ocrx_word' id='word_1_231' title='bbox 3595 1476 3608 1487; x_wconf 94' lang='lat'><strong>.</strong></span> <span class='ocrx_word' id='word_1_232' title='bbox 3655 1474 3669 1489; x_wconf 94' lang='lat'><strong>.</strong></span> <span class='ocrx_word' id='word_1_233' title='bbox 3713 1475 3727 1488; x_wconf 97' lang='lat'><strong>.</strong></span> <span class='ocrx_word' id='word_1_234' title='bbox 3769 1452 3835 1492; x_wconf 74' lang='lat' dir='ltr'><strong>ex</strong></span> 
     </span>
    </p>
   </div>
   <div class='ocr_carea' id='block_1_28' title="bbox 2257 1524 3836 1596">
    <p class='ocr_par' dir='ltr' id='par_1_28' title="bbox 2257 1524 3836 1596">
     <span class='ocr_line' id='line_1_28' title="bbox 2257 1524 3836 1596; baseline 0.003 -18"><span class='ocrx_word' id='word_1_235' title='bbox 2257 1524 2409 1579; x_wconf 88' lang='lat' dir='ltr'><strong>nobis</strong></span> <span class='ocrx_word' id='word_1_236' title='bbox 2428 1541 2482 1578; x_wconf 92' lang='lat' dir='ltr'><strong>n.</strong></span> <span class='ocrx_word' id='word_1_237' title='bbox 2528 1564 2540 1577; x_wconf 94' lang='lat'><strong>.</strong></span> <span class='ocrx_word' id='word_1_238' title='bbox 2587 1565 2599 1577; x_wconf 94' lang='lat'><strong>.</strong></span> <span class='ocrx_word' id='word_1_239' title='bbox 2645 1565 2658 1579; x_wconf 96' lang='lat'><strong>.</strong></span> <span class='ocrx_word' id='word_1_240' title='bbox 2703 1566 2716 1579; x_wconf 97' lang='lat'><strong>.</strong></span> <span class='ocrx_word' id='word_1_241' title='bbox 2762 1565 2775 1578; x_wconf 97' lang='lat'><strong>.</strong></span> <span class='ocrx_word' id='word_1_242' title='bbox 2808 1526 3034 1580; x_wconf 76' lang='lat' dir='ltr'><strong>fuissent</strong></span> <span class='ocrx_word' id='word_1_243' title='bbox 3064 1534 3117 1579; x_wconf 91' lang='lat' dir='ltr'><strong>et</strong></span> <span class='ocrx_word' id='word_1_244' title='bbox 3160 1526 3315 1580; x_wconf 90' lang='lat' dir='ltr'><strong>nobis</strong></span> <span class='ocrx_word' id='word_1_245' title='bbox 3347 1526 3625 1579; x_wconf 89' lang='lat' dir='ltr'><strong>nobiscum</strong></span> <span class='ocrx_word' id='word_1_246' title='bbox 3648 1529 3836 1596; x_wconf 83' lang='lat' dir='ltr'><strong>utique</strong></span> 
     </span>
    </p>
   </div>
   <div class='ocr_carea' id='block_1_29' title="bbox 2255 1616 3835 1685">
    <p class='ocr_par' dir='ltr' id='par_1_29' title="bbox 2255 1616 3835 1685">
     <span class='ocr_line' id='line_1_29' title="bbox 2255 1616 3835 1685; baseline 0.003 -16"><span class='ocrx_word' id='word_1_247' title='bbox 2255 1617 2696 1683; x_wconf 88' lang='lat' dir='ltr'><strong>permansissent.</strong></span> <span class='ocrx_word' id='word_1_248' title='bbox 2729 1617 2808 1671; x_wconf 86' lang='lat' dir='ltr'><strong>Ab</strong></span> <span class='ocrx_word' id='word_1_249' title='bbox 2842 1618 2958 1685; x_wconf 89' lang='lat' dir='ltr'><strong>ipso</strong></span> <span class='ocrx_word' id='word_1_250' title='bbox 2983 1616 3210 1672; x_wconf 85' lang='lat' dir='ltr'><strong>Nerone.</strong></span> <span class='ocrx_word' id='word_1_251' title='bbox 3257 1656 3270 1670; x_wconf 97' lang='lat'><strong>.</strong></span> <span class='ocrx_word' id='word_1_252' title='bbox 3318 1657 3330 1670; x_wconf 97' lang='lat'><strong>.</strong></span> <span class='ocrx_word' id='word_1_253' title='bbox 3363 1618 3489 1671; x_wconf 89' lang='lat' dir='ltr'><strong>anni</strong></span> <span class='ocrx_word' id='word_1_254' title='bbox 3535 1632 3715 1672; x_wconf 79' lang='lat' dir='ltr'><strong>Lxxm.</strong></span> <span class='ocrx_word' id='word_1_255' title='bbox 3747 1618 3835 1674; x_wconf 88' lang='lat' dir='ltr'><strong>hic</strong></span> 
     </span>
    </p>
   </div>
   <div class='ocr_carea' id='block_1_30' title="bbox 2256 1709 3833 1779">
    <p class='ocr_par' dir='ltr' id='par_1_30' title="bbox 2256 1709 3833 1779">
     <span class='ocr_line' id='line_1_30' title="bbox 2256 1709 3833 1779; baseline 0.001 -16"><span class='ocrx_word' id='word_1_256' title='bbox 2256 1709 2457 1778; x_wconf 89' lang='lat' dir='ltr'><strong>pseudo</strong></span> <span class='ocrx_word' id='word_1_257' title='bbox 2505 1710 2777 1778; x_wconf 81' lang='lat' dir='ltr'><strong>apostolus</strong></span> <span class='ocrx_word' id='word_1_258' title='bbox 2836 1711 2926 1779; x_wconf 92' lang='lat' dir='ltr'><strong>qui</strong></span> <span class='ocrx_word' id='word_1_259' title='bbox 2984 1711 3251 1764; x_wconf 91' lang='lat' dir='ltr'><strong>secundus</strong></span> <span class='ocrx_word' id='word_1_260' title='bbox 3304 1711 3485 1765; x_wconf 75' lang='lat' dir='ltr'><strong>extitit</strong></span> <span class='ocrx_word' id='word_1_261' title='bbox 3539 1712 3833 1766; x_wconf 85' lang='lat' dir='ltr'><strong>acerrimus</strong></span> 
     </span>
    </p>
   </div>
   <div class='ocr_carea' id='block_1_31' title="bbox 579 1799 3836 1885">
    <p class='ocr_par' dir='ltr' id='par_1_31' title="bbox 579 1799 3836 1885">
     <span class='ocr_line' id='line_1_31' title="bbox 579 1799 3836 1885; baseline -0.003 -12"><span class='ocrx_word' id='word_1_262' title='bbox 579 1857 597 1876; x_wconf 93' lang='lat'><strong>.</strong></span> <span class='ocrx_word' id='word_1_263' title='bbox 640 1858 655 1873; x_wconf 97' lang='lat'><strong>.</strong></span> <span class='ocrx_word' id='word_1_264' title='bbox 699 1856 714 1870; x_wconf 98' lang='lat'><strong>.</strong></span> <span class='ocrx_word' id='word_1_265' title='bbox 760 1855 774 1869; x_wconf 95' lang='lat'><strong>.</strong></span> <span class='ocrx_word' id='word_1_266' title='bbox 816 1853 832 1870; x_wconf 90' lang='lat'><strong>.</strong></span> <span class='ocrx_word' id='word_1_267' title='bbox 863 1826 916 1872; x_wconf 91' lang='lat' dir='ltr'><strong>et</strong></span> <span class='ocrx_word' id='word_1_268' title='bbox 944 1817 1196 1885; x_wconf 90' lang='lat' dir='ltr'><strong>dispersit</strong></span> <span class='ocrx_word' id='word_1_269' title='bbox 1221 1830 1313 1870; x_wconf 91' lang='lat' dir='ltr'><strong>cos</strong></span> <span class='ocrx_word' id='word_1_270' title='bbox 1340 1815 1467 1869; x_wconf 90' lang='lat' dir='ltr'><strong>illic.</strong></span> <span class='ocrx_word' id='word_1_271' title='bbox 1504 1814 1614 1867; x_wconf 91' lang='lat' dir='ltr'><strong>lloc</strong></span> <span class='ocrx_word' id='word_1_272' title='bbox 1641 1812 1813 1882; x_wconf 93' lang='lat' dir='ltr'><strong>primo</strong></span> <span class='ocrx_word' id='word_1_273' title='bbox 1840 1825 1978 1865; x_wconf 90' lang='lat' dir='ltr'><strong>anno</strong></span> <span class='ocrx_word' id='word_1_274' title='bbox 2000 1809 2148 1879; x_wconf 88' lang='lat' dir='ltr'><strong>regni</strong></span> <span class='ocrx_word' id='word_1_275' title='bbox 2184 1884 2207 1885; x_wconf 20' lang='grc' dir='ltr'>ί</span> <span class='ocrx_word' id='word_1_276' title='bbox 2254 1799 2678 1855; x_wconf 75' lang='lat' dir='ltr'><strong>Christianorum</strong></span> <span class='ocrx_word' id='word_1_277' title='bbox 2715 1802 3030 1873; x_wconf 62' lang='lat' dir='ltr'><strong>debellator.</strong></span> <span class='ocrx_word' id='word_1_278' title='bbox 3076 1843 3089 1855; x_wconf 82' lang='grc'><strong>.</strong></span> <span class='ocrx_word' id='word_1_279' title='bbox 3136 1843 3148 1855; x_wconf 78' lang='grc' dir='ltr'><strong>ο</strong></span> <span class='ocrx_word' id='word_1_280' title='bbox 3192 1840 3208 1857; x_wconf 77' lang='grc' dir='ltr'><strong>ο</strong></span> <span class='ocrx_word' id='word_1_281' title='bbox 3254 1840 3271 1856; x_wconf 85' lang='lat'><strong>.</strong></span> <span class='ocrx_word' id='word_1_282' title='bbox 3313 1840 3330 1857; x_wconf 83' lang='lat'><strong>.</strong></span> <span class='ocrx_word' id='word_1_283' title='bbox 3374 1844 3388 1858; x_wconf 89' lang='lat'><strong>.</strong></span> <span class='ocrx_word' id='word_1_284' title='bbox 3434 1843 3448 1857; x_wconf 76' lang='grc' dir='ltr'><strong>ο</strong></span> <span class='ocrx_word' id='word_1_285' title='bbox 3494 1842 3508 1856; x_wconf 76' lang='grc' dir='ltr'><strong><em>ο</em></strong></span> <span class='ocrx_word' id='word_1_286' title='bbox 3553 1844 3567 1857; x_wconf 83' lang='grc'><strong>.</strong></span> <span class='ocrx_word' id='word_1_287' title='bbox 3613 1844 3627 1856; x_wconf 87' lang='grc'><strong><em>-</em></strong></span> <span class='ocrx_word' id='word_1_288' title='bbox 3671 1845 3685 1858; x_wconf 87' lang='grc'><strong>.</strong></span> <span class='ocrx_word' id='word_1_289' title='bbox 3732 1805 3836 1861; x_wconf 79' lang='lat' dir='ltr'><strong>Ne-</strong></span> 
     </span>
    </p>
   </div>
   <div class='ocr_carea' id='block_1_32' title="bbox 580 1884 2148 1979">
    <p class='ocr_par' dir='ltr' id='par_1_32' title="bbox 580 1884 2146 1978">
     <span class='ocr_line' id='line_1_32' title="bbox 580 1884 2146 1978; baseline -0.008 -12"><span class='ocrx_word' id='word_1_290' title='bbox 580 1908 757 1966; x_wconf 81' lang='lat' dir='ltr'><strong>Acbaz</strong></span> <span class='ocrx_word' id='word_1_291' title='bbox 784 1908 977 1963; x_wconf 80' lang='lat' dir='ltr'><strong>factum</strong></span> <span class='ocrx_word' id='word_1_292' title='bbox 1009 1884 1090 1964; x_wconf 90' lang='lat' dir='ltr'><strong>est</strong></span> <span class='ocrx_word' id='word_1_293' title='bbox 1120 1911 1259 1978; x_wconf 87' lang='lat' dir='ltr'><strong>regis</strong></span> <span class='ocrx_word' id='word_1_294' title='bbox 1288 1908 1507 1974; x_wconf 85' lang='lat' dir='ltr'><strong>Judeae,</strong></span> <span class='ocrx_word' id='word_1_295' title='bbox 1544 1917 1650 1959; x_wconf 89' lang='lat' dir='ltr'><strong>tum</strong></span> <span class='ocrx_word' id='word_1_296' title='bbox 1691 1914 1744 1959; x_wconf 91' lang='lat' dir='ltr'><strong>et</strong></span> <span class='ocrx_word' id='word_1_297' title='bbox 1781 1904 1978 1959; x_wconf 78' lang='lat' dir='ltr'><strong>Tobias</strong></span> <span class='ocrx_word' id='word_1_298' title='bbox 2006 1917 2146 1957; x_wconf 93' lang='lat' dir='ltr'><strong>cum.</strong></span> 
     </span>
    </p>
   </div>
   <div class='ocr_carea' id='block_1_33' title="bbox 2252 1884 3832 1979">
    <p class='ocr_par' dir='ltr' id='par_1_33' title="bbox 2256 1894 3832 1964">
     <span class='ocr_line' id='line_1_33' title="bbox 2256 1894 3832 1964; baseline 0.004 -18"><span class='ocrx_word' id='word_1_299' title='bbox 2256 1894 2405 1947; x_wconf 84' lang='lat' dir='ltr'><strong>ronis</strong></span> <span class='ocrx_word' id='word_1_300' title='bbox 2441 1903 2495 1947; x_wconf 94' lang='lat' dir='ltr'><strong>et</strong></span> <span class='ocrx_word' id='word_1_301' title='bbox 2524 1895 2698 1963; x_wconf 89' lang='lat' dir='ltr'><strong>portio</strong></span> <span class='ocrx_word' id='word_1_302' title='bbox 2727 1895 2973 1964; x_wconf 83' lang='lat' dir='ltr'><strong>episcOpi</strong></span> <span class='ocrx_word' id='word_1_303' title='bbox 3020 1896 3231 1951; x_wconf 90' lang='lat' dir='ltr'><strong>scilicet</strong></span> <span class='ocrx_word' id='word_1_304' title='bbox 3268 1910 3414 1950; x_wconf 80' lang='lat' dir='ltr'><strong>cun.</strong></span> <span class='ocrx_word' id='word_1_305' title='bbox 3458 1936 3473 1951; x_wconf 95' lang='lat'><strong>.</strong></span> <span class='ocrx_word' id='word_1_306' title='bbox 3520 1936 3534 1950; x_wconf 92' lang='lat'><strong>.</strong></span> <span class='ocrx_word' id='word_1_307' title='bbox 3580 1937 3593 1950; x_wconf 97' lang='lat'><strong>.</strong></span> <span class='ocrx_word' id='word_1_308' title='bbox 3639 1938 3653 1950; x_wconf 95' lang='lat'><strong>.</strong></span> <span class='ocrx_word' id='word_1_309' title='bbox 3698 1937 3711 1950; x_wconf 92' lang='lat'><strong>.</strong></span> <span class='ocrx_word' id='word_1_310' title='bbox 3759 1939 3772 1951; x_wconf 96' lang='lat'><strong>.</strong></span> <span class='ocrx_word' id='word_1_311' title='bbox 3816 1938 3832 1953; x_wconf 93' lang='lat'><strong>.</strong></span> 
     </span>
    </p>
   </div>
   <div class='ocr_carea' id='block_1_34' title="bbox 582 1987 2148 2063">
    <p class='ocr_par' dir='ltr' id='par_1_34' title="bbox 582 1994 2148 2063">
     <span class='ocr_line' id='line_1_34' title="bbox 582 1994 2148 2063; baseline -0.004 -9"><span class='ocrx_word' id='word_1_312' title='bbox 582 2037 597 2054; x_wconf 93' lang='lat'><strong>.</strong></span> <span class='ocrx_word' id='word_1_313' title='bbox 640 2038 655 2054; x_wconf 95' lang='lat'><strong>.</strong></span> <span class='ocrx_word' id='word_1_314' title='bbox 702 2040 716 2053; x_wconf 95' lang='lat'><strong>.</strong></span> <span class='ocrx_word' id='word_1_315' title='bbox 761 2039 776 2053; x_wconf 96' lang='lat'><strong>.</strong></span> <span class='ocrx_word' id='word_1_316' title='bbox 822 2040 835 2052; x_wconf 95' lang='lat'><strong>.</strong></span> <span class='ocrx_word' id='word_1_317' title='bbox 880 2040 893 2053; x_wconf 93' lang='lat'><strong>.</strong></span> <span class='ocrx_word' id='word_1_318' title='bbox 938 2038 953 2052; x_wconf 92' lang='lat'><strong>.</strong></span> <span class='ocrx_word' id='word_1_319' title='bbox 1000 2041 1013 2053; x_wconf 93' lang='lat'><strong>.</strong></span> <span class='ocrx_word' id='word_1_320' title='bbox 1059 2038 1073 2052; x_wconf 92' lang='lat'><strong>.</strong></span> <span class='ocrx_word' id='word_1_321' title='bbox 1118 2039 1130 2052; x_wconf 95' lang='lat'><strong>.</strong></span> <span class='ocrx_word' id='word_1_322' title='bbox 1178 2037 1192 2052; x_wconf 95' lang='lat'><strong>.</strong></span> <span class='ocrx_word' id='word_1_323' title='bbox 1238 2040 1250 2053; x_wconf 96' lang='lat'><strong>.</strong></span> <span class='ocrx_word' id='word_1_324' title='bbox 1295 2039 1309 2052; x_wconf 94' lang='lat'><strong>.</strong></span> <span class='ocrx_word' id='word_1_325' title='bbox 1337 1999 1431 2052; x_wconf 89' lang='lat' dir='ltr'><strong>Hic</strong></span> <span class='ocrx_word' id='word_1_326' title='bbox 1455 1998 1796 2053; x_wconf 87' lang='lat' dir='ltr'><strong>Salmanasar</strong></span> <span class='ocrx_word' id='word_1_327' title='bbox 1816 1996 1998 2063; x_wconf 91' lang='lat' dir='ltr'><strong>genuit</strong></span> <span class='ocrx_word' id='word_1_328' title='bbox 2022 1994 2148 2048; x_wconf 86' lang='lat' dir='ltr'><strong>Sen-</strong></span> 
     </span>
    </p>
   </div>
   <div class='ocr_carea' id='block_1_35' title="bbox 2252 1987 3836 2063">
    <p class='ocr_par' dir='ltr' id='par_1_35' title="bbox 2262 1987 3836 2059">
     <span class='ocr_line' id='line_1_35' title="bbox 2262 1987 3836 2059; baseline 0.005 -22"><span class='ocrx_word' id='word_1_329' title='bbox 2262 2022 2277 2037; x_wconf 95' lang='lat'><strong>.</strong></span> <span class='ocrx_word' id='word_1_330' title='bbox 2322 2023 2337 2038; x_wconf 93' lang='lat'><strong>.</strong></span> <span class='ocrx_word' id='word_1_331' title='bbox 2384 2027 2396 2037; x_wconf 94' lang='lat'><strong>.</strong></span> <span class='ocrx_word' id='word_1_332' title='bbox 2442 2024 2454 2037; x_wconf 94' lang='lat'><strong>.</strong></span> <span class='ocrx_word' id='word_1_333' title='bbox 2502 2024 2513 2037; x_wconf 94' lang='lat'><strong>.</strong></span> <span class='ocrx_word' id='word_1_334' title='bbox 2560 2024 2573 2038; x_wconf 96' lang='lat'><strong>.</strong></span> <span class='ocrx_word' id='word_1_335' title='bbox 2619 2024 2632 2039; x_wconf 95' lang='lat'><strong>.</strong></span> <span class='ocrx_word' id='word_1_336' title='bbox 2680 2025 2693 2037; x_wconf 92' lang='lat'><strong>.</strong></span> <span class='ocrx_word' id='word_1_337' title='bbox 2730 2000 2927 2039; x_wconf 81' lang='lat' dir='ltr'><strong>xxvm.</strong></span> <span class='ocrx_word' id='word_1_338' title='bbox 2968 2001 3140 2055; x_wconf 90' lang='lat' dir='ltr'><strong>neque</strong></span> <span class='ocrx_word' id='word_1_339' title='bbox 3176 1988 3291 2056; x_wconf 91' lang='lat' dir='ltr'><strong>ipse</strong></span> <span class='ocrx_word' id='word_1_340' title='bbox 3331 1987 3628 2043; x_wconf 91' lang='lat' dir='ltr'><strong>inmodicus</strong></span> <span class='ocrx_word' id='word_1_341' title='bbox 3659 2004 3836 2059; x_wconf 81' lang='lat' dir='ltr'><strong>perse-</strong></span> 
     </span>
    </p>
   </div>
   <div class='ocr_carea' id='block_1_36' title="bbox 579 2078 3834 2160">
    <p class='ocr_par' dir='ltr' id='par_1_36' title="bbox 579 2078 3834 2160">
     <span class='ocr_line' id='line_1_36' title="bbox 579 2078 3834 2160; baseline -0.003 -15"><span class='ocrx_word' id='word_1_342' title='bbox 579 2088 863 2154; x_wconf 87' lang='lat' dir='ltr'><strong>nacherib;</strong></span> <span class='ocrx_word' id='word_1_343' title='bbox 892 2090 1006 2158; x_wconf 90' lang='lat' dir='ltr'><strong>ipse</strong></span> <span class='ocrx_word' id='word_1_344' title='bbox 1041 2098 1125 2145; x_wconf 41' lang='lat' dir='ltr'><strong>est</strong></span> <span class='ocrx_word' id='word_1_345' title='bbox 1162 2105 1189 2142; x_wconf 91' lang='lat' dir='ltr'><strong>a</strong></span> <span class='ocrx_word' id='word_1_346' title='bbox 1223 2104 1326 2158; x_wconf 92' lang='lat' dir='ltr'><strong>quo</strong></span> <span class='ocrx_word' id='word_1_347' title='bbox 1356 2098 1512 2143; x_wconf 89' lang='lat' dir='ltr'><strong>nocte</strong></span> <span class='ocrx_word' id='word_1_348' title='bbox 1557 2102 1661 2141; x_wconf 91' lang='lat' dir='ltr'><strong>una</strong></span> <span class='ocrx_word' id='word_1_349' title='bbox 1698 2086 1892 2141; x_wconf 89' lang='lat' dir='ltr'><strong>occidit</strong></span> <span class='ocrx_word' id='word_1_350' title='bbox 1940 2084 2157 2153; x_wconf 84' lang='lat' dir='ltr'><strong>angelus</strong></span> <span class='ocrx_word' id='word_1_351' title='bbox 2259 2087 2411 2133; x_wconf 86' lang='lat' dir='ltr'><strong>cutor</strong></span> <span class='ocrx_word' id='word_1_352' title='bbox 2438 2078 2694 2147; x_wconf 83' lang='lat' dir='ltr'><strong>evangelii</strong></span> <span class='ocrx_word' id='word_1_353' title='bbox 2738 2086 3000 2147; x_wconf 85' lang='lat' dir='ltr'><strong>tempore.</strong></span> <span class='ocrx_word' id='word_1_354' title='bbox 3045 2118 3059 2133; x_wconf 97' lang='lat'><strong>.</strong></span> <span class='ocrx_word' id='word_1_355' title='bbox 3105 2120 3118 2160; x_wconf 47' lang='grc' dir='ltr'><em>ἲ</em></span> <span class='ocrx_word' id='word_1_356' title='bbox 3164 2118 3177 2132; x_wconf 94' lang='grc'><strong>.</strong></span> <span class='ocrx_word' id='word_1_357' title='bbox 3222 2118 3238 2133; x_wconf 93' lang='grc'><strong>.</strong></span> <span class='ocrx_word' id='word_1_358' title='bbox 3286 2118 3297 2131; x_wconf 93' lang='grc'><strong><em>.</em></strong></span> <span class='ocrx_word' id='word_1_359' title='bbox 3344 2118 3358 2133; x_wconf 94' lang='grc'><strong>.</strong></span> <span class='ocrx_word' id='word_1_360' title='bbox 3402 2120 3417 2134; x_wconf 92' lang='grc'><strong>.</strong></span> <span class='ocrx_word' id='word_1_361' title='bbox 3456 2080 3610 2150; x_wconf 89' lang='lat' dir='ltr'><strong>cujus</strong></span> <span class='ocrx_word' id='word_1_362' title='bbox 3650 2098 3834 2149; x_wconf 86' lang='lat' dir='ltr'><strong>perse-</strong></span> 
     </span>
    </p>
   </div>
   <div class='ocr_carea' id='block_1_37' title="bbox 583 2169 3834 2248">
    <p class='ocr_par' dir='ltr' id='par_1_37' title="bbox 583 2169 3834 2248">
     <span class='ocr_line' id='line_1_37' title="bbox 583 2169 3834 2248; baseline -0.002 -13"><span class='ocrx_word' id='word_1_363' title='bbox 583 2180 797 2235; x_wconf 90' lang='lat' dir='ltr'><strong>Domini</strong></span> <span class='ocrx_word' id='word_1_364' title='bbox 825 2181 1064 2233; x_wconf 89' lang='lat' dir='ltr'><strong>vivorum</strong></span> <span class='ocrx_word' id='word_1_365' title='bbox 1095 2188 1306 2234; x_wconf 90' lang='lat' dir='ltr'><strong>centum</strong></span> <span class='ocrx_word' id='word_1_366' title='bbox 1339 2188 1392 2233; x_wconf 91' lang='lat' dir='ltr'><strong>et</strong></span> <span class='ocrx_word' id='word_1_367' title='bbox 1430 2178 1729 2248; x_wconf 86' lang='lat' dir='ltr'><strong>octuaginla</strong></span> <span class='ocrx_word' id='word_1_368' title='bbox 1759 2179 1992 2246; x_wconf 85' lang='lat' dir='ltr'><strong>quinque</strong></span> <span class='ocrx_word' id='word_1_369' title='bbox 2033 2175 2156 2229; x_wconf 92' lang='lat' dir='ltr'><strong>mil-</strong></span> <span class='ocrx_word' id='word_1_370' title='bbox 2259 2169 2475 2223; x_wconf 88' lang='lat' dir='ltr'><strong>cutione</strong></span> <span class='ocrx_word' id='word_1_371' title='bbox 2516 2170 2778 2238; x_wconf 92' lang='lat' dir='ltr'><strong>plurimos</strong></span> <span class='ocrx_word' id='word_1_372' title='bbox 2821 2171 3110 2240; x_wconf 83' lang='lat' dir='ltr'><strong>prophetas</strong></span> <span class='ocrx_word' id='word_1_373' title='bbox 3153 2172 3291 2241; x_wconf 91' lang='lat' dir='ltr'><strong>passi</strong></span> <span class='ocrx_word' id='word_1_374' title='bbox 3331 2182 3476 2239; x_wconf 89' lang='lat' dir='ltr'><strong>sunt,</strong></span> <span class='ocrx_word' id='word_1_375' title='bbox 3502 2189 3655 2243; x_wconf 90' lang='lat' dir='ltr'><strong>quos.</strong></span> <span class='ocrx_word' id='word_1_376' title='bbox 3698 2214 3709 2226; x_wconf 96' lang='lat'><strong>.</strong></span> <span class='ocrx_word' id='word_1_377' title='bbox 3752 2211 3768 2228; x_wconf 91' lang='lat'>.</span> <span class='ocrx_word' id='word_1_378' title='bbox 3818 2212 3834 2228; x_wconf 94' lang='lat'><strong>.</strong></span> 
     </span>
    </p>
   </div>
   <div class='ocr_carea' id='block_1_38' title="bbox 584 2259 2148 2342">
    <p class='ocr_par' dir='ltr' id='par_1_38' title="bbox 584 2269 2148 2342">
     <span class='ocr_line' id='line_1_38' title="bbox 584 2269 2148 2342; baseline -0.002 -16"><span class='ocrx_word' id='word_1_379' title='bbox 584 2272 653 2327; x_wconf 86' lang='lat' dir='ltr'><strong>Iia</strong></span> <span class='ocrx_word' id='word_1_380' title='bbox 685 2273 826 2327; x_wconf 91' lang='lat' dir='ltr'><strong>inter</strong></span> <span class='ocrx_word' id='word_1_381' title='bbox 847 2273 1208 2342; x_wconf 77' lang='lat' dir='ltr'><strong>captivitatem</strong></span> <span class='ocrx_word' id='word_1_382' title='bbox 1240 2274 1531 2339; x_wconf 89' lang='lat' dir='ltr'><strong>Samariae,</strong></span> <span class='ocrx_word' id='word_1_383' title='bbox 1576 2274 1628 2327; x_wconf 91' lang='lat' dir='ltr'><strong>in</strong></span> <span class='ocrx_word' id='word_1_384' title='bbox 1660 2272 1879 2337; x_wconf 83' lang='lat' dir='ltr'><strong>Nineve,</strong></span> <span class='ocrx_word' id='word_1_385' title='bbox 1914 2279 1969 2325; x_wconf 89' lang='lat' dir='ltr'><strong>et</strong></span> <span class='ocrx_word' id='word_1_386' title='bbox 2006 2269 2148 2324; x_wconf 85' lang='lat' dir='ltr'><strong>Jeru-</strong></span> 
     </span>
    </p>
   </div>
   <div class='ocr_carea' id='block_1_39' title="bbox 2252 2259 3837 2342">
    <p class='ocr_par' dir='ltr' id='par_1_39' title="bbox 2258 2259 3837 2333">
     <span class='ocr_line' id='line_1_39' title="bbox 2258 2259 3837 2333; baseline 0.006 -24"><span class='ocrx_word' id='word_1_387' title='bbox 2258 2259 2519 2329; x_wconf 86' lang='lat' dir='ltr'><strong>gloriosos</strong></span> <span class='ocrx_word' id='word_1_388' title='bbox 2549 2260 2600 2312; x_wconf 90' lang='lat' dir='ltr'><strong>in</strong></span> <span class='ocrx_word' id='word_1_389' title='bbox 2628 2260 2778 2315; x_wconf 88' lang='lat' dir='ltr'><strong>orbe.</strong></span> <span class='ocrx_word' id='word_1_390' title='bbox 2824 2301 2839 2316; x_wconf 96' lang='lat'><strong>.</strong></span> <span class='ocrx_word' id='word_1_391' title='bbox 2884 2302 2896 2314; x_wconf 94' lang='lat'><strong>.</strong></span> <span class='ocrx_word' id='word_1_392' title='bbox 2944 2299 2958 2314; x_wconf 92' lang='lat'><strong>.</strong></span> <span class='ocrx_word' id='word_1_393' title='bbox 3004 2301 3017 2315; x_wconf 93' lang='lat'><strong>.</strong></span> <span class='ocrx_word' id='word_1_394' title='bbox 3063 2301 3075 2315; x_wconf 93' lang='lat'><strong>.</strong></span> <span class='ocrx_word' id='word_1_395' title='bbox 3124 2302 3136 2315; x_wconf 96' lang='lat'><strong>.</strong></span> <span class='ocrx_word' id='word_1_396' title='bbox 3179 2302 3192 2315; x_wconf 95' lang='lat'><strong>.</strong></span> <span class='ocrx_word' id='word_1_397' title='bbox 3239 2300 3253 2315; x_wconf 92' lang='lat'><strong>.</strong></span> <span class='ocrx_word' id='word_1_398' title='bbox 3298 2302 3310 2315; x_wconf 93' lang='lat'><strong>.</strong></span> <span class='ocrx_word' id='word_1_399' title='bbox 3338 2263 3608 2331; x_wconf 89' lang='lat' dir='ltr'><strong>presidere</strong></span> <span class='ocrx_word' id='word_1_400' title='bbox 3630 2264 3837 2333; x_wconf 88' lang='lat' dir='ltr'><strong>abipso</strong></span> 
     </span>
    </p>
   </div>
   <div class='ocr_carea' id='block_1_40' title="bbox 580 2354 2148 2436">
    <p class='ocr_par' dir='ltr' id='par_1_40' title="bbox 580 2361 2148 2436">
     <span class='ocr_line' id='line_1_40' title="bbox 580 2361 2148 2436; baseline -0.002 -16"><span class='ocrx_word' id='word_1_401' title='bbox 580 2365 745 2421; x_wconf 84' lang='lat' dir='ltr'><strong>salem</strong></span> <span class='ocrx_word' id='word_1_402' title='bbox 777 2366 829 2419; x_wconf 91' lang='lat' dir='ltr'><strong>in</strong></span> <span class='ocrx_word' id='word_1_403' title='bbox 854 2365 1199 2436; x_wconf 84' lang='lat' dir='ltr'><strong>Babyloniam</strong></span> <span class='ocrx_word' id='word_1_404' title='bbox 1227 2367 1349 2419; x_wconf 90' lang='lat' dir='ltr'><strong>anni</strong></span> <span class='ocrx_word' id='word_1_405' title='bbox 1386 2376 1508 2419; x_wconf 91' lang='lat' dir='ltr'><strong>sunt</strong></span> <span class='ocrx_word' id='word_1_406' title='bbox 1537 2380 1710 2420; x_wconf 75' lang='lat' dir='ltr'><strong>cxuv.</strong></span> <span class='ocrx_word' id='word_1_407' title='bbox 1744 2380 1913 2419; x_wconf 90' lang='lat' dir='ltr'><strong>mens.</strong></span> <span class='ocrx_word' id='word_1_408' title='bbox 1946 2379 2016 2416; x_wconf 83' lang='lat' dir='ltr'><strong>vt.</strong></span> <span class='ocrx_word' id='word_1_409' title='bbox 2044 2361 2148 2417; x_wconf 76' lang='lat' dir='ltr'><strong>dies</strong></span> 
     </span>
    </p>
   </div>
   <div class='ocr_carea' id='block_1_41' title="bbox 2252 2354 3837 2436">
    <p class='ocr_par' dir='ltr' id='par_1_41' title="bbox 2264 2354 3837 2417">
     <span class='ocr_line' id='line_1_41' title="bbox 2264 2354 3837 2417; baseline 0.004 -13"><span class='ocrx_word' id='word_1_410' title='bbox 2264 2354 3837 2417; x_wconf 83' lang='lat' dir='ltr'><strong>...................etestAthenis</strong></span> 
     </span>
    </p>
   </div>
   <div class='ocr_carea' id='block_1_42' title="bbox 581 2441 3838 2531">
    <p class='ocr_par' dir='ltr' id='par_1_42' title="bbox 581 2441 3838 2531">
     <span class='ocr_line' id='line_1_42' title="bbox 581 2441 3838 2531; baseline 0.003 -38"><span class='ocrx_word' id='word_1_411' title='bbox 581 2471 634 2511; x_wconf 66' lang='grc' dir='ltr'><strong>χ,</strong></span> <span class='ocrx_word' id='word_1_412' title='bbox 667 2457 825 2512; x_wconf 70' lang='lat' dir='ltr'><strong>ambo</strong></span> <span class='ocrx_word' id='word_1_413' title='bbox 853 2457 921 2512; x_wconf 67' lang='lat' dir='ltr'><strong>ad</strong></span> <span class='ocrx_word' id='word_1_414' title='bbox 950 2459 1309 2531; x_wconf 62' lang='grc' dir='ltr'><strong>οηριινίιειειη</strong></span> <span class='ocrx_word' id='word_1_415' title='bbox 1337 2458 1495 2513; x_wconf 67' lang='lat' dir='ltr'><strong>simul</strong></span> <span class='ocrx_word' id='word_1_416' title='bbox 1519 2458 1872 2529; x_wconf 52' lang='lat' dir='ltr'><strong>indulgentias</strong></span> <span class='ocrx_word' id='word_1_417' title='bbox 1900 2470 2156 2527; x_wconf 56' lang='lat' dir='ltr'><strong>pel-cepe-</strong></span> <span class='ocrx_word' id='word_1_418' title='bbox 2263 2441 2557 2498; x_wconf 89' lang='lat' dir='ltr'><strong>tolerabilis</strong></span> <span class='ocrx_word' id='word_1_419' title='bbox 2588 2454 2899 2511; x_wconf 90' lang='lat' dir='ltr'><strong>persecutor</strong></span> <span class='ocrx_word' id='word_1_420' title='bbox 2921 2444 3157 2499; x_wconf 90' lang='lat' dir='ltr'><strong>Labiano</strong></span> <span class='ocrx_word' id='word_1_421' title='bbox 3178 2446 3432 2516; x_wconf 92' lang='lat' dir='ltr'><strong>episcopo</strong></span> <span class='ocrx_word' id='word_1_422' title='bbox 3454 2448 3505 2501; x_wconf 91' lang='lat' dir='ltr'><strong>in</strong></span> <span class='ocrx_word' id='word_1_423' title='bbox 3527 2447 3655 2502; x_wconf 85' lang='lat' dir='ltr'><strong>urbe</strong></span> <span class='ocrx_word' id='word_1_424' title='bbox 3679 2462 3838 2516; x_wconf 86' lang='lat' dir='ltr'><strong>prae-</strong></span> 
     </span>
    </p>
   </div>
   <div class='ocr_carea' id='block_1_43' title="bbox 582 2535 3838 2619">
    <p class='ocr_par' dir='ltr' id='par_1_43' title="bbox 582 2535 3838 2619">
     <span class='ocr_line' id='line_1_43' title="bbox 582 2535 3838 2619; baseline 0.003 -33"><span class='ocrx_word' id='word_1_425' title='bbox 582 2556 729 2615; x_wconf 51' lang='lat' dir='ltr'><strong>mm,</strong></span> <span class='ocrx_word' id='word_1_426' title='bbox 759 2558 813 2604; x_wconf 69' lang='grc' dir='ltr'><strong>ει</strong></span> <span class='ocrx_word' id='word_1_427' title='bbox 844 2565 949 2603; x_wconf 65' lang='lat' dir='ltr'><strong>uno</strong></span> <span class='ocrx_word' id='word_1_428' title='bbox 977 2560 1214 2619; x_wconf 64' lang='lat' dir='ltr'><strong>.empore</strong></span> <span class='ocrx_word' id='word_1_429' title='bbox 1248 2566 1343 2619; x_wconf 65' lang='grc' dir='ltr'><strong>ρει.</strong></span> <span class='ocrx_word' id='word_1_430' title='bbox 1388 2550 1617 2606; x_wconf 67' lang='grc' dir='ltr'><strong>Εχάηηη</strong></span> <span class='ocrx_word' id='word_1_431' title='bbox 1656 2558 1710 2605; x_wconf 68' lang='grc' dir='ltr'><strong>ει</strong></span> <span class='ocrx_word' id='word_1_432' title='bbox 1752 2550 2047 2604; x_wconf 67' lang='grc' dir='ltr'><strong>Ζοτοδηυοι</strong></span> <span class='ocrx_word' id='word_1_433' title='bbox 2090 2550 2157 2605; x_wconf 73' lang='lat' dir='ltr'><strong>ad</strong></span> <span class='ocrx_word' id='word_1_434' title='bbox 2259 2535 2487 2590; x_wconf 80' lang='lat' dir='ltr'><strong>sidente.</strong></span> <span class='ocrx_word' id='word_1_435' title='bbox 2534 2576 2547 2590; x_wconf 95' lang='lat'><strong>.</strong></span> <span class='ocrx_word' id='word_1_436' title='bbox 2592 2577 2607 2591; x_wconf 95' lang='lat'><strong>.</strong></span> <span class='ocrx_word' id='word_1_437' title='bbox 2655 2578 2668 2591; x_wconf 92' lang='lat'><strong>.</strong></span> <span class='ocrx_word' id='word_1_438' title='bbox 2700 2538 2909 2593; x_wconf 90' lang='lat' dir='ltr'><strong>ruinam</strong></span> <span class='ocrx_word' id='word_1_439' title='bbox 2937 2538 3092 2592; x_wconf 91' lang='lat' dir='ltr'><strong>aliam</strong></span> <span class='ocrx_word' id='word_1_440' title='bbox 3125 2538 3266 2608; x_wconf 86' lang='lat' dir='ltr'><strong>plac.</strong></span> <span class='ocrx_word' id='word_1_441' title='bbox 3309 2580 3322 2593; x_wconf 96' lang='lat'><strong>.</strong></span> <span class='ocrx_word' id='word_1_442' title='bbox 3367 2578 3382 2593; x_wconf 95' lang='lat'><strong>.</strong></span> <span class='ocrx_word' id='word_1_443' title='bbox 3426 2579 3441 2595; x_wconf 94' lang='lat'><strong>.</strong></span> <span class='ocrx_word' id='word_1_444' title='bbox 3485 2580 3500 2596; x_wconf 97' lang='lat'><strong>.</strong></span> <span class='ocrx_word' id='word_1_445' title='bbox 3545 2577 3561 2594; x_wconf 94' lang='lat'><strong>.</strong></span> <span class='ocrx_word' id='word_1_446' title='bbox 3604 2580 3617 2594; x_wconf 93' lang='lat'><strong>.</strong></span> <span class='ocrx_word' id='word_1_447' title='bbox 3663 2580 3675 2593; x_wconf 93' lang='lat'><strong>.</strong></span> <span class='ocrx_word' id='word_1_448' title='bbox 3706 2540 3838 2596; x_wconf 83' lang='lat' dir='ltr'><strong>Kar-</strong></span> 
     </span>
    </p>
   </div>
   <div class='ocr_carea' id='block_1_44' title="bbox 579 2643 2159 2700">
    <p class='ocr_par' dir='ltr' id='par_1_44' title="bbox 579 2643 2159 2700">
     <span class='ocr_line' id='line_1_44' title="bbox 579 2643 2159 2700; baseline 0.003 -4"><span class='ocrx_word' id='word_1_449' title='bbox 579 2657 731 2697; x_wconf 88' lang='lat' dir='ltr'><strong>suam</strong></span> <span class='ocrx_word' id='word_1_450' title='bbox 769 2652 963 2697; x_wconf 91' lang='lat' dir='ltr'><strong>terram</strong></span> <span class='ocrx_word' id='word_1_451' title='bbox 994 2643 1387 2699; x_wconf 83' lang='lat' dir='ltr'><strong>adscenderunt</strong></span> <span class='ocrx_word' id='word_1_452' title='bbox 1434 2646 1524 2699; x_wconf 92' lang='lat' dir='ltr'><strong>illi.</strong></span> <span class='ocrx_word' id='word_1_453' title='bbox 1559 2645 1906 2700; x_wconf 86' lang='lat' dir='ltr'><strong>Samarritani</strong></span> <span class='ocrx_word' id='word_1_454' title='bbox 1950 2659 2159 2700; x_wconf 89' lang='lat' dir='ltr'><strong>manse-</strong></span> 
     </span>
    </p>
   </div>
   <div class='ocr_carea' id='block_1_45' title="bbox 580 2735 2157 2804">
    <p class='ocr_par' dir='ltr' id='par_1_45' title="bbox 580 2735 2157 2804">
     <span class='ocr_line' id='line_1_45' title="bbox 580 2735 2157 2804; baseline 0.001 -16"><span class='ocrx_word' id='word_1_455' title='bbox 580 2743 705 2789; x_wconf 90' lang='lat' dir='ltr'><strong>runt</strong></span> <span class='ocrx_word' id='word_1_456' title='bbox 729 2735 779 2788; x_wconf 90' lang='lat' dir='ltr'><strong>iu</strong></span> <span class='ocrx_word' id='word_1_457' title='bbox 804 2735 1112 2804; x_wconf 86' lang='lat' dir='ltr'><strong>captivitate</strong></span> <span class='ocrx_word' id='word_1_458' title='bbox 1136 2736 1334 2792; x_wconf 84' lang='lat' dir='ltr'><strong>Nineve</strong></span> <span class='ocrx_word' id='word_1_459' title='bbox 1362 2738 1516 2792; x_wconf 90' lang='lat' dir='ltr'><strong>annis</strong></span> <span class='ocrx_word' id='word_1_460' title='bbox 1548 2752 1680 2791; x_wconf 75' lang='lat' dir='ltr'><strong>nn.</strong></span> <span class='ocrx_word' id='word_1_461' title='bbox 1710 2746 1763 2791; x_wconf 89' lang='lat' dir='ltr'><strong>et</strong></span> <span class='ocrx_word' id='word_1_462' title='bbox 1789 2736 1838 2789; x_wconf 92' lang='lat' dir='ltr'><strong>hi</strong></span> <span class='ocrx_word' id='word_1_463' title='bbox 1863 2737 2074 2791; x_wconf 79' lang='lat' dir='ltr'><strong>fuerunt</strong></span> <span class='ocrx_word' id='word_1_464' title='bbox 2105 2737 2157 2790; x_wconf 91' lang='lat' dir='ltr'><strong>in</strong></span> 
     </span>
    </p>
   </div>
   <div class='ocr_carea' id='block_1_46' title="bbox 582 2825 1915 2897">
    <p class='ocr_par' dir='ltr' id='par_1_46' title="bbox 582 2825 1915 2897">
     <span class='ocr_line' id='line_1_46' title="bbox 582 2825 1915 2897; baseline 0.002 -16"><span class='ocrx_word' id='word_1_465' title='bbox 582 2825 934 2897; x_wconf 80' lang='lat' dir='ltr'><strong>Jerosolymis</strong></span> <span class='ocrx_word' id='word_1_466' title='bbox 963 2830 1117 2881; x_wconf 90' lang='lat' dir='ltr'><strong>annis</strong></span> <span class='ocrx_word' id='word_1_467' title='bbox 1149 2845 1274 2882; x_wconf 65' lang='lat' dir='ltr'><strong>cxx.</strong></span> <span class='ocrx_word' id='word_1_468' title='bbox 1302 2830 1513 2882; x_wconf 82' lang='lat' dir='ltr'><strong>fuerunt</strong></span> <span class='ocrx_word' id='word_1_469' title='bbox 1542 2830 1593 2884; x_wconf 90' lang='lat' dir='ltr'><strong>in</strong></span> <span class='ocrx_word' id='word_1_470' title='bbox 1625 2830 1915 2883; x_wconf 89' lang='lat' dir='ltr'><strong>Babilonia.</strong></span> 
     </span>
    </p>
   </div>
   <div class='ocr_carea' id='block_1_47' title="bbox 590 2917 2158 2987">
    <p class='ocr_par' dir='ltr' id='par_1_47' title="bbox 590 2917 2158 2987">
     <span class='ocr_line' id='line_1_47' title="bbox 590 2917 2158 2987; baseline 0.009 -22"><span class='ocrx_word' id='word_1_471' title='bbox 590 2940 621 2965; x_wconf 90' lang='lat'><strong>-.</strong></span> <span class='ocrx_word' id='word_1_472' title='bbox 657 2917 959 2972; x_wconf 79' lang='lat' dir='ltr'><strong>Redeamus</strong></span> <span class='ocrx_word' id='word_1_473' title='bbox 1006 2920 1072 2971; x_wconf 88' lang='lat' dir='ltr'><strong>ad</strong></span> <span class='ocrx_word' id='word_1_474' title='bbox 1123 2919 1345 2974; x_wconf 87' lang='lat' dir='ltr'><strong>Natham</strong></span> <span class='ocrx_word' id='word_1_475' title='bbox 1390 2920 1606 2975; x_wconf 78' lang='lat' dir='ltr'><strong>fratrem</strong></span> <span class='ocrx_word' id='word_1_476' title='bbox 1654 2920 1973 2987; x_wconf 90' lang='lat' dir='ltr'><strong>Salomonis,</strong></span> <span class='ocrx_word' id='word_1_477' title='bbox 2018 2922 2158 2979; x_wconf 89' lang='lat' dir='ltr'><strong>unde</strong></span> 
     </span>
    </p>
   </div>
   <div class='ocr_carea' id='block_1_48' title="bbox 583 3009 2154 3084">
    <p class='ocr_par' dir='ltr' id='par_1_48' title="bbox 583 3009 2154 3084">
     <span class='ocr_line' id='line_1_48' title="bbox 583 3009 2154 3084; baseline 0.004 -20"><span class='ocrx_word' id='word_1_478' title='bbox 583 3009 750 3064; x_wconf 83' lang='lat' dir='ltr'><strong>Maria</strong></span> <span class='ocrx_word' id='word_1_479' title='bbox 779 3010 1036 3079; x_wconf 90' lang='lat' dir='ltr'><strong>originem</strong></span> <span class='ocrx_word' id='word_1_480' title='bbox 1080 3010 1261 3065; x_wconf 80' lang='lat' dir='ltr'><strong>trahit.</strong></span> <span class='ocrx_word' id='word_1_481' title='bbox 1298 3012 1392 3067; x_wconf 85' lang='lat' dir='ltr'><strong>Hic</strong></span> <span class='ocrx_word' id='word_1_482' title='bbox 1432 3012 1655 3068; x_wconf 89' lang='lat' dir='ltr'><strong>Natham</strong></span> <span class='ocrx_word' id='word_1_483' title='bbox 1687 3016 1868 3084; x_wconf 83' lang='lat' dir='ltr'><strong>genuit</strong></span> <span class='ocrx_word' id='word_1_484' title='bbox 1900 3015 2154 3071; x_wconf 82' lang='lat' dir='ltr'><strong>Matham.</strong></span> 
     </span>
    </p>
   </div>
   <div class='ocr_carea' id='block_1_49' title="bbox 580 3100 2154 3177">
    <p class='ocr_par' dir='ltr' id='par_1_49' title="bbox 580 3100 2154 3177">
     <span class='ocr_line' id='line_1_49' title="bbox 580 3100 2154 3177; baseline 0.008 -22"><span class='ocrx_word' id='word_1_485' title='bbox 580 3100 831 3157; x_wconf 80' lang='lat' dir='ltr'><strong>Mattham</strong></span> <span class='ocrx_word' id='word_1_486' title='bbox 865 3112 1041 3158; x_wconf 89' lang='lat' dir='ltr'><strong>autem</strong></span> <span class='ocrx_word' id='word_1_487' title='bbox 1072 3108 1254 3175; x_wconf 88' lang='lat' dir='ltr'><strong>genuit</strong></span> <span class='ocrx_word' id='word_1_488' title='bbox 1304 3106 1491 3161; x_wconf 83' lang='lat' dir='ltr'><strong>anm.</strong></span> <span class='ocrx_word' id='word_1_489' title='bbox 1541 3108 1649 3163; x_wconf 87' lang='lat' dir='ltr'><strong>Ena</strong></span> <span class='ocrx_word' id='word_1_490' title='bbox 1690 3110 1872 3177; x_wconf 82' lang='lat' dir='ltr'><strong>genuit</strong></span> <span class='ocrx_word' id='word_1_491' title='bbox 1909 3109 2154 3167; x_wconf 88' lang='lat' dir='ltr'><strong>Eliacim.</strong></span> 
     </span>
    </p>
   </div>
   <div class='ocr_carea' id='block_1_50' title="bbox 582 3193 2151 3273">
    <p class='ocr_par' dir='ltr' id='par_1_50' title="bbox 582 3193 2151 3273">
     <span class='ocr_line' id='line_1_50' title="bbox 582 3193 2151 3273; baseline 0.006 -25"><span class='ocrx_word' id='word_1_492' title='bbox 582 3193 807 3249; x_wconf 87' lang='lat' dir='ltr'><strong>Eliacim</strong></span> <span class='ocrx_word' id='word_1_493' title='bbox 841 3197 1030 3265; x_wconf 89' lang='lat' dir='ltr'><strong>genuit</strong></span> <span class='ocrx_word' id='word_1_494' title='bbox 1071 3196 1273 3252; x_wconf 87' lang='lat' dir='ltr'><strong>Joram.</strong></span> <span class='ocrx_word' id='word_1_495' title='bbox 1305 3199 1459 3255; x_wconf 86' lang='lat' dir='ltr'><strong>Joras</strong></span> <span class='ocrx_word' id='word_1_496' title='bbox 1489 3208 1665 3257; x_wconf 89' lang='lat' dir='ltr'><strong>autem</strong></span> <span class='ocrx_word' id='word_1_497' title='bbox 1695 3204 1881 3273; x_wconf 88' lang='lat' dir='ltr'><strong>genuit</strong></span> <span class='ocrx_word' id='word_1_498' title='bbox 1922 3202 2151 3260; x_wconf 85' lang='lat' dir='ltr'><strong>Josram.</strong></span> 
     </span>
    </p>
   </div>
   <div class='ocr_carea' id='block_1_51' title="bbox 578 3284 2149 3363">
    <p class='ocr_par' dir='ltr' id='par_1_51' title="bbox 578 3284 2149 3363">
     <span class='ocr_line' id='line_1_51' title="bbox 578 3284 2149 3363; baseline 0.008 -22"><span class='ocrx_word' id='word_1_499' title='bbox 578 3284 787 3341; x_wconf 83' lang='lat' dir='ltr'><strong>Josram</strong></span> <span class='ocrx_word' id='word_1_500' title='bbox 814 3288 995 3356; x_wconf 85' lang='lat' dir='ltr'><strong>genuit</strong></span> <span class='ocrx_word' id='word_1_501' title='bbox 1022 3288 1235 3345; x_wconf 82' lang='lat' dir='ltr'><strong>Judam.</strong></span> <span class='ocrx_word' id='word_1_502' title='bbox 1264 3291 1428 3347; x_wconf 86' lang='lat' dir='ltr'><strong>Judas</strong></span> <span class='ocrx_word' id='word_1_503' title='bbox 1452 3295 1634 3363; x_wconf 89' lang='lat' dir='ltr'><strong>genuit</strong></span> <span class='ocrx_word' id='word_1_504' title='bbox 1661 3294 1900 3351; x_wconf 89' lang='lat' dir='ltr'><strong>Simeon.</strong></span> <span class='ocrx_word' id='word_1_505' title='bbox 1931 3296 2149 3353; x_wconf 91' lang='lat' dir='ltr'><strong>Simeon</strong></span> 
     </span>
    </p>
   </div>
   <div class='ocr_carea' id='block_1_52' title="bbox 576 3378 2152 3461">
    <p class='ocr_par' dir='ltr' id='par_1_52' title="bbox 576 3378 2152 3461">
     <span class='ocr_line' id='line_1_52' title="bbox 576 3378 2152 3461; baseline 0.011 -30"><span class='ocrx_word' id='word_1_506' title='bbox 576 3378 763 3446; x_wconf 81' lang='lat' dir='ltr'><strong>genuit</strong></span> <span class='ocrx_word' id='word_1_507' title='bbox 794 3378 945 3435; x_wconf 86' lang='lat' dir='ltr'><strong>Levi.</strong></span> <span class='ocrx_word' id='word_1_508' title='bbox 975 3380 1098 3437; x_wconf 84' lang='lat' dir='ltr'><strong>Levi</strong></span> <span class='ocrx_word' id='word_1_509' title='bbox 1132 3384 1320 3461; x_wconf 82' lang='lat' dir='ltr'><strong>genuit</strong></span> <span class='ocrx_word' id='word_1_510' title='bbox 1360 3385 1687 3442; x_wconf 79' lang='lat' dir='ltr'><strong>Mathatiam.</strong></span> <span class='ocrx_word' id='word_1_511' title='bbox 1740 3388 2020 3445; x_wconf 75' lang='lat' dir='ltr'><strong>Mathatias</strong></span> <span class='ocrx_word' id='word_1_512' title='bbox 2061 3407 2152 3461; x_wconf 89' lang='lat' dir='ltr'><strong>ge-</strong></span> 
     </span>
    </p>
   </div>
   <div class='ocr_carea' id='block_1_53' title="bbox 576 3460 2147 3552">
    <p class='ocr_par' dir='ltr' id='par_1_53' title="bbox 576 3460 2147 3552">
     <span class='ocr_line' id='line_1_53' title="bbox 576 3460 2147 3552; baseline 0.01 -30"><span class='ocrx_word' id='word_1_513' title='bbox 576 3469 696 3523; x_wconf 89' lang='lat' dir='ltr'><strong>nuit</strong></span> <span class='ocrx_word' id='word_1_514' title='bbox 721 3468 925 3526; x_wconf 79' lang='lat' dir='ltr'><strong>Joram.</strong></span> <span class='ocrx_word' id='word_1_515' title='bbox 955 3470 1107 3529; x_wconf 84' lang='lat' dir='ltr'><strong>Joras</strong></span> <span class='ocrx_word' id='word_1_516' title='bbox 1147 3460 1331 3544; x_wconf 79' lang='lat' dir='ltr'><strong>genuit</strong></span> <span class='ocrx_word' id='word_1_517' title='bbox 1368 3474 1598 3533; x_wconf 87' lang='lat' dir='ltr'><strong>Eliezer.</strong></span> <span class='ocrx_word' id='word_1_518' title='bbox 1646 3478 1857 3535; x_wconf 86' lang='lat' dir='ltr'><strong>Eliezer</strong></span> <span class='ocrx_word' id='word_1_519' title='bbox 1884 3460 2087 3552; x_wconf 70' lang='lat' dir='ltr'><strong>genuit.</strong></span> <span class='ocrx_word' id='word_1_520' title='bbox 2132 3523 2147 3537; x_wconf 97' lang='lat'><strong>.</strong></span> 
     </span>
    </p>
   </div>
   <div class='ocr_carea' id='block_1_54' title="bbox 578 3573 1938 3624">
    <p class='ocr_par' dir='ltr' id='par_1_54' title="bbox 578 3573 1938 3624">
     <span class='ocr_line' id='line_1_54' title="bbox 578 3573 1938 3624; baseline 0.01 -12"><span class='ocrx_word' id='word_1_521' title='bbox 578 3573 1938 3624; x_wconf 75' lang='lat' dir='ltr'><strong>.‘..................genuit</strong></span> 
     </span>
    </p>
   </div>
   <div class='ocr_carea' id='block_1_55' title="bbox 575 3573 2155 3732">
    <p class='ocr_par' dir='ltr' id='par_1_55' title="bbox 575 3573 2155 3732">
     <span class='ocr_line' id='line_1_55' title="bbox 578 3573 1938 3624; baseline 0.009 -12"><span class='ocrx_word' id='word_1_522' title='bbox 1790 3573 1938 3624; x_wconf 91' lang='lat' dir='ltr'><strong>enuit</strong></span> 
     </span>
     <span class='ocr_line' id='line_1_56' title="bbox 575 3573 2155 3732; baseline 0.007 -27"><span class='ocrx_word' id='word_1_523' title='bbox 575 3650 719 3708; x_wconf 87' lang='lat' dir='ltr'><strong>Eren</strong></span> <span class='ocrx_word' id='word_1_524' title='bbox 746 3654 930 3722; x_wconf 87' lang='lat' dir='ltr'><strong>genuit</strong></span> <span class='ocrx_word' id='word_1_525' title='bbox 954 3654 1164 3721; x_wconf 87' lang='lat' dir='ltr'><strong>Eldam,</strong></span> <span class='ocrx_word' id='word_1_526' title='bbox 1194 3656 1374 3710; x_wconf 81' lang='lat' dir='ltr'><strong>Eldam</strong></span> <span class='ocrx_word' id='word_1_527' title='bbox 1397 3658 1581 3728; x_wconf 90' lang='lat' dir='ltr'><strong>genuit</strong></span> <span class='ocrx_word' id='word_1_528' title='bbox 1607 3586 1835 3713; x_wconf 59' lang='lat' dir='ltr'><strong>Chosfm</strong></span> <span class='ocrx_word' id='word_1_529' title='bbox 1869 3573 2155 3732; x_wconf 43' lang='lat' dir='ltr'><strong>Belli-:2:</strong></span> 
     </span>
    </p>
   </div>
   <div class='ocr_carea' id='block_1_56' title="bbox 574 3745 2157 3823">
    <p class='ocr_par' dir='ltr' id='par_1_56' title="bbox 574 3745 2157 3823">
     <span class='ocr_line' id='line_1_57' title="bbox 574 3745 2157 3823; baseline 0.007 -25"><span class='ocrx_word' id='word_1_530' title='bbox 574 3745 693 3798; x_wconf 86' lang='lat' dir='ltr'><strong>nuit</strong></span> <span class='ocrx_word' id='word_1_531' title='bbox 744 3745 961 3801; x_wconf 88' lang='lat' dir='ltr'><strong>Addim.</strong></span> <span class='ocrx_word' id='word_1_532' title='bbox 1005 3747 1200 3801; x_wconf 86' lang='lat' dir='ltr'><strong>Addim</strong></span> <span class='ocrx_word' id='word_1_533' title='bbox 1243 3752 1424 3818; x_wconf 90' lang='lat' dir='ltr'><strong>genuit</strong></span> <span class='ocrx_word' id='word_1_534' title='bbox 1470 3750 1683 3805; x_wconf 86' lang='lat' dir='ltr'><strong>Melchi.</strong></span> <span class='ocrx_word' id='word_1_535' title='bbox 1730 3752 1919 3806; x_wconf 83' lang='lat' dir='ltr'><strong>Melchi</strong></span> <span class='ocrx_word' id='word_1_536' title='bbox 1972 3758 2157 3823; x_wconf 82' lang='lat' dir='ltr'><strong>genuit</strong></span> 
     </span>
    </p>
   </div>
   <div class='ocr_carea' id='block_1_57' title="bbox 574 3832 2157 3913">
    <p class='ocr_par' dir='ltr' id='par_1_57' title="bbox 574 3832 2157 3913">
     <span class='ocr_line' id='line_1_58' title="bbox 574 3832 2157 3913; baseline 0.008 -25"><span class='ocrx_word' id='word_1_537' title='bbox 574 3832 723 3888; x_wconf 88' lang='lat' dir='ltr'><strong>Neri.</strong></span> <span class='ocrx_word' id='word_1_538' title='bbox 753 3834 877 3889; x_wconf 88' lang='lat' dir='ltr'><strong>Neri</strong></span> <span class='ocrx_word' id='word_1_539' title='bbox 905 3838 1091 3905; x_wconf 89' lang='lat' dir='ltr'><strong>genuit</strong></span> <span class='ocrx_word' id='word_1_540' title='bbox 1118 3838 1393 3894; x_wconf 90' lang='lat' dir='ltr'><strong>Salathiel.</strong></span> <span class='ocrx_word' id='word_1_541' title='bbox 1424 3841 1679 3896; x_wconf 91' lang='lat' dir='ltr'><strong>Salathiel</strong></span> <span class='ocrx_word' id='word_1_542' title='bbox 1710 3845 1887 3913; x_wconf 88' lang='lat' dir='ltr'><strong>genuit</strong></span> <span class='ocrx_word' id='word_1_543' title='bbox 1919 3846 2157 3900; x_wconf 89' lang='lat' dir='ltr'><strong>Zoroba-</strong></span> 
     </span>
    </p>
   </div>
   <div class='ocr_carea' id='block_1_58' title="bbox 575 3924 2150 4003">
    <p class='ocr_par' dir='ltr' id='par_1_58' title="bbox 575 3924 2150 4003">
     <span class='ocr_line' id='line_1_59' title="bbox 575 3924 2150 4003; baseline 0.01 -25"><span class='ocrx_word' id='word_1_544' title='bbox 575 3924 686 3990; x_wconf 87' lang='lat' dir='ltr'><strong>bcl,</strong></span> <span class='ocrx_word' id='word_1_545' title='bbox 733 3924 1031 3982; x_wconf 84' lang='lat' dir='ltr'><strong>Zorobabel</strong></span> <span class='ocrx_word' id='word_1_546' title='bbox 1085 3931 1271 3998; x_wconf 89' lang='lat' dir='ltr'><strong>genuit</strong></span> <span class='ocrx_word' id='word_1_547' title='bbox 1309 3930 1515 3986; x_wconf 87' lang='lat' dir='ltr'><strong>Besam.</strong></span> <span class='ocrx_word' id='word_1_548' title='bbox 1573 3933 1704 3988; x_wconf 87' lang='lat' dir='ltr'><strong>Besa</strong></span> <span class='ocrx_word' id='word_1_549' title='bbox 1753 3937 1935 4003; x_wconf 88' lang='lat' dir='ltr'><strong>genuit</strong></span> <span class='ocrx_word' id='word_1_550' title='bbox 1979 3940 2150 3993; x_wconf 86' lang='lat' dir='ltr'><strong>Anna.</strong></span> 
     </span>
    </p>
   </div>
   <div class='ocr_carea' id='block_1_59' title="bbox 574 4018 2154 4098">
    <p class='ocr_par' dir='ltr' id='par_1_59' title="bbox 574 4018 2154 4098">
     <span class='ocr_line' id='line_1_60' title="bbox 574 4018 2154 4098; baseline 0.008 -26"><span class='ocrx_word' id='word_1_551' title='bbox 574 4018 726 4073; x_wconf 82' lang='lat' dir='ltr'><strong>Anna</strong></span> <span class='ocrx_word' id='word_1_552' title='bbox 759 4020 944 4089; x_wconf 80' lang='lat' dir='ltr'><strong>genuit</strong></span> <span class='ocrx_word' id='word_1_553' title='bbox 972 4020 1182 4075; x_wconf 87' lang='lat' dir='ltr'><strong>Judam.</strong></span> <span class='ocrx_word' id='word_1_554' title='bbox 1230 4021 1363 4077; x_wconf 77' lang='lat' dir='ltr'><strong>Iuda</strong></span> <span class='ocrx_word' id='word_1_555' title='bbox 1390 4025 1575 4094; x_wconf 91' lang='lat' dir='ltr'><strong>genuit</strong></span> <span class='ocrx_word' id='word_1_556' title='bbox 1609 4026 1805 4080; x_wconf 90' lang='lat' dir='ltr'><strong>Asech.</strong></span> <span class='ocrx_word' id='word_1_557' title='bbox 1845 4029 2016 4082; x_wconf 86' lang='lat' dir='ltr'><strong>Asech</strong></span> <span class='ocrx_word' id='word_1_558' title='bbox 2060 4045 2154 4098; x_wconf 89' lang='lat' dir='ltr'><strong>per</strong></span> 
     </span>
    </p>
   </div>
   <div class='ocr_carea' id='block_1_60' title="bbox 572 4108 2152 4185">
    <p class='ocr_par' dir='ltr' id='par_1_60' title="bbox 572 4108 2152 4185">
     <span class='ocr_line' id='line_1_61' title="bbox 572 4108 2152 4185; baseline 0.008 -20"><span class='ocrx_word' id='word_1_559' title='bbox 572 4108 732 4165; x_wconf 87' lang='lat' dir='ltr'><strong>Sech.</strong></span> <span class='ocrx_word' id='word_1_560' title='bbox 777 4149 793 4165; x_wconf 93' lang='lat'><strong>.</strong></span> <span class='ocrx_word' id='word_1_561' title='bbox 836 4150 852 4166; x_wconf 96' lang='lat'><strong>.</strong></span> <span class='ocrx_word' id='word_1_562' title='bbox 896 4150 910 4164; x_wconf 93' lang='lat'><strong>.</strong></span> <span class='ocrx_word' id='word_1_563' title='bbox 940 4112 1139 4167; x_wconf 81' lang='lat' dir='ltr'><strong>Mesen.</strong></span> <span class='ocrx_word' id='word_1_564' title='bbox 1171 4113 1348 4169; x_wconf 83' lang='lat' dir='ltr'><strong>Mesen</strong></span> <span class='ocrx_word' id='word_1_565' title='bbox 1377 4117 1863 4185; x_wconf 83' lang='lat' dir='ltr'><strong>genuitMathathi.</strong></span> <span class='ocrx_word' id='word_1_566' title='bbox 1892 4121 2152 4178; x_wconf 84' lang='lat' dir='ltr'><strong>Mathathi</strong></span> 
     </span>
    </p>
   </div>
   <div class='ocr_carea' id='block_1_61' title="bbox 570 4202 2150 4280">
    <p class='ocr_par' dir='ltr' id='par_1_61' title="bbox 570 4202 2150 4280">
     <span class='ocr_line' id='line_1_62' title="bbox 570 4202 2150 4280; baseline 0.006 -23"><span class='ocrx_word' id='word_1_567' title='bbox 570 4203 756 4273; x_wconf 89' lang='lat' dir='ltr'><strong>genuit</strong></span> <span class='ocrx_word' id='word_1_568' title='bbox 783 4202 1010 4258; x_wconf 85' lang='lat' dir='ltr'><strong>Nahum.</strong></span> <span class='ocrx_word' id='word_1_569' title='bbox 1040 4204 1245 4260; x_wconf 86' lang='lat' dir='ltr'><strong>Nahum</strong></span> <span class='ocrx_word' id='word_1_570' title='bbox 1264 4208 1447 4276; x_wconf 87' lang='lat' dir='ltr'><strong>genuit</strong></span> <span class='ocrx_word' id='word_1_571' title='bbox 1471 4207 1615 4263; x_wconf 84' lang='lat' dir='ltr'><strong>Jose.</strong></span> <span class='ocrx_word' id='word_1_572' title='bbox 1642 4208 1770 4265; x_wconf 84' lang='lat' dir='ltr'><strong>Jose</strong></span> <span class='ocrx_word' id='word_1_573' title='bbox 1795 4212 1979 4280; x_wconf 89' lang='lat' dir='ltr'><strong>genuit</strong></span> <span class='ocrx_word' id='word_1_574' title='bbox 2006 4213 2150 4268; x_wconf 87' lang='lat' dir='ltr'><strong>Gen-</strong></span> 
     </span>
    </p>
   </div>
   <div class='ocr_carea' id='block_1_62' title="bbox 570 4282 2155 4374">
    <p class='ocr_par' dir='ltr' id='par_1_62' title="bbox 570 4282 2155 4374">
     <span class='ocr_line' id='line_1_63' title="bbox 570 4282 2155 4374; baseline 0.007 -25"><span class='ocrx_word' id='word_1_575' title='bbox 570 4308 714 4350; x_wconf 89' lang='lat' dir='ltr'><strong>nem.</strong></span> <span class='ocrx_word' id='word_1_576' title='bbox 737 4295 975 4352; x_wconf 85' lang='lat' dir='ltr'><strong>Gennem</strong></span> <span class='ocrx_word' id='word_1_577' title='bbox 999 4299 1201 4366; x_wconf 90' lang='lat' dir='ltr'><strong>genuit.</strong></span> <span class='ocrx_word' id='word_1_578' title='bbox 1246 4339 1259 4352; x_wconf 98' lang='lat'><strong>.</strong></span> <span class='ocrx_word' id='word_1_579' title='bbox 1304 4340 1317 4353; x_wconf 95' lang='lat'><strong>.</strong></span> <span class='ocrx_word' id='word_1_580' title='bbox 1363 4339 1377 4354; x_wconf 95' lang='lat'><strong>.</strong></span> <span class='ocrx_word' id='word_1_581' title='bbox 1421 4339 1434 4353; x_wconf 93' lang='lat'><strong>.</strong></span> <span class='ocrx_word' id='word_1_582' title='bbox 1482 4282 1503 4355; x_wconf 18' lang='lat' dir='ltr'><strong>.i</strong></span> <span class='ocrx_word' id='word_1_583' title='bbox 1541 4338 1557 4355; x_wconf 93' lang='lat'>.</span> <span class='ocrx_word' id='word_1_584' title='bbox 1599 4341 1613 4355; x_wconf 97' lang='lat'><strong>.</strong></span> <span class='ocrx_word' id='word_1_585' title='bbox 1647 4302 1943 4358; x_wconf 87' lang='lat' dir='ltr'><strong>Levi.Levi</strong></span> <span class='ocrx_word' id='word_1_586' title='bbox 1968 4308 2155 4374; x_wconf 82' lang='lat' dir='ltr'><strong>genuit</strong></span> 
     </span>
    </p>
   </div>
   <div class='ocr_carea' id='block_1_63' title="bbox 568 4386 2148 4466">
    <p class='ocr_par' dir='ltr' id='par_1_63' title="bbox 568 4386 2148 4466">
     <span class='ocr_line' id='line_1_64' title="bbox 568 4386 2148 4466; baseline 0.009 -27"><span class='ocrx_word' id='word_1_587' title='bbox 568 4386 815 4441; x_wconf 89' lang='lat' dir='ltr'><strong>Natham.</strong></span> <span class='ocrx_word' id='word_1_588' title='bbox 849 4388 1071 4442; x_wconf 90' lang='lat' dir='ltr'><strong>Natham</strong></span> <span class='ocrx_word' id='word_1_589' title='bbox 1103 4393 1287 4459; x_wconf 88' lang='lat' dir='ltr'><strong>genuit</strong></span> <span class='ocrx_word' id='word_1_590' title='bbox 1324 4390 1428 4445; x_wconf 87' lang='lat' dir='ltr'><strong>Eli.</strong></span> <span class='ocrx_word' id='word_1_591' title='bbox 1475 4392 1555 4446; x_wconf 84' lang='lat' dir='ltr'><strong>Eli</strong></span> <span class='ocrx_word' id='word_1_592' title='bbox 1593 4396 1777 4462; x_wconf 88' lang='lat' dir='ltr'><strong>genuit</strong></span> <span class='ocrx_word' id='word_1_593' title='bbox 1814 4395 2032 4466; x_wconf 74' lang='lat' dir='ltr'><strong>Ioseph.</strong></span> <span class='ocrx_word' id='word_1_594' title='bbox 2060 4398 2148 4452; x_wconf 74' lang='grc' dir='ltr'><strong>,Ιο-</strong></span> 
     </span>
    </p>
   </div>
   <div class='ocr_carea' id='block_1_64' title="bbox 569 4478 2148 4555">
    <p class='ocr_par' dir='ltr' id='par_1_64' title="bbox 569 4478 2148 4555">
     <span class='ocr_line' id='line_1_65' title="bbox 569 4478 2148 4555; baseline 0.009 -22"><span class='ocrx_word' id='word_1_595' title='bbox 569 4478 701 4547; x_wconf 81' lang='lat' dir='ltr'><strong>seph</strong></span> <span class='ocrx_word' id='word_1_596' title='bbox 730 4478 994 4533; x_wconf 85' lang='lat' dir='ltr'><strong>Joachim.</strong></span> <span class='ocrx_word' id='word_1_597' title='bbox 1027 4483 1269 4536; x_wconf 82' lang='lat' dir='ltr'><strong>Joachim</strong></span> <span class='ocrx_word' id='word_1_598' title='bbox 1298 4495 1473 4539; x_wconf 90' lang='lat' dir='ltr'><strong>autem</strong></span> <span class='ocrx_word' id='word_1_599' title='bbox 1508 4489 1696 4555; x_wconf 91' lang='lat' dir='ltr'><strong>genuit</strong></span> <span class='ocrx_word' id='word_1_600' title='bbox 1738 4489 1976 4545; x_wconf 87' lang='lat' dir='ltr'><strong>Mariam.</strong></span> <span class='ocrx_word' id='word_1_601' title='bbox 2024 4492 2148 4547; x_wconf 70' lang='lat' dir='ltr'><strong>Ilzec</strong></span> 
     </span>
    </p>
   </div>
   <div class='ocr_carea' id='block_1_65' title="bbox 567 4569 2144 4644">
    <p class='ocr_par' dir='ltr' id='par_1_65' title="bbox 567 4569 2144 4644">
     <span class='ocr_line' id='line_1_66' title="bbox 567 4569 2144 4644; baseline 0.01 -21"><span class='ocrx_word' id='word_1_602' title='bbox 567 4577 650 4623; x_wconf 89' lang='lat' dir='ltr'><strong>est</strong></span> <span class='ocrx_word' id='word_1_603' title='bbox 671 4569 832 4623; x_wconf 87' lang='lat' dir='ltr'><strong>Maria</strong></span> <span class='ocrx_word' id='word_1_604' title='bbox 859 4570 1025 4624; x_wconf 88' lang='lat' dir='ltr'><strong>Mater</strong></span> <span class='ocrx_word' id='word_1_605' title='bbox 1057 4572 1288 4637; x_wconf 88' lang='lat' dir='ltr'><strong>Domini,</strong></span> <span class='ocrx_word' id='word_1_606' title='bbox 1336 4588 1400 4628; x_wconf 83' lang='lat' dir='ltr'><strong>ex</strong></span> <span class='ocrx_word' id='word_1_607' title='bbox 1426 4591 1527 4644; x_wconf 83' lang='lat' dir='ltr'><strong>qua</strong></span> <span class='ocrx_word' id='word_1_608' title='bbox 1570 4586 1726 4632; x_wconf 91' lang='lat' dir='ltr'><strong>natus</strong></span> <span class='ocrx_word' id='word_1_609' title='bbox 1770 4588 1851 4633; x_wconf 91' lang='lat' dir='ltr'><strong>est</strong></span> <span class='ocrx_word' id='word_1_610' title='bbox 1901 4581 2144 4638; x_wconf 86' lang='lat' dir='ltr'><strong>Salvator</strong></span> 
     </span>
    </p>
   </div>
   <div class='ocr_carea' id='block_1_66' title="bbox 566 4662 2140 4746">
    <p class='ocr_par' dir='ltr' id='par_1_66' title="bbox 566 4662 2140 4746">
     <span class='ocr_line' id='line_1_67' title="bbox 566 4662 2140 4746; baseline 0.011 -30"><span class='ocrx_word' id='word_1_611' title='bbox 566 4676 708 4718; x_wconf 87' lang='lat' dir='ltr'><strong>anno</strong></span> <span class='ocrx_word' id='word_1_612' title='bbox 737 4662 1144 4732; x_wconf 76' lang='lat' dir='ltr'><strong>quadragesimo</strong></span> <span class='ocrx_word' id='word_1_613' title='bbox 1174 4666 1348 4735; x_wconf 80' lang='lat' dir='ltr'><strong>primo</strong></span> <span class='ocrx_word' id='word_1_614' title='bbox 1389 4668 1599 4738; x_wconf 91' lang='lat' dir='ltr'><strong>imperii</strong></span> <span class='ocrx_word' id='word_1_615' title='bbox 1641 4672 1862 4742; x_wconf 84' lang='lat' dir='ltr'><strong>Augusti</strong></span> <span class='ocrx_word' id='word_1_616' title='bbox 1908 4676 2140 4746; x_wconf 88' lang='lat' dir='ltr'><strong>Impera-</strong></span> 
     </span>
    </p>
   </div>
   <div class='ocr_carea' id='block_1_67' title="bbox 567 4755 2141 4840">
    <p class='ocr_par' dir='ltr' id='par_1_67' title="bbox 567 4755 2141 4840">
     <span class='ocr_line' id='line_1_68' title="bbox 567 4755 2141 4840; baseline 0.011 -31"><span class='ocrx_word' id='word_1_617' title='bbox 567 4755 718 4812; x_wconf 88' lang='lat' dir='ltr'><strong>toris.</strong></span> <span class='ocrx_word' id='word_1_618' title='bbox 752 4756 1064 4826; x_wconf 80' lang='lat' dir='ltr'><strong>Supervixit</strong></span> <span class='ocrx_word' id='word_1_619' title='bbox 1092 4767 1266 4815; x_wconf 89' lang='lat' dir='ltr'><strong>autem</strong></span> <span class='ocrx_word' id='word_1_620' title='bbox 1293 4762 1561 4831; x_wconf 87' lang='lat' dir='ltr'><strong>Augustus</strong></span> <span class='ocrx_word' id='word_1_621' title='bbox 1583 4765 1650 4819; x_wconf 90' lang='lat' dir='ltr'><strong>ab</strong></span> <span class='ocrx_word' id='word_1_622' title='bbox 1670 4782 1810 4821; x_wconf 93' lang='lat' dir='ltr'><strong>anno</strong></span> <span class='ocrx_word' id='word_1_623' title='bbox 1840 4768 1891 4823; x_wconf 91' lang='lat' dir='ltr'><strong>in</strong></span> <span class='ocrx_word' id='word_1_624' title='bbox 1920 4786 2024 4840; x_wconf 92' lang='lat' dir='ltr'><strong>quo</strong></span> <span class='ocrx_word' id='word_1_625' title='bbox 2048 4787 2141 4827; x_wconf 90' lang='lat' dir='ltr'><strong>na-</strong></span> 
     </span>
    </p>
   </div>
   <div class='ocr_carea' id='block_1_68' title="bbox 565 4850 2138 4919">
    <p class='ocr_par' dir='ltr' id='par_1_68' title="bbox 565 4850 2138 4919">
     <span class='ocr_line' id='line_1_69' title="bbox 565 4850 2138 4919; baseline 0.01 -16"><span class='ocrx_word' id='word_1_626' title='bbox 565 4855 648 4905; x_wconf 89' lang='lat' dir='ltr'><strong>tus</strong></span> <span class='ocrx_word' id='word_1_627' title='bbox 678 4858 762 4904; x_wconf 92' lang='lat' dir='ltr'><strong>est</strong></span> <span class='ocrx_word' id='word_1_628' title='bbox 791 4850 1048 4907; x_wconf 90' lang='lat' dir='ltr'><strong>Dominus</strong></span> <span class='ocrx_word' id='word_1_629' title='bbox 1076 4851 1324 4909; x_wconf 89' lang='lat' dir='ltr'><strong>Christus</strong></span> <span class='ocrx_word' id='word_1_630' title='bbox 1359 4870 1528 4911; x_wconf 88' lang='lat' dir='ltr'><strong>annos</strong></span> <span class='ocrx_word' id='word_1_631' title='bbox 1562 4874 1650 4912; x_wconf 84' lang='lat' dir='ltr'><strong>xv.</strong></span> <span class='ocrx_word' id='word_1_632' title='bbox 1704 4860 1836 4916; x_wconf 90' lang='lat' dir='ltr'><strong>lluic</strong></span> <span class='ocrx_word' id='word_1_633' title='bbox 1880 4865 2138 4919; x_wconf 86' lang='lat' dir='ltr'><strong>successit</strong></span> 
     </span>
    </p>
   </div>
   <div class='ocr_carea' id='block_1_69' title="bbox 565 4939 2138 5019">
    <p class='ocr_par' dir='ltr' id='par_1_69' title="bbox 565 4939 2138 5019">
     <span class='ocr_line' id='line_1_70' title="bbox 565 4939 2138 5019; baseline 0.01 -25"><span class='ocrx_word' id='word_1_634' title='bbox 565 4939 813 4996; x_wconf 88' lang='lat' dir='ltr'><strong>Tiberius</strong></span> <span class='ocrx_word' id='word_1_635' title='bbox 837 4942 1015 4997; x_wconf 59' lang='lat' dir='ltr'><strong>Caesar</strong></span> <span class='ocrx_word' id='word_1_636' title='bbox 1044 4945 1194 5013; x_wconf 87' lang='lat' dir='ltr'><strong>cujus</strong></span> <span class='ocrx_word' id='word_1_637' title='bbox 1222 4960 1363 5002; x_wconf 89' lang='lat' dir='ltr'><strong>anno</strong></span> <span class='ocrx_word' id='word_1_638' title='bbox 1401 4964 1508 5003; x_wconf 77' lang='lat' dir='ltr'><strong>xvi.</strong></span> <span class='ocrx_word' id='word_1_639' title='bbox 1540 4964 1726 5019; x_wconf 84' lang='lat' dir='ltr'><strong>passus</strong></span> <span class='ocrx_word' id='word_1_640' title='bbox 1758 4961 1841 5007; x_wconf 92' lang='lat' dir='ltr'><strong>est</strong></span> <span class='ocrx_word' id='word_1_641' title='bbox 1883 4955 2138 5010; x_wconf 89' lang='lat' dir='ltr'><strong>Dominus</strong></span> 
     </span>
    </p>
   </div>
   <div class='ocr_carea' id='block_1_70' title="bbox 562 5033 2132 5117">
    <p class='ocr_par' dir='ltr' id='par_1_70' title="bbox 562 5033 2132 5117">
     <span class='ocr_line' id='line_1_71' title="bbox 562 5033 2132 5117; baseline 0.008 -28"><span class='ocrx_word' id='word_1_642' title='bbox 562 5033 809 5089; x_wconf 89' lang='lat' dir='ltr'><strong>Christus</strong></span> <span class='ocrx_word' id='word_1_643' title='bbox 830 5036 979 5089; x_wconf 84' lang='lat' dir='ltr'><strong>Anna</strong></span> <span class='ocrx_word' id='word_1_644' title='bbox 1009 5046 1062 5089; x_wconf 91' lang='lat' dir='ltr'><strong>et</strong></span> <span class='ocrx_word' id='word_1_645' title='bbox 1088 5036 1289 5117; x_wconf 82' lang='lat' dir='ltr'><strong>Caipha</strong></span> <span class='ocrx_word' id='word_1_646' title='bbox 1328 5041 1715 5099; x_wconf 86' lang='lat' dir='ltr'><strong>sacerdotibus.</strong></span> <span class='ocrx_word' id='word_1_647' title='bbox 1763 5044 1864 5102; x_wconf 84' lang='lat' dir='ltr'><strong>llic</strong></span> <span class='ocrx_word' id='word_1_648' title='bbox 1893 5047 2132 5102; x_wconf 87' lang='lat' dir='ltr'><strong>conclusi</strong></span> 
     </span>
    </p>
   </div>
   <div class='ocr_carea' id='block_1_71' title="bbox 560 5121 1777 5191">
    <p class='ocr_par' dir='ltr' id='par_1_71' title="bbox 560 5121 1777 5191">
     <span class='ocr_line' id='line_1_72' title="bbox 560 5121 1777 5191; baseline 0.007 -16"><span class='ocrx_word' id='word_1_649' title='bbox 560 5128 687 5177; x_wconf 91' lang='lat' dir='ltr'><strong>sunt</strong></span> <span class='ocrx_word' id='word_1_650' title='bbox 714 5121 840 5175; x_wconf 89' lang='lat' dir='ltr'><strong>anni</strong></span> <span class='ocrx_word' id='word_1_651' title='bbox 868 5121 1142 5191; x_wconf 90' lang='lat' dir='ltr'><strong>quingenti</strong></span> <span class='ocrx_word' id='word_1_652' title='bbox 1174 5140 1346 5179; x_wconf 80' lang='lat' dir='ltr'><strong>Lxxtv.</strong></span> <span class='ocrx_word' id='word_1_653' title='bbox 1382 5126 1512 5181; x_wconf 90' lang='lat' dir='ltr'><strong>inibi</strong></span> <span class='ocrx_word' id='word_1_654' title='bbox 1540 5128 1777 5185; x_wconf 85' lang='lat' dir='ltr'><strong>Cassius.</strong></span> 
     </span>
    </p>
   </div>
   <div class='ocr_carea' id='block_1_72' title="bbox 559 5212 2133 5286">
    <p class='ocr_par' dir='ltr' id='par_1_72' title="bbox 559 5212 2133 5286">
     <span class='ocr_line' id='line_1_73' title="bbox 559 5212 2133 5286; baseline 0.008 -16"><span class='ocrx_word' id='word_1_655' title='bbox 559 5215 748 5271; x_wconf 87' lang='lat' dir='ltr'><strong>Ganiel</strong></span> <span class='ocrx_word' id='word_1_656' title='bbox 775 5228 941 5283; x_wconf 83' lang='lat' dir='ltr'><strong>usque</strong></span> <span class='ocrx_word' id='word_1_657' title='bbox 957 5217 1021 5271; x_wconf 89' lang='lat' dir='ltr'><strong>ad</strong></span> <span class='ocrx_word' id='word_1_658' title='bbox 1048 5219 1348 5286; x_wconf 87' lang='lat' dir='ltr'><strong>passionem</strong></span> <span class='ocrx_word' id='word_1_659' title='bbox 1372 5218 1577 5274; x_wconf 90' lang='lat' dir='ltr'><strong>Domini</strong></span> <span class='ocrx_word' id='word_1_660' title='bbox 1605 5212 1769 5277; x_wconf 79' lang='lat' dir='ltr'><strong>uestri</strong></span> <span class='ocrx_word' id='word_1_661' title='bbox 1791 5223 1953 5279; x_wconf 86' lang='lat' dir='ltr'><strong>.Ihesu</strong></span> <span class='ocrx_word' id='word_1_662' title='bbox 1976 5225 2133 5282; x_wconf 90' lang='lat' dir='ltr'><strong>Chri-</strong></span> 
     </span>
    </p>
   </div>
   <div class='ocr_carea' id='block_1_73' title="bbox 556 5307 2131 5387">
    <p class='ocr_par' dir='ltr' id='par_1_73' title="bbox 556 5307 2131 5387">
     <span class='ocr_line' id='line_1_74' title="bbox 556 5307 2131 5387; baseline 0.009 -27"><span class='ocrx_word' id='word_1_663' title='bbox 556 5307 714 5363; x_wconf 88' lang='lat' dir='ltr'><strong>stiab</strong></span> <span class='ocrx_word' id='word_1_664' title='bbox 744 5307 1029 5373; x_wconf 84' lang='lat' dir='ltr'><strong>undecimo</strong></span> <span class='ocrx_word' id='word_1_665' title='bbox 1067 5324 1207 5362; x_wconf 92' lang='lat' dir='ltr'><strong>anno</strong></span> <span class='ocrx_word' id='word_1_666' title='bbox 1233 5309 1476 5365; x_wconf 87' lang='lat' dir='ltr'><strong>Joachim</strong></span> <span class='ocrx_word' id='word_1_667' title='bbox 1528 5314 1670 5383; x_wconf 90' lang='lat' dir='ltr'><strong>regis</strong></span> <span class='ocrx_word' id='word_1_668' title='bbox 1710 5315 1851 5370; x_wconf 91' lang='lat' dir='ltr'><strong>idem</strong></span> <span class='ocrx_word' id='word_1_669' title='bbox 1888 5332 1917 5371; x_wconf 91' lang='lat' dir='ltr'><strong>a</strong></span> <span class='ocrx_word' id='word_1_670' title='bbox 1959 5320 2131 5387; x_wconf 91' lang='lat' dir='ltr'><strong>primo</strong></span> 
     </span>
    </p>
   </div>
   <div class='ocr_carea' id='block_1_74' title="bbox 558 5402 2129 5479">
    <p class='ocr_par' dir='ltr' id='par_1_74' title="bbox 558 5402 2129 5479">
     <span class='ocr_line' id='line_1_75' title="bbox 558 5402 2129 5479; baseline 0.009 -27"><span class='ocrx_word' id='word_1_671' title='bbox 558 5415 699 5454; x_wconf 84' lang='lat' dir='ltr'><strong>anno</strong></span> <span class='ocrx_word' id='word_1_672' title='bbox 725 5402 1053 5471; x_wconf 86' lang='lat' dir='ltr'><strong>captivitatis</strong></span> <span class='ocrx_word' id='word_1_673' title='bbox 1094 5402 1423 5459; x_wconf 83' lang='lat' dir='ltr'><strong>Hierusalem</strong></span> <span class='ocrx_word' id='word_1_674' title='bbox 1457 5413 1511 5459; x_wconf 90' lang='lat' dir='ltr'><strong>et</strong></span> <span class='ocrx_word' id='word_1_675' title='bbox 1548 5407 1785 5462; x_wconf 79' lang='lat' dir='ltr'><strong>.Icconia:</strong></span> <span class='ocrx_word' id='word_1_676' title='bbox 1834 5408 1929 5462; x_wconf 80' lang='lat' dir='ltr'><strong>filii</strong></span> <span class='ocrx_word' id='word_1_677' title='bbox 1958 5411 2073 5479; x_wconf 85' lang='lat' dir='ltr'><strong>ejus</strong></span> <span class='ocrx_word' id='word_1_678' title='bbox 2099 5426 2129 5467; x_wconf 88' lang='lat' dir='ltr'><strong>a</strong></span> 
     </span>
    </p>
   </div>
   <div class='ocr_carea' id='block_1_75' title="bbox 558 5494 2129 5568">
    <p class='ocr_par' dir='ltr' id='par_1_75' title="bbox 558 5494 2129 5568">
     <span class='ocr_line' id='line_1_76' title="bbox 558 5494 2129 5568; baseline 0.01 -24"><span class='ocrx_word' id='word_1_679' title='bbox 558 5494 803 5557; x_wconf 84' lang='lat' dir='ltr'><strong>passione</strong></span> <span class='ocrx_word' id='word_1_680' title='bbox 836 5502 1015 5549; x_wconf 90' lang='lat' dir='ltr'><strong>autem</strong></span> <span class='ocrx_word' id='word_1_681' title='bbox 1059 5494 1271 5549; x_wconf 93' lang='lat' dir='ltr'><strong>Domini</strong></span> <span class='ocrx_word' id='word_1_682' title='bbox 1302 5511 1471 5567; x_wconf 89' lang='lat' dir='ltr'><strong>usque</strong></span> <span class='ocrx_word' id='word_1_683' title='bbox 1492 5498 1868 5568; x_wconf 81' lang='lat' dir='ltr'><strong>Apostolorum</strong></span> <span class='ocrx_word' id='word_1_684' title='bbox 1900 5500 2043 5557; x_wconf 82' lang='lat' dir='ltr'><strong>Petri</strong></span> <span class='ocrx_word' id='word_1_685' title='bbox 2075 5512 2129 5559; x_wconf 89' lang='lat' dir='ltr'><strong>et</strong></span> 
     </span>
    </p>
   </div>
   <div class='ocr_carea' id='block_1_76' title="bbox 557 5581 2121 5655">
    <p class='ocr_par' dir='ltr' id='par_1_76' title="bbox 557 5581 2121 5655">
     <span class='ocr_line' id='line_1_77' title="bbox 557 5581 2121 5655; baseline 0.01 -20"><span class='ocrx_word' id='word_1_686' title='bbox 557 5581 705 5635; x_wconf 85' lang='lat' dir='ltr'><strong>Pauli</strong></span> <span class='ocrx_word' id='word_1_687' title='bbox 732 5596 902 5638; x_wconf 91' lang='lat' dir='ltr'><strong>annos</strong></span> <span class='ocrx_word' id='word_1_688' title='bbox 928 5600 1113 5639; x_wconf 77' lang='lat' dir='ltr'><strong>xxvut;</strong></span> <span class='ocrx_word' id='word_1_689' title='bbox 1136 5588 1278 5655; x_wconf 86' lang='lat' dir='ltr'><strong>passi</strong></span> <span class='ocrx_word' id='word_1_690' title='bbox 1308 5587 1519 5642; x_wconf 85' lang='lat' dir='ltr'><strong>Nerone</strong></span> <span class='ocrx_word' id='word_1_691' title='bbox 1547 5588 1648 5644; x_wconf 67' lang='lat' dir='ltr'><strong>bis.</strong></span> <span class='ocrx_word' id='word_1_692' title='bbox 1694 5629 1707 5641; x_wconf 95' lang='lat'><strong>.</strong></span> <span class='ocrx_word' id='word_1_693' title='bbox 1755 5627 1769 5642; x_wconf 95' lang='lat'><strong>.</strong></span> <span class='ocrx_word' id='word_1_694' title='bbox 1812 5632 1823 5643; x_wconf 95' lang='lat'><strong>.</strong></span> <span class='ocrx_word' id='word_1_695' title='bbox 1870 5629 1883 5643; x_wconf 95' lang='lat'><strong>.</strong></span> <span class='ocrx_word' id='word_1_696' title='bbox 1926 5630 1943 5648; x_wconf 92' lang='lat'><strong>.</strong></span> <span class='ocrx_word' id='word_1_697' title='bbox 1986 5634 2000 5648; x_wconf 94' lang='lat'><strong>.</strong></span> <span class='ocrx_word' id='word_1_698' title='bbox 2046 5634 2059 5649; x_wconf 94' lang='lat'><strong>.</strong></span> <span class='ocrx_word' id='word_1_699' title='bbox 2109 5636 2121 5650; x_wconf 93' lang='lat'><strong>.</strong></span> 
     </span>
    </p>
   </div>
   <div class='ocr_carea' id='block_1_77' title="bbox 558 5676 2126 5751">
    <p class='ocr_par' dir='ltr' id='par_1_77' title="bbox 558 5676 2126 5751">
     <span class='ocr_line' id='line_1_78' title="bbox 558 5676 2126 5751; baseline 0.011 -27"><span class='ocrx_word' id='word_1_700' title='bbox 558 5709 573 5725; x_wconf 96' lang='lat'><strong>.</strong></span> <span class='ocrx_word' id='word_1_701' title='bbox 620 5712 633 5725; x_wconf 97' lang='lat'><strong>.</strong></span> <span class='ocrx_word' id='word_1_702' title='bbox 676 5710 690 5724; x_wconf 95' lang='lat'><strong>.</strong></span> <span class='ocrx_word' id='word_1_703' title='bbox 726 5676 895 5740; x_wconf 90' lang='lat' dir='ltr'><strong>prima</strong></span> <span class='ocrx_word' id='word_1_704' title='bbox 923 5676 1054 5733; x_wconf 90' lang='lat' dir='ltr'><strong>haec</strong></span> <span class='ocrx_word' id='word_1_705' title='bbox 1095 5678 1196 5731; x_wconf 79' lang='lat' dir='ltr'><strong>fuit</strong></span> <span class='ocrx_word' id='word_1_706' title='bbox 1226 5678 1560 5751; x_wconf 90' lang='lat' dir='ltr'><strong>Neronisque</strong></span> <span class='ocrx_word' id='word_1_707' title='bbox 1599 5682 1792 5737; x_wconf 91' lang='lat' dir='ltr'><strong>iterum</strong></span> <span class='ocrx_word' id='word_1_708' title='bbox 1827 5682 2001 5740; x_wconf 81' lang='lat' dir='ltr'><strong>futura</strong></span> <span class='ocrx_word' id='word_1_709' title='bbox 2028 5688 2126 5742; x_wconf 91' lang='lat' dir='ltr'><strong>sub</strong></span> 
     </span>
    </p>
   </div>
   <div class='ocr_carea' id='block_1_78' title="bbox 555 5762 2125 5843">
    <p class='ocr_par' dir='ltr' id='par_1_78' title="bbox 555 5762 2125 5843">
     <span class='ocr_line' id='line_1_79' title="bbox 555 5762 2125 5843; baseline 0.01 -27"><span class='ocrx_word' id='word_1_710' title='bbox 555 5762 739 5819; x_wconf 82' lang='lat' dir='ltr'><strong>Enoch</strong></span> <span class='ocrx_word' id='word_1_711' title='bbox 762 5772 817 5819; x_wconf 89' lang='lat' dir='ltr'><strong>et</strong></span> <span class='ocrx_word' id='word_1_712' title='bbox 847 5764 1016 5821; x_wconf 87' lang='lat' dir='ltr'><strong>lIelia.</strong></span> <span class='ocrx_word' id='word_1_713' title='bbox 1051 5769 1147 5823; x_wconf 81' lang='lat' dir='ltr'><strong>llic</strong></span> <span class='ocrx_word' id='word_1_714' title='bbox 1178 5770 1316 5825; x_wconf 89' lang='lat' dir='ltr'><strong>Nero</strong></span> <span class='ocrx_word' id='word_1_715' title='bbox 1351 5772 1463 5840; x_wconf 90' lang='lat' dir='ltr'><strong>ipse</strong></span> <span class='ocrx_word' id='word_1_716' title='bbox 1486 5783 1587 5839; x_wconf 83' lang='lat' dir='ltr'><strong>est,</strong></span> <span class='ocrx_word' id='word_1_717' title='bbox 1619 5773 1770 5843; x_wconf 89' lang='lat' dir='ltr'><strong>cujus</strong></span> <span class='ocrx_word' id='word_1_718' title='bbox 1792 5790 1982 5831; x_wconf 90' lang='lat' dir='ltr'><strong>nomen</strong></span> <span class='ocrx_word' id='word_1_719' title='bbox 2011 5778 2125 5831; x_wconf 88' lang='lat' dir='ltr'><strong>La—</strong></span> 
     </span>
    </p>
   </div>
   <div class='ocr_carea' id='block_1_79' title="bbox 557 5852 2125 5933">
    <p class='ocr_par' dir='ltr' id='par_1_79' title="bbox 557 5852 2125 5933">
     <span class='ocr_line' id='line_1_80' title="bbox 557 5852 2125 5933; baseline 0.012 -26"><span class='ocrx_word' id='word_1_720' title='bbox 557 5852 763 5933; x_wconf 84' lang='lat' dir='ltr'><strong>banius.</strong></span> <span class='ocrx_word' id='word_1_721' title='bbox 809 5897 825 5913; x_wconf 96' lang='lat'><strong>.</strong></span> <span class='ocrx_word' id='word_1_722' title='bbox 868 5896 881 5911; x_wconf 93' lang='lat'><strong>.</strong></span> <span class='ocrx_word' id='word_1_723' title='bbox 930 5897 943 5912; x_wconf 96' lang='lat'><strong>.</strong></span> <span class='ocrx_word' id='word_1_724' title='bbox 990 5864 1697 5921; x_wconf 85' lang='lat' dir='ltr'><strong>.vucavitsescentidccem</strong></span> <span class='ocrx_word' id='word_1_725' title='bbox 1729 5868 1887 5923; x_wconf 85' lang='lat' dir='ltr'><strong>sexis.</strong></span> <span class='ocrx_word' id='word_1_726' title='bbox 1923 5866 2018 5925; x_wconf 76' lang='lat' dir='ltr'><strong>H?c</strong></span> <span class='ocrx_word' id='word_1_727' title='bbox 2040 5884 2125 5925; x_wconf 90' lang='lat' dir='ltr'><strong>sa-</strong></span> 
     </span>
    </p>
   </div>
   <div class='ocr_carea' id='block_1_80' title="bbox 2182 3260 3013 3333">
    <p class='ocr_par' dir='ltr' id='par_1_80' title="bbox 2182 3260 3013 3333">
     <span class='ocr_line' id='line_1_81' title="bbox 2182 3260 3013 3333; baseline -0.001 0"><span class='ocrx_word' id='word_1_728' title='bbox 2182 3260 2230 3325; x_wconf 80' lang='lat' dir='ltr'><strong>C</strong></span> <span class='ocrx_word' id='word_1_729' title='bbox 2260 3279 2444 3333; x_wconf 86' lang='lat' dir='ltr'><strong>siauus</strong></span> <span class='ocrx_word' id='word_1_730' title='bbox 2470 3277 2685 3331; x_wconf 90' lang='lat' dir='ltr'><strong>diaconi</strong></span> <span class='ocrx_word' id='word_1_731' title='bbox 2726 3279 2895 3333; x_wconf 86' lang='lat' dir='ltr'><strong>urbis.</strong></span> <span class='ocrx_word' id='word_1_732' title='bbox 2940 3317 2954 3331; x_wconf 96' lang='lat'><strong>.</strong></span> <span class='ocrx_word' id='word_1_733' title='bbox 3000 3318 3013 3332; x_wconf 94' lang='lat'><strong>.</strong></span> 
     </span>
    </p>
   </div>
   <div class='ocr_carea' id='block_1_81' title="bbox 2262 2631 3837 2703">
    <p class='ocr_par' dir='ltr' id='par_1_81' title="bbox 2262 2631 3837 2703">
     <span class='ocr_line' id='line_1_82' title="bbox 2262 2631 3837 2703; baseline 0.004 -20"><span class='ocrx_word' id='word_1_734' title='bbox 2262 2632 2453 2699; x_wconf 90' lang='lat' dir='ltr'><strong>taginis</strong></span> <span class='ocrx_word' id='word_1_735' title='bbox 2474 2631 2757 2703; x_wconf 91' lang='lat' dir='ltr'><strong>episcopus</strong></span> <span class='ocrx_word' id='word_1_736' title='bbox 2790 2631 2909 2686; x_wconf 78' lang='lat' dir='ltr'><strong>fuit.</strong></span> <span class='ocrx_word' id='word_1_737' title='bbox 2946 2632 3055 2687; x_wconf 91' lang='lat' dir='ltr'><strong>Sub</strong></span> <span class='ocrx_word' id='word_1_738' title='bbox 3087 2634 3203 2702; x_wconf 91' lang='lat' dir='ltr'><strong>ipso</strong></span> <span class='ocrx_word' id='word_1_739' title='bbox 3232 2634 3393 2688; x_wconf 90' lang='lat' dir='ltr'><strong>Decio</strong></span> <span class='ocrx_word' id='word_1_740' title='bbox 3415 2635 3556 2703; x_wconf 88' lang='lat' dir='ltr'><strong>passi</strong></span> <span class='ocrx_word' id='word_1_741' title='bbox 3586 2644 3706 2689; x_wconf 92' lang='lat' dir='ltr'><strong>sunt</strong></span> <span class='ocrx_word' id='word_1_742' title='bbox 3731 2634 3837 2688; x_wconf 61' lang='lat' dir='ltr'><strong>Ro.</strong></span> 
     </span>
    </p>
   </div>
   <div class='ocr_carea' id='block_1_82' title="bbox 2261 2723 3838 2796">
    <p class='ocr_par' dir='ltr' id='par_1_82' title="bbox 2261 2723 3838 2796">
     <span class='ocr_line' id='line_1_83' title="bbox 2261 2723 3838 2796; baseline 0.006 -22"><span class='ocrx_word' id='word_1_743' title='bbox 2261 2736 2381 2775; x_wconf 82' lang='lat' dir='ltr'><strong>mae</strong></span> <span class='ocrx_word' id='word_1_744' title='bbox 2422 2723 2759 2792; x_wconf 87' lang='lat' dir='ltr'><strong>sempronius</strong></span> <span class='ocrx_word' id='word_1_745' title='bbox 2797 2723 2931 2778; x_wconf 77' lang='lat' dir='ltr'><strong>Iuli.</strong></span> <span class='ocrx_word' id='word_1_746' title='bbox 2978 2764 2991 2776; x_wconf 96' lang='lat'><strong>.</strong></span> <span class='ocrx_word' id='word_1_747' title='bbox 3038 2764 3050 2776; x_wconf 94' lang='lat'><strong>.</strong></span> <span class='ocrx_word' id='word_1_748' title='bbox 3087 2733 3237 2793; x_wconf 89' lang='lat' dir='ltr'><strong>pater</strong></span> <span class='ocrx_word' id='word_1_749' title='bbox 3265 2726 3544 2781; x_wconf 79' lang='lat' dir='ltr'><strong>Montanus</strong></span> <span class='ocrx_word' id='word_1_750' title='bbox 3577 2741 3743 2796; x_wconf 84' lang='lat' dir='ltr'><strong>usque</strong></span> <span class='ocrx_word' id='word_1_751' title='bbox 3771 2727 3838 2784; x_wconf 85' lang='lat' dir='ltr'><strong>ad</strong></span> 
     </span>
    </p>
   </div>
   <div class='ocr_carea' id='block_1_83' title="bbox 2264 2814 3837 2877">
    <p class='ocr_par' dir='ltr' id='par_1_83' title="bbox 2264 2814 3837 2877">
     <span class='ocr_line' id='line_1_84' title="bbox 2264 2814 3837 2877; baseline 0.006 -10"><span class='ocrx_word' id='word_1_752' title='bbox 2264 2814 2600 2870; x_wconf 84' lang='lat' dir='ltr'><strong>Valerianum</strong></span> <span class='ocrx_word' id='word_1_753' title='bbox 2632 2819 2788 2871; x_wconf 88' lang='lat' dir='ltr'><strong>annis</strong></span> <span class='ocrx_word' id='word_1_754' title='bbox 2818 2828 2943 2872; x_wconf 90' lang='lat' dir='ltr'><strong>sunt</strong></span> <span class='ocrx_word' id='word_1_755' title='bbox 2977 2834 3069 2873; x_wconf 79' lang='lat' dir='ltr'><strong>vit.</strong></span> <span class='ocrx_word' id='word_1_756' title='bbox 3117 2859 3130 2873; x_wconf 94' lang='lat'><strong>.</strong></span> <span class='ocrx_word' id='word_1_757' title='bbox 3179 2860 3191 2875; x_wconf 95' lang='lat'><strong>.</strong></span> <span class='ocrx_word' id='word_1_758' title='bbox 3236 2862 3248 2874; x_wconf 93' lang='lat'><strong>.</strong></span> <span class='ocrx_word' id='word_1_759' title='bbox 3296 2859 3309 2872; x_wconf 93' lang='lat'><strong>.</strong></span> <span class='ocrx_word' id='word_1_760' title='bbox 3352 2859 3369 2875; x_wconf 91' lang='lat'><strong>.</strong></span> <span class='ocrx_word' id='word_1_761' title='bbox 3410 2859 3426 2876; x_wconf 97' lang='lat'><strong>.</strong></span> <span class='ocrx_word' id='word_1_762' title='bbox 3471 2861 3484 2874; x_wconf 97' lang='lat'><strong>.</strong></span> <span class='ocrx_word' id='word_1_763' title='bbox 3530 2861 3544 2876; x_wconf 98' lang='lat'><strong>.</strong></span> <span class='ocrx_word' id='word_1_764' title='bbox 3588 2863 3601 2875; x_wconf 94' lang='lat'><strong>.</strong></span> <span class='ocrx_word' id='word_1_765' title='bbox 3648 2862 3661 2875; x_wconf 95' lang='lat'><strong>.</strong></span> <span class='ocrx_word' id='word_1_766' title='bbox 3702 2860 3717 2874; x_wconf 95' lang='lat'><strong>.</strong></span> <span class='ocrx_word' id='word_1_767' title='bbox 3763 2862 3778 2875; x_wconf 93' lang='lat'><strong>.</strong></span> <span class='ocrx_word' id='word_1_768' title='bbox 3818 2860 3837 2877; x_wconf 91' lang='lat'><strong>.</strong></span> 
     </span>
    </p>
   </div>
   <div class='ocr_carea' id='block_1_84' title="bbox 2261 2907 3837 2979">
    <p class='ocr_par' dir='ltr' id='par_1_84' title="bbox 2261 2907 3837 2979">
     <span class='ocr_line' id='line_1_85' title="bbox 2261 2907 3837 2979; baseline 0.005 -18"><span class='ocrx_word' id='word_1_769' title='bbox 2261 2915 2314 2962; x_wconf 91' lang='lat' dir='ltr'><strong>et</strong></span> <span class='ocrx_word' id='word_1_770' title='bbox 2342 2907 2960 2979; x_wconf 84' lang='lat' dir='ltr'><strong>KartagineCyprianus.</strong></span> <span class='ocrx_word' id='word_1_771' title='bbox 2990 2950 3004 2963; x_wconf 96' lang='lat'><strong>.</strong></span> <span class='ocrx_word' id='word_1_772' title='bbox 3050 2950 3063 2963; x_wconf 94' lang='lat'><strong>.</strong></span> <span class='ocrx_word' id='word_1_773' title='bbox 3109 2952 3123 2965; x_wconf 98' lang='lat'><strong>.</strong></span> <span class='ocrx_word' id='word_1_774' title='bbox 3170 2954 3180 2964; x_wconf 93' lang='lat'><strong>.</strong></span> <span class='ocrx_word' id='word_1_775' title='bbox 3231 2952 3243 2965; x_wconf 96' lang='lat'><strong>.</strong></span> <span class='ocrx_word' id='word_1_776' title='bbox 3288 2953 3301 2965; x_wconf 93' lang='lat'><strong>.</strong></span> <span class='ocrx_word' id='word_1_777' title='bbox 3349 2951 3362 2964; x_wconf 94' lang='lat'><strong>.</strong></span> <span class='ocrx_word' id='word_1_778' title='bbox 3408 2952 3421 2966; x_wconf 97' lang='lat'><strong>.</strong></span> <span class='ocrx_word' id='word_1_779' title='bbox 3468 2956 3485 2970; x_wconf 94' lang='lat'><strong>.</strong></span> <span class='ocrx_word' id='word_1_780' title='bbox 3528 2953 3541 2967; x_wconf 96' lang='lat'><strong>.</strong></span> <span class='ocrx_word' id='word_1_781' title='bbox 3586 2954 3600 2968; x_wconf 95' lang='lat'><strong>.</strong></span> <span class='ocrx_word' id='word_1_782' title='bbox 3646 2955 3659 2968; x_wconf 96' lang='lat'><strong>.</strong></span> <span class='ocrx_word' id='word_1_783' title='bbox 3702 2952 3716 2967; x_wconf 92' lang='lat'><strong>.</strong></span> <span class='ocrx_word' id='word_1_784' title='bbox 3760 2952 3775 2969; x_wconf 93' lang='lat'><strong>.</strong></span> <span class='ocrx_word' id='word_1_785' title='bbox 3820 2954 3837 2969; x_wconf 94' lang='lat'><strong>.</strong></span> 
     </span>
    </p>
   </div>
   <div class='ocr_carea' id='block_1_85' title="bbox 2260 2998 3832 3073">
    <p class='ocr_par' dir='ltr' id='par_1_85' title="bbox 2260 2998 3832 3073">
     <span class='ocr_line' id='line_1_86' title="bbox 2260 2998 3832 3073; baseline 0.003 -20"><span class='ocrx_word' id='word_1_786' title='bbox 2260 2998 2636 3054; x_wconf 70' lang='lat' dir='ltr'><strong>Maximianum</strong></span> <span class='ocrx_word' id='word_1_787' title='bbox 2666 3003 2789 3054; x_wconf 90' lang='lat' dir='ltr'><strong>anui</strong></span> <span class='ocrx_word' id='word_1_788' title='bbox 2821 3002 2945 3056; x_wconf 85' lang='lat' dir='ltr'><strong>sunt</strong></span> <span class='ocrx_word' id='word_1_789' title='bbox 2983 3017 3102 3055; x_wconf 75' lang='lat' dir='ltr'><strong>XLV.</strong></span> <span class='ocrx_word' id='word_1_790' title='bbox 3140 3003 3243 3071; x_wconf 91' lang='lat' dir='ltr'><strong>ipsi</strong></span> <span class='ocrx_word' id='word_1_791' title='bbox 3275 3011 3399 3057; x_wconf 90' lang='lat' dir='ltr'><strong>sunt</strong></span> <span class='ocrx_word' id='word_1_792' title='bbox 3435 3003 3832 3073; x_wconf 85' lang='lat' dir='ltr'><strong>septimiChri-</strong></span> 
     </span>
    </p>
   </div>
   <div class='ocr_carea' id='block_1_86' title="bbox 2259 3080 3833 3164">
    <p class='ocr_par' dir='ltr' id='par_1_86' title="bbox 2259 3080 3833 3164">
     <span class='ocr_line' id='line_1_87' title="bbox 2259 3080 3833 3164; baseline 0.003 -19"><span class='ocrx_word' id='word_1_793' title='bbox 2259 3093 2555 3149; x_wconf 85' lang='lat' dir='ltr'><strong>slianorum</strong></span> <span class='ocrx_word' id='word_1_794' title='bbox 2607 3096 2857 3149; x_wconf 89' lang='lat' dir='ltr'><strong>acerrimi</strong></span> <span class='ocrx_word' id='word_1_795' title='bbox 2902 3104 3295 3164; x_wconf 88' lang='lat' dir='ltr'><strong>persecutores.</strong></span> <span class='ocrx_word' id='word_1_796' title='bbox 3460 3135 3474 3150; x_wconf 98' lang='lat'><strong>.</strong></span> <span class='ocrx_word' id='word_1_797' title='bbox 3518 3135 3532 3148; x_wconf 93' lang='lat'><strong>.</strong></span> <span class='ocrx_word' id='word_1_798' title='bbox 3577 3135 3591 3148; x_wconf 95' lang='lat'><strong>.</strong></span> <span class='ocrx_word' id='word_1_799' title='bbox 3638 3134 3654 3150; x_wconf 95' lang='lat'><strong>.</strong></span> <span class='ocrx_word' id='word_1_800' title='bbox 3698 3138 3711 3151; x_wconf 90' lang='lat'><strong>.</strong></span> <span class='ocrx_word' id='word_1_801' title='bbox 3758 3138 3771 3150; x_wconf 96' lang='lat'><strong>.</strong></span> <span class='ocrx_word' id='word_1_802' title='bbox 3815 3136 3833 3150; x_wconf 94' lang='lat'><strong>.</strong></span> 
     </span>
    </p>
   </div>
   <div class='ocr_carea' id='block_1_87' title="bbox 2268 3180 3837 3256">
    <p class='ocr_par' dir='ltr' id='par_1_87' title="bbox 2268 3180 3837 3256">
     <span class='ocr_line' id='line_1_88' title="bbox 2268 3180 3837 3256; baseline 0.005 -21"><span class='ocrx_word' id='word_1_803' title='bbox 2268 3223 2278 3235; x_wconf 92' lang='lat'><strong>.</strong></span> <span class='ocrx_word' id='word_1_804' title='bbox 2327 3225 2340 3237; x_wconf 94' lang='lat'><strong>.</strong></span> <span class='ocrx_word' id='word_1_805' title='bbox 2388 3224 2399 3239; x_wconf 95' lang='lat'><strong>.</strong></span> <span class='ocrx_word' id='word_1_806' title='bbox 2447 3224 2461 3238; x_wconf 97' lang='lat'><strong>.</strong></span> <span class='ocrx_word' id='word_1_807' title='bbox 2495 3185 2645 3239; x_wconf 90' lang='lat' dir='ltr'><strong>urbis</strong></span> <span class='ocrx_word' id='word_1_808' title='bbox 2670 3195 2725 3239; x_wconf 91' lang='lat' dir='ltr'><strong>et</strong></span> <span class='ocrx_word' id='word_1_809' title='bbox 2748 3188 2997 3241; x_wconf 89' lang='lat' dir='ltr'><strong>ensurius</strong></span> <span class='ocrx_word' id='word_1_810' title='bbox 3026 3186 3368 3256; x_wconf 85' lang='lat' dir='ltr'><strong>Karthaginis</strong></span> <span class='ocrx_word' id='word_1_811' title='bbox 3399 3180 3610 3251; x_wconf 85' lang='lat' dir='ltr'><strong>Sirano,</strong></span> <span class='ocrx_word' id='word_1_812' title='bbox 3640 3198 3693 3242; x_wconf 91' lang='lat' dir='ltr'><strong>et</strong></span> <span class='ocrx_word' id='word_1_813' title='bbox 3712 3187 3837 3243; x_wconf 67' lang='lat' dir='ltr'><strong>Cas.</strong></span> 
     </span>
    </p>
   </div>
   <div class='ocr_carea' id='block_1_88' title="bbox 3059 3279 3839 3334">
    <p class='ocr_par' dir='ltr' id='par_1_88' title="bbox 3059 3279 3839 3334">
     <span class='ocr_line' id='line_1_89' title="bbox 3059 3279 3839 3334; baseline 0.001 -1"><span class='ocrx_word' id='word_1_814' title='bbox 3059 3319 3073 3333; x_wconf 95' lang='lat'><strong>.</strong></span> <span class='ocrx_word' id='word_1_815' title='bbox 3107 3279 3301 3334; x_wconf 92' lang='lat' dir='ltr'><strong>omelia</strong></span> <span class='ocrx_word' id='word_1_816' title='bbox 3341 3289 3839 3334; x_wconf 88' lang='lat' dir='ltr'><strong>concremaverunt.</strong></span> 
     </span>
    </p>
   </div>
   <div class='ocr_carea' id='block_1_89' title="bbox 2258 3371 3838 3444">
    <p class='ocr_par' dir='ltr' id='par_1_89' title="bbox 2258 3371 3838 3444">
     <span class='ocr_line' id='line_1_90' title="bbox 2258 3371 3838 3444; baseline 0.001 -18"><span class='ocrx_word' id='word_1_817' title='bbox 2258 3372 2340 3428; x_wconf 89' lang='lat' dir='ltr'><strong>Ab</strong></span> <span class='ocrx_word' id='word_1_818' title='bbox 2372 3374 2504 3444; x_wconf 91' lang='lat' dir='ltr'><strong>ipsis</strong></span> <span class='ocrx_word' id='word_1_819' title='bbox 2524 3386 2696 3440; x_wconf 90' lang='lat' dir='ltr'><strong>usque</strong></span> <span class='ocrx_word' id='word_1_820' title='bbox 2726 3371 2792 3426; x_wconf 89' lang='lat' dir='ltr'><strong>ad</strong></span> <span class='ocrx_word' id='word_1_821' title='bbox 2824 3371 3137 3429; x_wconf 92' lang='lat' dir='ltr'><strong>Stiliconem</strong></span> <span class='ocrx_word' id='word_1_822' title='bbox 3181 3372 3371 3426; x_wconf 89' lang='lat' dir='ltr'><strong>iterum</strong></span> <span class='ocrx_word' id='word_1_823' title='bbox 3401 3371 3671 3425; x_wconf 91' lang='lat' dir='ltr'><strong>consulem</strong></span> <span class='ocrx_word' id='word_1_824' title='bbox 3710 3374 3838 3429; x_wconf 91' lang='lat' dir='ltr'><strong>anni</strong></span> 
     </span>
    </p>
   </div>
   <div class='ocr_carea' id='block_1_90' title="bbox 2258 3462 3837 3533">
    <p class='ocr_par' dir='ltr' id='par_1_90' title="bbox 2258 3462 3837 3533">
     <span class='ocr_line' id='line_1_91' title="bbox 2258 3462 3837 3533; baseline -0.001 -14"><span class='ocrx_word' id='word_1_825' title='bbox 2258 3474 2379 3520; x_wconf 92' lang='lat' dir='ltr'><strong>sunt</strong></span> <span class='ocrx_word' id='word_1_826' title='bbox 2413 3474 2625 3521; x_wconf 89' lang='lat' dir='ltr'><strong>centum</strong></span> <span class='ocrx_word' id='word_1_827' title='bbox 2669 3463 2797 3517; x_wconf 92' lang='lat' dir='ltr'><strong>duo.</strong></span> <span class='ocrx_word' id='word_1_828' title='bbox 2839 3463 2958 3533; x_wconf 92' lang='lat' dir='ltr'><strong>Ipso</strong></span> <span class='ocrx_word' id='word_1_829' title='bbox 3007 3462 3287 3518; x_wconf 89' lang='lat' dir='ltr'><strong>consulatu</strong></span> <span class='ocrx_word' id='word_1_830' title='bbox 3334 3463 3479 3518; x_wconf 88' lang='lat' dir='ltr'><strong>venit</strong></span> <span class='ocrx_word' id='word_1_831' title='bbox 3531 3464 3837 3533; x_wconf 87' lang='lat' dir='ltr'><strong>persecutio</strong></span> 
     </span>
    </p>
   </div>
   <div class='ocr_carea' id='block_1_91' title="bbox 2260 3558 3839 3630">
    <p class='ocr_par' dir='ltr' id='par_1_91' title="bbox 2260 3558 3839 3630">
     <span class='ocr_line' id='line_1_92' title="bbox 2260 3558 3839 3630; baseline 0.001 -15"><span class='ocrx_word' id='word_1_832' title='bbox 2260 3561 2548 3615; x_wconf 90' lang='lat' dir='ltr'><strong>Donatistis</strong></span> <span class='ocrx_word' id='word_1_833' title='bbox 2581 3576 2650 3613; x_wconf 79' lang='lat' dir='ltr'><strong>vi.</strong></span> <span class='ocrx_word' id='word_1_834' title='bbox 2702 3559 2818 3613; x_wconf 87' lang='lat' dir='ltr'><strong>Kal.</strong></span> <span class='ocrx_word' id='word_1_835' title='bbox 2860 3558 3031 3614; x_wconf 85' lang='lat' dir='ltr'><strong>Julias</strong></span> <span class='ocrx_word' id='word_1_836' title='bbox 3060 3560 3182 3614; x_wconf 89' lang='lat' dir='ltr'><strong>data</strong></span> <span class='ocrx_word' id='word_1_837' title='bbox 3214 3560 3387 3630; x_wconf 89' lang='lat' dir='ltr'><strong>pridie</strong></span> <span class='ocrx_word' id='word_1_838' title='bbox 3426 3559 3692 3615; x_wconf 79' lang='lat' dir='ltr'><strong>Kalendas</strong></span> <span class='ocrx_word' id='word_1_839' title='bbox 3729 3561 3839 3617; x_wconf 79' lang='lat' dir='ltr'><strong>Fe-</strong></span> 
     </span>
    </p>
   </div>
   <div class='ocr_carea' id='block_1_92' title="bbox 2258 3653 3839 3723">
    <p class='ocr_par' dir='ltr' id='par_1_92' title="bbox 2258 3653 3839 3723">
     <span class='ocr_line' id='line_1_93' title="bbox 2258 3653 3839 3723; baseline 0 -15"><span class='ocrx_word' id='word_1_840' title='bbox 2258 3654 2459 3708; x_wconf 88' lang='lat' dir='ltr'><strong>bruarii</strong></span> <span class='ocrx_word' id='word_1_841' title='bbox 2492 3654 2797 3708; x_wconf 77' lang='lat' dir='ltr'><strong>Rabennae.</strong></span> <span class='ocrx_word' id='word_1_842' title='bbox 2842 3694 2855 3707; x_wconf 94' lang='lat'><strong>.</strong></span> <span class='ocrx_word' id='word_1_843' title='bbox 2900 3693 2914 3707; x_wconf 97' lang='lat'><strong>.</strong></span> <span class='ocrx_word' id='word_1_844' title='bbox 2960 3692 2975 3706; x_wconf 93' lang='lat'><strong>.</strong></span> <span class='ocrx_word' id='word_1_845' title='bbox 3008 3668 3175 3723; x_wconf 90' lang='lat' dir='ltr'><strong>usque</strong></span> <span class='ocrx_word' id='word_1_846' title='bbox 3201 3653 3267 3708; x_wconf 90' lang='lat' dir='ltr'><strong>ad</strong></span> <span class='ocrx_word' id='word_1_847' title='bbox 3295 3667 3465 3708; x_wconf 85' lang='lat' dir='ltr'><strong>annos</strong></span> <span class='ocrx_word' id='word_1_848' title='bbox 3488 3669 3659 3708; x_wconf 76' lang='lat' dir='ltr'><strong>utut.</strong></span> <span class='ocrx_word' id='word_1_849' title='bbox 3692 3654 3839 3722; x_wconf 81' lang='lat' dir='ltr'><strong>regis</strong></span> 
     </span>
    </p>
   </div>
   <div class='ocr_carea' id='block_1_93' title="bbox 2258 3745 3837 3816">
    <p class='ocr_par' dir='ltr' id='par_1_93' title="bbox 2258 3745 3837 3816">
     <span class='ocr_line' id='line_1_94' title="bbox 2258 3745 3837 3816; baseline 0 -15"><span class='ocrx_word' id='word_1_850' title='bbox 2258 3746 2517 3801; x_wconf 88' lang='lat' dir='ltr'><strong>Geiserici</strong></span> <span class='ocrx_word' id='word_1_851' title='bbox 2542 3747 2667 3800; x_wconf 90' lang='lat' dir='ltr'><strong>anni</strong></span> <span class='ocrx_word' id='word_1_852' title='bbox 2694 3754 2819 3802; x_wconf 90' lang='lat' dir='ltr'><strong>sunt</strong></span> <span class='ocrx_word' id='word_1_853' title='bbox 2838 3746 3222 3816; x_wconf 89' lang='lat' dir='ltr'><strong>quinquaginta</strong></span> <span class='ocrx_word' id='word_1_854' title='bbox 3252 3756 3394 3801; x_wconf 91' lang='lat' dir='ltr'><strong>octo.</strong></span> <span class='ocrx_word' id='word_1_855' title='bbox 3426 3745 3524 3801; x_wconf 81' lang='lat' dir='ltr'><strong>Hic</strong></span> <span class='ocrx_word' id='word_1_856' title='bbox 3542 3754 3624 3801; x_wconf 88' lang='lat' dir='ltr'><strong>est</strong></span> <span class='ocrx_word' id='word_1_857' title='bbox 3648 3761 3837 3801; x_wconf 69' lang='lat' dir='ltr'><strong>nume~</strong></span> 
     </span>
    </p>
   </div>
   <div class='ocr_carea' id='block_1_94' title="bbox 2258 3836 3837 3909">
    <p class='ocr_par' dir='ltr' id='par_1_94' title="bbox 2258 3836 3837 3909">
     <span class='ocr_line' id='line_1_95' title="bbox 2258 3836 3837 3909; baseline -0.001 -17"><span class='ocrx_word' id='word_1_858' title='bbox 2258 3853 2347 3892; x_wconf 88' lang='lat' dir='ltr'><strong>rus</strong></span> <span class='ocrx_word' id='word_1_859' title='bbox 2378 3852 2655 3892; x_wconf 85' lang='lat' dir='ltr'><strong>annorum.</strong></span> <span class='ocrx_word' id='word_1_860' title='bbox 2704 3878 2718 3891; x_wconf 97' lang='lat'><strong>.</strong></span> <span class='ocrx_word' id='word_1_861' title='bbox 2761 3876 2775 3889; x_wconf 94' lang='lat'><strong>.</strong></span> <span class='ocrx_word' id='word_1_862' title='bbox 2822 3878 2836 3891; x_wconf 92' lang='lat'><strong>.</strong></span> <span class='ocrx_word' id='word_1_863' title='bbox 2880 3875 2896 3892; x_wconf 94' lang='lat'><strong>.</strong></span> <span class='ocrx_word' id='word_1_864' title='bbox 2920 3837 3175 3893; x_wconf 90' lang='lat' dir='ltr'><strong>Dominus</strong></span> <span class='ocrx_word' id='word_1_865' title='bbox 3195 3836 3443 3894; x_wconf 89' lang='lat' dir='ltr'><strong>Christus</strong></span> <span class='ocrx_word' id='word_1_866' title='bbox 3464 3852 3640 3909; x_wconf 90' lang='lat' dir='ltr'><strong>passus</strong></span> <span class='ocrx_word' id='word_1_867' title='bbox 3662 3852 3837 3906; x_wconf 68' lang='lat' dir='ltr'><strong>usque</strong></span> 
     </span>
    </p>
   </div>
   <div class='ocr_carea' id='block_1_95' title="bbox 2258 3924 3837 3999">
    <p class='ocr_par' dir='ltr' id='par_1_95' title="bbox 2258 3924 3837 3999">
     <span class='ocr_line' id='line_1_96' title="bbox 2258 3924 3837 3999; baseline 0.003 -18"><span class='ocrx_word' id='word_1_868' title='bbox 2258 3927 2323 3982; x_wconf 89' lang='lat' dir='ltr'><strong>ad</strong></span> <span class='ocrx_word' id='word_1_869' title='bbox 2368 3926 2562 3983; x_wconf 89' lang='lat' dir='ltr'><strong>annum</strong></span> <span class='ocrx_word' id='word_1_870' title='bbox 2598 3935 2957 3998; x_wconf 89' lang='lat' dir='ltr'><strong>praesentem,</strong></span> <span class='ocrx_word' id='word_1_871' title='bbox 3006 3924 3149 3985; x_wconf 85' lang='lat' dir='ltr'><strong>idest</strong></span> <span class='ocrx_word' id='word_1_872' title='bbox 3191 3928 3329 3985; x_wconf 91' lang='lat' dir='ltr'><strong>sicut</strong></span> <span class='ocrx_word' id='word_1_873' title='bbox 3370 3944 3527 3999; x_wconf 89' lang='lat' dir='ltr'><strong>supra</strong></span> <span class='ocrx_word' id='word_1_874' title='bbox 3572 3930 3837 3985; x_wconf 83' lang='lat' dir='ltr'><strong>scribtum</strong></span> 
     </span>
    </p>
   </div>
   <div class='ocr_carea' id='block_1_96' title="bbox 2258 4020 3835 4092">
    <p class='ocr_par' dir='ltr' id='par_1_96' title="bbox 2258 4020 3835 4092">
     <span class='ocr_line' id='line_1_97' title="bbox 2258 4020 3835 4092; baseline 0.003 -18"><span class='ocrx_word' id='word_1_875' title='bbox 2258 4028 2340 4074; x_wconf 93' lang='lat' dir='ltr'><strong>est</strong></span> <span class='ocrx_word' id='word_1_876' title='bbox 2377 4020 2503 4073; x_wconf 92' lang='lat' dir='ltr'><strong>anni</strong></span> <span class='ocrx_word' id='word_1_877' title='bbox 2544 4028 2669 4075; x_wconf 91' lang='lat' dir='ltr'><strong>sunt</strong></span> <span class='ocrx_word' id='word_1_878' title='bbox 2692 4020 3067 4091; x_wconf 89' lang='lat' dir='ltr'><strong>quadringenti</strong></span> <span class='ocrx_word' id='word_1_879' title='bbox 3118 4022 3334 4091; x_wconf 88' lang='lat' dir='ltr'><strong>triginta</strong></span> <span class='ocrx_word' id='word_1_880' title='bbox 3384 4030 3649 4092; x_wconf 88' lang='lat' dir='ltr'><strong>quattuor.</strong></span> <span class='ocrx_word' id='word_1_881' title='bbox 3700 4022 3835 4078; x_wconf 91' lang='lat' dir='ltr'><strong>Nam</strong></span> 
     </span>
    </p>
   </div>
   <div class='ocr_carea' id='block_1_97' title="bbox 2258 4110 3834 4184">
    <p class='ocr_par' dir='ltr' id='par_1_97' title="bbox 2258 4110 3834 4184">
     <span class='ocr_line' id='line_1_98' title="bbox 2258 4110 3834 4184; baseline 0.004 -19"><span class='ocrx_word' id='word_1_882' title='bbox 2258 4120 2315 4166; x_wconf 95' lang='lat' dir='ltr'><strong>ut</strong></span> <span class='ocrx_word' id='word_1_883' title='bbox 2345 4112 2548 4167; x_wconf 90' lang='lat' dir='ltr'><strong>saeculi</strong></span> <span class='ocrx_word' id='word_1_884' title='bbox 2585 4126 2755 4167; x_wconf 86' lang='lat' dir='ltr'><strong>annos</strong></span> <span class='ocrx_word' id='word_1_885' title='bbox 2780 4128 2876 4184; x_wconf 89' lang='lat' dir='ltr'><strong>per</strong></span> <span class='ocrx_word' id='word_1_886' title='bbox 2902 4113 3147 4168; x_wconf 89' lang='lat' dir='ltr'><strong>ordinem</strong></span> <span class='ocrx_word' id='word_1_887' title='bbox 3173 4110 3519 4167; x_wconf 85' lang='lat' dir='ltr'><strong>decurramus</strong></span> <span class='ocrx_word' id='word_1_888' title='bbox 3565 4114 3713 4182; x_wconf 67' lang='lat' dir='ltr'><strong>regis.</strong></span> <span class='ocrx_word' id='word_1_889' title='bbox 3758 4154 3770 4167; x_wconf 90' lang='lat'><strong>.</strong></span> <span class='ocrx_word' id='word_1_890' title='bbox 3814 4154 3834 4171; x_wconf 91' lang='lat'>.</span> 
     </span>
    </p>
   </div>
   <div class='ocr_carea' id='block_1_98' title="bbox 2259 4203 3833 4274">
    <p class='ocr_par' dir='ltr' id='par_1_98' title="bbox 2259 4203 3833 4274">
     <span class='ocr_line' id='line_1_99' title="bbox 2259 4203 3833 4274; baseline 0.003 -17"><span class='ocrx_word' id='word_1_891' title='bbox 2259 4242 2273 4257; x_wconf 96' lang='lat'><strong>.</strong></span> <span class='ocrx_word' id='word_1_892' title='bbox 2319 4244 2332 4257; x_wconf 91' lang='lat'><strong>.</strong></span> <span class='ocrx_word' id='word_1_893' title='bbox 2379 4245 2392 4259; x_wconf 93' lang='lat'><strong>.</strong></span> <span class='ocrx_word' id='word_1_894' title='bbox 2439 4243 2451 4255; x_wconf 94' lang='lat'><strong>.</strong></span> <span class='ocrx_word' id='word_1_895' title='bbox 2497 4242 2511 4258; x_wconf 97' lang='lat'><strong>.</strong></span> <span class='ocrx_word' id='word_1_896' title='bbox 2556 4244 2568 4257; x_wconf 95' lang='lat'><strong>.</strong></span> <span class='ocrx_word' id='word_1_897' title='bbox 2615 4242 2630 4257; x_wconf 95' lang='lat'><strong>.</strong></span> <span class='ocrx_word' id='word_1_898' title='bbox 2676 4222 2689 4258; x_wconf 66' lang='grc' dir='ltr'><strong><em>ς</em></strong></span> <span class='ocrx_word' id='word_1_899' title='bbox 2734 4242 2749 4256; x_wconf 93' lang='grc'><strong>.</strong></span> <span class='ocrx_word' id='word_1_900' title='bbox 2790 4243 2806 4259; x_wconf 92' lang='grc'><strong>.</strong></span> <span class='ocrx_word' id='word_1_901' title='bbox 2851 4245 2867 4260; x_wconf 92' lang='grc'><strong>.</strong></span> <span class='ocrx_word' id='word_1_902' title='bbox 2911 4246 2925 4260; x_wconf 94' lang='grc'><strong>.</strong></span> <span class='ocrx_word' id='word_1_903' title='bbox 2970 4242 2985 4258; x_wconf 93' lang='grc'><strong>.</strong></span> <span class='ocrx_word' id='word_1_904' title='bbox 3016 4203 3465 4274; x_wconf 83' lang='lat' dir='ltr'><strong>AbAdamusque</strong></span> <span class='ocrx_word' id='word_1_905' title='bbox 3487 4203 3833 4261; x_wconf 86' lang='lat' dir='ltr'><strong>addiluvium</strong></span> 
     </span>
    </p>
   </div>
   <div class='ocr_carea' id='block_1_99' title="bbox 2257 4292 3832 4365">
    <p class='ocr_par' dir='ltr' id='par_1_99' title="bbox 2257 4292 3832 4365">
     <span class='ocr_line' id='line_1_100' title="bbox 2257 4292 3832 4365; baseline 0.001 -18"><span class='ocrx_word' id='word_1_906' title='bbox 2257 4296 2381 4349; x_wconf 91' lang='lat' dir='ltr'><strong>anni</strong></span> <span class='ocrx_word' id='word_1_907' title='bbox 2404 4304 2528 4350; x_wconf 89' lang='lat' dir='ltr'><strong>sunt</strong></span> <span class='ocrx_word' id='word_1_908' title='bbox 2547 4294 2800 4350; x_wconf 89' lang='lat' dir='ltr'><strong>duomilia</strong></span> <span class='ocrx_word' id='word_1_909' title='bbox 2833 4294 3084 4349; x_wconf 89' lang='lat' dir='ltr'><strong>duocenti</strong></span> <span class='ocrx_word' id='word_1_910' title='bbox 3110 4292 3457 4365; x_wconf 63' lang='lat' dir='ltr'><strong>quaﬂraginta</strong></span> <span class='ocrx_word' id='word_1_911' title='bbox 3480 4294 3607 4349; x_wconf 91' lang='lat' dir='ltr'><strong>duo.</strong></span> <span class='ocrx_word' id='word_1_912' title='bbox 3635 4295 3714 4348; x_wconf 90' lang='lat' dir='ltr'><strong>Ab</strong></span> <span class='ocrx_word' id='word_1_913' title='bbox 3736 4294 3832 4349; x_wconf 91' lang='lat' dir='ltr'><strong>illo</strong></span> 
     </span>
    </p>
   </div>
   <div class='ocr_carea' id='block_1_100' title="bbox 2258 4386 3832 4455">
    <p class='ocr_par' dir='ltr' id='par_1_100' title="bbox 2258 4386 3832 4455">
     <span class='ocr_line' id='line_1_101' title="bbox 2258 4386 3832 4455; baseline 0.001 -16"><span class='ocrx_word' id='word_1_914' title='bbox 2258 4400 2423 4455; x_wconf 90' lang='lat' dir='ltr'><strong>usque</strong></span> <span class='ocrx_word' id='word_1_915' title='bbox 2453 4387 2521 4440; x_wconf 92' lang='lat' dir='ltr'><strong>ad</strong></span> <span class='ocrx_word' id='word_1_916' title='bbox 2549 4387 2884 4441; x_wconf 89' lang='lat' dir='ltr'><strong>vocationem</strong></span> <span class='ocrx_word' id='word_1_917' title='bbox 2914 4386 3159 4441; x_wconf 87' lang='lat' dir='ltr'><strong>Abrahae</strong></span> <span class='ocrx_word' id='word_1_918' title='bbox 3196 4389 3319 4441; x_wconf 90' lang='lat' dir='ltr'><strong>anni</strong></span> <span class='ocrx_word' id='word_1_919' title='bbox 3352 4395 3478 4441; x_wconf 89' lang='lat' dir='ltr'><strong>sunt</strong></span> <span class='ocrx_word' id='word_1_920' title='bbox 3519 4387 3665 4441; x_wconf 90' lang='lat' dir='ltr'><strong>mille</strong></span> <span class='ocrx_word' id='word_1_921' title='bbox 3695 4401 3832 4442; x_wconf 90' lang='lat' dir='ltr'><strong>cen-</strong></span> 
     </span>
    </p>
   </div>
   <div class='ocr_carea' id='block_1_101' title="bbox 2256 4477 3833 4548">
    <p class='ocr_par' dir='ltr' id='par_1_101' title="bbox 2256 4477 3833 4548">
     <span class='ocr_line' id='line_1_102' title="bbox 2256 4477 3833 4548; baseline 0.001 -17"><span class='ocrx_word' id='word_1_922' title='bbox 2256 4486 2365 4531; x_wconf 86' lang='lat' dir='ltr'><strong>tum</strong></span> <span class='ocrx_word' id='word_1_923' title='bbox 2394 4479 2661 4545; x_wconf 87' lang='lat' dir='ltr'><strong>octoginta</strong></span> <span class='ocrx_word' id='word_1_924' title='bbox 2686 4485 2827 4532; x_wconf 88' lang='lat' dir='ltr'><strong>octo.</strong></span> <span class='ocrx_word' id='word_1_925' title='bbox 2851 4477 2895 4531; x_wconf 87' lang='lat' dir='ltr'><strong>A</strong></span> <span class='ocrx_word' id='word_1_926' title='bbox 2926 4477 3204 4532; x_wconf 90' lang='lat' dir='ltr'><strong>vocatione</strong></span> <span class='ocrx_word' id='word_1_927' title='bbox 3236 4478 3481 4533; x_wconf 89' lang='lat' dir='ltr'><strong>Abrahae</strong></span> <span class='ocrx_word' id='word_1_928' title='bbox 3529 4493 3693 4548; x_wconf 90' lang='lat' dir='ltr'><strong>usque</strong></span> <span class='ocrx_word' id='word_1_929' title='bbox 3721 4493 3833 4547; x_wconf 86' lang='lat' dir='ltr'><strong>quo</strong></span> 
     </span>
    </p>
   </div>
   <div class='ocr_carea' id='block_1_102' title="bbox 2258 4569 3833 4641">
    <p class='ocr_par' dir='ltr' id='par_1_102' title="bbox 2258 4569 3833 4641">
     <span class='ocr_line' id='line_1_103' title="bbox 2258 4569 3833 4641; baseline 0.003 -18"><span class='ocrx_word' id='word_1_930' title='bbox 2258 4569 2352 4624; x_wconf 76' lang='lat' dir='ltr'><strong>filii</strong></span> <span class='ocrx_word' id='word_1_931' title='bbox 2384 4570 2542 4625; x_wconf 89' lang='lat' dir='ltr'><strong>Israel</strong></span> <span class='ocrx_word' id='word_1_932' title='bbox 2581 4571 2894 4625; x_wconf 91' lang='lat' dir='ltr'><strong>introissent</strong></span> <span class='ocrx_word' id='word_1_933' title='bbox 2926 4572 2977 4625; x_wconf 92' lang='lat' dir='ltr'><strong>in</strong></span> <span class='ocrx_word' id='word_1_934' title='bbox 3005 4570 3293 4641; x_wconf 65' lang='lat' dir='ltr'><strong>Egyplum</strong></span> <span class='ocrx_word' id='word_1_935' title='bbox 3332 4588 3449 4626; x_wconf 87' lang='lat' dir='ltr'><strong>cum</strong></span> <span class='ocrx_word' id='word_1_936' title='bbox 3483 4571 3645 4627; x_wconf 87' lang='lat' dir='ltr'><strong>Jacob</strong></span> <span class='ocrx_word' id='word_1_937' title='bbox 3673 4580 3833 4641; x_wconf 77' lang='lat' dir='ltr'><strong>patre</strong></span> 
     </span>
    </p>
   </div>
   <div class='ocr_carea' id='block_1_103' title="bbox 2249 4661 3821 4732">
    <p class='ocr_par' dir='ltr' id='par_1_103' title="bbox 2249 4661 3821 4732">
     <span class='ocr_line' id='line_1_104' title="bbox 2249 4661 3821 4732; baseline 0.001 -14"><span class='ocrx_word' id='word_1_938' title='bbox 2249 4677 2347 4718; x_wconf 90' lang='lat' dir='ltr'><strong>suo</strong></span> <span class='ocrx_word' id='word_1_939' title='bbox 2373 4664 2496 4716; x_wconf 91' lang='lat' dir='ltr'><strong>anni</strong></span> <span class='ocrx_word' id='word_1_940' title='bbox 2528 4671 2650 4716; x_wconf 91' lang='lat' dir='ltr'><strong>sunt</strong></span> <span class='ocrx_word' id='word_1_941' title='bbox 2676 4662 2888 4716; x_wconf 90' lang='lat' dir='ltr'><strong>ducenti</strong></span> <span class='ocrx_word' id='word_1_942' title='bbox 2918 4661 3220 4731; x_wconf 90' lang='lat' dir='ltr'><strong>quindecim</strong></span> <span class='ocrx_word' id='word_1_943' title='bbox 3253 4670 3306 4716; x_wconf 88' lang='lat' dir='ltr'><strong>et</strong></span> <span class='ocrx_word' id='word_1_944' title='bbox 3335 4676 3455 4716; x_wconf 92' lang='lat' dir='ltr'><strong>cum</strong></span> <span class='ocrx_word' id='word_1_945' title='bbox 3487 4664 3688 4732; x_wconf 82' lang='lat' dir='ltr'><strong>Moyse.</strong></span> <span class='ocrx_word' id='word_1_946' title='bbox 3734 4701 3749 4719; x_wconf 88' lang='lat'><strong>.</strong></span> <span class='ocrx_word' id='word_1_947' title='bbox 3800 4703 3821 4720; x_wconf 84' lang='lat'><strong>.</strong></span> 
     </span>
    </p>
   </div>
   <div class='ocr_carea' id='block_1_104' title="bbox 2253 4752 3831 4823">
    <p class='ocr_par' dir='ltr' id='par_1_104' title="bbox 2253 4752 3831 4823">
     <span class='ocr_line' id='line_1_105' title="bbox 2253 4752 3831 4823; baseline 0.001 -16"><span class='ocrx_word' id='word_1_948' title='bbox 2253 4791 2268 4807; x_wconf 96' lang='lat'><strong>.</strong></span> <span class='ocrx_word' id='word_1_949' title='bbox 2313 4792 2326 4806; x_wconf 97' lang='lat'><strong>.</strong></span> <span class='ocrx_word' id='word_1_950' title='bbox 2371 4793 2384 4807; x_wconf 96' lang='lat'><strong>.</strong></span> <span class='ocrx_word' id='word_1_951' title='bbox 2431 4792 2444 4808; x_wconf 97' lang='lat'><strong>.</strong></span> <span class='ocrx_word' id='word_1_952' title='bbox 2488 4792 2501 4804; x_wconf 94' lang='lat'><strong>.</strong></span> <span class='ocrx_word' id='word_1_953' title='bbox 2549 4791 2563 4805; x_wconf 93' lang='lat'><strong>.</strong></span> <span class='ocrx_word' id='word_1_954' title='bbox 2608 4790 2622 4807; x_wconf 93' lang='lat'><strong>.</strong></span> <span class='ocrx_word' id='word_1_955' title='bbox 2650 4752 2859 4823; x_wconf 88' lang='lat' dir='ltr'><strong>judices</strong></span> <span class='ocrx_word' id='word_1_956' title='bbox 2881 4754 3036 4808; x_wconf 90' lang='lat' dir='ltr'><strong>eiset</strong></span> <span class='ocrx_word' id='word_1_957' title='bbox 3062 4761 3215 4807; x_wconf 91' lang='lat' dir='ltr'><strong>erant</strong></span> <span class='ocrx_word' id='word_1_958' title='bbox 3241 4768 3303 4808; x_wconf 84' lang='lat' dir='ltr'><strong>ex</strong></span> <span class='ocrx_word' id='word_1_959' title='bbox 3338 4752 3461 4807; x_wconf 83' lang='lat' dir='ltr'><strong>ﬁliis</strong></span> <span class='ocrx_word' id='word_1_960' title='bbox 3487 4754 3644 4809; x_wconf 86' lang='lat' dir='ltr'><strong>Israel</strong></span> <span class='ocrx_word' id='word_1_961' title='bbox 3668 4754 3831 4809; x_wconf 87' lang='lat' dir='ltr'><strong>annis</strong></span> 
     </span>
    </p>
   </div>
   <div class='ocr_carea' id='block_1_105' title="bbox 2248 4845 3827 4918">
    <p class='ocr_par' dir='ltr' id='par_1_105' title="bbox 2248 4845 3827 4918">
     <span class='ocr_line' id='line_1_106' title="bbox 2248 4845 3827 4918; baseline 0.001 -17"><span class='ocrx_word' id='word_1_962' title='bbox 2248 4846 2650 4918; x_wconf 89' lang='lat' dir='ltr'><strong>quadringentis</strong></span> <span class='ocrx_word' id='word_1_963' title='bbox 2679 4846 3082 4917; x_wconf 88' lang='lat' dir='ltr'><strong>quinquaginta.</strong></span> <span class='ocrx_word' id='word_1_964' title='bbox 3125 4845 3340 4901; x_wconf 81' lang='lat' dir='ltr'><strong>Oll‘enso</strong></span> <span class='ocrx_word' id='word_1_965' title='bbox 3378 4848 3489 4901; x_wconf 91' lang='lat' dir='ltr'><strong>Deo</strong></span> <span class='ocrx_word' id='word_1_966' title='bbox 3523 4862 3638 4917; x_wconf 89' lang='lat' dir='ltr'><strong>usq.</strong></span> <span class='ocrx_word' id='word_1_967' title='bbox 3683 4887 3699 4902; x_wconf 98' lang='lat'><strong>.</strong></span> <span class='ocrx_word' id='word_1_968' title='bbox 3743 4887 3756 4900; x_wconf 91' lang='lat'><strong>.</strong></span> <span class='ocrx_word' id='word_1_969' title='bbox 3809 4889 3827 4902; x_wconf 97' lang='lat'><strong>.</strong></span> 
     </span>
    </p>
   </div>
   <div class='ocr_carea' id='block_1_106' title="bbox 2251 4939 3831 5008">
    <p class='ocr_par' dir='ltr' id='par_1_106' title="bbox 2251 4939 3831 5008">
     <span class='ocr_line' id='line_1_107' title="bbox 2251 4939 3831 5008; baseline 0.001 -15"><span class='ocrx_word' id='word_1_970' title='bbox 2251 4980 2264 4993; x_wconf 97' lang='lat'><strong>.</strong></span> <span class='ocrx_word' id='word_1_971' title='bbox 2312 4980 2324 4993; x_wconf 90' lang='lat'><strong>.</strong></span> <span class='ocrx_word' id='word_1_972' title='bbox 2372 4978 2385 4992; x_wconf 95' lang='lat'><strong>.</strong></span> <span class='ocrx_word' id='word_1_973' title='bbox 2417 4940 2731 4995; x_wconf 88' lang='lat' dir='ltr'><strong>dicaverunt</strong></span> <span class='ocrx_word' id='word_1_974' title='bbox 2759 4953 2851 4993; x_wconf 89' lang='lat' dir='ltr'><strong>eos</strong></span> <span class='ocrx_word' id='word_1_975' title='bbox 2873 4939 3203 5008; x_wconf 87' lang='lat' dir='ltr'><strong>alienigenae</strong></span> <span class='ocrx_word' id='word_1_976' title='bbox 3232 4942 3387 4994; x_wconf 88' lang='lat' dir='ltr'><strong>annis</strong></span> <span class='ocrx_word' id='word_1_977' title='bbox 3415 4950 3625 4995; x_wconf 89' lang='lat' dir='ltr'><strong>centum</strong></span> <span class='ocrx_word' id='word_1_978' title='bbox 3652 4940 3831 4995; x_wconf 82' lang='lat' dir='ltr'><strong>unde-</strong></span> 
     </span>
    </p>
   </div>
   <div class='ocr_carea' id='block_1_107' title="bbox 2248 5030 3695 5102">
    <p class='ocr_par' dir='ltr' id='par_1_107' title="bbox 2248 5030 3695 5102">
     <span class='ocr_line' id='line_1_108' title="bbox 2248 5030 3695 5102; baseline 0.001 -17"><span class='ocrx_word' id='word_1_979' title='bbox 2248 5032 2371 5086; x_wconf 92' lang='lat' dir='ltr'><strong>cim.</strong></span> <span class='ocrx_word' id='word_1_980' title='bbox 2414 5031 2586 5101; x_wconf 85' lang='lat' dir='ltr'><strong>Reges</strong></span> <span class='ocrx_word' id='word_1_981' title='bbox 2614 5032 2693 5085; x_wconf 89' lang='lat' dir='ltr'><strong>eis</strong></span> <span class='ocrx_word' id='word_1_982' title='bbox 2724 5030 2935 5084; x_wconf 78' lang='lat' dir='ltr'><strong>fuerunt</strong></span> <span class='ocrx_word' id='word_1_983' title='bbox 2977 5032 3131 5084; x_wconf 91' lang='lat' dir='ltr'><strong>annis</strong></span> <span class='ocrx_word' id='word_1_984' title='bbox 3152 5033 3459 5102; x_wconf 84' lang='lat' dir='ltr'><strong>quingentis</strong></span> <span class='ocrx_word' id='word_1_985' title='bbox 3488 5034 3634 5101; x_wconf 91' lang='lat' dir='ltr'><strong>quin.</strong></span> <span class='ocrx_word' id='word_1_986' title='bbox 3680 5071 3695 5086; x_wconf 93' lang='lat'><strong>.</strong></span> 
     </span>
    </p>
   </div>
   <div class='ocr_carea' id='block_1_108' title="bbox 2237 5122 3824 5195">
    <p class='ocr_par' dir='ltr' id='par_1_108' title="bbox 2237 5122 3824 5195">
     <span class='ocr_line' id='line_1_109' title="bbox 2237 5122 3824 5195; baseline 0.002 -16"><span class='ocrx_word' id='word_1_987' title='bbox 2237 5138 2449 5179; x_wconf 90' lang='lat' dir='ltr'><strong>menses</strong></span> <span class='ocrx_word' id='word_1_988' title='bbox 2498 5138 2592 5177; x_wconf 80' lang='lat' dir='ltr'><strong>sex</strong></span> <span class='ocrx_word' id='word_1_989' title='bbox 2631 5122 2745 5177; x_wconf 75' lang='lat' dir='ltr'><strong>dies</strong></span> <span class='ocrx_word' id='word_1_990' title='bbox 2785 5123 2990 5178; x_wconf 88' lang='lat' dir='ltr'><strong>decem.</strong></span> <span class='ocrx_word' id='word_1_991' title='bbox 3039 5123 3094 5177; x_wconf 91' lang='lat' dir='ltr'><strong>In</strong></span> <span class='ocrx_word' id='word_1_992' title='bbox 3138 5124 3444 5192; x_wconf 89' lang='lat' dir='ltr'><strong>captivitate</strong></span> <span class='ocrx_word' id='word_1_993' title='bbox 3494 5125 3824 5195; x_wconf 81' lang='lat' dir='ltr'><strong>Babyloniae</strong></span> 
     </span>
    </p>
   </div>
   <div class='ocr_carea' id='block_1_109' title="bbox 2236 5215 3825 5285">
    <p class='ocr_par' dir='ltr' id='par_1_109' title="bbox 2236 5215 3825 5285">
     <span class='ocr_line' id='line_1_110' title="bbox 2236 5215 3825 5285; baseline -0.001 -13"><span class='ocrx_word' id='word_1_994' title='bbox 2236 5218 2448 5272; x_wconf 79' lang='lat' dir='ltr'><strong>fuerunt</strong></span> <span class='ocrx_word' id='word_1_995' title='bbox 2486 5216 2641 5269; x_wconf 93' lang='lat' dir='ltr'><strong>annis</strong></span> <span class='ocrx_word' id='word_1_996' title='bbox 2689 5216 3045 5285; x_wconf 90' lang='lat' dir='ltr'><strong>septuaginta.</strong></span> <span class='ocrx_word' id='word_1_997' title='bbox 3105 5215 3534 5270; x_wconf 89' lang='lat' dir='ltr'><strong>Ebdomadarum</strong></span> <span class='ocrx_word' id='word_1_998' title='bbox 3582 5216 3825 5271; x_wconf 87' lang='lat' dir='ltr'><strong>Danielis</strong></span> 
     </span>
    </p>
   </div>
   <div class='ocr_carea' id='block_1_110' title="bbox 2236 5308 3825 5381">
    <p class='ocr_par' dir='ltr' id='par_1_110' title="bbox 2236 5308 3825 5381">
     <span class='ocr_line' id='line_1_111' title="bbox 2236 5308 3825 5381; baseline 0 -15"><span class='ocrx_word' id='word_1_999' title='bbox 2236 5320 2437 5381; x_wconf 88' lang='lat' dir='ltr'><strong>septem</strong></span> <span class='ocrx_word' id='word_1_1000' title='bbox 2470 5311 2523 5364; x_wconf 92' lang='lat' dir='ltr'><strong>in</strong></span> <span class='ocrx_word' id='word_1_1001' title='bbox 2546 5309 2734 5379; x_wconf 83' lang='lat' dir='ltr'><strong>quibus</strong></span> <span class='ocrx_word' id='word_1_1002' title='bbox 2756 5318 2836 5363; x_wconf 91' lang='lat' dir='ltr'><strong>est</strong></span> <span class='ocrx_word' id='word_1_1003' title='bbox 2879 5308 3135 5378; x_wconf 90' lang='lat' dir='ltr'><strong>templum</strong></span> <span class='ocrx_word' id='word_1_1004' title='bbox 3173 5310 3264 5363; x_wconf 90' lang='lat' dir='ltr'><strong>Dei</strong></span> <span class='ocrx_word' id='word_1_1005' title='bbox 3308 5318 3663 5364; x_wconf 81' lang='lat' dir='ltr'><strong>reStauratum</strong></span> <span class='ocrx_word' id='word_1_1006' title='bbox 3689 5312 3825 5367; x_wconf 86' lang='lat' dir='ltr'><strong>anni</strong></span> 
     </span>
    </p>
   </div>
   <div class='ocr_carea' id='block_1_111' title="bbox 2235 5402 3826 5476">
    <p class='ocr_par' dir='ltr' id='par_1_111' title="bbox 2235 5402 3826 5476">
     <span class='ocr_line' id='line_1_112' title="bbox 2235 5402 3826 5476; baseline 0 -17"><span class='ocrx_word' id='word_1_1007' title='bbox 2235 5415 2360 5459; x_wconf 93' lang='lat' dir='ltr'><strong>sunt</strong></span> <span class='ocrx_word' id='word_1_1008' title='bbox 2396 5420 2600 5459; x_wconf 80' lang='lat' dir='ltr'><strong>mnu.</strong></span> <span class='ocrx_word' id='word_1_1009' title='bbox 2640 5404 2877 5458; x_wconf 85' lang='lat' dir='ltr'><strong>Aliarum</strong></span> <span class='ocrx_word' id='word_1_1010' title='bbox 2906 5402 3324 5458; x_wconf 88' lang='lat' dir='ltr'><strong>ebdomadarum</strong></span> <span class='ocrx_word' id='word_1_1011' title='bbox 3373 5404 3643 5476; x_wconf 84' lang='lat' dir='ltr'><strong>sexaginta</strong></span> <span class='ocrx_word' id='word_1_1012' title='bbox 3688 5404 3826 5459; x_wconf 87' lang='lat' dir='ltr'><strong>dua-</strong></span> 
     </span>
    </p>
   </div>
   <div class='ocr_carea' id='block_1_112' title="bbox 2241 5495 3827 5567">
    <p class='ocr_par' dir='ltr' id='par_1_112' title="bbox 2241 5495 3827 5567">
     <span class='ocr_line' id='line_1_113' title="bbox 2241 5495 3827 5567; baseline -0.001 -14"><span class='ocrx_word' id='word_1_1013' title='bbox 2241 5514 2381 5564; x_wconf 90' lang='lat' dir='ltr'><strong>rum,</strong></span> <span class='ocrx_word' id='word_1_1014' title='bbox 2418 5497 2470 5551; x_wconf 91' lang='lat' dir='ltr'><strong>iu</strong></span> <span class='ocrx_word' id='word_1_1015' title='bbox 2495 5498 2692 5567; x_wconf 90' lang='lat' dir='ltr'><strong>quibus</strong></span> <span class='ocrx_word' id='word_1_1016' title='bbox 2733 5495 3039 5552; x_wconf 90' lang='lat' dir='ltr'><strong>sacerdotes</strong></span> <span class='ocrx_word' id='word_1_1017' title='bbox 3074 5497 3257 5565; x_wconf 91' lang='lat' dir='ltr'><strong>templi</strong></span> <span class='ocrx_word' id='word_1_1018' title='bbox 3301 5496 3379 5552; x_wconf 89' lang='lat' dir='ltr'><strong>cis</strong></span> <span class='ocrx_word' id='word_1_1019' title='bbox 3407 5496 3827 5552; x_wconf 83' lang='lat' dir='ltr'><strong>dominabantur</strong></span> 
     </span>
    </p>
   </div>
   <div class='ocr_carea' id='block_1_113' title="bbox 2238 5587 3825 5660">
    <p class='ocr_par' dir='ltr' id='par_1_113' title="bbox 2238 5587 3825 5660">
     <span class='ocr_line' id='line_1_114' title="bbox 2238 5587 3825 5660; baseline -0.003 -15"><span class='ocrx_word' id='word_1_1020' title='bbox 2238 5605 2405 5660; x_wconf 88' lang='lat' dir='ltr'><strong>usque</strong></span> <span class='ocrx_word' id='word_1_1021' title='bbox 2434 5590 2498 5643; x_wconf 91' lang='lat' dir='ltr'><strong>ad</strong></span> <span class='ocrx_word' id='word_1_1022' title='bbox 2522 5589 2715 5644; x_wconf 89' lang='lat' dir='ltr'><strong>Christi</strong></span> <span class='ocrx_word' id='word_1_1023' title='bbox 2744 5588 2956 5642; x_wconf 83' lang='lat' dir='ltr'><strong>Domini</strong></span> <span class='ocrx_word' id='word_1_1024' title='bbox 3002 5587 3336 5643; x_wconf 89' lang='lat' dir='ltr'><strong>nativitatem</strong></span> <span class='ocrx_word' id='word_1_1025' title='bbox 3366 5588 3489 5643; x_wconf 91' lang='lat' dir='ltr'><strong>anni</strong></span> <span class='ocrx_word' id='word_1_1026' title='bbox 3530 5598 3656 5643; x_wconf 88' lang='lat' dir='ltr'><strong>sunt</strong></span> <span class='ocrx_word' id='word_1_1027' title='bbox 3684 5602 3825 5658; x_wconf 73' lang='lat' dir='ltr'><strong>qua.</strong></span> 
     </span>
    </p>
   </div>
   <div class='ocr_carea' id='block_1_114' title="bbox 2236 5680 3824 5751">
    <p class='ocr_par' dir='ltr' id='par_1_114' title="bbox 2236 5680 3824 5751">
     <span class='ocr_line' id='line_1_115' title="bbox 2236 5680 3824 5751; baseline -0.001 -15"><span class='ocrx_word' id='word_1_1028' title='bbox 2236 5681 2502 5751; x_wconf 83' lang='lat' dir='ltr'><strong>dringcnti</strong></span> <span class='ocrx_word' id='word_1_1029' title='bbox 2528 5696 2703 5734; x_wconf 77' lang='lat' dir='ltr'><strong>xxxiv.</strong></span> <span class='ocrx_word' id='word_1_1030' title='bbox 2739 5681 2803 5733; x_wconf 86' lang='lat' dir='ltr'><strong>Et</strong></span> <span class='ocrx_word' id='word_1_1031' title='bbox 2826 5695 2854 5733; x_wconf 92' lang='lat' dir='ltr'><strong>a</strong></span> <span class='ocrx_word' id='word_1_1032' title='bbox 2885 5680 3164 5735; x_wconf 87' lang='lat' dir='ltr'><strong>nativitate</strong></span> <span class='ocrx_word' id='word_1_1033' title='bbox 3189 5680 3397 5734; x_wconf 91' lang='lat' dir='ltr'><strong>Domini</strong></span> <span class='ocrx_word' id='word_1_1034' title='bbox 3416 5694 3582 5750; x_wconf 88' lang='lat' dir='ltr'><strong>usque</strong></span> <span class='ocrx_word' id='word_1_1035' title='bbox 3607 5680 3675 5733; x_wconf 91' lang='lat' dir='ltr'><strong>ad</strong></span> <span class='ocrx_word' id='word_1_1036' title='bbox 3702 5680 3824 5748; x_wconf 81' lang='lat' dir='ltr'><strong>ejus</strong></span> 
     </span>
    </p>
   </div>
   <div class='ocr_carea' id='block_1_115' title="bbox 2237 5774 3823 5845">
    <p class='ocr_par' dir='ltr' id='par_1_115' title="bbox 2237 5774 3823 5845">
     <span class='ocr_line' id='line_1_116' title="bbox 2237 5774 3823 5845; baseline 0 -17"><span class='ocrx_word' id='word_1_1037' title='bbox 2237 5776 2535 5845; x_wconf 88' lang='lat' dir='ltr'><strong>passionem</strong></span> <span class='ocrx_word' id='word_1_1038' title='bbox 2565 5774 2689 5828; x_wconf 89' lang='lat' dir='ltr'><strong>anni</strong></span> <span class='ocrx_word' id='word_1_1039' title='bbox 2722 5784 2846 5828; x_wconf 89' lang='lat' dir='ltr'><strong>sunt</strong></span> <span class='ocrx_word' id='word_1_1040' title='bbox 2872 5789 3022 5827; x_wconf 77' lang='lat' dir='ltr'><strong>xui.</strong></span> <span class='ocrx_word' id='word_1_1041' title='bbox 3057 5774 3123 5828; x_wconf 83' lang='lat' dir='ltr'><strong>Et</strong></span> <span class='ocrx_word' id='word_1_1042' title='bbox 3152 5788 3180 5827; x_wconf 93' lang='lat' dir='ltr'><strong>a</strong></span> <span class='ocrx_word' id='word_1_1043' title='bbox 3214 5775 3459 5843; x_wconf 88' lang='lat' dir='ltr'><strong>passione</strong></span> <span class='ocrx_word' id='word_1_1044' title='bbox 3496 5774 3705 5829; x_wconf 82' lang='lat' dir='ltr'><strong>Domini</strong></span> <span class='ocrx_word' id='word_1_1045' title='bbox 3729 5789 3823 5828; x_wconf 51' lang='lat' dir='ltr'><strong>us.</strong></span> 
     </span>
    </p>
   </div>
   <div class='ocr_carea' id='block_1_116' title="bbox 2234 5864 3823 5935">
    <p class='ocr_par' dir='ltr' id='par_1_116' title="bbox 2234 5864 3823 5935">
     <span class='ocr_line' id='line_1_117' title="bbox 2234 5864 3823 5935; baseline 0.003 -14"><span class='ocrx_word' id='word_1_1046' title='bbox 2234 5885 2335 5934; x_wconf 88' lang='lat' dir='ltr'><strong>que</strong></span> <span class='ocrx_word' id='word_1_1047' title='bbox 2381 5868 2445 5923; x_wconf 89' lang='lat' dir='ltr'><strong>ad</strong></span> <span class='ocrx_word' id='word_1_1048' title='bbox 2491 5884 2686 5924; x_wconf 90' lang='lat' dir='ltr'><strong>annum</strong></span> <span class='ocrx_word' id='word_1_1049' title='bbox 2723 5868 3032 5935; x_wconf 87' lang='lat' dir='ltr'><strong>vigesimum</strong></span> <span class='ocrx_word' id='word_1_1050' title='bbox 3082 5876 3330 5934; x_wconf 88' lang='lat' dir='ltr'><strong>quartum</strong></span> <span class='ocrx_word' id='word_1_1051' title='bbox 3377 5868 3517 5935; x_wconf 84' lang='lat' dir='ltr'><strong>regis</strong></span> <span class='ocrx_word' id='word_1_1052' title='bbox 3553 5864 3823 5925; x_wconf 69' lang='lat' dir='ltr'><strong>G&#39;e&#39;rserici</strong></span> 
     </span>
    </p>
   </div>
  </div>
