4142 6350
316 332 424 387 545
1398 328 1487 385 DE
1524 326 1851 385 COIPUTO
1890 325 2228 385 PASCHALI
2269 326 2396 384 LIB.
2435 325 2478 381 ι.
3487 327 3591 386 546

313 443 438 500 anni
460 453 586 499 sunt
605 444 977 516 quadringenti
1007 459 1220 500 xxxntt.
1252 443 1413 501 Fiunt
1433 459 1622 501 omnes
1646 444 1715 501 ab
1736 443 1904 500 Adam
1931 449 1989 509 Α
2084 440 2316 511 Expliclt
2361 439 2499 497 liber
2530 439 2937 513 Genealogicus,
2969 441 3025 502 in
3053 459 3159 516 quo
3196 442 3420 517 praefati
3465 443 3592 501 anni

315 756 3553 795 W—M

317 550 416 615 per
440 536 574 607 legis
594 536 837 594 ordinem
863 537 1129 594 numerati
1156 551 1325 608 usque
1342 536 1409 592 ad
1432 550 1629 592 annum
1655 551 1909 607 praesen—
2010 535 2308 593 conclusio.
2346 568 2367 588 λ.
2412 574 2427 589 .
2468 570 2487 590 .
2528 572 2545 591 .
2589 574 2604 589 .
2648 572 2665 589 .
2708 572 2725 590 .
2760 574 2776 591 .
2821 573 2836 590 .
2880 572 2897 589 .

314 634 425 682 tem
453 627 581 683 anni
607 627 792 700 quing.
837 669 851 685 .
897 667 913 683 .
957 668 972 684 .
1018 668 1032 683 .
1062 628 1317 701 nongenti
1336 628 1610 700 octoginta
1629 638 1907 699 quattuor.

1206 1009 1295 1059 ω
1442 866 2501 1051 ᾼΝοιππιπι

1711 1078 2202 1159 LIBELLUS

1092 1259 1270 1372 DE
1360 1258 2029 1375 COMPUTO
2113 1255 2968 1419 PASCHALI./

1549 1564 1890 1645 LIBER
1946 1560 2429 1643 PRIMUS.

402 1700 535 1756 Dum
571 1714 722 1755 mens
745 1700 956 1756 curiosa
987 1700 1040 1754 in
1066 1714 1123 1756 re
1154 1709 1261 1754 tam
1289 1700 1521 1770 gravrori
1552 1708 1600 1752 et
1634 1696 1924 1751 admodum
1955 1695 2003 1753 B
2030 1693 2201 1748 cunda
2247 1693 2313 1747 ad
2366 1699 2525 1761 caput
2566 1692 2757 1748 iterum
2800 1692 3107 1748 revolvatur
3136 1735 3150 1759 ,
3193 1698 3333 1750 hunc
3372 1696 3607 1753 Lunares

328 1792 465 1845 satis
495 1790 713 1860 optabili
741 1792 1058 1861 propensius
1084 1789 1388 1856 desudaret,
1418 1798 1472 1844 et
1495 1789 1586 1843 diu
1617 1785 1920 1843 anhelando

330 1882 589 1937 lectitatis
643 1882 1017 1952 perdurasset,
1069 1882 1156 1937 illa
1209 1882 1419 1938 scilicet
1464 1898 1581 1953 quae
1639 1882 1913 1936 hominem

330 1971 651 2027 mortalibus
684 1972 889 2044 laqueis
915 1982 1254 2043 occupatum,
1283 1973 1503 2043 jejuniis
1534 1986 1564 2025 a
1593 1972 1804 2026 delictis
1830 1987 1923 2027 ex—

330 2062 533 2130 piatum
567 2072 775 2132 purgat,
816 2073 869 2117 et
910 2063 1185 2117 beatorum
1224 2062 1393 2119 choro
1432 2062 1724 2127 consociat,
1750 2062 1921 2116 cocci-

330 2150 448 2205 neis
474 2151 692 2206 maculis
725 2158 780 2205 et
810 2152 987 2206 alieno
1028 2152 1220 2206 rubore
1262 2166 1535 2221 aspersam
1588 2150 1920 2220 baptismatis

329 2243 567 2297 tunicam
619 2253 675 2297 ut
727 2243 901 2298 nivem
958 2242 1175 2299 exhibet
1222 2244 1560 2299 candidatum
1594 2255 1642 2311 ⁸,
1699 2244 1922 2315 suscipit

331 2336 495 2391 etiam
531 2336 582 2390 in
618 2337 739 2406 agni
770 2339 982 2407 nuptias
1010 2338 1310 2393 veternosis
1353 2338 1585 2408 peccatis
1636 2337 1807 2393 bonus
1840 2349 1921 2393 tu-

331 2435 466 2492 met,
501 2424 554 2479 in
578 2426 743 2479 ruina:
766 2442 891 2483 casu
918 2426 1180 2498 dilapsum
1203 2428 1361 2499 erigit
1382 2428 1721 2484 sacerdotum
1750 2431 1923 2498 preci-

330 2515 435 2571 bus
467 2516 700 2572 recivum
730 2517 959 2573 Domino
990 2520 1243 2589 templum
1276 2527 1330 2575 et
1372 2520 1515 2575 subit
1552 2520 1733 2575 odium
1763 2521 1923 2575 mise-

330 2608 559 2663 rationis
590 2609 796 2679 fulgore
823 2611 1028 2678 micuit,
1048 2611 1220 2681 adque
1248 2613 1488 2669 scientiae
1511 2613 1688 2668 lumen
1703 2612 1921 2679 effulsit,

332 2708 393 2754 ut
422 2700 511 2754 illa
545 2716 664 2771 quae
693 2701 1013 2757 videbantur
1042 2704 1306 2773 quaerenti
1337 2712 1391 2759 et
1433 2704 1759 2760 desideranti
1806 2705 1924 2775 qui-

331 2789 556 2847 busdam
578 2792 784 2847 nebulis
809 2793 1089 2848 obscurata
1114 2797 1450 2864 pateﬁerent,
1483 2796 1731 2851 universa
1758 2796 1805 2851 ei
1830 2796 1923 2849 de-

333 2892 642 2952 tegerentur
676 2885 907 2952 occulta,
948 2901 977 2939 a
1021 2901 1128 2957 quo
1158 2888 1374 2943 lunares
1404 2904 1594 2944 cursus
1624 2890 1675 2942 in
1708 2889 1923 2960 integro

337 2976 704 3045 lirmarentur,
735 2986 787 3031 et
813 2980 1092 3047 paschales
1122 2982 1306 3035 circuli
1338 2982 1437 3035 sibi
1471 2981 1698 3037 invicem
1729 2996 1925 3037 conso-

2027 1786 2271 1842 minutim
2298 1794 2617 1855 genuerunt,
2642 1800 2707 1841 eo
2734 1783 2873 1855 quod
2898 1786 3034 1840 inter
3054 1784 3334 1842 duodecim
3354 1802 3523 1844 annos
3555 1796 3611 1845 ut

2026 1877 2235 1947 integro
2274 1876 2551 1946 paschales
2599 1876 2719 1931 dies
2753 1876 3096 1943 pronuntiare
3120 1890 3397 1947 possemus
3424 1920 3438 1945 ,
3474 1882 3611 1932 assis

2027 1985 2166 2025 unus
2183 1970 2248 2025 de
2263 1970 2569 2025 accentibus
2596 1969 2765 2024 unciis
2794 1970 3071 2041 perspicue
3098 1970 3397 2026 invenietur
3416 1978 3612 2038 praeter

2024 2062 2174 2117 illum
2202 2077 2377 2117 assem
2403 2061 2651 2117 videlicet
2678 2062 2954 2127 feriarum,
2987 2064 3077 2131 qui
3102 2062 3239 2117 inter
3260 2077 3429 2117 annos
3455 2069 3607 2132 quat-

2027 2164 2147 2209 tuor
2175 2170 2270 2223 pro
2286 2154 2580 2209 bissextum
2608 2153 2904 2223 smpissime
2931 2154 3270 2224 subrogatur.
3298 2154 3438 2225 Ergo
3459 2163 3610 2211 octo-

2025 2248 2140 2317 gies
2169 2256 2355 2317 quater
2386 2246 2575 2301 unciae
2603 2254 2786 2316 septus
2824 2256 2877 2301 et
2916 2247 3115 2316 septies
3158 2246 3613 2316 decusdipundius

2026 2337 2227 2392 habeas
2250 2353 2418 2393 annos
2447 2338 2713 2407 octoginta
2745 2347 3013 2407 quattuor,
3046 2339 3238 2408 quibus
3261 2340 3612 2395 sanctissima:

2025 2428 2315 2484 memeriae
2341 2430 2643 2498 Augustalis
2666 2444 2755 2483 sex
2772 2429 2838 2484 de
2860 2439 3063 2499 septem
3090 2430 3295 2485 assibus
3326 2431 3377 2484 iu
3410 2429 3609 2484 ocdoa-

2028 2522 2184 2577 dibus
2224 2534 2278 2577 et
2303 2522 2663 2577 cndecadibus
2699 2522 2810 2576 suis
2840 2538 2944 2577 non
2978 2522 3209 2591 propriis
3237 2522 3368 2576 locis
3389 2530 3442 2576 et
3472 2522 3613 2577 sedi—

2029 2614 2129 2668 bus
2178 2613 2486 2678 adnotavit;
2538 2628 2671 2683 quos
2720 2628 2817 2683 per
2866 2627 3037 2667 annos
3067 2613 3333 2683 octoginta
3363 2622 3614 2681 quattuor

2029 2706 2246 2761 annales
2274 2706 2441 2759 uncia?
2472 2705 2810 2759 invenerunt.
2852 2704 2932 2758 οι)
2953 2720 3110 2773 quam
3146 2719 3256 2758 rem
3292 2703 3343 2756 in
3372 2703 3613 2773 ejusdem

2031 2797 2245 2853 circulis
2297 2812 2449 2851 error
2476 2796 2799 2865 aliquotiens
2836 2796 3105 2850 invenitur
3129 2836 3143 2861 ,
3190 2795 3315 2850 dum
3346 2810 3610 2850 annorum

2031 2908 2259 2947 numero
2286 2933 2299 2956 ,
2332 2900 2383 2945 et
2414 2892 2798 2945 elementorum
2823 2889 3067 2944 cursibus
3101 2888 3353 2957 liquidius
3385 2903 3488 2942 non
3515 2887 3614 2941 ad-

2032 2985 2268 3039 tenditur
2288 3024 2302 3048 ,
2330 2984 2573 3053 quamvis
2606 2996 2743 3036 unus
2773 2981 2909 3036 assis
2938 2980 3005 3035 de
3034 2990 3237 3049 septem
3266 2979 3316 3033 in
3348 2978 3614 3049 octoginta

334 3078 527 3123 nantes
558 3085 680 3124 curn
707 3069 983 3127 lunaribus
1010 3072 1184 3139 annis,
1216 3082 1270 3128 et
1296 3074 1733 3129 embolismorum
1759 3052 2000 3129 titulisc
2032 3087 2283 3149 quattuor
2303 3052 2455 3131 annis
2480 3092 2693 3145 semper
2708 3074 3006 3142 deducitur,
3023 3084 3075 3130 et
3090 3072 3325 3143 paschali
3348 3089 3615 3143 nunquam

333 3160 453 3217 sine
473 3162 581 3217 ullo
600 3176 795 3219 'errore
826 3165 893 3219 ab
922 3166 1288 3236 ignorantibus
1319 3177 1688 3233 noscerentur,
1721 3169 1772 3222 in
1803 3168 1924 3238 qui-

332 3250 433 3307 bus
460 3253 816 3309 ocdoadarum
846 3265 900 3311 et
921 3256 1311 3312 endecadarum
1343 3260 1467 3313 anni
1500 3258 1572 3313 ita
1602 3258 1923 3329 investigati,

334 3338 508 3414 adque
538 3345 721 3402 divino
772 3356 900 3402 nutu
944 3348 1175 3404 confecti
1221 3349 1519 3419 signantur,
1574 3361 1630 3404 ut
1678 3351 1731 3404 in
1779 3351 1925 3404 nullo

335 3449 558 3504 prorsus
588 3437 837 3493 vacillare
877 3439 1215 3511 aliquatenus
1246 3442 1550 3496 videantur.
1578 3441 1779 3509 Quibus
1806 3457 1927 3510 pro-

338 3526 577 3581 videntia
608 3529 899 3585 conditoris
933 3540 1076 3586 tanta
1103 3532 1331 3587 titulatio
1358 3532 1532 3588 delixa
1565 3533 1923 3602 cognoscitur,

332 3628 394 3675 ut
426 3620 479 3675 in
508 3637 649 3677 anno
680 3623 891 3678 decimo
921 3626 1062 3695 regis
1093 3623 1349 3681 Geiserici
1382 3627 1506 3681 anni
1528 3626 1929 3697 quadringenti-

334 3715 526 3785 viginti
557 3731 583 3767 a
617 3716 867 3787 passione
891 3717 1166 3774 Dominica
1198 3720 1247 3773 in
1275 3720 1445 3791 capite
1468 3720 1651 3789 primae
1678 3717 1928 3775 ocdoadis

338 3807 761 3877 complerentur,
795 3816 847 3862 et
886 3810 1011 3874 tale,
1042 3818 1150 3864 tam
1196 3810 1526 3876 Judzeorum,
1564 3826 1724 3881 quam
1773 3810 1930 3864 Chri-

334 3898 630 3953 stianorum
660 3900 935 3955 inventum
959 3913 1037 3956 est
1068 3901 1285 3971 pascha,
1307 3904 1463 3973 quale
1493 3912 1618 3958 tunc
1645 3918 1675 3956 a
1705 3902 1927 3958 Domino

335 4006 459 4047 cum
488 3992 773 4065 Discipulis
804 3994 965 4049 fuerit
995 3994 1345 4050 celebratum.
1372 3997 1570 4051 Passus
1594 3996 1797 4052 interea
1827 4011 1928 4066 pro

336 4086 491 4141 nobis
518 4087 711 4141 octabu
733 4087 989 4143 kalendas
1018 4089 1251 4158 Apriles,
1276 4090 1400 4143 luna
1422 4090 1781 4146 sextadecima
1803 4133 1817 4155 ,
1852 4090 1931 4145 fe-

254 4244 271 4251 -
334 4177 419 4234 ria
460 4188 645 4246 sexta,
694 4189 749 4235 et
783 4182 1075 4235 resurrexit
1123 4195 1153 4234 a
1198 4183 1424 4238 mortuis
1464 4191 1615 4236 sextu
1672 4182 1930 4236 kalendas

335 4270 555 4327 easdem
580 4312 594 4336 ,
628 4271 751 4326 luna
799 4271 1230 4343 duodevigesima
1258 4315 1271 4339 ,
1306 4272 1435 4328 feria
1465 4275 1633 4343 prima
1660 4312 1675 4338 ,
1706 4272 1844 4328 sicut
1876 4274 1928 4328 in

337 4378 481 4418 anno
503 4364 676 4433 primo
696 4363 884 4434 prima:
913 4364 1165 4419 ocdoadis
1188 4364 1370 4435 operis
1397 4367 1535 4435 cepti
1573 4363 1929 4434 proculdubio

2033 3170 2252 3222 omnino
2292 3167 2655 3237 supputationi
2704 3166 3052 3227 conceditur;
3096 3166 3375 3235 ipsumque
3416 3178 3615 3229 assem,

2037 3262 2137 3315 nisi
2156 3262 2328 3328 fallor,
2362 3261 2634 3330 pr0prium
2659 3260 2709 3312 in
2738 3258 2981 3313 lunarem
3004 3272 3219 3312 cursum
3253 3274 3356 3311 non
3384 3260 3619 3311 intentus

2036 3353 2258 3408 immisit
2285 3395 2298 3419 ,
2328 3368 2485 3421 quem
2512 3353 2689 3421 potius
2718 3366 2878 3419 super
2908 3364 3131 3404 vacuum
3178 3349 3396 3418 integris
3438 3348 3619 3403 adser-

2039 3444 2274 3500 tionibus
2302 3443 2593 3498 declinavit
2627 3461 2639 3496 :
2673 3443 2787 3513 Ipse
2813 3452 2927 3509 est,
2976 3443 3064 3512 qui
3097 3442 3371 3511 paschales
3403 3456 3618 3495 errores

1977 3586 1989 3598 ,
2038 3536 2305 3607 gignendo
2335 3536 2665 3602 dinoscitur,
2700 3534 2839 3590 sicut
2868 3550 3127 3590 annorum
3157 3535 3296 3590 serie
3321 3536 3621 3601 conscripta
3670 3586 3675 3591 .

2038 3638 2387 3685 monstratur.
2434 3627 2505 3684 Ut
2534 3636 2713 3683 autem
2741 3628 2914 3698 ipsum
2944 3643 3149 3693 assem,
3176 3626 3267 3697 qui
3294 3625 3616 3692 excluditur,

2039 3723 2283 3777 invenire
2330 3721 2503 3791 possis
2542 3736 2569 3775 a
2602 3721 2756 3793 [forte
2781 3719 2903 3791 hac]
2943 3720 3320 3790 supputatione
3352 3720 3424 3774 uti
3457 3718 3623 3774 debe-

2038 3814 2146 3870 bis.
2170 3814 2419 3884 Octogies
2448 3824 2637 3885 quater
2673 3814 2814 3869 enim
2855 3814 3078 3870 decusas
3107 3814 3259 3869 uncia
3301 3812 3501 3868 faciunt
3530 3811 3624 3868 tibi

2041 3907 2483 3977 dies'nungentos
2514 3907 2729 3977 triginta
2771 3923 2964 3972 unum;
3014 3906 3227 3977 partiris
3259 3905 3589 3977 trigesimum
3610 3943 3624 3967 ,

2040 4000 2283 4055 invenies
2314 4001 2543 4055 triesas:
2589 3999 2689 4069 ipsi
2732 4009 2856 4055 sunt
2897 3999 3112 4069 triginta
3159 4007 3212 4053 et
3255 4014 3416 4051 unum
3446 3997 3627 4051 embo~

2040 4091 2207 4157 lismi,
2230 4107 2362 4161 quos
2386 4092 2674 4147 laterculos
2703 4090 2878 4145 omnis
2910 4092 3110 4145 habere
3137 4088 3508 4157 cognoscitur;
3537 4102 3622 4141 re-

2044 4191 2227 4239 manet
2260 4198 2397 4238 unus
2427 4184 2563 4237 assis
2589 4183 2698 4246 ille,
2726 4183 2817 4252 qui
2850 4183 2899 4236 in
2934 4181 3038 4235 line
3067 4195 3330 4235 annorum
3360 4180 3627 4247 octoginta

2043 4284 2296 4344 quattuor
2316 4274 2380 4329 de
2404 4283 2612 4340 septem
2634 4272 3168 4342 semperdeducitur,
3196 4286 3376 4341 quem,
3401 4280 3457 4325 ut
3486 4270 3627 4324 dixi-

2044 4379 2164 4420 mus
2183 4380 2572 4435 supervacuum
2604 4364 2819 4421 lunares
2842 4364 3080 4420 minutim
3104 4371 3423 4434 genuerunt.
3450 4360 3627 4432 ipsum

340 4458 643 4528 aspectibus
688 4459 885 4513 nostris
929 4458 1197 4520 veridicis,
1225 4458 1525 4514 ostenditur
1570 4458 1928 4513 documentis.
1960 4452 2018 4512 D
2044 4458 2205 4514 etiam
2234 4467 2287 4513 et
2329 4457 2593 4537 Agriustia
2634 4455 2748 4526 ejus
2777 4454 3050 4525 municipii
3083 4452 3508 4509 'l‘himidensium
3543 4467 3631 4507 re-

340 4548 433 4606 Est
458 4550 601 4606 enim
634 4564 805 4605 annus
826 4566 1061 4621 praesens
1086 4552 1138 4606 in
1162 4552 1400 4607 ocdoada
1426 4554 1597 4622 prima
1626 4568 1655 4605 a
1682 4550 1931 4621 passione

342 4642 619 4697 Dominica
666 4642 1222 4713 quadringentesimus
1252 4645 1540 4715 vigesimus
1571 4653 1759 4699 sextus
1790 4658 1931 4698 anno

344 4731 712 4789 sextodecimo
728 4734 907 4804 Regis,
940 4736 1157 4793 secundi
1186 4752 1315 4791 vero
1338 4736 1520 4792 circuli
1553 4746 1711 4806 caput
1734 4752 1931 4791 annum

345 4824 509 4880 habet
535 4826 817 4882 consulatu
840 4825 1127 4882 Theodosii
1158 4828 1342 4883 decem
1369 4838 1421 4883 et
1457 4831 1653 4898 septies
1680 4840 1733 4884 et
1761 4828 1929 4893 Festi,

346 4918 405 4973 in
434 4920 584 4989 cujus
615 4920 717 4975 line
739 4920 807 4976 ab
832 4920 1062 4991 Egypto
1090 4922 1410 4977 exeuntibus
1434 4923 1557 4977 filiis
1588 4922 1749 4977 Israel
1781 4938 1932 4976 com-

349 5010 481 5081 pleti
527 5019 651 5065 sunt
685 5011 809 5065 anni
840 5011 946 5065 duo
979 5012 1144 5066 millia
1172 5022 1387 5068 centum
1410 5054 1424 5080 ,
1457 5022 1509 5069 et
1553 5014 1828 5069 inventum
1857 5023 1940 5069 est

344 5102 547 5172 pascha
576 5143 590 5169 ,
617 5104 775 5173 quale
804 5104 856 5158 in
889 5103 1121 5173 [Egypto
1164 5120 1192 5157 a
1221 5104 1466 5160 Patribus
1496 5107 1727 5177 primum
1767 5107 1940 5161 fuerat

347 5196 717 5263 immolatum;
748 5205 907 5267 atque
951 5213 1091 5252 anno
1114 5198 1481 5254 sextodecimo
1511 5200 1671 5270 Regis
1700 5200 1937 5254 adnotati

348 5300 477 5345 sunt
504 5290 610 5345 duo
635 5291 798 5345 millia
824 5299 1037 5346 centum
1063 5292 1297 5348 sedecim
1330 5294 1382 5346 in
1420 5294 1681 5361 vigesimo
1708 5302 1761 5347 et
1787 5304 1941 5348 sexto

347 5385 555 5441 circulo
595 5402 733 5441 anno
760 5388 988 5458 septimo
1018 5388 1188 5442 decim
1208 5404 1223 5434 ν)
1255 5388 1492 5455 ejusdem
1535 5385 1718 5441 circuli
1743 5427 1758 5451 ,
1787 5387 1939 5456 cujus

346 5479 474 5533 anni
528 5479 864 5536 Dominicum
915 5480 1110 5550 pascha
1158 5480 1330 5549 agitur
1381 5480 1619 5545 quintum
1671 5479 1937 5535 decimum

344 5571 621 5628 Kalendas
664 5573 860 5643 Majas,
894 5572 1017 5626 luna
1058 5572 1281 5642 septima
1316 5572 1543 5627 decima.
1580 5571 1684 5628 Sed
1716 5580 1773 5626 ut
1804 5588 1939 5627 unus

345 5664 490 5719 assis
526 5664 580 5719 in
629 5663 730 5719 hoc
777 5662 975 5719 circulo
1020 5663 1138 5735 plus
1182 5663 1507 5733 inveniatur,
1542 5672 1595 5719 et
1622 5680 1651 5718 a
1680 5664 1802 5720 luna
1847 5679 1943 5720 se-

428 5807 457 5841 ⁸
493 5800 705 5861 Sensus
731 5800 1000 5861 turbatus.

2044 4552 2252 4622 giorum
2294 4551 2537 4607 scribens
2576 4550 2851 4605 Hilariano
2888 4551 2956 4605 de
3006 4548 3211 4605 ratione
3249 4547 3490 4618 paschali
3539 4561 3632 4617 per

2044 4644 2310 4713 scripulos
2335 4652 2454 4698 arte
2484 4642 2713 4713 quadam
2744 4640 2912 4697 voluit
2943 4640 3231 4698 excludere
3256 4682 3272 4705 ,
3306 4639 3540 4694 innitens
3581 4638 3633 4693 in

2045 4751 2215 4790 annos
2243 4735 2482 4806 singulos
2514 4751 2621 4791 non
2654 4735 2902 4791 undecim
2936 4733 3053 4789 dies
3076 4742 3130 4789 et
3172 4732 3354 4787 uncias
3374 4773 3388 4799 ,
3424 4742 3505 4786 set
3536 4746 3635 4785 un-

2048 4828 2221 4883 decim
2249 4829 2363 4883 dies
2398 4828 2719 4883 semiuncias
2742 4869 2757 4894 ,
2790 4828 2913 4882 dua:
2952 4826 3081 4881 selae
3106 4867 3122 4892 ,
3154 4824 3448 4895 scripulum
3482 4838 3637 4877 suum

2049 4921 2530 4986 semissemiuncia,
2562 4920 2681 4975 dua:
2708 4920 2855 4984 selte,
2892 4920 3069 4973 minus
3099 4917 3164 4973 ad
3190 4918 3400 4972 unciam
3431 4914 3640 4986 scripu-

2052 5010 2137 5066 los
2162 5012 2295 5066 duos
2317 5011 2646 5078 cincunsela,
2664 5011 2754 5081 qui
2788 5009 2989 5065 faciunt
3011 5011 3062 5066 in
3094 5010 3363 5080 octoginta
3387 5018 3641 5079 quattuor

2052 5104 2209 5159 annis
2240 5104 2504 5173 seripulos
2552 5102 2812 5159 ducentos
2861 5114 3090 5173 quatuor
3138 5112 3335 5157 sestam
3386 5101 3475 5170 qui
3516 5106 3640 5152 sunt

2056 5199 2201 5252 hora:
2231 5206 2383 5264 octo,
2412 5197 2775 5268 semispuncta
2797 5237 2813 5263 ,
2846 5197 3059 5267 duoque
3083 5195 3273 5249 habeo.
3309 5192 3640 5246 Devidentur

2054 5274 2186 5347 foris
2210 5290 2467 5346 exclusae.
2498 5290 2669 5345 Minus
2703 5304 2830 5361 ergo
2863 5290 3128 5344 habentur
3152 5286 3217 5340 ad
3248 5285 3463 5353 plenum
3497 5280 3642 5354 diem

2056 5384 2125 5440 de
2152 5384 2456 5453 septenario
2478 5398 2702 5440 numero
2728 5380 3119 5438 excludendum
3150 5378 3310 5432 horas
3336 5384 3441 5427 tres
3465 5413 3479 5438 ,
3512 5370 3644 5426 scri-

2057 5477 2242 5545 pulum
2264 5476 2531 5543 undecim,
2568 5486 2761 5545 puncta
2792 5474 3014 5537 decem;
3048 5470 3170 5525 ideo
3195 5465 3376 5534 utique
3403 5464 3647 5535 aliquan-

2060 5580 2145 5624 tos
2175 5584 2342 5624 annos
2370 5568 2481 5623 suis
2521 5553 2924 5623 adsertioiiibus
2963 5564 3015 5618 in
3053 5562 3260 5628 integro
3289 5556 3646 5613 determinare

2060 5662 2320 5733 nequivit.
2356 5660 2655 5717 Providens
2678 5658 3036 5731 igitur'ipsum
3065 5666 3240 5709 assem
3268 5648 3649 5709 declinandum
