4142 6350
560 316 664 378 547

1807 312 2113 373 ΑΝΟΝΥΜΙ
2153 314 2492 375 Αυρτοηιε

3734 318 3835 376 648

560 434 737 492 modis
761 434 1009 489 omnibus
1030 426 1343 499 esse,‘qsod
1372 428 1418 484 si
1450 427 1761 498 Augustalis
1782 443 1898 496 sex,
1924 439 1985 484 ut
2011 429 2142 494 dixi,
2171 432 2225 489 Λ
2251 429 2416 486 fuisse
2437 471 2452 497 ,
2480 438 2536 486 et
2564 438 2756 501 quarta
2799 429 2889 487 die
2918 431 3060 502 quod
3090 437 3174 487 est
3200 432 3388 503 quinto
3410 432 3680 488 Kalendas
3703 436 3836 503 ejus-

566 544 716 586 asses
741 529 795 582 in
819 526 1057 581 laterculi
1084 524 1338 579 membris
1356 524 1517 578 certis
1538 523 1778 593 numeris
1810 523 2142 587 immisisset,

567 622 872 676 nullatenus
896 620 947 672 in
972 616 1143 670 lunari
1169 632 1326 671 cursu
1351 625 1405 672 et
1434 616 1942 686 paschalibusannis
1959 617 2145 671 vitium

566 712 911 775 incurrisset,
944 710 1138 788 quibus
1158 720 1549 778 exproventum
1578 712 1782 766 erroris
1802 710 1943 765 hunc
1972 725 2147 765 assem

566 804 621 860 in
646 820 744 871 suo
775 803 947 858 lunari
971 817 1128 858 curso
1154 804 1421 872 superﬂue
1449 805 1691 859 variatim
1725 806 1871 861 visus
1901 815 1983 860 est
2006 822 2147 876 prm-

566 911 788 966 rogare;
825 896 1019 950 minori
1050 905 1225 951 autem
1259 898 1525 952 elemento
1551 898 1601 951 in
1636 899 1794 954 tertio
1823 897 2024 953 circulo
2048 898 2145 953 tri-

566 987 855 1057 gesimario
901 1002 1043 1041 anno
1070 988 1329 1055 vigesimo
1364 998 1556 1057 quarto
1586 987 1788 1044 lunaris
1816 989 2153 1044 concluditur

564 1092 774 1132 cursus.
807 1077 1075 1147 Competit
1117 1080 1278 1132 etiam
1322 1078 1406 1133 his
1448 1080 1663 1133 circulis
1688 1080 2029 1149 paschalibus
2057 1093 2153 1151 per

566 1186 737 1227 annos
767 1172 1036 1241 octoginta
1073 1181 1343 1242 quattuor,
1375 1173 1568 1242 quibus
1598 1173 1871 1241 explicitis
1902 1174 1967 1228 ad
1996 1184 2154 1243 caput

566 1264 855 1318 reverteris
886 1264 998 1318 sive
1026 1264 1079 1318 in
1110 1265 1386 1320 lunaribus
1414 1262 1693 1331 cancellis,
1720 1278 1813 1320 seu
1846 1266 1897 1319 in
1931 1266 2156 1334 pascha-

566 1356 707 1411 libus
744 1357 918 1411 annis.
950 1358 1189 1423 Quorum
1220 1373 1389 1412 annus
1439 1358 1600 1428 igitur
1624 1359 1884 1427 septimus
1912 1359 2155 1419 decimus

568 1464 709 1505 anno
737 1460 897 1503 sexto
923 1450 1134 1505 decimo
1168 1450 1359 1518 Regis;
1392 1451 1484 1505 sed
1508 1451 1559 1505 in
1593 1450 1786 1515 lunari,
1820 1458 1878 1504 ut
1903 1450 2152 1517 diximus,

567 1556 727 1597 cursu
757 1542 898 1597 inter
919 1557 1088 1597 annos
1126 1541 1407 1597 duodecim
1440 1556 1614 1597 assem
1642 1556 1806 1597 unum
1846 1543 2071 1598 inmittis
2099 1543 2155 1598 in

566 1634 819 1704 primum,
844 1634 1158 1699 secundum,
1185 1644 1242 1689 et
1266 1634 1476 1689 tertium
1503 1635 1796 1690 cancellum
1827 1650 1987 1705 super
2017 1635 2156 1704 quod

565 1722 758 1780 afuerit
787 1724 1013 1779 Kalend.
1058 1723 1179 1780 Jan.
1218 1723 1293 1778 sic
1326 1739 1537 1795 quoque
1581 1740 1752 1779 annos
1792 1740 1887 1794 per
1918 1724 2156 1795 singulos

2248 523 2368 578 dem
2393 523 2594 579 dixisse
2614 525 3038 593 omnipotentem
3071 524 3239 580 Deum
3266 526 3393 595 ﬁant
3431 526 3535 579 duo
3556 524 3835 581 luminaria

2246 616 2299 669 in
2326 616 2646 685 ﬁrmamento
2677 616 2820 684 caeli,
2845 617 2917 670 sic
2948 626 3001 670 ut
3036 618 3236 671 luceant
3262 632 3417 689 super
3444 626 3657 686 terram,
3688 628 3735 673 et
3760 592 3891 689 ἁμέ

2248 708 2423 761 vident
2470 709 2601 761 inter
2650 708 2785 762 diem
2829 718 2875 762 et
2904 719 3129 775 noctem,
3159 718 3206 762 et
3246 710 3346 764 sint
3394 711 3447 763 in
3494 710 3677 781 signis,
3712 713 3835 766 etin

2252 802 2581 869 temporibus,
2624 811 2672 856 et
2701 803 2753 855 in
2786 803 2963 856 diebus
3009 813 3053 857 et
3086 804 3138 857 in
3168 803 3317 856 annis
3344 842 3359 869 ,
3388 811 3432 856 et
3454 808 3557 856 sint
3584 804 3635 856 in
3667 804 3834 874 splen-

2249 896 2373 951 dore
2398 896 2450 949 in
2482 897 2803 965 ﬁrmamento
2822 897 2935 950 coeli
2957 883 3029 950 sic
3051 906 3105 949 ut
3135 897 3338 950 luceant
3365 912 3516 965 super
3537 904 3764 960 terram;
3787 910 3836 952 et

2254 987 2331 1042 sic
2360 996 2443 1042 est
2489 986 2708 1041 factum.
2740 986 2807 1041 Et
2836 988 2955 1057 fecit
2997 986 3135 1042 Deus
3170 988 3271 1040 duo
3303 988 3581 1041 luminaria
3609 1004 3833 1057 magna;

2255 1077 2508 1133 lutninare
2544 1080 2712 1149 majus
2762 1079 2963 1133 initium
3002 1079 3134 1144 diei,
3170 1087 3217 1133 et
3258 1080 3511 1132 luminare
3541 1081 3709 1134 minus
3742 1082 3834 1133 im-

2256 1171 2380 1223 tium
2415 1172 2606 1234 noctis;
2640 1178 2693 1225 et
2721 1179 2925 1225 cetera.
2958 1169 3109 1226 Fecit
3139 1170 3669 1240 igituromnipotens
3704 1172 3835 1227 Deus

2254 1262 2424 1315 solem
2460 1258 2668 1315 initium
2712 1261 2814 1315 dici
2854 1269 2909 1317 et
2935 1262 3177 1316 cucurrit
3206 1270 3490 1331 antequam
3526 1264 3678 1317 ﬁeret
3718 1263 3835 1321 luna

2260 1354 2418 1407 horas
2461 1353 2705 1408 undecim
2735 1363 2790 1407 et
2818 1363 3059 1424 quartam
3094 1362 3299 1424 partem
3326 1354 3526 1420 horae;
3576 1366 3629 1411 et
3659 1358 3836 1411 statim

2255 1444 2411 1514 jussit
2459 1445 2573 1500 ﬁeri
2621 1446 2833 1511 lunam,
2863 1454 2919 1501 et
2948 1448 3196 1516 prosequi
3249 1464 3394 1516 eum,
3443 1464 3563 1503 cum
3595 1464 3701 1519 quo
3733 1461 3836 1506 tam

2258 1552 2509 1607 magnum
2554 1538 2787 1593 ofﬁcium
2828 1540 2879 1593 in
2911 1541 3051 1595 ccelo
3082 1540 3259 1596 fuerat
3289 1540 3500 1611 adepta.
3534 1542 3837 1611 Constituta

2261 1642 2340 1688 est
2373 1634 2534 1703 igitur
2557 1633 2948 1703 quintadecima
2996 1635 3173 1704 plena,
3219 1636 3341 1705 quia
3384 1635 3516 1689 nihil
3556 1636 3696 1705 quod
3737 1653 3837 1692 non

2262 1726 2475 1794 plenum
2529 1725 2931 1796 perfectumque
2973 1725 3202 1781 ediderit
3245 1727 3481 1797 potentia
3514 1725 3838 1785 Conditoris.

567 1818 787 1877 veritate
812 1817 1034 1875 fulciris.
1068 1816 1199 1872 Cum
1234 1816 1394 1886 igitur
1426 1819 1476 1871 in
1505 1818 1718 1873 tertium
1759 1816 2055 1873 cancellum
2089 1817 2153 1871 ad
2190 1805 2237 1866 B
2264 1814 2333 1870 Et
2372 1814 2492 1871 ideo
2524 1818 2705 1885 utique
2735 1815 2934 1871 dictum
2986 1826 3068 1871 est
3091 1860 3104 1883 ,
3142 1817 3424 1872 duodecim
3472 1818 3763 1875 minuentis
3791 1828 3838 1876 et

567 1926 765 1966 annum
827 1912 1136 1981 perveneris
1195 1912 1506 1983 vigesimum
1570 1920 1814 1983 quartum
1865 1911 2155 1966 reverteris

566 2015 688 2078 post
717 2022 885 2059 annos
941 2008 1211 2077 octoginta
1242 2018 1490 2080 quattuor
1515 2050 1529 2075 ,
1580 2008 1797 2063 excluso
1829 2010 1914 2063 die
1944 2024 2049 2063 uno
2088 2007 2155 2063 de

567 2099 873 2167 septenario
906 2114 1129 2154 numero
1162 2115 1225 2155 ex
1276 2100 1565 2155 crementis
1616 2100 1891 2155 lunaribus
1931 2101 2151 2156 venien-

568 2203 699 2257 tem,
739 2201 793 2247 et
821 2193 1058 2247 invenies
1091 2193 1146 2247 in
1178 2195 1536 2249 cancellorum
1562 2195 1735 2263 capite
1759 2195 1937 2249 lunam
1960 2210 2155 2250 secun-

569 2284 711 2351 dam,
738 2285 789 2340 in
808 2285 1003 2356 quibus
1030 2285 1095 2338 ab
1129 2287 1169 2340 A
1194 2300 1359 2353 usque
1390 2285 1455 2339 ad
1483 2285 1527 2338 K
1546 2284 1731 2339 decem
1759 2286 1945 2340 literae
1966 2300 2155 2339 nume-

569 2386 776 2445 rantur,
808 2391 944 2446 quae
992 2375 1090 2431 sibi
1136 2374 1254 2447 (sic)
1287 2375 1531 2431 exsicunt
1560 2376 1706 2432 sinos
1752 2376 1893 2443 dies,
1925 2386 1983 2430 ut
2006 2390 2156 2432 men-

569 2468 792 2522 strualis
846 2484 1101 2523 numerus
1134 2470 1382 2537 agitetur.
1426 2468 1541 2539 Ipse
1585 2479 1760 2524 autem
1808 2485 1903 2539 per
1941 2483 2155 2523 menses

570 2555 849 2614 duodecim
874 2558 919 2613 A
949 2559 1076 2613 foris
1101 2558 1315 2613 deﬁxae
1340 2571 1653 2628 noscuntur,
1679 2559 1745 2615 de
1769 2560 1960 2630 quibus
1989 2560 2155 2614 literis

567 2665 663 2720 per
694 2648 804 2704 dies
846 2648 1084 2719 singulos
1130 2665 1276 2704 cram
1308 2652 1600 2721 prospicis;
1630 2660 1685 2708 et
1711 2652 1788 2707 sic
1818 2653 1870 2707 in
1897 2653 2153 2707 cancellis
2203 2642 2207 2646 ”

566 2758 664 2813 per
695 2758 865 2798 annos
919 2744 1157 2813 singulos
1204 2744 1535 2800 descendens
1583 2747 1634 2799 in
1676 2746 1933 2801 directum
1971 2755 2154 2799 contra

567 2831 736 2906 lpsam
760 2852 905 2891 eram
937 2836 1133 2891 lineam
1163 2837 1471 2907 adsecutus,
1495 2848 1656 2907 quota
1683 2839 1805 2893 luna
1829 2854 1959 2894 vero
1976 2838 2155 2895 verius

570 2928 773 2998 poteris
802 2929 1060 2995 invenire,
1081 2944 1211 2986 sane
1231 2931 1453 2987 scientia
1478 2932 1656 2987 cordis
1679 2932 1924 2988 edoctus.
1953 2932 2006 2985 In
2031 2947 2158 2986 can-

571 3017 724 3074 cellis
775 3027 951 3073 autem
998 3019 1246 3075 feriarum
1300 3036 1397 3090 per
1448 3036 1730 3076 numerum
1792 3024 2154 3091 septenarium

572 3115 846 3184 quaerenti
892 3113 1048 3168 datur
1080 3114 1393 3182 indiculum,
1429 3116 1495 3170 ab
1523 3116 1587 3170 A.
1623 3115 1765 3170 enim
1798 3129 1966 3184 usque
1990 3114 2055 3169 ad
2085 3115 2149 3170 G.

573 3213 780 3274 septem
813 3205 1001 3260 literae
1052 3204 1410 3271 adnotantur,
1464 3206 1516 3259 in
1561 3205 1755 3277 quibus
1783 3219 1953 3260 annus
1982 3205 2157 3274 agitur
2184 3177 2233 3241 (ἶ

573 3299 857 3367 septimus,
877 3298 964 3354 ubi
992 3300 1046 3352 in
1076 3298 1368 3355 bissextum
1400 3310 1480 3354 ter
1503 3298 1911 3369 quadriennium
1935 3297 2158 3353 inmittis

573 3402 748 3445 assem
780 3405 962 3456 unum,
989 3390 1091 3445 hoc
1117 3400 1197 3445 est
1226 3406 1426 3446 annum
1458 3406 1619 3445 unum
1642 3390 1705 3444 K.
1737 3391 1861 3445 etin
1892 3389 2155 3445 mensium

574 3482 767 3538 ordine
814 3492 1033 3553 quotum
1090 3499 1350 3555 quaerere
1395 3486 1654 3554 volueris,
1686 3500 1841 3556 quam
1891 3487 1957 3541 ad
2003 3495 2161 3557 caput

575 3576 771 3632 videris
793 3592 938 3632 eram
967 3578 1152 3633 diebus
1179 3578 1402 3648 singulis
1419 3579 1749 3642 adnotatam,
1778 3587 1962 3634 contra
1992 3569 2171 3648 ipsam'

574 3668 628 3724 in
662 3668 849 3724 iisdem
869 3670 1123 3725 cancellis
1152 3670 1388 3724 invenies
1406 3669 1593 3725 feriam
1623 3670 1803 3725 ﬁxam.
1830 3670 1887 3725 ln
1911 3670 2158 3725 columna

576 3774 706 3816 vero
738 3760 1002 3814 bissextili
1031 3801 1046 3826 ,
1093 3775 1229 3829 quae
1276 3763 1534 3817 cancellis
1586 3762 1861 3818 lunaribus
1903 3762 2157 3831 glutinata

578 3858 726 3905 certo
758 3850 930 3905 limite
957 3851 1212 3905 sociatur.
1259 3851 1444 3907 Annus
1490 3853 1649 3922 igitur
1679 3864 1733 3907 et
1760 3854 1875 3922 ipse
1903 3855 2161 3922 septimus

580 3939 817 3996 decimus
842 3940 971 3997 feria
1001 3944 1187 4007 tertia;
1221 3942 1313 3997 sed
1342 3943 1431 3998 ubi
1460 3942 1821 3999 Kalendarum
1852 3945 2159 3999 martiarum

580 4031 720 4088 diem
753 4034 1028 4089 inveneris
1059 4034 1350 4090 mineatum
1378 4076 1392 4101 ,
1423 4034 1531 4091 illic
1560 4035 1725 4091 habes
1752 4037 2044 4092 bissextum
2080 4036 2161 4091 in-

578 4124 740 4181 missa
772 4124 900 4179 feria
930 4114 1287 4196 designatum.
1341 4126 1492 4181 Cum-
1520 4136 1696 4183 autem
1749 4129 2060 4198 perveneris
2097 4128 2160 4182 ad

578 4218 889 4290 vigesimum
912 4227 1245 4288 etoctavum,
1276 4219 1340 4273 ad
1368 4221 1597 4291 primum
1625 4223 1916 4277 reverteris
1941 4239 2159 4289 annum;

577 4319 633 4367 et
657 4311 733 4366 sic
754 4326 923 4381 usque
954 4311 1005 4366 in
1035 4310 1139 4365 ﬁne
1166 4310 1348 4367 mundi
1373 4311 1773 4383 recapitulando
1795 4313 2030 4382 singulos
2058 4324 2161 4368 tam

576 4407 855 4477 paschales
884 4423 1044 4475 quam
1078 4408 1382 4463 bissextiles
1411 4449 1427 4474 ,
1457 4408 1616 4463 simul
1663 4409 1822 4462 etiam
1866 4419 1919 4462 et
1950 4409 2163 4464 lunares

578 4511 749 4552 annos
771 4541 785 4565 ,
818 4497 1176 4568 furiarumque
1207 4499 1324 4554 dies
1360 4501 1600 4554 invenies
1634 4500 1936 4554 adnotatos.
1971 4502 2075 4556 Sed
2109 4510 2162 4555 ut

2259 1908 2542 1963 duodecim
2590 1909 2883 1964 crescentis
2914 1927 2926 1975 ;
2962 1910 3083 1965 luna
3117 1912 3259 1964 enim
3306 1926 3402 1981 per
3433 1909 3717 1967 duodecim
3757 1928 3838 1968 se-

2258 2012 2494 2056 meSIrua
2541 2001 2833 2071 minuitur,
2868 2010 2921 2057 et
2950 2018 3045 2072 per
3081 2002 3361 2057 duodecim
3403 2012 3704 2059 semestrua
3731 2020 3840 2060 crc-

2257 2097 2360 2151 scit
2386 2137 2400 2163 ,
2444 2107 2501 2150 ut
2538 2096 2681 2166 quod
2709 2098 2885 2151 minus
2918 2098 2999 2151 sol
3030 2097 3096 2152 ad
3128 2098 3342 2166 plenum
3371 2098 3512 2153 diem
3544 2100 3842 2155 cucurrisse

2258 2192 2622 2259 cognoscitur,
2648 2189 2749 2245 hoc
2778 2191 2901 2245 luna
2927 2190 3166 2245 divinum
3195 2191 3559 2261 magisterium
3587 2190 3843 2247 minuisse

2259 2298 2288 2336 a
2332 2282 2661 2351 sapientibus
2709 2283 3008 2347 invenitur;
3054 2293 3108 2338 et
3136 2283 3212 2338 sic
3238 2298 3361 2338 cum
3395 2282 3647 2339 Dominus
3670 2282 3840 2353 jussit

2258 2372 2611 2428 dodrantibus
2661 2388 2936 2437 crescere.
2988 2384 3041 2429 et
3088 2374 3442 2430 dodrantibus
3486 2374 3674 2441 minui,
3704 2374 3845 2432 sicut
3912 2444 3917 2449 _

2258 2479 2318 2520 re
2341 2464 2424 2519 vel
2454 2474 2577 2520 ante
2607 2466 2721 2534 ipso
2748 2465 3047 2521 ostenditur
3066 2466 3325 2521 calculata
3348 2467 3585 2537 partitio.
3608 2466 3845 2535 Quinde-

2258 2556 2365 2613 cies
2415 2557 2559 2612 enim
2612 2558 2905 2613 dodrantcs
2930 2598 2947 2624 ,
2993 2558 3219 2613 decusas
3239 2603 3254 2629 ,
3283 2558 3525 2630 quadran
3551 2575 3567 2625 ;
3601 2558 3697 2614 sed
3721 2559 3846 2629 quia

2258 2647 2393 2703 dixit
2439 2649 2721 2703 duodecim
2777 2648 3067 2703 minuentis
3121 2658 3176 2705 et
3230 2649 3510 2706 duodecim
3555 2650 3845 2707 crescentis

2258 2740 2575 2797 duodecima
2608 2744 2658 2796 in
2705 2742 2931 2797 decusas
2961 2742 3197 2813 quadran
3225 2742 3383 2797 faciat
3410 2744 3509 2798 tibi
3535 2742 3847 2800 deunsicili-

2259 2849 2373 2890 cus.
2408 2836 2631 2891 Lunaris
2672 2851 2801 2889 vero
2838 2851 3009 2890 annus
3056 2837 3219 2892 habet
3252 2837 3367 2892 dies
3397 2837 3661 2894 tricentos
3689 2838 3846 2907 quin,-

2259 2928 2505 2998 quaginta
2534 2938 2805 2998 quattuor,
2837 2930 2887 2983 in
2910 2929 3063 2999 cujus
3091 2930 3217 2984 anni
3243 2943 3427 2984 mense
3458 2930 3701 2986 invenies
3730 2928 3845 2985 dies

2210 3034 2225 3047 ⁸
2259 3021 2445 3091 viginti
2468 3035 2684 3088 novem,
2709 3020 2893 3088 semis,
2920 3035 3081 3091 super
3098 3034 3231 3091 quos
3252 3019 3419 3077 addes
3441 3020 3845 3090 deunsicilicus,

2259 3122 2312 3166 et
2343 3112 2477 3166 ﬁunt
2508 3111 2602 3166 tibi
2634 3113 2748 3167 dies
2778 3112 3014 3182 triginta,
3055 3112 3509 3168 cincunsicilicus.
3548 3111 3845 3169 Duodecies

2261 3218 2389 3274 ergo
2415 3204 2978 3260 triescincunsicilicus
3006 3204 3207 3259 faciunt
3230 3204 3352 3271 tibi,
3383 3204 3681 3260 secundum
3710 3220 3838 3261 cur-

2260 3310 2384 3351 sum
2418 3296 2815 3364 Romanorum,
2838 3296 2952 3352 dies
2985 3306 3255 3354 trecentos
3285 3298 3563 3368 sexaginta
3582 3299 3845 3370 quinque,

2260 3389 2497 3458 quadrati
2519 3408 2533 3455 ;
2558 3406 2717 3460 quem
2756 3374 3107 3460 quadrantem
3138 3404 3236 3461 per
3262 3390 3681 3461 quadriennium
3704 3400 3847 3447 tem-

2260 3481 2407 3551 poris
2456 3480 2664 3551 rediges
2690 3524 2707 3551 ,
2736 3490 2792 3537 et
2824 3481 2950 3549 facit
2979 3482 3069 3538 tibi
3097 3498 3261 3538 unum
3307 3496 3482 3538 assem
3512 3482 3845 3551 bissextum,

2263 3573 2365 3630 hoc
2394 3584 2476 3629 est
2502 3583 2692 3644 quater
2722 3575 3049 3644 quadrantes
3075 3576 3212 3630 assis
3238 3590 3253 3640 ;
3282 3574 3415 3632 haec
3438 3585 3524 3631 est
3552 3575 3688 3631 feria
3715 3591 3845 3632 una.

2264 3668 2339 3724 De
2364 3668 2628 3724 columnis
2653 3678 2855 3736 autem,
2884 3669 3076 3739 quibus
3098 3670 3151 3725 in
3175 3671 3500 3726 circulorum
3526 3671 3701 3740 capite
3721 3684 3847 3725 cum

2263 3762 2374 3817 suis
2415 3769 2541 3816 sunt
2583 3761 2738 3815 lineis
2772 3762 3068 3831 picturatae
3093 3802 3108 3830 ,
3138 3761 3273 3818 haec
3302 3764 3438 3818 ratio
3460 3762 3694 3833 cupienti
3722 3762 3846 3834 cly-

2263 3861 2420 3920 peata
2470 3862 2819 3909 monstratur.
2851 3853 3025 3919 Quota
3047 3854 3190 3908 enim
3233 3853 3393 3909 fuerit
3421 3854 3538 3908 Kal.
3564 3852 3681 3909 Jan.
3710 3852 3848 3908 luna

2263 3952 2444 3998 contra
2476 3945 2644 4014 ipsam
2675 3944 2879 4000 directa
2904 3944 3044 4002 linea
3076 3945 3362 4002 adsecutus
3395 3946 3653 4001 invenies.
3679 3946 3737 4000 ln
3759 3959 3850 4002 se-

2265 4037 2435 4091 cunda
2467 4039 2716 4093 columna
2748 4038 2948 4093 mensis
2986 4040 3140 4109 primi
3181 4051 3343 4110 quota
3386 4039 3472 4095 die
3516 4040 3695 4095 lunam
3724 4040 3842 4111 pri-

2266 4145 2405 4185 mam
2434 4138 2553 4185 tuos
2576 4138 2698 4196 ante
2719 4131 2903 4185 oculos
2929 4132 3120 4197 ﬁxam;
3151 4131 3205 4186 in
3230 4132 3385 4186 tertia
3410 4139 3617 4199 autem,
3636 4138 3843 4201 quarta,

2264 4226 2468 4298 quinta,
2516 4233 2569 4277 et
2618 4230 2769 4278 sexta
2819 4223 3068 4278 columna
3122 4224 3245 4279 luna
3300 4223 3505 4279 decima
3534 4234 3699 4294 quotu
3745 4224 3850 4278 erit

2266 4320 2465 4373 mensis
2488 4317 2684 4387 quarti,
2717 4317 2911 4386 quinti,
2947 4318 3160 4386 septimi
3187 4326 3241 4373 et
3271 4316 3467 4372 decimi
3489 4316 3627 4372 hanc
3652 4316 3847 4371 lineam

2266 4413 2421 4466 oculo
2449 4425 2699 4474 cernens,
2717 4409 2979 4479 prospicis
3010 4425 3103 4479 per
3131 4418 3386 4480 quattuor
3422 4410 3698 4465 columnas
3724 4422 3849 4464 esse

2267 4503 2579 4571 dispositam
2608 4512 2632 4539 α
2660 4515 2701 4558 χ
2722 4502 2940 4572 jejuniis
2968 4502 3110 4558 enim
3142 4502 3393 4573 legitimis
3414 4503 3723 4559 deserviens
3746 4501 3849 4555 ad-

577 4589 750 4657 ipsum
772 4587 913 4642 diem
938 4588 1269 4644 bissextilem
1301 4591 1354 4644 in
1381 4590 1592 4659 integro
1623 4604 1995 4660 recognoscas,
2028 4592 2162 4646 hanc
2190 4568 2243 4629 Β
2268 4596 2660 4663 notatur,sicut
2684 4596 2753 4651 de
2773 4596 2985 4665 septimi
3018 4596 3218 4652 mensis
3246 4595 3453 4665 jejunio
3483 4594 3852 4666 praecipiente

576 4672 838 4734 rationem
868 4679 1019 4751 sequi
1049 4679 1267 4736 debebis
1318 4690 1371 4736 et
1400 4682 1539 4735 scire
1576 4683 1713 4735 hunc
1740 4682 1880 4737 diem
1912 4682 2161 4737 blSSl‘Xll'

578 4770 684 4828 lem
718 4788 822 4827 non
856 4773 1145 4829 lavorabis.
1182 4772 1410 4828 Hebraei
1442 4774 1614 4843 primo
1645 4773 1711 4829 ob
1743 4776 1863 4841 hoc,
1911 4790 2015 4829 non
2045 4791 2159 4841 sua,

579 4863 672 4920 sed
704 4860 795 4917 Dei
825 4864 1089 4933 sapientia
1132 4864 1338 4931 edocti,
1370 4866 1517 4920 circa
1569 4880 1784 4919 cursum
1833 4867 1988 4922 lunae
2014 4909 2026 4932 ,
2057 4885 2160 4923 non

578 4964 865 5024 potuerunt
896 4970 1103 5023 errare;
1129 4966 1185 5013 et
1208 4958 1327 5013 ideo
1353 4959 1568 5027 quando
1592 4958 1821 5028 primum
1849 4963 1898 5013 in
1930 4960 2162 5030 Aigypto

579 5046 747 5115 pridie
790 5045 909 5101 idus
936 5046 1146 5117 Apriles
1176 5060 1363 5119 quarta
1402 5050 1537 5105 feria
1578 5051 1977 5121 quartadecima
2012 5052 2157 5119 luna,

578 5132 930 5205 bessicilicus,
962 5138 1097 5191 duae
1125 5140 1267 5212 selae
1290 5141 1355 5196 de
1386 5142 1625 5212 scripulo
1655 5144 1815 5212 trion,
1841 5145 2127 5199 semiuncia
2147 5186 2162 5211 ,

577 5225 809 5283 sicilicus
868 5231 1277 5285 immolaverunt
1327 5235 1547 5303 pascha,
1586 5232 1841 5289 dixerunt
1881 5235 2161 5290 duodecim

562 5318 806 5373 inventis
839 5363 850 5385 ,
885 5330 939 5375 et
965 5320 1243 5377 duodecim
1291 5327 1620 5391 crescentis;
1656 5342 1719 5381 co
1750 5324 1891 5396 quod
1942 5327 2159 5382 invene-

577 5416 684 5471 rint
712 5417 891 5473 lunam
932 5419 1145 5490 quando
1174 5422 1307 5475 facta
1349 5423 1418 5476 sit
1450 5436 1480 5474 a
1513 5422 1813 5477 minutione
1844 5436 1947 5475 non
1979 5436 2009 5475 a
2038 5436 2159 5476 cre-

577 5511 771 5566 mentis
797 5514 1040 5569 incoasse
1059 5532 1073 5580 ;
1095 5513 1235 5569 unde
1261 5513 1733 5586 comprehenditur
1756 5515 2159 5584 aequinoctium

580 5612 820 5661 octavum
874 5609 1138 5665 Kalendas
1179 5609 1388 5677 Apriles
1437 5609 1577 5665 diem
1621 5607 1852 5677 primum
1884 5608 2160 5666 inventum

653 5792 682 5823 ι
700 5782 813 5840 Hoc
840 5783 1048 5848 signum
1077 5787 1255 5849 reperi
1283 5786 1336 5841 in
1361 5784 1484 5842 cod.

2268 4688 2491 4742 Domino
2518 4687 2724 4757 Moyses
2768 4688 3138 4743 sanctissimus
3170 4696 3500 4757 protestatur
3534 4705 3547 4741 :
3582 4688 3685 4741 hac
3723 4687 3851 4741 dicit
3898 4674 3909 4681 ’

2268 4780 2517 4833 Dominus
2553 4794 2623 4833 :a
2646 4796 2783 4835 nona
2804 4782 3009 4844 mensis.
3038 4780 3231 4851 inquit,
3259 4781 3313 4834 in
3336 4781 3533 4835 decima
3570 4778 3751 4832 mensis
3779 4778 3852 4831 ad

2266 4888 2497 4943 vesper-as
2536 4873 2911 4929 sabbalizabitis
2938 4874 3148 4929 sabbata
3179 4881 3378 4939 vestra;
3420 4882 3467 4928 et
3495 4874 3661 4937 omnis
3681 4874 3770 4942 qui
3795 4888 3853 4925 se

2266 4982 2369 5021 non
2393 4966 2737 5020 humiliaverit
2765 4966 2819 5019 in
2849 4966 3055 5037 jejunio
3081 4966 3170 5019 illo
3200 4966 3413 5037 perdam
3447 4966 3671 5018 animum
3704 4962 3852 5018 illam

2268 5059 2329 5112 de
2370 5059 2557 5128 populo
2597 5073 2710 5114 suo.
2743 5056 2835 5113 Sic
2880 5067 2935 5113 et
2977 5072 3073 5128 per
3101 5056 3414 5112 Zachariam
3456 5056 3851 5126 Prophetarum

2267 5150 2502 5204 omnium
2532 5149 2796 5216 decus,de
2823 5150 2906 5205 his
2928 5149 3093 5205 sacris
3116 5149 3474 5219 legitimisjue
3495 5146 3714 5218 jejuniis
3743 5145 3854 5201 Do-

2266 5243 2441 5297 minus
2487 5252 2606 5312 post
2635 5243 2972 5312 eaptivitates
2997 5250 3209 5310 tempus
3239 5241 3451 5297 locutus
3499 5249 3589 5309 est
3623 5240 3807 5295 dicens
3836 5257 3849 5293 :

2264 5334 2456 5403 factum
2484 5342 2555 5387 est
2580 5374 2595 5399 ,
2623 5335 2822 5401 inquit,
2878 5334 3080 5388 verbum
3124 5331 3335 5387 Domini
3383 5331 3739 5401 omnipotentis
3780 5330 3853 5383 ad

2270 5442 2369 5492 me,
2393 5427 2564 5480 dicens
2586 5443 2603 5492 ;
2633 5425 2712 5480 dic
2734 5428 2799 5479 ad
2825 5427 3068 5496 papulunt
3086 5435 3269 5495 terrae,
3296 5434 3340 5479 et
3374 5426 3439 5478 ad
3461 5424 3742 5480 sacerdotes
3765 5437 3783 5475 :
3805 5424 3854 5476 si

2258 5519 2614 5589 jejunaveritis
2644 5526 2690 5573 et
2714 5518 3013 5590 planxeritis
3036 5518 3089 5572 in
3119 5518 3305 5589 quintis
3332 5526 3419 5571 aut
3446 5516 3500 5571 in
3520 5514 3745 5584 septimis
3764 5515 3857 5585 je~

2263 5608 2450 5679 juniis,
2465 5617 2513 5663 et
2539 5624 2650 5666 ecce
2676 5610 2998 5681 septuaginta
3020 5610 3168 5665 annis
3188 5608 3414 5681 nunquid
3429 5607 3691 5680 jejunium
3707 5604 3859 5679 jeju-
