4142 6350
609 262 710 326 551

1846 214 1849 217 ἢ
1911 261 2219 333 ANONYMI
2255 260 2596 322 AUCTORIS

3784 269 3887 326 559.

609 392 889 440 musemm
917 387 1205 454 etqumtus
1226 376 1459 437 circulus
1487 377 1540 433 in
1563 376 1671 434 ﬁne
1701 377 1925 434 secundi
1947 375 2191 435 laterculi
2218 375 2272 436 A
2300 391 2433 433 cum.
2480 417 2494 433 .
2541 417 2555 431 .
2598 415 2613 433 .
2658 418 2674 434 .
2720 419 2733 433 .
2780 418 2794 433 .
2839 378 3008 435 edent.
3062 377 3184 434 Non
3233 378 3389 435 edetis
3428 379 3681 449 crudam,
3728 397 3886 453 neque

610 475 679 533 de
708 475 960 547 Egypto.
988 473 1081 530 ﬁlii
1110 471 1311 530 lsdrael
1363 470 1690 529 exeuntibus
1740 471 2015 527 invenitur
2072 484 2193 526 esse

612 568 924 634 conclusus,
955 566 1230 636 sicut'per
1275 564 1409 636 legis
1448 564 1677 621 storiam
1707 578 1973 621 annorum
1999 562 2200 620 indicat

611 667 796 716 sextus
823 656 987 713 vicies
1014 657 1271 735 quinque.
1297 656 1357 713 Si
1386 672 1515 729 ergo
1559 666 1780 729 octoges
1811 666 2031 729 quattus
2059 655 2196 711 ﬁunt

611 764 803 820 pascae
831 749 940 806 duo
966 749 1113 805 milia
1136 758 1380 818 centum,
1403 758 1459 806 et
1481 749 1806 806 invicesimo
1830 758 1884 806 et
1908 758 2065 805 sexto
2089 748 2197 804 cir-

607 841 731 896 culo
759 841 809 896 in
834 840 1013 912 capite
1038 844 1379 913 complentur
1405 841 1533 897 anni
1562 840 1818 897 duomilia
1847 850 2063 897 centum
2086 839 2199 896 bis-

607 933 816 1001 milies;
850 934 1030 1006 itaque
1056 936 1262 993 centies
1290 936 1513 993 trecenti
1534 930 1785 1007 sexagies
1806 935 2043 1006 quinque
2066 949 2197 1005 qua-

607 1027 742 1084 dran
772 1068 787 1093 ,
846 1028 1050 1087 faciunt
1105 1029 1199 1087 tibi
1256 1029 1464 1087 dierum
1522 1029 1859 1100 septingenta
1919 1026 2198 1098 sexaginta

609 1131 819 1192 septem
848 1122 995 1178 milia
1007 1122 1193 1194 viginti
1222 1123 1476 1195 quinque.
1500 1122 1555 1178 in
1575 1122 1657 1178 his
1672 1122 1885 1193 partiris
1913 1119 2199 1191 septimam

584 1244 587 1249 -
610 1226 667 1272 et
690 1216 853 1273 habes
877 1225 1093 1274 centum
1119 1232 1255 1274 nove
1272 1218 1418 1273 milia
1434 1216 1709 1288 quingenti
1726 1224 1964 1287 septaes,
1984 1220 2202 1286 quattus

611 1321 774 1379 super
800 1317 856 1364 et
881 1318 1089 1380 septus.
1118 1309 1298 1380 Incipe
1321 1323 1607 1383 numerare
1645 1324 1675 1363 a
1703 1308 1831 1366 feria
1864 1308 2034 1379 prima
2063 1321 2202 1378 quae

613 1400 715 1456 iuit
744 1401 874 1472 ipsis
904 1401 1158 1459 Kalendis
1200 1401 1469 1458 Januariis
1500 1403 1672 1473 primo
1703 1417 1846 1457 anno
1878 1400 2109 1471 paschae
2146 1400 2201 1455 in

612 1490 851 1563 Egypto
878 1493 1154 1548 immolato
1179 1493 1246 1548 ab
1266 1507 1388 1548 asse
1407 1493 1650 1563 primoin
1670 1503 1875 1563 septem
1899 1493 2127 1559 assibus,
2149 1500 2206 1548 et

612 1581 854 1638 invenies
872 1584 1041 1653 pridie
1072 1583 1339 1640 Kalendas
1361 1585 1645 1640 Januarias
1669 1584 1859 1640 feriam
1886 1584 2199 1655 septimam;

612 1676 743 1747 ipsis
790 1692 1005 1748 quoque
1045 1678 1299 1734 Kalendis
1328 1678 1577 1734 Januaris
1617 1678 1807 1735 feriam
1834 1679 2097 1749 primam;
2133 1695 2201 1735 ex

610 1782 839 1837 quarum
858 1770 1039 1840 utique
1052 1769 1412 1826 Kalendarum
1427 1770 1568 1827 diem
1593 1770 1646 1825 in
1670 1772 1841 1842 pridie
1856 1771 1975 1826 idus
1990 1772 2200 1842 Apriles

609 1869 921 1929 computas,
952 1871 1007 1916 et
1036 1861 1279 1917 invenies
1298 1861 1415 1917 dies
1431 1870 1648 1931 centum
1678 1862 1835 1918 duos.
1870 1863 1926 1917 ln
1960 1862 2042 1919 his
2074 1879 2199 1934 par-

610 1950 729 2008 tiris
754 1951 1059 2021 septimam,
1082 1962 1137 2008 et
1158 1953 1323 2009 habes
1346 1954 1509 2009 decus
1532 1963 1746 2025 quattus
1776 1969 1937 2025 super
1959 1966 2013 2011 et
2043 1964 2219 2026 quatm

610 2053 727 2113 tus;
759 2046 895 2103 haec
910 2057 994 2103 est
1020 2048 1151 2103 feria
1174 2060 1363 2118 quarta
1377 2050 1842 2119 quartaedecimae
1865 2051 2023 2105 lunae
2041 2050 2200 2121 primi

609 2142 815 2196 mensis
844 2143 969 2197 anni
999 2142 1177 2211 primi,
1215 2152 1272 2197 ut
1299 2142 1533 2199 diximus
1554 2185 1570 2211 ,
1604 2145 1656 2199 in
1686 2146 1860 2213 capite
1887 2146 2076 2201 circuli
2116 2162 2203 2202 se—

618 2232 803 2299 cundi,
850 2232 904 2287 in
935 2248 1042 2304 quo
1062 2234 1362 2289 invenimus
1392 2235 1590 2305 pascha
1621 2236 2046 2292 sacratissimum
2076 2248 2202 2294 tunc

614 2339 646 2379 a
677 2326 919 2395 patribus
950 2326 1002 2380 in
1046 2324 1280 2397 Egypto
1305 2327 1660 2382 immolatum.
1684 2327 1793 2384 Sed
1819 2344 1939 2383 cum
1968 2329 2068 2384 hos
2096 2330 2203 2385 cir-

612 2417 763 2474 culos
794 2419 846 2473 in
876 2419 1064 2475 ordine
1113 2419 1365 2475 adtentus
1410 2421 1574 2476 tueris
1612 2421 1899 2477 adsecutus
1948 2422 2086 2478 intra
2118 2438 2203 2477 co-

613 2508 826 2566 lumnas
849 2511 965 2566 dies
995 2510 1227 2581 paschae
1248 2512 1517 2568 veridicos
1546 2515 1786 2570 invenies
1809 2514 2201 2580 adnotatos,.-et

520 2664 525 2667 ῆ
612 2600 737 2658 illos
772 2603 862 2674 qui
890 2603 1020 2658 foris
1043 2612 1172 2659 sunt
1207 2620 1305 2675 pro
1326 2613 1473 2661 certo
1504 2604 1797 2661 lalsissimo
1826 2622 1986 2676 super
2014 2606 2198 2661 cilium

609 2695 981 2751 columnarum
1019 2708 1249 2754 encauto
1299 2699 1637 2753 conscribtos
1673 2700 1791 2753 sine
1830 2699 1993 2755 dubio
2020 2700 2073 2753 in
2108 2714 2198 2755 er-

609 2802 735 2845 rore
756 2789 919 2846 tuisse
931 2790 1157 2846 deﬁxos.
1176 2790 1383 2847 Videtis
1406 2791 1584 2861 igitur,
1602 2791 1891 2859 carissimi,
1914 2792 2057 2862 quod
2081 2793 2201 2846 uni-

612 2881 813 2953 cuique
836 2893 1078 2940 nostrum
1107 2884 1239 2940 nihil
1269 2884 1497 2955 denegat
1523 2882 1873 2955 Omnipotens
1899 2884 2058 2940 Deus.
2092 2884 2200 2941 Sed

611 2976 733 3046 quis
780 2985 981 3046 quanta
1023 2976 1092 3032 de
1123 2978 1239 3047 ipso
1269 2977 1655 3047 praesumserit
1700 2976 1931 3032 ﬁdeliter
1960 2976 2198 3051 cupienti

611 3074 676 3122 ut
700 3067 929 3123 voluerit
958 3068 1267 3138 dilargitur‘t
1291 3067 1370 3122 Ita
1397 3069 1541 3124 enim
1572 3068 1690 3124 haec
1712 3079 2053 3134 sacramenta
2084 3085 2197 3125 ma-

2299 481 2496 526 coctam
2521 470 2575 525 in
2604 488 2738 543 aqua
2764 472 2864 527 nisi
2899 482 3125 528 assatam
3149 474 3278 544 igni.
3309 472 3474 546 Caput
3501 490 3615 530 cum
3640 476 3855 547 pedibus
3872 520 3885 545 ,

2299 574 2347 620 et
2372 566 2505 621 inter
2548 567 2710 621 rencis
2754 565 2885 621 nihil
2920 567 3330 637 deretinquentes
3358 585 3422 624 ea:
3445 570 3519 624 eis
3545 569 3600 624 in
3626 586 3779 626 mane
3800 610 3816 639 ,
3845 580 3889 626 et

2300 674 2357 713 os
2376 675 2478 714 non
2507 660 2838 730 confringetis
2872 659 2935 713 ab
2966 676 3045 714 eo.
3078 660 3224 727 Quae
3243 660 3487 715 derelicta
3518 661 3711 731 fuerint
3740 663 3805 717 de
3835 679 3889 718 eo

2301 766 2461 822 usque
2488 751 2541 805 in
2565 768 2714 807 mane
2750 752 2858 825 igni
2891 752 3270 808 cremabantur.
3298 752 3390 809 Sic
3413 761 3590 808 autem
3621 755 3891 810 comedetis

2302 858 2417 897 eum
2438 858 2458 907 ;
2483 843 2642 898 lumbi
2668 844 2822 899 vestri
2851 845 3149 915 praecincti,
3174 855 3222 900 et
3236 845 3572 901 calciamenta
3590 846 3646 902 in
3679 848 3891 917 pedibus

2302 935 2478 992 vestris
2503 976 2518 1002 ,
2549 946 2596 991 et
2619 936 2803 993 bacula
2832 949 2997 994 vestra
3033 940 3090 994 in
3134 940 3369 997 manibus
3408 942 3624 1009 vestris;
3662 950 3712 996 et
3734 942 3891 997 edetis

2303 1043 2417 1082 eum
2444 1029 2763 1097 festinanter,
2806 1028 2999 1101 pascha
3049 1041 3121 1086 est
3158 1033 3294 1086 enim
3338 1028 3569 1088 Domini.
3613 1032 3893 1103 Praecepit

2302 1117 2465 1190 igitur
2491 1119 2845 1192 Omnipotens
2869 1122 3009 1179 Deus
3030 1137 3127 1194 per
3168 1123 3391 1195 Moysen
3420 1125 3705 1183 universae
3735 1140 3892 1198 syna-

2302 1226 2470 1284 gogae
2500 1213 2735 1269 ﬁliorum
2782 1212 2984 1272 lsdrael
3032 1216 3083 1270 in
3129 1230 3318 1273 mense
3365 1232 3659 1286 novorum,
3693 1216 3787 1289 qui
3816 1227 3893 1274 est

2304 1307 2511 1364 initium
2561 1310 2829 1377 mensium
2860 1309 2913 1364 in
2946 1310 3224 1378 mensibus
3268 1312 3433 1378 anni,
3462 1312 3517 1367 in
3556 1328 3664 1384 quo
3712 1313 3892 1369 habitu

2304 1397 2525 1455 ederent
2548 1399 2774 1470 pascha;
2810 1400 2876 1455 ad
2898 1396 3003 1456 lioc
3032 1403 3217 1472 utique
3242 1447 3257 1473 ,
3281 1412 3344 1459 ut
3381 1410 3436 1459 et
3462 1417 3616 1459 suam
3637 1404 3894 1461 divinita-

2306 1500 2415 1547 tem
2469 1492 2815 1548 credentibns
2862 1494 3021 1550 nobis
3061 1495 3115 1549 in
3160 1494 3378 1551 Christo
3420 1496 3795 1554 manifestaret
3838 1508 3888 1554 et

2304 1585 2519 1640 illorum
2550 1585 2892 1642 latrocinium
2913 1625 2929 1652 ,
2952 1586 3062 1656 jam
3091 1595 3215 1643 tunc
3244 1604 3274 1642 a
3307 1589 3508 1659 pascha
3544 1592 3811 1661 primum,
3841 1591 3893 1647 in

2308 1676 2540 1748 Egypto
2585 1678 2917 1733 celebratum
2971 1680 3406 1746 demonstraret;
3450 1682 3543 1751 qui
3571 1682 3626 1736 in
3658 1682 3889 1753 Egypto

2232 1748 2282 1811 Β
2308 1769 2375 1823 ad
2404 1784 2684 1838 vesperam
2709 1810 2723 1836 ,
2771 1769 2911 1825 idest
2940 1770 2997 1824 in
3029 1772 3323 1827 novissima
3372 1772 3572 1828 saeculi
3601 1781 3845 1844 tempora
3874 1815 3889 1840 ,

2308 1861 2622 1930 praecincti,
2655 1869 2711 1916 et
2739 1860 2953 1915 calciati
2998 1861 3257 1917 adversus
3272 1877 3480 1932 agnum
3505 1862 3599 1919 Dei
3632 1864 3891 1920 immacu-

2306 1951 2471 2006 latum
2495 1951 2667 2019 prima
2700 1950 2787 2006 die
2810 1950 3110 2007 azimorum
3140 1951 3207 2005 ad
3241 1966 3525 2021 vesperam
3549 1967 3671 2008 cum
3698 1953 3891 2024 gladiis

2306 2055 2361 2100 et
2406 2045 2634 2100 fustibus
2681 2045 2930 2113 exirent,
2968 2054 3023 2100 et
3045 2046 3329 2113 universa,
3381 2062 3520 2117 quae
3548 2048 3618 2103 ab
3645 2050 3892 2105 omnibus

2304 2135 2588 2206 Pr0phetis
2616 2137 2684 2191 de
2706 2151 2771 2192 eo
2797 2136 3075 2206 praedicta
3101 2136 3334 2204 fuerant,
3360 2139 3413 2193 in
3443 2155 3566 2195 eum
3587 2143 3894 2197 committe-

2306 2233 2446 2283 rent.
2473 2227 2541 2281 Et
2567 2227 2688 2283 ideo
2719 2241 2817 2282 nos
2843 2228 2936 2297 qui
2955 2228 3068 2298 jam
3102 2244 3207 2283 non
3240 2230 3537 2285 secundum
3560 2232 3854 2302 imaginem
3878 2274 3893 2301 ,

2305 2318 2447 2373 sicut
2475 2317 2575 2385 illi,
2606 2316 2700 2373 sed
2726 2317 3021 2373 secundum
3040 2317 3320 2374 veritatem
3340 2320 3394 2373 in
3420 2324 3896 2377 commemoratio-

2306 2425 2426 2467 nem
2469 2411 2739 2480 passionis
2791 2412 2887 2466 ﬁlii
2943 2411 3037 2467 Dei
3083 2412 3280 2483 pascha
3340 2414 3698 2483 celebramus,
3746 2415 3891 2471 nihil

2304 2502 2451 2557 aliud
2478 2504 2531 2559 in
2556 2505 2747 2573 primis
2776 2506 2877 2558 nisi
2911 2503 2979 2560 de
3014 2506 3184 2575 ipsius
3208 2506 3420 2561 Domini
3452 2508 3624 2563 nostri
3655 2508 3894 2563 adventu

2305 2596 2434 2649 totis
2457 2596 2665 2651 viribus
2690 2595 2814 2651 ﬁdei
2844 2604 3062 2652 nostrae
3086 2596 3375 2667 diligenter
3397 2601 3677 2669 requirere
3699 2599 3896 2656 debea-

2305 2702 2424 2742 mus
2465 2698 2520 2743 et
2564 2696 2691 2745 tunc
2732 2690 3060 2745 circulorum
3102 2694 3247 2748 serie
3287 2683 3647 2750 revolvamus.
3679 2695 3897 2749 Primus

2304 2782 2450 2838 enim
2482 2780 2645 2851 Gajus
2664 2782 2840 2838 Julius
2866 2782 3066 2839 Caesar
3087 2785 3291 2841 Romae
3313 2787 3599 2857 imperavit
3622 2788 3776 2842 annis
3800 2786 3898 2843 de-

2305 2891 2443 2943 cem,
2478 2876 2752 2931 mensibus
2775 2864 3049 2947 quattuor,
3076 2877 3267 2934 diebus
3294 2895 3408 2934 sex.
3436 2880 3562 2935 Post
3590 2879 3778 2948 Gajum
3802 2879 3899 2934 Ju-

2305 2967 2434 3022 lium
2458 2967 2742 3024 Caesarem
2770 2971 3315 3041 successitAngustus
3339 2973 3647 3041 imperator,
3664 2973 3758 3043 qui
3792 2974 3901 3025 im-

2308 3059 2515 3128 peravit
2563 3058 2766 3115 Romae
2810 3062 2968 3116 annis
3007 3062 3393 3133 quinquaginta
3448 3078 3565 3128 sex,
3615 3060 3898 3118 mensibus

612 3158 857 3216 ηίῐθειπί
908 3132 1214 3232 praemi)“,
1247 3170 1305 3217 ιιι
1332 3175 1362 3215 a
1392 3160 1645 3231 passione
1679 3132 1953 3217 σοιηίυίεα
1986 3162 2038 3216 in
2070 3178 2202 3232 qua-
2226 3132 2273 3195 Ο
2304 3159 2573 3221 quattuor,
2598 3151 2687 3207 die
2715 3167 2841 3207 uno.
2870 3152 2982 3208 lloc
3014 3153 3318 3223 imperante
3353 3154 3572 3210 advenit
3592 3154 3895 3221 Johannes,

611 3252 1041 3325 dringentesimo
1082 3263 1139 3310 et
1167 3252 1425 3324 vigesimo
1461 3268 1604 3309 anno
1646 3254 1788 3324 regis
1815 3252 2075 3309 Geiserici
2104 3254 2200 3309 de-

612 3346 757 3403 cimo
781 3361 925 3404 anno
958 3347 1101 3404 diem
1149 3348 1538 3415 inveniremus,
1571 3348 1625 3403 in
1657 3362 1762 3419 quo
1792 3348 2047 3403 Dominus
2076 3364 2199 3404 cum

612 3440 725 3496 suis
744 3440 1020 3510 discipulis
1062 3439 1261 3509 pascha
1292 3440 1717 3495 sacratissimum
1739 3440 2113 3505 manducavit;
2147 3440 2199 3495 in

613 3532 804 3590 eodem
844 3549 1057 3605 quoque
1083 3534 1489 3605 complerentur
1518 3533 1646 3588 anni
1672 3532 1781 3588 duo
1807 3534 1952 3589 milia
1981 3541 2198 3589 centum

612 3625 832 3691 decem,
871 3626 938 3681 ab
975 3640 1114 3696 agno
1160 3624 1367 3680 scilicet
1412 3624 1505 3679 illo
1546 3625 1798 3679 anniculo
1842 3624 1961 3679 sine
1987 3624 2116 3678 vitio
2147 3624 2199 3677 in

614 3716 850 3787 Egypto
902 3716 1205 3781 immolato,
1262 3716 1402 3771 sicut
1445 3730 1476 3769 a
1532 3715 1753 3771 secundi
1801 3715 1989 3771 circuli
2026 3715 2201 3787 capite

614 3807 977 3863 ostenduntur
992 3808 1043 3862 in
1069 3806 1261 3861 ordine
1278 3806 1494 3861 titulati.

686 3898 1009 3969 Incipiamus
1050 3899 1229 3969 itaque
1254 3938 1271 3966 ,
1302 3898 1503 3955 fratres
1527 3939 1543 3965 ,
1569 3898 1637 3954 ab
1668 3898 1827 3955 exodi
1858 3897 2092 3956 lectione
2135 3899 2202 3957 de

615 3987 735 4059 ipso
761 4004 899 4060 agno
930 3989 981 4045 in
1012 3989 1245 4060 Egypto
1273 3989 1551 4045 immolato
1594 3990 1647 4045 in
1678 3992 1991 4047 memoriam
2026 3991 2201 4048 scien-

615 4082 758 4139 tibus
800 4098 1074 4149 revocare,
1125 4093 1183 4137 ut
1231 4082 1499 4153 possimus
1548 4092 1898 4155 utrorumque
1941 4098 2200 4154 agnorum

609 4152 848 4245 speciem
867 4175 1175 4231 volentibus
1197 4174 1594 4231 demonstrare.
1617 4176 1675 4230 ln
1700 4152 2069 4246 qua'lectione
2115 4191 2203 4233 re-

610 4266 983 4337 cognoscimus
1008 4270 1181 4337 ipsum
1218 4267 1390 4323 Deum
1419 4277 1476 4324 et
1524 4268 1807 4323 Dominum
1848 4278 2091 4326 nostrum
2133 4271 2201 4325 ad

612 4356 830 4426 Hoysen
890 4366 947 4413 et
990 4358 1136 4413 Aron
1189 4359 1409 4413 fratrem
1463 4358 1581 4427 ejus
1628 4358 1682 4413 in
1739 4370 1936 4414 terram
1983 4358 2202 4431 Egypti

613 4445 815 4501 dixisse
847 4465 859 4500 :
890 4449 1072 4501 mensis
1099 4448 1183 4501 hic
1205 4488 1221 4514 ,
1253 4448 1442 4517 inquit,
1476 4449 1681 4504 initium
1701 4454 1972 4520 mensium,
2007 4455 2200 4523 primus

612 4539 708 4592 erit
746 4539 904 4602 vobis,
938 4541 991 4592 in
1020 4539 1274 4593 mensibus
1306 4544 1433 4610 fasa:
1460 4581 1473 4606 ,
1505 4542 1573 4596 ad
1615 4556 1832 4599 omnem
1860 4545 2195 4617 Synagogam

612 4630 846 4686 ﬁliorum
875 4630 1078 4686 lsdrael
1108 4631 1293 4710 dicens
1328 4652 1340 4685 ι
1371 4633 1567 4688 decimo
1604 4635 1686 4689 die
1711 4638 1897 4691 mensis
1933 4638 2089 4710 hujus
2112 4657 2197 4694 ac-

613 4724 805 4793 cipiant
832 4725 929 4779 sibi
958 4725 1148 4795 singuli
1167 4708 1267 4796 per
1294 4724 1470 4779 domos
1512 4726 1736 4781 tribuum
1785 4745 1923 4785 ovem
1968 4708 2058 4801 per
2103 4733 2199 4786 do—

612 4832 791 4882 mum;
822 4825 870 4870 et
898 4818 943 4870 si
961 4816 1131 4887 exigui
1157 4826 1304 4872 erunt
1331 4817 1385 4869 in
1407 4817 1579 4884 domo,
1606 4828 1659 4872 ut
1685 4834 1788 4873 non
1815 4815 1915 4875 sint
1944 4824 2196 4891 sufﬁcien-

613 4918 683 4964 tes
699 4911 767 4963 ad
792 4925 952 4977 ovem,
978 4910 1252 4965 adsumant
1269 4928 1440 4966 secum
1466 4913 1687 4967 vicinum
1709 4916 1998 4985 proximum
2020 4933 2191 4986 suum,

611 5018 702 5069 per
748 5017 1011 5055 numerum
1052 5003 1340 5055 animarum
1387 5000 1580 5075 singuli
1621 5006 1762 5075 quod
1817 5007 2061 5075 sufﬁcient
2097 5007 2196 5061 sibi

608 5093 973 5165 computabunl
1007 5095 1061 5148 in
1089 5100 1248 5149 avem.
1276 5094 1397 5148 Ovis
1423 5096 1489 5149 sit
1519 5097 1627 5149 sine
1654 5097 1773 5152 vitio
1791 5138 1807 5165 ,
1834 5098 2195 5155 immaculatus

606 5186 859 5255 perfectus
900 5186 1156 5241 masculus
1187 5198 1235 5241 et
1263 5167 1532 5241 an'niculus
1575 5189 1671 5242 erit
1693 5190 1830 5245 vobis
1874 5191 1937 5245 ab
1976 5193 2123 5263 agnis
2146 5201 2193 5246 et

600 5256 669 5330 ‘ab
692 5278 818 5332 tedis
845 5279 1010 5348 accipi
1035 5319 1050 5346 ,
1078 5294 1137 5333 ea
1167 5279 1231 5333 sit
1255 5278 1393 5333 vobis
1422 5278 1742 5334 observatum
1768 5297 1926 5352 usque
1952 5256 2195 5353 aliquar-

610 5378 713 5424 tam
742 5371 990 5426 decimam
1010 5372 1146 5424 diem
1167 5372 1353 5425 mensis
1379 5370 1553 5442 hujus.
1579 5369 1648 5425 Et
1678 5374 1873 5428 occidet
1905 5390 2020 5428 eum
2046 5390 2193 5428 omne

608 5465 787 5534 vulgus
811 5482 1102 5537 synagogas
1131 5464 1358 5534 filiorum
1384 5463 1589 5519 lsdrael
1618 5466 1685 5519 ad
1716 5482 2012 5533 vesperam;
2039 5477 2087 5520 et
2107 5484 2195 5520 ac-

608 5560 796 5629 cipient
819 5561 883 5613 de
903 5560 1148 5631 sanguine
1172 5562 1301 5632 ejus,
1326 5567 1373 5612 et
1398 5567 1585 5629 ponent
1608 5574 1758 5627 super
1778 5560 1905 5613 duos
1934 5570 2120 5630 postes,
2144 5567 2195 5613 et

608 5665 765 5720 super
791 5652 961 5704 limem
1000 5653 1052 5705 in
1078 5651 1332 5714 domibus,
1364 5651 1417 5703 in
1437 5649 1614 5719 quibus
1643 5665 1755 5703 eum
1787 5650 1957 5717 edent,
1987 5651 2193 5722 in'ipsis

607 5750 660 5799 et
714 5741 863 5799 edent
899 5757 1077 5799 carnes
1124 5744 1263 5809 ipsas
1315 5750 1463 5798 nocte
1518 5748 1719 5798 assatas
1766 5740 1878 5809 igni
1933 5750 1982 5798 et
2025 5742 2195 5799 asima

2302 3243 2593 3299 Zachariae
2638 3244 2938 3300 sacerdotis
2987 3245 3133 3300 ﬁlius
3162 3248 3407 3312 ,missus
3455 3262 3486 3300 a
3522 3246 3633 3303 Deo
3677 3246 3901 3316 praedi-

2301 3336 2762 3406 cansbaptismum
2778 3338 3257 3408 pmnitentiae,qui
3287 3337 3581 3393 secundum
3612 3338 3903 3408 praedica-

2303 3428 2506 3484 tionem
2535 3429 2669 3499 legis
2710 3429 3200 3500 prophetarumque
3226 3432 3469 3485 omnium
3498 3430 3771 3485 Christum
3805 3444 3903 3486 os-

2303 3519 2494 3584 tendit,
2519 3507 2792 3576 Christuni
2826 3520 2993 3576 ﬁlium
3022 3522 3115 3576 Dei
3145 3521 3430 3577 advenisse
3469 3523 3523 3576 in
3565 3522 3702 3577 hunc
3729 3536 3904 3576 mun-

2302 3612 2452 3681 dum,
2499 3612 2637 3668 idest
2668 3614 2721 3668 in
2747 3614 2964 3683 regione
2995 3614 3167 3670 Judae
3191 3655 3207 3681 ,
3238 3614 3462 3670 dicens:
3513 3615 3594 3670 hic
3622 3623 3693 3668 est
3721 3629 3906 3684 agnus

2303 3703 2435 3771 Dei,
2466 3705 2554 3775 qui
2578 3705 2743 3774 aufert
2772 3715 2977 3776 peccata
3002 3706 3217 3773 mundi;
3245 3718 3293 3760 et
3320 3707 3401 3760 hic
3421 3720 3493 3761 est
3517 3704 3761 3761 Salvator
3782 3721 3912 3761 sae-

2304 3796 2443 3861 culi;
2473 3794 2555 3848 hic
2584 3804 2655 3850 est
2686 3796 2749 3849 de
2773 3813 2873 3867 quo
2906 3798 3015 3851 dixi
3061 3813 3080 3851 :
3119 3797 3268 3852 homo
3310 3810 3429 3852 ante
3470 3813 3544 3851 me
3583 3800 3749 3867 factus
3781 3807 3912 3864 est,

2304 3889 2454 3957 cujus
2486 3902 2588 3941 non
2625 3903 2738 3941 sum
2767 3888 2953 3960 dignus
2992 3889 3267 3960 corrigiam
3311 3889 3763 3943 calciamentorum
3793 3889 3916 3942 sol-

2303 3996 2435 4036 vere.
2472 3966 2693 4037 Exinde
2734 3983 2876 4053 cepit
2909 3982 3067 4039 Jesus
3109 3983 3303 4039 docere
3346 3983 3599 4054 pupulum
3627 3992 3677 4036 et
3708 3982 3914 4039 facere
3964 4006 3969 4010 ι

2305 4074 2533 4129 virtutes
2564 4085 2618 4130 et
2658 4076 2813 4145 signa
2858 4090 3070 4147 magna,
3105 4091 3243 4147 quae
3283 4076 3460 4131 nullus
3496 4076 3631 4130 alius
3662 4074 3913 4131 fecerat.

2306 4166 2669 4222 Manilestavit
2697 4179 2873 4224 autem
2903 4182 2961 4224 se
2991 4177 3112 4238 post
3150 4168 3475 4237 baptismum
3507 4168 3767 4222 universo
3809 4172 3915 4222 hu-

2306 4274 2468 4313 mano
2498 4261 2680 4329 generi
2736 4260 2965 4315 ﬁliorum
2996 4260 3116 4328 Dei,
3146 4259 3373 4314 missum
3422 4274 3453 4313 a
3496 4258 3607 4315 Deo
3638 4268 3810 4329 patre
3847 4258 3919 4315 ad

2306 4351 2686 4407 stabiliendum
2743 4361 2797 4408 et
2846 4353 3283 4419 reformandum,
3324 4353 3919 4424 reconciliandumque

2311 4445 2564 4515 populum
2589 4446 2693 4501 sibi
2724 4449 3106 4517 compositum,
3138 4446 3336 4518 quibus
3365 4447 3556 4502 electis
3601 4444 3925 4503 duodecim

2227 4508 2279 4570 ί)
2305 4508 2590 4605 discipulis
2611 4536 2733 4590 data
2755 4508 3105 4607 est'potestas
3134 4508 3187 4592 in
3233 4546 3419 4592 sancto
3440 4535 3679 4608 Spiritu;
3711 4546 3780 4593 et
3810 4538 3925 4594 mi-

2305 4629 2378 4683 sit
2401 4642 2495 4683 eos
2525 4644 2622 4699 per
2648 4644 2836 4685 omnes
2862 4641 3072 4700 gentes,
3098 4629 3461 4699 docentesque
3488 4628 3790 4686 docerent.
3820 4627 3929 4685 De;

2304 4720 2431 4777 hinc
2458 4722 2722 4777 ordinatis
2767 4722 2846 4778 eis
2888 4723 2955 4777 ad
2999 4722 3233 4778 ofﬁcium
3270 4720 3611 4792 praedicandi
3653 4723 3925 4791 gratiam

2306 4813 2407 4879 Dei
2441 4813 2634 4868 factam
2684 4830 2778 4883 per
2808 4829 3002 4870 nomen
3044 4814 3159 4884 ejus
3183 4856 3199 4881 ,
3231 4814 3605 4869 remissionem
3633 4824 3931 4882 peccato-

2261 4938 2274 4949 -
2302 4921 2443 4971 rum,
2476 4908 2925 4963 resurrectionem
2949 4908 3145 4974 carnis,
3175 4916 3451 4963 aeternam
3470 4908 3631 4963 vitam
3658 4912 3934 4965 mortuis

2299 5000 2706 5069 resurgentibus
2730 5044 2744 5067 ,
2782 5000 3045 5069 praedixit
3067 5000 3145 5056 eis
3169 5011 3371 5071 quanta
3413 5015 3667 5071 passurus
3698 5013 3883 5060 esset
3901 5017 3938 5059 τι

2298 5091 2516 5147 Judaeis
2565 5108 2735 5162 usque
2776 5094 2841 5148 ad
2872 5104 3123 5160 mortem,
3157 5103 3382 5149 mortem
3415 5104 3593 5149 autem
3621 5094 3843 5151 crucis
3876 5107 3940 5152 et

2299 5185 2439 5257 quod
2470 5185 2647 5241 triduo
2675 5201 2959 5242 mansurus
2984 5189 3210 5243 essetin
3241 5186 3406 5243 corde
3431 5198 3628 5251 terrae,
3659 5196 3727 5242 et
3762 5189 3941 5257 quod

2300 5278 2457 5333 tertia
2485 5277 2574 5332 die
2606 5294 2632 5329 a
2667 5276 2891 5333 mortuis
2921 5287 3258 5349 resurgeret,
3292 5288 3345 5333 et
3388 5287 3509 5347 post
3532 5281 3946 5335 resurrectio-

2301 5385 2421 5424 nem
2467 5370 2633 5426 ccelos
2666 5371 3137 5441 petiturusesset.
3174 5371 3374 5427 Deinde
3398 5371 3642 5426 Tiberius
3691 5369 3943 5429 Caesar

2299 5464 2584 5532 imperavit
2612 5464 2766 5520 annis
2804 5465 2988 5535 viginti
3019 5464 3228 5521 duobus
3254 5506 3269 5532 ,
3318 5464 3595 5519 mensibus
3643 5475 3945 5535 septem,

2299 5556 2485 5612 diebus
2513 5556 2928 5627 vigintiduobus.
2958 5557 3071 5613 Hoc
3099 5559 3397 5627 imperante
3418 5597 3432 5621 ,
3457 5554 3595 5611 idest
3619 5560 3951 5616 sextodeo

2297 5649 2440 5704 cimo
2479 5663 2621 5703 anno
2672 5648 2881 5717 imperii
2924 5648 3060 5717 ejus,
3105 5658 3426 5717 procurante
3459 5645 3661 5701 Jadaea
3695 5647 3953 5705 Pontio

2296 5741 2477 5800 Pilato
2518 5744 2638 5803 sub.
2662 5742 2820 5800 Anna
2861 5750 2920 5800 et
2944 5741 3099 5805 Cail'a
3122 5740 3525 5808 sacerdotibus.
3552 5740 3789 5804 octalsu
3816 5744 3955 5805 Ka-
