4142 6350
321 376 427 434 553

1395 380 1479 434 DE
1518 380 1837 437 COMPUTO
1877 380 2207 437 PASCIIALI
2252 383 2378 437 LIB.
2432 386 2493 441 ll.
3465 396 3569 453 555

321 492 508 549 lendas
538 492 749 562 Apriles
774 533 788 559 ,
812 490 1019 547 duobus
1046 492 1286 547 Geminis
1306 491 1662 557 Consulibus,
1706 492 1894 548 incidit
1918 495 1969 553 Α
2000 494 2185 562 prima:
2208 496 2461 552 ocdoadis
2484 516 2593 555 sum
2625 503 2676 557 in
2708 503 2912 575 integro
2939 505 3201 575 delixerit,
3235 525 3333 566 nec
3362 521 3568 567 certum

319 595 467 642 Sexta
498 584 706 639 decima
744 585 888 649 luna,
923 598 1232 651 parasceve,
1258 583 1469 652 quando
1507 583 1761 639 Dominus
1794 600 1887 639 no-

318 688 450 744 ster,
481 670 732 732 Salvatoi'
759 678 973 746 generis
1004 676 1243 738 humani.
1276 676 1432 731 Jesus
1469 674 1714 730 Christus
1747 676 1890 731 filius

318 767 415 823 Dei
444 781 632 836 passus
662 774 762 820 est.
795 759 1090 835 Perpessus
1119 767 1280 836 igitur
1303 768 1480 820 omnia
1505 811 1517 834 ,
1544 782 1683 837 quae
1730 766 1797 821 de
1824 783 1889 821 eo

320 862 529 915 fuerant
548 859 773 927 scripta,
805 858 1097 913 secundum
1128 858 1581 927 praedicationem
1606 859 1737 929 legis
1761 860 1890 914 Pro-

317 953 708 1023 phetarumque
736 954 973 1007 omnium
998 962 1051 1006 et
1082 953 1491 1021 Evangeliorum
1521 954 1657 1021 ejus,
1679 967 1882 1022 passus,

318 1055 378 1100 ιιι
403 1044 656 1108 diximus,
684 1043 875 1099 octabu
902 1043 1164 1100 Kalendas
1186 1044 1414 1113 Apriles,
1444 1044 1531 1099 die
1552 1060 1883 1113 parascaeve.

317 1137 501 1192 Tertio
532 1150 660 1191 vero
695 1136 785 1190 die
810 1150 839 1189 a
868 1136 1091 1190 mortuis
1120 1138 1455 1204 resurrexit,
1491 1138 1577 1191 die
1612 1138 1885 1192 Dominica

315 1237 468 1282 sextu
500 1227 763 1283 Kalendas
783 1228 1019 1293 easdem,
1051 1237 1104 1283 et
1133 1238 1480 1283 conversatus
1505 1245 1625 1283 cuttt
1655 1230 1887 1299 Aposto-

316 1320 384 1373 lis
405 1328 459 1375 et
491 1319 770 1388 Discipulis
812 1319 1165 1389 quadraginta
1202 1319 1371 1375 ferme
1396 1320 1585 1375 diebus
1608 1362 1621 1385 ,
1656 1323 1883 1375 circum-

316 1412 427 1465 fusa
462 1410 601 1465 nube
627 1410 680 1464 in
711 1410 849 1466 εωιο
888 1419 972 1465 est
1001 1420 1268 1480 receptus.
1320 1412 1527 1466 Exinde
1566 1414 1727 1480 igitur
1754 1456 1768 1481 ,
1804 1428 1888 1468 re-

312 1514 511 1575 gnante
557 1508 727 1579 gratia
772 1504 888 1570 Dei,
945 1504 1191 1559 homines
1232 1505 1514 1561 credentes
1564 1508 1613 1560 in
1671 1509 1887 1563 nomine

313 1595 427 1665 ejus
476 1596 787 1650 inluminari
816 1605 1117 1664 cmperunt.
1148 1596 1214 1650 Et
1245 1597 1366 1651 ideo
1406 1598 1461 1649 in
1512 1598 1598 1650 his
1636 1600 1887 1653 omnibus

310 1688 537 1756 gratiam
582 1685 882 1741 referamus
928 1686 1064 1742 haec
1106 1690 1284 1741 omnia
1328 1689 1629 1757 disponenti
1670 1700 1887 1758 pr0pter

313 1790 553 1833 nostram
600 1779 862 1843 salutem;
896 1790 949 1833 et
983 1789 1140 1833 vocat
1160 1796 1261 1834 nos
1293 1781 1358 1834 ad
1387 1781 1622 1834 divinam
1663 1782 1888 1851 agnitio-

1996 602 2277 642 numerum
2330 604 2588 645 annorum
2663 595 2901 650 veridice
2962 601 3362 666 terminaveris;
3416 604 3571 658 sicut

1994 686 2169 733 textus
2220 679 2419 735 indicat
2468 694 2772 741 nostrorum
2830 692 3165 758 sequentium
3223 695 3567 763 circulorum,

1992 784 2219 840 quorum
2250 772 2456 827 scilicet
2501 776 2551 829 in
2580 778 2753 846 capite
2797 780 3071 839 inveniens
3097 785 3347 842 Kalendis
3372 789 3570 844 Janua-

1992 862 2085 916 riis
2116 862 2239 916 luna
2274 863 2551 933 vigesima,
2606 877 2659 923 et
2702 872 2931 924 secunda
2962 873 3090 928 feria
3128 878 3375 945 septima,
3407 897 3567 951 quar-

1994 952 2253 1009 tadecima
2285 956 2439 1025 primi
2494 962 2725 1023 mensis;
2758 961 2964 1018 decimu
3002 965 3269 1023 Kalendas
3328 975 3565 1040 Apriles,

1992 1045 2124 1102 feria
2166 1064 2239 1102 tv.
2292 1050 2621 1107 Dominicum
2656 1058 2867 1123 pascha:
2900 1074 2970 1112 vt.
3027 1062 3103 1115 Id.
3156 1064 3387 1135 Apriles,
3445 1068 3565 1123 luna

1991 1135 2441 1208 duodevigesima,
2470 1150 2524 1217 et
2555 1143 2605 1197 in
2634 1143 2749 1212 ejus
2783 1146 3106 1203 circulorum
3147 1150 3367 1207 habetur
3395 1155 3448 1208 in
3475 1173 3569 1210 ca-

1992 1228 2101 1297 pite
2148 1228 2268 1285 Kal.
2301 1230 2567 1288 Januariis
2615 1235 2737 1289 luna
2772 1252 2859 1289 xx.
2894 1239 3020 1291 feria
3054 1256 3124 1293 vt.
3172 1246 3565 1310 quartadecima

1992 1319 2147 1387 primi
2179 1322 2378 1375 mensis
2400 1332 2586 1377 octavu
2628 1323 2880 1381 kalendas
2909 1328 3119 1395 Apriles
3151 1330 3279 1385 feria
3314 1349 3361 1385 v.
3393 1334 3566 1388 domi-

1992 1408 2228 1464 ninicum
2257 1426 2447 1479 pascas,
2482 1429 2532 1467 v.
2576 1414 2679 1468 kal.
2711 1418 2940 1485 Apriles,
2981 1418 3103 1472 luna
3135 1436 3223 1473 vtt.
3258 1422 3309 1473 In
3344 1423 3444 1477 hoc
3478 1425 3565 1478 die

1992 1509 2141 1568 putat
2180 1516 2299 1555 esse
2328 1504 2629 1571 passionem
2662 1506 3011 1573 Dominicatn,
3043 1513 3183 1579 quod
3232 1514 3449 1568 omnino
3479 1519 3562 1569 ul-

1992 1592 2200 1646 latenus
2244 1596 2487 1663 congruit
2514 1598 2746 1651 veritati.
2788 1600 2873 1653 Sic
2906 1602 3064 1656 etiam
3110 1607 3307 1658 nostris
3339 1611 3567 1675 aspecti-

1991 1685 2089 1739 bus
2121 1686 2321 1757 Iunaris
2352 1687 2467 1756 ipse
2497 1690 2795 1745 cursiculus
2824 1692 3020 1747 indicat
3070 1697 3229 1749 rutilo
3254 1697 3451 1753 lumine
3479 1716 3563 1753 ra-

1993 1778 2190 1845 diatus,
2215 1781 2373 1834 simul
2402 1790 2733 1837 etannorum
2765 1800 3017 1840 numerus
3044 1799 3189 1841 certo
3224 1791 3272 1842 in
3308 1791 3421 1845 loco
3444 1792 3565 1860 jure

315 1886 438 1926 nem
470 1871 725 1925 Dominus
764 1871 903 1926 Deus
929 1872 1269 1941 omnipotens
1298 1882 1445 1941 pater
1477 1873 1686 1928 Domini
1719 1876 1885 1929 nostri
1917 1865 1964 1925 B
1996 1867 2224 1922 deﬁxus.
2256 1870 2522 1941 Agriustia
2564 1887 2689 1927 vero
2729 1876 2928 1941 primus
2974 1878 3244 1944 pravitatis
3277 1881 3470 1945 cultor,
3509 1893 3565 1937 et

313 1961 443 2017 Jesu
472 1961 691 2028 Christi,
724 1962 809 2017 cui
833 1962 903 2017 sit
930 1962 1100 2017 honor
1121 1973 1176 2017 et
1204 1964 1373 2033 gloria
1407 1979 1502 2033 per
1529 1966 1755 2021 eundem
1782 1966 1885 2020 Do.

311 2054 517 2107 minum
546 2053 815 2109 Christum
845 2054 898 2108 in
922 2056 1120 2109 Sancto
1148 2054 1351 2122 Spiritu
1384 2070 1477 2121 per
1500 2055 1677 2108 omnia
1708 2056 1883 2110 secula

308 2146 637 2201 seculorum.
677 2149 865 2201 Amen.

380 2237 539 2291 Fiunt
559 2251 687 2305 ergo
716 2253 745 2291 a
769 2236 1135 2305 protoplausto
1164 2238 1329 2292 Adam
1360 2238 1410 2291 in
1458 2253 1597 2293 anno
1627 2238 1880 2293 sextode-

306 2330 448 2384 cimo
474 2328 671 2383 Tiberii
701 2327 950 2393 Caesaris,
985 2328 1123 2383 idest
1150 2328 1201 2383 in
1236 2330 1498 2398 passionis
1524 2329 1729 2383 Domini
1770 2329 1877 2394 die,

307 2421 435 2477 anni
461 2437 511 2475 v.
546 2421 710 2475 millia
739 2422 1034 2490 quingenti,
1066 2432 1167 2477 eta
1201 2426 1445 2492 passione
1472 2423 1677 2477 Domini
1717 2438 1882 2491 usque

306 2512 373 2566 ad
430 2528 627 2566 annum
677 2512 945 2568 decimum
997 2514 1179 2583 Regis,
1221 2514 1345 2569 anni
1393 2517 1760 2585 quadringenti
1806 2518 1882 2571 vi-

306 2607 470 2674 ginti;
514 2620 619 2674 quo
650 2620 789 2659 anno
816 2614 869 2660 et
900 2606 1140 2661 invenies
1182 2606 1320 2661 diem
1352 2607 1560 2675 pascha:
1585 2609 1879 2663 sacratissi-

308 2712 477 2763 mum,
513 2698 564 2750 in
605 2711 709 2766 quo
743 2696 994 2751 Dominus
1041 2707 1222 2753 noster
1262 2714 1358 2766 pro
1385 2700 1538 2754 nobis
1572 2715 1739 2768 agnus
1786 2702 1879 2757 Dei

305 2788 469 2842 fuerit
516 2786 841 2842 immolatus.
872 2788 972 2855 Qui
1014 2788 1127 2843 dies
1180 2790 1231 2843 in
1263 2790 1437 2859 capite
1489 2790 1673 2844 circuli
1721 2792 1877 2859 primi

310 2894 453 2934 anno
483 2880 693 2934 decimo
721 2879 959 2948 ejusdem
999 2880 1158 2949 Regis
1206 2882 1472 2951 defigitur,
1509 2883 1745 2951 perfeCto
1783 2901 1879 2939 nu-

310 2986 463 3026 mero
505 2970 763 3025 titulatus.
805 2971 859 3024 ln
892 2972 975 3025 his
1021 2973 1196 3041 itaque
1240 2975 1393 3027 annis
1424 2975 1750 3044 Augustalis,
1798 2978 1876 3030 sui

304 3062 546 3117 laterculi
577 3071 787 3130 auctor,
814 3063 939 3117 dum
971 3075 1021 3117 et
1066 3064 1357 3119 litterarum
1388 3067 1455 3120 sit
1484 3068 1703 3121 scientia
1739 3083 1875 3137 pra:-

300 3153 468 3217 ditus,
493 3165 547 3207 et
571 3154 933 3209 calculationis
963 3164 1078 3209 arte
1109 3146 1311 3224 periius
1331 3196 1343 3219 ,
1378 3157 1564 3211 vitium
1589 3159 1878 3214 incurrisse

1988 1960 2188 2012 erroris
2219 1960 2300 2013 sui
2355 1970 2577 2025 amator,
2632 1965 3046 2033 assertionisque
3090 1983 3199 2020 sua:
3228 1968 3563 2038 imperitissi-

1987 2065 2107 2103 tnus
2133 2050 2321 2105 doctor
2365 2059 2419 2105 et
2449 2053 2760 2121 setnipsunt,
2790 2071 2947 2122 quem
2976 2056 3099 2111 dum
3143 2059 3373 2114 diximus
3398 2062 3564 2117 decli-

1985 2139 2241 2206 nandum,
2270 2155 2439 2196 annos
2468 2158 2561 2211 per
2586 2145 2822 2213 singulos
2852 2147 3096 2215 scripulis
3117 2150 3438 2219 dissiparare
3472 2169 3564 2208 eo-

1984 2240 2159 2297 aatur,
2189 2242 2249 2286 ut
2274 2235 2390 2301 ejus
2425 2234 2628 2291 falsitas
2654 2237 2873 2291 evidens
2903 2249 3113 2294 ostensa
3144 2244 3391 2311 nudetur,
3443 2258 3494 2301 et
3518 2262 3551 2300 a

1982 2327 2203 2382 veritate
2230 2327 2435 2382 alienus
2466 2329 2803 2386 innotescere
2832 2331 3093 2387 videatur.
3126 2335 3241 2404 Ipse
3261 2336 3313 2390 in
3345 2338 3556 2393 doctius

1984 2425 2108 2470 tunc
2138 2416 2641 2486 interrogationibus
2681 2422 2927 2488 agitetur,
2960 2424 3112 2493 quasi
3142 2426 3223 2479 vel
3252 2442 3385 2495 quos
3411 2430 3557 2483 sola-

1984 2508 2143 2563 minis
2172 2520 2487 2579 argumento
2518 2512 2568 2564 in
2601 2511 2715 2579 ipso
2744 2514 2869 2566 anni
2896 2516 3162 2570 curriculo
3196 2519 3306 2572 suis
3335 2520 3561 2575 latercu-

1984 2600 2207 2657 lislunze
2234 2610 2563 2656 crementum
2590 2617 2738 2657 asses
2758 2604 3000 2659 undecim
3020 2610 3311 2673 semuncia,
3338 2625 3393 2663 ll.
3422 2613 3555 2680 sele,

1982 2693 2271 2761 scripulum
2303 2708 2466 2747 unum
2496 2694 2775 2750 semissem
2799 2686 2975 2761 uncia,
3010 2698 3130 2752 duce
3160 2700 3286 2754 sela:
3327 2702 3559 2757 voluerit

1982 2799 2290 2855 prorogare,
2323 2795 2377 2841 et
2402 2801 2507 2841 non
2536 2802 2681 2842 asses
2710 2787 2956 2843 undecim
2984 2799 3037 2844 et
3070 2792 3239 2855 uncia,
3271 2793 3413 2861 quod
3439 2810 3561 2861 pro-

1982 2874 2230 2929 culdubio
2252 2878 2305 2931 in
2336 2877 2446 2945 ipsa
2473 2879 2813 2947 separatione
2834 2881 3011 2935 annali
3038 2881 3224 2939 eadem
3251 2883 3371 2937 luna
3398 2894 3559 2941 testa-

1982 2975 2067 3018 tur
2112 2968 2410 3036 augmentis
2456 2982 2669 3038 augere.
2707 2970 2811 3024 Per
2849 2986 3003 3040 quam
3035 2975 3216 3043 utique
3255 2978 3469 3035 unciam’
3505 2980 3557 3033 in

1983 3063 2135 3117 annis
2166 3064 2432 3133 octoginta
2464 3074 2715 3132 quattuor
2744 3075 2951 3135 septem
3000 3083 3150 3124 asses
3177 3069 3377 3127 habere
3408 3086 3557 3141 pote-

1982 3164 2063 3207 rat
2089 3164 2424 3223 supputator,
2458 3155 2523 3210 de
2552 3157 2742 3225 quibus
2771 3173 2931 3211 unum
2967 3173 3175 3226 assem,
3206 3162 3296 3228 qui
3326 3176 3440 3231 post
3465 3166 3558 3221 tri-

300 3246 661 3313 cngnoscitur,
697 3255 917 3315 propter
944 3261 1203 3301 annorum
1245 3248 1445 3303 scilicet
1474 3264 1753 3304 numerum
1781 3266 1877 3305 suo
1904 3236 1949 3299 C
1980 3248 2123 3314 ginta
2171 3261 2333 3300 unum
2363 3248 2533 3301 currit
2576 3257 2815 3317 tempore
2860 3249 3047 3320 Moysi,
3082 3254 3359 3310 veritatem
3392 3271 3556 3324 agno-

301 3339 355 3391 in
386 3337 555 3391 lunari
582 3353 757 3403 cursu,
790 3339 871 3392 cui
906 3340 1025 3408 plus
1050 3340 1184 3393 assis
1209 3356 1342 3393 unus
1369 3357 1432 3394 ex
1477 3341 1592 3409 ipso
1617 3357 1874 3397 annorum

300 3428 480 3483 fallaci
504 3444 724 3483 numero
753 3430 1013 3483 accidisse
1042 3431 1313 3500 probatur.
1348 3432 1485 3489 Dicit
1511 3433 1651 3486 enim
1694 3450 1723 3487 a
1756 3448 1876 3503 pas-

302 3523 453 3576 sione
481 3522 753 3577 Dominica
784 3524 1076 3578 centesimo
1105 3524 1432 3591 octogesimo
1463 3534 1514 3578 et
1544 3534 1694 3580 sexto
1714 3542 1874 3591 anno,

300 3614 540 3682 ejusdem
574 3614 789 3668 Pascha:
816 3615 923 3679 die,
954 3615 1093 3669 diem
1124 3615 1229 3670 diei
1277 3615 1613 3681 convenisse,
1663 3633 1781 3671 cum
1825 3618 1876 3671 in

299 3718 443 3757 anno
468 3704 762 3758 centesimo
792 3706 1123 3772 sexagesimo
1152 3715 1205 3758 et
1252 3722 1393 3760 nono
1419 3722 1446 3759 a
1475 3707 1647 3776 capite
1691 3708 1878 3763 circuli

301 3797 445 3851 tertii
479 3798 617 3852 diem
673 3798 842 3866 ipsum
888 3798 1070 3852 debuit
1119 3800 1605 3869 repperire,quetn
1666 3802 1716 3855 in
1768 3803 1878 3856 suis

305 3888 526 3942 circulis
556 3902 695 3941 anno
717 3889 1052 3957 sexagesimo
1082 3900 1128 3943 et
1166 3906 1307 3942 nono
1336 3892 1574 3945 noscitur
1602 3892 1871 3947 defixisse.

304 3978 455 4033 Illum
486 3993 616 4033 vero
656 3979 770 4033 sine
814 3979 1069 4033 membris
1097 3979 1235 4033 diem
1264 3996 1383 4034 cum
1411 3983 1664 4036 vocabulo
1696 3998 1879 4052 perso-

300 4079 485 4124 natum
516 4069 655 4138 apud
678 4084 777 4127 nos
811 4085 951 4124 anno
976 4071 1203 4139 septimo
1223 4071 1454 4137 decimo,
1488 4073 1724 4126 habitum
1750 4088 1876 4148 suo:

300 4177 421 4215 rum
451 4160 771 4215 circulorum
794 4160 846 4215 in
876 4162 1048 4228 capite
1075 4162 1127 4215 in
1158 4163 1362 4216 incerto
1391 4178 1614 4215 numero
1640 4164 1879 4217 ostendi-

303 4266 392 4307 tur
418 4253 689 4316 titulasse;
716 4252 835 4307 ideo
860 4254 1039 4323 utique
1064 4252 1117 4306 in
1139 4268 1322 4309 errore
1342 4255 1625 4319 devenisse
1649 4255 1875 4319 videtur,

300 4346 439 4402 sicut
465 4347 578 4415 ipse
605 4360 704 4401 suo
732 4346 978 4415 adloquio
1031 4348 1325 4415 profitetur.
1360 4348 1509 4415 Quod
1552 4358 1748 4413 autem,
1795 4350 1873 4401 itt-

300 4439 439 4507 quit,
473 4451 577 4491 nou
608 4437 676 4491 ab
700 4452 767 4491 eo
807 4452 947 4491 anno
976 4453 1081 4507 quo
1104 4454 1289 4507 passus
1314 4449 1394 4493 est
1427 4441 1682 4494 Dominus
1706 4456 1876 4493 anno-

300 4544 420 4582 rum
450 4527 679 4581 ordinati
706 4539 829 4581 sttnt
869 4528 1057 4584 circuli
1099 4530 1395 4599 investigati
1426 4530 1596 4599 adque
1625 4531 1875 4600 reppetiti

1981 3344 2157 3393 sceret
2212 3338 2427 3405 plenum
2486 3338 2665 3392 decuit
2724 3339 2840 3407 (sic)
2906 3340 3245 3397 declinasset.
3304 3345 3553 3416 Octogies

1982 3435 2188 3494 quater,
2220 3441 2348 3496 ergo
2373 3436 2428 3480 ut
2452 3418 2607 3490 dicit,
2640 3429 2931 3483 semiuncia
2958 3430 3076 3485 duae
3103 3432 3233 3487 stlte
3262 3436 3554 3501 scripulum

1984 3532 2151 3569 unum
2195 3516 2473 3571 semissem
2516 3518 2667 3571 uncia
2707 3533 2763 3571 Il.
2812 3518 2961 3582 selae,
2993 3520 3104 3588 ipse
3129 3521 3306 3590 itaque
3336 3539 3556 3594 respon-

1981 3607 2058 3660 dit
2101 3608 2271 3672 sexis,
2306 3607 2576 3676 quadrans
2606 3599 2829 3678 scripitli
2862 3610 3107 3673 undecim
3143 3613 3353 3668 destun.
3401 3616 3553 3686 (sic);
3598 3650 3603 3655 -

1981 3699 2119 3766 quod
2149 3707 2231 3753 est
2259 3699 2399 3767 quod
2429 3701 2641 3753 asserit.
2674 3700 2737 3753 Et
2767 3700 2858 3754 ille
2884 3701 2959 3754 ait
2980 3703 3124 3756 sexis
3153 3703 3269 3757 dies
3298 3717 3423 3760 sunt
3458 3722 3556 3766 sex

1980 3793 2315 3861 etquadrant
2342 3792 2487 3846 horae
2514 3802 2638 3846 sunt
2662 3801 2767 3847 tres
2796 3794 3015 3862 scripuli
3039 3810 3166 3850 vero
3197 3799 3439 3853 undecim
3462 3800 3555 3857 de-

1981 3893 2122 3937 stant
2149 3899 2432 3938 sennarum
2462 3884 2580 3952 (sic)
2614 3886 2786 3939 minus
2818 3895 3008 3953 puncta
3037 3886 3145 3942 duo
3174 3904 3292 3945 esse
3319 3892 3549 3960 proban-

1983 3987 2084 4043 tur,
2117 3977 2239 4047 quia
2286 3977 2338 4031 in
2387 3977 2629 4032 destante
2659 3987 2851 4047 puncta
2884 3978 3073 4035 decem
3123 3984 3368 4038 concludi
3392 4000 3553 4053 aper-

1983 4070 2188 4123 tissime
2216 4068 2585 4123 dinoscuntur.
2614 4070 2750 4135 Quid
2781 4070 2831 4123 in
2858 4070 2959 4125 ltac
3002 4072 3419 4140 interrogatione
3440 4092 3552 4130 ma:

1982 4160 2245 4221 nifestius,
2270 4159 2396 4228 quid
2426 4161 2475 4211 in
2505 4174 2597 4213 sua
2627 4161 2970 4227 responsione
3020 4163 3363 4229 probabilius,
3394 4182 3554 4234 quam

1983 4260 2038 4304 ιιι
2068 4264 2165 4303 suo
2195 4248 2378 4304 fomite
2407 4250 2710 4303 vinceretur
2740 4251 2972 4319 ineptus,
3003 4252 3333 4321 suspiciones
3354 4269 3477 4310 suas
3500 4269 3555 4313 et

1984 4358 2109 4397 usus
2153 4343 2241 4411 qui
2298 4342 2443 4395 solus
2490 4340 2646 4395 horas
2694 4350 2845 4396 octos
2893 4342 3166 4397 emmisset
3208 4354 3399 4412 puncta
3447 4348 3555 4403 duo

1985 4442 2186 4488 tantum
2230 4433 2521 4487 secundum
2554 4432 2758 4487 arbitrii
2802 4432 2882 4486 sui
2927 4433 3255 4489 voluntatem
3302 4438 3451 4491 uisus
3480 4438 3551 4494 sit

1984 4527 2272 4580 exclusisse
2292 4567 2305 4589 ,
2340 4534 2395 4579 et
2426 4526 2636 4594 plenum
2665 4540 2839 4579 assem
2866 4528 3073 4593 punitus
3124 4542 3230 4581 non
3260 4529 3425 4584 valuit
3462 4532 3556 4586 de-

297 4621 605 4690 compendii
636 4622 838 4675 utilitas
866 4636 959 4675 sua
991 4622 1114 4675 sita
1163 4622 1371 4676 duobus
1403 4622 1641 4677 Geminis
1678 4599 1875 4677 consu-
1902 4599 1955 4659 Ῑ)
1981 4617 2197 4671 clittare.
2230 4616 2309 4670 0b
2337 4631 2493 4685 quam
2536 4631 2646 4669 rem
2674 4617 2864 4670 reticos
2895 4616 3012 4684 (sic)
3056 4632 3241 4673 omnes
3268 4620 3333 4673 ad
3365 4624 3554 4677 verita.

301 4713 447 4768 libus
474 4727 580 4780 quo
601 4727 740 4766 anno
767 4726 952 4780 passus
978 4721 1059 4766 est
1092 4712 1346 4767 Dominus
1389 4727 1554 4779 usque
1583 4713 1647 4765 ad
1677 4728 1873 4767 annum

296 4804 613 4859 consulatus
629 4802 881 4857 Antonini
902 4816 1092 4872 quater
1112 4814 1163 4856 et
1187 4804 1381 4868 Albini,
1405 4804 1493 4873 qtti
1512 4806 1561 4857 in
1590 4806 1687 4858 hoc
1716 4821 1877 4873 opere

296 4893 509 4967 primus
537 4903 638 4959 est,
671 4894 793 4947 anni
832 4902 1042 4947 centum
1069 4895 1330 4962 octoginta
1380 4908 1472 4947 sex
1508 4906 1873 4960 numerantur,

295 4997 358 5043 et
402 4987 521 5055 quia
560 4987 658 5040 hoc
688 4985 875 5041 eodem
918 4984 1145 5038 Consule
1172 4985 1411 5053 contigit,
1443 4996 1499 5039 ut
1541 4987 1877 5040 omnifariam

298 5078 518 5143 pascha:
546 5076 660 5132 dies
686 5076 789 5131 diei
821 5076 1084 5146 passionis
1108 5076 1314 5131 Domini
1339 5078 1653 5131 conveniret
1683 5079 1881 5133 utilitas

296 5168 484 5222 obluta
516 5169 633 5236 (sic)
665 5166 948 5236 compendi
997 5166 1222 5219 fastidiri
1272 5182 1380 5220 non
1424 5168 1627 5221 debuit.
1675 5168 1754 5220 Ab
1782 5168 1882 5221 hoc

298 5267 464 5334 igitur
518 5264 771 5327 Consule,
828 5278 934 5332 quo
976 5264 1159 5331 primae
1216 5262 1470 5316 ocduadis
1512 5264 1660 5316 initia
1694 5274 1881 5331 'ci-pta

295 5364 450 5419 sunt,
506 5369 673 5423 usque
728 5354 795 5409 ad
851 5369 973 5407 eum
1019 5368 1213 5407 annum
1272 5368 1378 5422 quo
1425 5353 1780 5421 octogesimus
1828 5360 1883 5407 et

295 5456 527 5517 quartus
580 5460 751 5499 annus
806 5460 924 5499 cum
954 5444 1065 5497 suis
1089 5443 1521 5498 embolismorum
1561 5444 1725 5511 signis
1754 5459 1881 5499 con-

296 5540 560 5609 cluditur,
594 5538 842 5609 perfacile
869 5548 950 5593 est
978 5539 1377 5607 ittspicienlibus
1408 5538 1676 5592 Kosmuta:
1697 5538 1877 5593 calcu-

296 5634 521 5691 lationis
542 5632 818 5687 veritatem
845 5632 1014 5686 oculis
1037 5646 1247 5701 quoque
1270 5631 1489 5686 testibus
1507 5630 1873 5699 comprobare,

295 5726 530 5797 qualiter
562 5724 615 5779 in
646 5723 743 5777 hac
774 5726 1143 5792 supputatione
1172 5723 1523 5791 comprobare
1552 5737 1611 5777 se
1654 5724 1878 5790 promit-

297 5822 399 5883 tit;
455 5833 575 5873 cum
636 5832 734 5870 nec
786 5815 925 5869 diem
974 5817 1233 5883 passionis
1265 5817 1550 5871 Dominicm
1601 5817 1653 5869 in
1709 5819 1879 5886 capite

593 5915 863 5971 PATIOL.
912 5909 1073 5970 LIX.
1616 5912 1621 5919 ‘

1986 4710 2052 4762 tis
2084 4708 2317 4776 regulam
2353 4708 2533 4761 docuit
2580 4706 2897 4770 descivisse,
2930 4717 2984 4761 et
3013 4718 3066 4761 ut
3095 4712 3235 4764 caeci
3274 4711 3383 4779 jam
3418 4713 3557 4771 facto

1986 4803 2120 4855 ultra
2168 4800 2381 4853 luminis
2430 4798 2644 4865 januatn
2697 4814 2802 4851 non
2860 4800 3091 4866 poterint
3147 4801 3417 4866 invenire;
3463 4808 3557 4860 sed

1985 4896 2210 4963 qualiter
2260 4892 2607 4961 prudentibus
2636 4892 2797 4944 certis
2840 4892 3078 4945 numeris
3107 4892 3409 4949 declinatur
3428 4913 3558 4966 cap-

1988 4997 2071 5040 tus
2092 4998 2145 5038 et
2176 4986 2381 5052 integer
2414 4998 2604 5037 sensus
2641 4997 2745 5034 non
2776 4992 3018 5036 avertere
3048 4996 3287 5038 moretur
3310 4985 3559 5055 Octogies

1987 5090 2177 5146 quater
2200 5078 2339 5130 cnim
2376 5075 2599 5129 trecenti
2636 5074 2899 5143 quinques
2926 5085 3159 5143 quattus,
3192 5085 3316 5130 sunt
3346 5077 3460 5131 dies
3488 5096 3560 5127 v.-

1984 5170 2260 5238 gintinovc
2291 5167 2437 5219 milia
2484 5166 2809 5233 septingenti
2848 5166 3061 5231 triginta
3088 5180 3220 5231 sex;
3268 5176 3321 5221 et
3367 5168 3557 5220 iterum

1986 5264 2223 5330 octogies
2244 5271 2431 5329 quater
2453 5259 2677 5312 decusas
2706 5258 2889 5311 uncias
2927 5258 3127 5311 faciunt
3155 5258 3246 5311 tibi
3276 5258 3392 5311 dies
3426 5274 3559 5311 non-

1985 5354 2125 5423 genti
2160 5354 2384 5421 trigenta
2416 5365 2608 5413 unum;
2636 5365 2768 5418 quos
2798 5348 3060 5417 superiori
3105 5362 3344 5401 summae
3372 5350 3560 5418 adjun-

1985 5448 2095 5516 gis,
2154 5454 2308 5499 erunt
2355 5443 2471 5497 dies
2530 5443 2755 5510 trigenta
2808 5440 2950 5493 milia
3003 5439 3241 5493 sexcenti
3287 5440 3559 5510 sexaginta

1988 5546 2189 5607 septem
2216 5552 2229 5592 :
2276 5536 2363 5604 qui
2392 5536 2506 5589 dies
2533 5550 2628 5603 per
2656 5530 2922 5586 ocdoadas
2950 5540 3003 5583 et
3030 5529 3325 5597 endeeadas
3365 5532 3435 5587 ita
3464 5532 3559 5589 de.

1989 5627 2257 5684 terminati
2290 5638 2603 5690 noscuntur,
2637 5632 2692 5676 ut
2718 5631 2771 5675 et
2813 5621 2982 5686 ipsum
3022 5634 3178 5688 quem
3210 5620 3263 5674 in
3292 5638 3348 5678 se
3373 5640 3559 5693 super-

1989 5738 2208 5775 vacuum
2233 5723 2506 5774 Continent
2535 5717 2673 5769 diem
2697 5712 3059 5777 excluderent,
3103 5720 3159 5766 et
3184 5725 3386 5769 certum
3419 5718 3470 5770 itt
3500 5734 3559 5774 se

1988 5816 2255 5870 seclusum
2292 5826 2568 5866 ttttmcrttttt
2618 5806 3079 5874 consingnassent.
3125 5808 3369 5877 Quinque
3416 5814 3557 5869 enim

3218 5902 3305 5987 ιιι⁸
