4142 6350
574 332 678 389 553

1858 332 2035 387 ANON
2047 332 2163 385 ΥΜί
2202 335 2241 385 Α
2255 333 2539 389 υωύιιιδ

3728 338 3836 397 556

572 457 697 504 sunt
724 447 988 503 ocdoadae
1018 455 1071 501 et
1118 444 1404 499 cndeeadae
1436 454 1702 513 quattuor,
1737 459 1873 513 quae
1896 443 2150 498 ocdoada:
2177 443 2225 502 A
2255 448 2332 501 cia
2360 466 2373 512 ;
2407 449 2572 502 addes
2615 462 2775 517 supra
2820 460 3081 503 summam
3113 446 3436 514 praefatam,
3468 457 3521 501 et
3552 448 3719 503 habes
3743 466 3835 506 as-

572 543 803 613 quinque
860 539 988 593 inibi
1036 538 1445 593 embolismares
1485 536 1787 605 quindecim
1831 546 1884 590 et
1940 536 2152 589 lunares

573 647 743 689 annos
788 631 968 701 viginti
998 629 1228 700 quinque
1262 644 1477 685 menses
1532 630 1728 683 habent
1772 628 2152 698 quadragintos

574 726 866 796 nonaginta
887 723 1142 794 quinque,
1173 724 1265 795 qui
1294 722 1345 776 in
1381 736 1438 777 se
1468 722 1729 792 optinent,
1763 722 1877 777 dies
1904 729 2154 791 quattuor

573 817 837 873 decimilia
876 823 1152 872 sescentos
1190 815 1378 869 decem
1428 822 1481 867 et
1528 824 1802 883 quattuor,
1851 813 2154 869 endecadae

570 912 704 969 inibi
750 911 1155 967 embolismares
1200 919 1254 964 et
1301 908 1513 964 lunares
1540 909 1725 978 viginti
1758 918 1909 972 octo,
1942 920 2155 963 menses

573 1004 774 1058 habent
823 1000 1139 1072 quingentos
1167 1000 1519 1070 quadraginta
1567 1008 1837 1069 quattuor,
1868 1000 1954 1068 qui
2013 1000 2066 1052 in
2096 1014 2155 1053 se

572 1087 822 1153 e'xolvent
851 1096 964 1151 dies
992 1094 1320 1150 sedecimilia
1362 1096 1741 1165 quinquaginta
1769 1110 1895 1159 sex;
1926 1108 2154 1164 quorum

574 1194 781 1245 dierum
832 1202 1094 1244 summam
1152 1187 1592 1258 superadjungis,
1647 1188 1843 1241 faciunt
1899 1187 1989 1241 tibi
2041 1186 2156 1241 dics

578 1282 793 1350 triginta
841 1279 981 1333 milia
1030 1286 1275 1333 sescento
1307 1278 1580 1346 sexaginta
1631 1292 1746 1332 sex.
1786 1279 1916 1331 Ecce
1957 1276 2023 1331 dc
2064 1276 2158 1331 tri-

579 1374 724 1441 ginta
768 1370 1006 1425 millibus
1036 1376 1089 1423 et
1126 1369 1394 1423 sexcentis
1433 1368 1705 1437 sexaginta
1735 1368 1938 1436 'septem
1967 1366 2157 1421 diebus

582 1463 816 1516 breviter
845 1462 1093 1516 exclusus
1129 1475 1267 1514 unus
1296 1460 1432 1514 assis
1462 1460 1514 1512 in
1548 1459 1874 1514 ocdoadibns
1916 1468 1970 1513 et
1995 1460 2159 1513 ende-

577 1554 798 1607 cadibus
836 1568 931 1621 per
959 1553 1166 1606 dierum
1208 1550 1527 1605 divisionem
1576 1550 1814 1604 veridice
1843 1550 2157 1618 comproba-

580 1655 664 1698 tur
690 1654 740 1697 et
768 1653 894 1697 tunc
924 1643 991 1696 ab
1020 1642 1305 1711 imperitis,
1350 1651 1405 1696 et
1431 1640 1686 1696 studiosis
1727 1641 1777 1695 in
1804 1642 2159 1697 contentioni-

576 1736 675 1789 bus
702 1734 1015 1804 dissipatur.
1049 1734 1135 1789 Sic
1166 1734 1327 1788 etiam
1382 1734 1433 1787 in
1485 1733 1687 1787 circulo
1742 1736 1987 1803 sequenti
2037 1749 2158 1789 cum

577 1827 839 1897 superiori
866 1825 1104 1896 germina
1133 1823 1417 1879 concordia
1447 1823 1644 1879 ociavit
1666 1838 1760 1893 per
1786 1824 2157 1891 embolismos,
2189 1812 2238 1873 B

579 1921 752 1992 adque
780 1935 1090 1975 communes
1113 1935 1287 1975 annos
1333 1936 1508 1977 assem
1537 1921 1710 1990 ipsum
1754 1921 1989 1976 furiosus
2041 1922 2157 1993 (sic)

578 2012 891 2083 quantocius
920 2013 1133 2082 plenum
1168 2013 1413 2068 invenies
1457 2012 1805 2068 declinatum.
1852 2013 1988 2069 Sunt
2016 2012 2160 2067 enim

578 2105 635 2159 in
676 2112 730 2159 et
756 2103 991 2160 secundo
1020 2104 1223 2158 circulo
1250 2105 1389 2160 sicut
1416 2114 1469 2160 et
1498 2105 1555 2159 in
1587 2106 1783 2174 primo,
1817 2104 2163 2159 embolisma-

578 2211 664 2252 res
684 2198 809 2251 anni
832 2213 975 2251 xxxi.
998 2206 1052 2251 et
1072 2212 1383 2251 communes
1404 2197 1789 2266 quinquaginta
1819 2206 1927 2251 tres
1949 2196 2155 2251 tricies.

579 2291 758 2347 Semel
802 2306 930 2361 ergo
978 2291 1201 2345 trecenti
1233 2291 1436 2355 decies,
1467 2299 1715 2358 quattus,
1746 2289 2036 2360 respondet
2067 2289 2160 2344 tibi

579 2382 924 2438 undecimilia
982 2382 1239 2451 nongenti
1288 2390 1527 2451 quattus,
1577 2391 1630 2435 et
1680 2382 2031 2451 quinquagies
2082 2390 2164 2435 ter

580 2474 804 2530 trecenti
832 2474 1160 2545 quinquages
1202 2483 1418 2543 quattus
1466 2474 1668 2529 faciunt
1700 2474 1795 2528 tibi
1822 2474 1937 2529 dies
1976 2475 2161 2529 decem

586 2578 638 2623 et
666 2579 787 2623 octo
818 2568 962 2622 milia
1015 2568 1343 2638 septingenti
1384 2567 1662 2638 sexaginta
1710 2567 1835 2623 dua.
1864 2568 1974 2623 Hae
2027 2568 2164 2623 duae

582 2660 862 2714 summula:
891 2660 991 2713 sibi
1022 2659 1480 2728 invicemjunctae
1509 2659 1747 2714 efficiunt
1773 2659 1890 2715 dies
1918 2659 2162 2714 sexmilia

581 2761 856 2806 sescentos
884 2752 1155 2822 sexaginta
1204 2766 1321 2819 sex,
1349 2760 1403 2806 et
1446 2750 1749 2807 declinatus
1793 2759 1878 2806 est
1905 2751 2042 2805 assis
2071 2750 2161 2806 ille

581 2845 909 2914 praedictus.
1022 2836 1039 2841 H

657 2935 955 2990 Redeamus
1006 2937 1162 3005 igitur
1202 2944 1256 2990 et
1301 2935 1368 2989 ad
1414 2935 1564 2989 illam
1605 2948 1867 2989 summam
1923 2935 1978 2988 in
2009 2934 2165 2988 dictis

584 3026 951 3097 superioribus
981 3028 1049 3081 de
1076 3044 1138 3080 co
1165 3042 1306 3081 anno
1337 3035 1525 3081 venter
1553 3036 1604 3081 et
1636 3036 1854 3093 tectum,
1886 3040 1981 3094 per
2006 3040 2163 3094 quam

581 3120 757 3189 primo
785 3133 924 3172 anno
953 3120 1148 3187 pascite
1191 3118 1242 3172 in
1288 3118 1520 3188 Egypto
1558 3118 1881 3173 celebratum
1911 3118 2161 3172 Kalendis

2260 541 2397 594 sium
2445 542 2775 610 septingenta
2823 555 3012 594 novem
3046 540 3187 593 milia
3217 538 3615 609 quadringenti,
3644 541 3839 609 dipon-

2258 632 2401 701 dius,
2438 633 2617 688 uncia.
2649 633 2703 691 lu
2736 632 2818 688 his
2866 632 3082 701 partiris
3110 632 3439 701 trigesimam
3463 674 3476 698 ,
3518 642 3573 686 ct
3611 632 3840 689 habebis

2260 726 2445 794 viginti
2484 726 2719 794 quinque
2765 726 2912 779 milia
2958 732 3256 793 nongentos
3295 734 3576 793 octogenta
3617 734 3839 794 superet

2260 817 2567 887 dipondius,
2615 818 2802 883 uncia,
2837 818 2973 872 sicut
3017 826 3099 873 est
3130 817 3253 871 luna
3295 817 3345 870 in
3393 816 3612 871 secundi
3652 817 3841 871 circuli

2262 909 2437 979 capite
2477 910 2681 963 titulata
2703 951 2717 974 ,
2748 918 2802 962 et
2830 908 3187 962 declinaberis
3216 908 3282 961 ad
3313 908 3632 977 semipsutn,
3680 925 3839 979 quem

2263 1001 2315 1053 in
2347 1000 2451 1054 fine
2477 1000 2800 1054 circulorum
2828 999 3145 1067 saepissime
3172 998 3407 1054 diximus
3434 999 3837 1054 declinandum.

2261 1091 2516 1160 Quisquis
2565 1105 2623 1145 es
2670 1106 2898 1161 namque
2938 1093 3065 1147 dolo
3108 1093 3389 1147 vecordiae
3431 1094 3723 1157 sauciatus,
3756 1094 3841 1147 vel

2263 1182 2685 1253 hujusratiouis
2714 1185 2953 1253 ignarus,
2978 1200 3072 1254 per
3104 1200 3259 1253 quam
3297 1185 3457 1238 altam
3489 1185 3845 1253 profundam-

2262 1291 2365 1344 que
2398 1277 2703 1343 partitionis
2756 1292 3041 1341 summam,
3094 1286 3152 1331 ut
3182 1277 3366 1332 verius
3413 1278 3608 1342 dicam,
3660 1282 3843 1347 potius

2261 1369 2497 1424 dilucide
2537 1371 2987 1438 demonstratum,
3022 1373 3109 1425 hic
3149 1375 3289 1428 assis
3318 1374 3385 1428 de
3412 1388 3638 1428 numero
3662 1384 3845 1444 septe-

2263 1463 2415 1516 nario
2446 1463 2607 1517 fuerit
2644 1465 2892 1518 exclusus
2918 1479 3184 1533 agnosce;
3226 1466 3505 1534 quemdam
3536 1480 3749 1520 omnem
3783 1469 3845 1521 in-

2265 1565 2351 1609 tua
2399 1557 2775 1625 supputatione
2822 1556 3093 1611 declinare
3157 1557 3460 1626 nequiveris
3513 1559 3567 1610 in
3611 1566 3849 1627 utroque

2264 1648 2568 1702 ncutericus
2599 1648 2882 1702 inveniris.
2918 1648 3135 1713 Desine,
3182 1662 3387 1718 quaeso,
3417 1648 3526 1717 jam
3572 1648 3760 1703 desine
3784 1649 3845 1703 in

2264 1755 2450 1795 errore
2477 1740 2703 1796 miseros
2732 1740 2954 1809 populos
2980 1755 3075 1809 per
3105 1741 3365 1794 fallaciam
3388 1742 3498 1795 tuis
3523 1742 3847 1795 eversicul's

2265 1832 2505 1897 insitire;
2530 1832 2741 1887 veritati
2774 1848 2987 1901 quoque
3016 1831 3229 1887 tandem
3252 1832 3540 1901 aliquando
3556 1832 3690 1886 dura
3705 1834 3846 1886 colla

2266 1924 2567 1987 summitte,
2599 1925 2687 1992 qui
2722 1937 2816 1993 per
2844 1924 3067 1977 nebulas
3102 1933 3154 1977 et
3192 1924 3447 1991 perstigia
3490 1938 3557 1976 ex
3584 1921 3844 1993 £gypto,

2265 2015 2333 2072 dc
2364 2017 2648 2085 ineognitis
2692 2017 3088 2084 provinciarum
3113 2016 3299 2084 Spatiis
3342 2025 3399 2070 et
3424 2015 3581 2084 longa
3606 2016 3845 2069 interca-

2268 2108 2449 2177 pidine
2492 2119 2749 2162 terrarum
2796 2110 2945 2178 quasi
2989 2108 3291 2163 venicntem
3340 2108 3432 2162 tibi
3486 2109 3702 2162 nuntios
3752 2123 3847 2174 pa-

2266 2200 2428 2254 schae
2452 2199 2589 2254 diem
2632 2200 3050 2254 sacratissimum
3092 2202 3207 2253 sine
3241 2210 3480 2267 tempore
3508 2200 3849 2269 frequentius

2266 2290 2494 2344 inaniter
2522 2290 2923 2345 celebrandum.
2949 2289 3079 2344 Cum
3110 2291 3299 2343 borum
3331 2300 3558 2360 namque
3603 2292 3844 2346 circulo-

2267 2396 2383 2435 rum
2417 2380 2604 2435 lunare
2632 2383 2680 2433 in
2715 2383 2789 2436 tui
2821 2382 3051 2448 pectoris
3073 2396 3288 2436 sensum
3328 2382 3699 2451 gluttinaberis
3722 2397 3847 2437 cur-

2266 2487 2405 2527 sum.
2438 2472 2587 2527 Tunc
2616 2487 2644 2525 a
2688 2475 2859 2541 primo
2888 2488 3029 2527 anno
3059 2474 3287 2542 paschae
3316 2474 3367 2529 itt
3398 2473 3629 2543 Egypto
3652 2478 3850 2529 immo.

2268 2564 2432 2618 latum
2479 2565 2776 2619 veridicum
2822 2563 3066 2619 invenies
3121 2564 3542 2634 fundamentum,
3599 2566 3741 2635 quod
3791 2578 3851 2622 et

2269 2655 2547 2711 lunaribus
2580 2655 2834 2710 cancellis
2862 2660 3006 2710 veris
3035 2667 3089 2711 et
3121 2656 3463 2724 paschalibus
3501 2657 3669 2712 titulis
3717 2674 3848 2713 con-

2265 2765 2455 2819 gruum
2484 2760 2567 2804 sat
2592 2765 2713 2806 esse
2738 2750 3038 2820 cegnoscis.
3084 2751 3158 2805 Ex
3204 2750 3407 2806 Kalend
3435 2766 3459 2805 s
3507 2767 3737 2821 namque
3765 2753 3851 2807 Ja-

2267 2844 2491 2907 nuariis,
2541 2842 2733 2912 quibus
2778 2844 3152 2911 superioribus
3206 2844 3365 2898 dictis
3410 2846 3737 2907 circulorum
3790 2847 3845 2899 in

2268 2935 2440 3003 capite
2464 2934 2643 2989 lunam
2675 2934 2962 2989 secundam
2992 2935 3261 2988 inventam
3293 2935 3635 3004 habitantque
3659 2936 3846 2999 fuisse,

2264 3023 2378 3093 jam
2406 3026 2552 3078 noris
2596 3027 2646 3078 in
2692 3025 2864 3094 pridie
2895 3025 3201 3080 earumdem
3252 3026 3609 3081 Kalendarum
3654 3028 3848 3082 Janua-

2270 3115 2470 3170 riarnm
2524 3115 2648 3171 anni
2697 3114 2972 3185 sequentis
3026 3117 3371 3185 supputabis,
3421 3125 3687 3186 eruntque
3733 3117 3847 3172 dies

581 3211 850 3266 Januariis
882 3212 1002 3265 luna
1046 3211 1279 3265 secunda
1312 3210 1474 3265 fuisse
1501 3210 1775 3266 didiceris.
1810 3211 1867 3265 In
1916 3211 2087 3280 ipsum
2114 3212 2160 3266 si
2188 3185 2233 3246 Ο
2268 3210 2492 3264 trecenti
2518 3210 2790 3278 sexaginta
2823 3210 3075 3279 quinque,
3110 3224 3270 3276 super
3295 3224 3428 3277 quos
3473 3211 3639 3266 addes
3671 3212 3849 3265 lunam

582 3304 863 3357 advertere
894 3302 1155 3366 volueris,
1202 3301 1340 3356 hunc
1370 3302 1597 3357 eundem
1638 3317 1813 3357 assem
1854 3303 2163 3371 plenissime

583 3394 900 3448 declinabis.
928 3394 1278 3447 Continentur
1301 3393 1445 3447 enim
1472 3393 1526 3448 in
1552 3393 1875 3462 praedictam
1897 3408 2161 3449 summam

584 3488 784 3542 assium
828 3488 1160 3556 septingenta
1192 3488 1475 3557 sexaginta
1506 3499 1604 3541 sex
1638 3488 1785 3541 milia
1816 3488 2049 3542 sescenti
2080 3487 2159 3541 vi-

583 3582 715 3651 ginti
761 3582 1015 3649 quinque,
1067 3595 1130 3633 ex
1184 3579 1374 3647 quibus
1421 3579 1642 3634 deducis
1686 3594 1835 3635 asses
1892 3588 2163 3634 trecentos

583 3672 860 3740 sexaginta
909 3670 1163 3739 quinque,
1221 3670 1345 3723 anni
1379 3670 1587 3724 scilicet
1616 3671 1891 3723 novissimi
1938 3670 2168 3725 circulo-

583 3778 725 3827 rum,
755 3772 809 3816 ut
838 3770 1091 3831 appareat
1122 3762 1294 3830 ipsum
1324 3776 1520 3825 assem,
1547 3770 1602 3816 et
1628 3777 1719 3830 per
1744 3762 1881 3817 hanc
1901 3777 2164 3817 summam

585 3853 869 3907 exclusum
913 3854 1077 3907 fuisse
1102 3852 1170 3907 de
1216 3853 1522 3921 septenario
1572 3868 1798 3907 numero
1830 3855 2068 3907 innatum
2097 3869 2163 3908 ex

585 3946 864 3999 unciarum
899 3954 1206 4012 augmento.
1243 3944 1438 3998 Verum
1486 3954 1540 3998 et
1578 3944 1892 4013 vigesimam
1940 3945 2165 4013 primam

585 4037 765 4092 lunam
798 4039 915 4092 sine
942 4039 1113 4091 unciis
1147 4039 1455 4106 plenissime
1486 4039 1679 4092 nudam
1705 4040 1831 4092 anni
1865 4040 2166 4108 octogisimi

588 4133 766 4202 quarti
798 4146 917 4185 esse
968 4131 1274 4187 condiscas.
1308 4130 1441 4186 Cum
1495 4142 1671 4186 autem
1722 4132 2026 4201 praedictos
2054 4132 2170 4188 dies

584 4239 798 4281 rursum
830 4224 1126 4292 superioris
1159 4238 1401 4278 summae
1447 4225 1807 4288 revocaveris,
1837 4236 1890 4279 et
1920 4225 2057 4279 hanc
2085 4224 2169 4294 ip-

590 4333 705 4374 satn
757 4320 983 4388 partitus
1035 4317 1224 4383 fueris,
1284 4319 1572 4372 secundam
1632 4321 1909 4388 repperies
1968 4320 2166 4386 lunam,

588 4427 748 4483 quam
798 4411 1052 4465 Kalendis
1096 4411 1363 4464 Januariis
1412 4413 1467 4465 in
1513 4411 1737 4465 secundi
1765 4413 1953 4465 circuli
1996 4412 2171 4481 capite

589 4501 775 4568 adfati,
807 4516 969 4553 manu
1014 4502 1123 4553 scis
1154 4500 1324 4555 fuisse
1374 4502 1656 4570 signatam.
1690 4502 1942 4557 Deductis
1993 4504 2170 4572 itaque

592 4592 677 4646 bis
715 4592 924 4646 assibus
974 4590 1227 4645 trecentis
1274 4592 1553 4661 sexaginta
1600 4595 1860 4662 qu'uque,
1889 4604 2171 4649 remanent

590 4683 789 4736 assium
820 4683 1152 4751 septingenta
1182 4682 1457 4751 sexaginta
1483 4696 1577 4737 sex
1603 4684 1750 4737 milia
1776 4683 1991 4738 ducenti
2015 4700 2170 4740 sexa-

589 4777 761 4845 ginta,
792 4774 844 4827 in
875 4774 1065 4843 quibus
1096 4773 1311 4842 partiris
1339 4774 1753 4842 sexagesimam,
1789 4776 2011 4831 habebis
2033 4775 2166 4830 duo-

590 4867 858 4923 decimilia
887 4868 1253 4936 septingentos
1277 4869 1610 4937 septuaginta
1633 4884 1829 4933 unum;
1875 4868 2040 4926 addes
2070 4870 2171 4924 huc

589 4976 749 5029 supra
774 4974 1034 5014 summam
1058 4959 1402 5028 praedictam,
1428 4970 1586 5014 erunt
1614 4963 1813 5015 assium
1834 4962 2169 5031 septingenta

589 5054 924 5122 septuaginta
948 5067 1086 5107 nove
1107 5052 1255 5107 milia
1287 5058 1512 5108 tricenta
1540 5069 1722 5107 ttnum.
1754 5053 1810 5107 ln
1837 5054 1921 5108 his
1950 5056 2168 5125 partiris

508 5210 511 5217 ,
596 5146 946 5217 trigesimam,
979 5146 1226 5201 invenies
1258 5147 1441 5215 viginti
1474 5149 1710 5216 quinque
1740 5148 1884 5202 milia
1915 5150 2168 5217 nongenti

507 5227 515 5266 ἶ
590 5239 868 5308 sexaginta
889 5246 1094 5308 septem
1123 5247 1340 5307 superet
1370 5252 1519 5293 asses
1546 5239 1735 5308 viginti
1768 5254 1953 5293 unum.
1980 5238 2015 5293 li
2046 5248 2171 5294 sunt

596 5330 717 5384 luna
748 5331 1009 5399 v'gesima
1052 5330 1221 5399 prima
1253 5331 1567 5399 octogesimi
1614 5331 1788 5401 quarti
1821 5330 1967 5384 anni.
2000 5330 2171 5385 Revo-

516 5424 523 5435 '
593 5422 729 5475 tatis
757 5436 971 5492 quoque
1012 5421 1299 5490 praedictis
1350 5423 1559 5476 assibus
1601 5424 1856 5477 trecentis
1891 5423 2169 5491 sexaginta

596 5513 830 5581 quinque
848 5514 913 5568 ad
944 5514 1087 5568 illam
1118 5514 1453 5582 superiorem
1482 5529 1767 5581 summam,
1790 5527 1946 5569 erunt
1970 5515 2170 5570 assium

598 5606 928 5674 septingenta
980 5606 1256 5675 sexaginta
1317 5619 1406 5660 sex
1466 5608 1636 5661 millia
1687 5608 1928 5662 sexcenti
1984 5610 2169 5679 viginti

599 5697 857 5766 quinque,
888 5704 947 5749 ut
974 5710 1153 5764 supra.
1193 5697 1247 5749 In
1279 5697 1471 5767 quibus
1515 5698 1728 5766 partiris
1758 5702 2165 5769 sexagesimam,

600 5796 656 5843 et
679 5788 919 5844 invenies
954 5787 1329 5843 duodecimilia
1360 5790 1681 5857 septingenti
1710 5800 1860 5858 septe
1890 5793 2171 5859 septi,-unv-

2194 4560 2250 4620 Β

2268 3304 2584 3369 secundam,
2620 3318 2755 3372 quae
2786 3303 2954 3357 isdem
2986 3301 3078 3355 fuit
3111 3302 3384 3370 Kalendis,
3417 3314 3473 3357 ut
3516 3304 3653 3358 dixit
3684 3320 3853 3374 agno-

2268 3397 2402 3453 scite
2427 3398 2553 3453 licet
2574 3396 2915 3464 procedendi,
2939 3396 3054 3468 (sic)
3078 3406 3129 3451 et
3155 3396 3284 3450 fiunt
3311 3397 3425 3451 dies
3448 3399 3671 3453 trecenti
3694 3413 3853 3453 sexa-

2268 3488 2411 3558 ginta
2443 3487 2746 3557 septcm,in
2787 3488 2977 3554 quibus
3045 3489 3255 3556 partiris
3308 3488 3716 3558 sexagesimam,
3765 3490 3853 3544 in-

2268 3582 2453 3637 venies
2481 3579 2801 3644 sexisuncia,
2835 3581 2969 3634 duae
2996 3580 3140 3634 selae
3191 3580 3355 3635 addes
3382 3596 3538 3650 supra
3584 3596 3852 3636 summam

2268 3673 2586 3742 predictam,
2616 3681 2671 3726 et
2702 3672 2864 3727 babes
2896 3670 3009 3725 dies
3042 3679 3310 3725 trecentos
3336 3682 3676 3741 septuagenta
3708 3680 3851 3739 tres,

2272 3769 2458 3833 uncia,
2492 3765 2627 3819 duae
2676 3764 2841 3819 selae.
2875 3764 2930 3818 lu
2982 3763 3060 3817 bis
3093 3779 3221 3832 ergo
3254 3766 3467 3831 partiris
3498 3763 3848 3832 trigesimam,

2272 3860 2511 3914 invenies
2538 3857 2702 3912 decus
2727 3855 3043 3924 dipondius;
3074 3865 3314 3924 superest
3344 3856 3504 3909 decus
3533 3854 3853 3909 tresisuncia

2272 3950 2412 4004 duae
2441 3949 2609 4014 selae,
2641 3948 2889 4001 similiter
2919 3946 3079 3999 etiam
3112 3955 3165 3998 et
3217 3944 3268 3998 in
3301 3960 3441 3999 anno
3486 3947 3724 4013 sequenti
3756 3943 3855 4011 qui

2273 4042 2328 4096 in
2360 4042 2549 4095 ordine
2602 4039 2788 4093 tertius
2839 4036 3132 4105 appellatus
3157 4044 3446 4104 supputare
3488 4034 3730 4089 debebis.
3759 4034 3855 4089 Bis

2275 4135 2455 4203 itaque
2499 4131 2722 4186 trecenti
2778 4143 3000 4196 sexages
3027 4127 3258 4199 quinque
3314 4126 3445 4181 fiunt
3481 4127 3595 4181 dies
3649 4128 3857 4196 septin-

2274 4226 2421 4296 genti
2448 4224 2683 4292 triginta.
2716 4221 2944 4275 lnmittis
2971 4235 3098 4274 vero
3128 4230 3183 4274 ut
3223 4234 3383 4288 supra
3414 4220 3537 4273 anni
3578 4219 3738 4289 pritui
3769 4219 3824 4274 lu
3847 4249 3859 4261 -

2277 4332 2400 4371 nam
2431 4315 2721 4371 secundam
2748 4322 2802 4368 et
2828 4312 3050 4367 habebis
3078 4312 3189 4366 dies
3229 4312 3597 4382 septingentos
3638 4312 3857 4382 triginta

2278 4408 2434 4471 duos,
2460 4408 2512 4460 in
2543 4405 2734 4475 quibus
2757 4403 2970 4471 partiris
2993 4403 3400 4472 sexages-imam,
3422 4403 3662 4458 invenies
3687 4404 3857 4459 decus

2279 4497 2579 4567 dipondius.
2632 4495 2854 4549 Restant
2908 4486 3046 4549 duae
3095 4495 3276 4557 selae;
3327 4492 3491 4548 addes
3540 4492 3643 4549 hoc
3690 4509 3857 4562 supra

2276 4604 2539 4644 summam
2572 4588 2928 4655 praedictam,
2963 4594 3017 4639 et
3043 4594 3201 4639 erunt
3230 4586 3346 4639 dies
3373 4586 3694 4655 septingenti
3721 4602 3857 4656 qua-

2275 4683 2515 4751 draginta
2537 4688 2821 4749 quattuor;
2852 4686 3058 4732 restant
3080 4677 3216 4732 duae
3243 4678 3406 4743 selae,
3440 4679 3494 4732 in
3514 4678 3710 4748 quibus
3730 4693 3861 4748 par-

2278 4775 2393 4829 tiris
2423 4772 2749 4843 trigesimam
2768 4814 2782 4839 ,
2820 4771 3057 4825 invenies
3087 4769 3202 4823 dies
3235 4778 3449 4838 quattus
3478 4784 3639 4839 super
3657 4780 3710 4825 et
3740 4770 3861 4825 vies

2275 4879 2508 4939 quattus,
2542 4876 2746 4921 restant
2773 4866 2909 4920 duae
2939 4866 3102 4919 selae.
3136 4864 3225 4919 Sic
3252 4874 3431 4919 autem
3475 4864 3699 4935 singulis
3728 4868 3858 4935 qui-

2276 4962 2482 5029 busque
2508 4958 2661 5012 annis
2711 4971 2877 5025 usque
2924 4956 2978 5010 in
3007 4956 3388 5025 octogesimum
3421 4963 3474 5009 et
3522 4957 3733 5010 tertium
3758 4971 3865 5011 an-

2279 5068 2405 5107 num
2434 5048 2776 5119 supputabis;
2807 5062 2964 5117 quem
3010 5047 3397 5117 octogesimum
3428 5058 3481 5102 et
3525 5059 3766 5115 quartum
3799 5050 3863 5104 in

2281 5146 2382 5202 [ine
2412 5142 2731 5200 circulorum
2772 5140 3081 5194 adnotatum
3111 5140 3383 5208 agnoscis,
3411 5149 3470 5194 ttt
3495 5142 3653 5195 etiam
3685 5141 3738 5194 in
3771 5141 3867 5196 his

2278 5239 2501 5309 singulis
2530 5236 2687 5291 annis
2712 5233 2959 5289 undecim
2990 5247 3139 5286 asses
3194 5241 3248 5287 et
3276 5233 3430 5288 uncia
3459 5234 3746 5288 immittere
3774 5235 3865 5287 vi-
3952 5273 3956 5277 .

2277 5332 2476 5398 dearis,
2510 5339 2563 5385 et
2594 5328 2754 5383 nullis
2779 5326 3141 5381 cancellorum
3170 5324 3498 5381 anfractibus
3524 5326 3605 5380 vel
3656 5325 3868 5379 lunari-

2282 5424 2379 5478 bus
2407 5421 2542 5476 tituli
2569 5434 2751 5475 erasse
2774 5417 2995 5473 omnino
3024 5416 3283 5472 noscaris.
3319 5417 3580 5473 Dominus
3594 5419 3735 5473 enim
3767 5433 3865 5471 no-

2281 5527 2393 5571 ster
2418 5514 2678 5578 Christus,
2705 5520 2960 5581 paternae
3004 5509 3265 5565 obediens
3306 5509 3558 5579 iussioni,
3589 5512 3659 5564 ita
3698 5510 3864 5581 hujus

2281 5608 2438 5662 lunae
2461 5606 2660 5660 almum
2684 5604 2847 5675 sydus
2875 5601 3066 5665 edidit,
3098 5610 3157 5655 ut
3188 5601 3255 5656 de
3306 5603 3481 5657 noctis
3506 5603 3748 5658 invenies
3777 5604 3865 5657 lu-

2283 5714 2402 5753 men
2434 5696 2692 5753 solidatae
2722 5694 2990 5751 tettebrari
3019 5693 3089 5748 ob
3112 5694 3423 5749 nubimenta
3456 5703 3699 5750 tcnuaret
3719 5711 3864 5765 quae

2282 5794 2427 5848 claro
2456 5793 2662 5846 invecta
2689 5788 2957 5855 curriculo
2986 5787 3158 5846 cautis
3185 5802 3401 5845 vacasse
3428 5803 3525 5857 per
3558 5789 3866 5855 erroribus,
