4142 6350
246 378 350 436 557

1317 376 1396 431 DE
1435 375 1751 432 COMPUTU
1793 373 2121 435 PASCHALI
2161 379 2290 435 LIB.
2345 381 2410 438 ll.

3391 389 3494 447 558

248 493 477 551 secretis
520 494 867 562 cperautibus
913 507 1122 558 causis,
1187 508 1325 546 nunc
1375 494 1526 562 plena
1579 493 1828 548 subducit
1854 491 1908 553 Α
1932 507 2043 546 sem
2073 505 2260 564 quarto
2290 495 2407 550 idus
2433 496 2634 564 lunias,
2664 509 2906 568 quartum
2939 515 3173 556 mensem
3202 513 3351 558 sexto
3379 506 3496 562 idus

250 586 542 657 implenda,
575 594 630 642 et
659 587 841 641 rotatis
865 586 1112 640 cursibus
1143 586 1340 640 iterum
1383 585 1651 640 delinitur.
1683 586 1824 640 llaec

249 689 377 737 sunt
416 679 576 748 igitur
604 679 759 733 lunae
811 677 1086 748 principia,
1144 677 1367 747 ejusque
1398 675 1570 731 ofﬁcia
1605 677 1824 742 perenni

249 772 472 828 servitio
493 769 751 824 divinitus
781 767 1042 835 instituta;
1078 767 1208 822 haec
1238 767 1291 820 in
1323 767 1509 837 signis,
1536 777 1588 821 et
1619 767 1670 820 in
1693 776 1825 821 tem—

248 862 491 934 poribus,
517 871 569 915 et
593 862 644 914 in
672 859 880 923 diebus,
902 868 955 914 et
980 860 1033 913 in
1066 847 1220 912 annis
1243 859 1516 927 praesciae
1548 860 1703 911 facta.
1725 858 1825 911 Per

252 953 392 1008 hanc
415 953 608 1022 quippe
631 950 884 1006 fabricam
918 961 1117 1004 castam
1149 963 1467 1018 puramque,
1495 957 1549 1001 et
1565 963 1691 1002 suae
1714 961 1826 1002 ma-

247 1045 460 1115 jcstatis
489 1044 762 1113 praesagio
783 1039 1041 1096 Dominus
1073 1040 1385 1111 designabat
1424 1040 1489 1093 ad
1517 1039 1820 1104 ecclesiam,

249 1135 390 1206 quod
419 1135 732 1205 saepissime
755 1143 1000 1189 tenuatur
1023 1133 1234 1187 casibus
1261 1132 1446 1198 variis,
1488 1143 1542 1186 ct
1573 1133 1824 1185 minuitur

250 1243 464 1297 semper
492 1227 545 1280 in
579 1227 780 1296 lapsis;
833 1223 1139 1294 Splendoris
1185 1231 1361 1278 tamen
1407 1223 1585 1276 nitore
1609 1220 1824 1276 snﬁ‘ulta

251 1321 447 1373 crescit
477 1321 528 1372 in
560 1319 774 1372 sanctis.
819 1317 910 1372 Sic
951 1317 1092 1371 enim
1139 1314 1414 1385 speciatim
1453 1316 1604 1380 dico,
1635 1314 1820 1369 eadem

250 1413 318 1467 de
355 1413 635 1481 semetipsa
666 1412 900 1482 loquitur
947 1411 1168 1466 ecclesia
1201 1429 1212 1463 :
1247 1406 1390 1480 fusca
1439 1427 1580 1474 sum,
1633 1411 1819 1479 inquit,

251 1517 296 1560 et
347 1507 566 1570 decora,
617 1521 648 1559 0
699 1504 837 1560 ﬁliae
895 1505 1267 1570 Hierusalem;
1321 1517 1374 1560 et
1426 1505 1677 1560 Dominus
1730 1522 1824 1572 per

254 1597 574 1666 Prophetam
627 1597 741 1649 voci
781 1611 1014 1649 sonorae
1065 1596 1358 1664 respondit,
1407 1605 1460 1649 et
1503 1596 1674 1650 dicit:
1722 1605 1826 1647 tota

251 1689 480 1756 speciosa
506 1704 558 1741 es
584 1688 711 1740 sicut
738 1686 836 1749 sol,
865 1695 910 1738 et
938 1687 1157 1755 perfecta
1183 1687 1310 1738 sicut
1336 1686 1491 1750 luna;
1519 1695 1570 1738 et
1594 1685 1782 1740 iterum
1811 1704 1822 1737 :

252 1782 405 1834 semel
449 1779 621 1849 juravi
670 1779 723 1830 in
767 1787 942 1830 sancto
978 1793 1085 1829 meo
1124 1779 1164 1829 si
1195 1777 1357 1830 David
1383 1779 1614 1841 mentiar,
1661 1793 1830 1830 semen

1928 581 2112 652 .lnlias,
2138 587 2375 654 quintum
2405 603 2643 643 mensem
2670 600 2820 645 sexto
2839 591 2956 646 idus
2974 592 3258 662 Augustas,
3286 606 3495 654 sextum

1929 692 2164 730 mensem
2195 677 2479 745 septimum
2507 679 2624 732 idus
2654 683 2994 750 septentbris,
3031 685 3314 754 septimum
3343 703 3496 744 men-

1928 783 2038 823 sem
2065 769 2232 836 pridie
2262 769 2439 824 Nonas
2461 771 2721 833 Octobris.
2771 781 3016 828 ottavnm
3067 791 3304 832 mensem
3345 781 3499 834 nonis

1927 859 2333 923 Novembribus,
2377 875 2572 915 nonum
2611 877 2846 918 mensem
2884 866 3052 933 pridie
3082 882 3252 922 nonas
3280 869 3500 926 Decern-

1928 953 2056 1017 bris,
2083 953 2348 1007 decimum
2377 969 2612 1008 mensem
2641 953 2797 1009 tertio
2826 971 2993 1011 nonas
3014 958 3309 1026 Ianuarias,
3335 964 3501 1017 unde-

1927 1061 2122 1098 cnnum
2169 1061 2401 1100 mensem
2446 1045 2700 1100 Kalendis
2745 1045 3064 1116 Februariis,
3125 1051 3498 1107 duodecimum

1929 1152 2163 1191 mensem
2189 1136 2374 1206 quinto
2391 1151 2557 1191 nonas
2578 1137 2812 1224 Martias,
2837 1149 2889 1192 ct
2912 1140 3073 1194 habes
3095 1141 3206 1195 dies
3236 1152 3503 1198 trecentos

1905 1231 2308 1299 quinquaginta
2345 1233 2602 1300 quinque,
2639 1247 2772 1300 quos
2807 1231 3044 1285 continet
3088 1249 3259 1287 annus
3297 1236 3503 1304 primus

1929 1336 2056 1374 sane
2075 1321 2202 1375 inibi
2227 1321 2525 1390 quindecim
2551 1321 2736 1376 diebus
2757 1323 2934 1391 lunae,
2959 1335 3115 1394 quota
3145 1325 3325 1396 utique
3347 1326 3502 1396 plena

1930 1422 1982 1467 (ι
2015 1415 2240 1482 perfecta
2287 1413 2457 1468 fuerat
2510 1416 2664 1468 facta.
2716 1413 2846 1470 Nam
2893 1432 2920 1470 a
2960 1418 3200 1488 quintum
3242 1435 3501 1475 nonarum

1930 1507 1982 1558 in
2011 1515 2255 1574 quartum
2285 1504 2550 1559 Nonarum
2583 1505 2884 1560 Martiarum
2920 1508 3005 1563 die
3048 1511 3350 1580 supputatio
3384 1526 3506 1580 pro-

1932 1597 2138 1649 nuntiat
2165 1597 2308 1658 luna,
2344 1597 2432 1664 qui
2463 1607 2541 1650 est
2572 1597 2774 1651 Scilicet
2802 1599 2916 1652 dics
2948 1599 3087 1655 inter
3110 1602 3295 1670 quintu
3319 1611 3374 1657 et
3401 1613 3508 1657 trr-

1933 1687 2007 1739 tio
2049 1686 2252 1740 medius
2302 1686 2353 1739 in
2389 1702 2493 1755 quo
2532 1685 2652 1739 luna
2689 1689 2826 1742 deun
2866 1698 2919 1742 et
2955 1705 3055 1743 non
3095 1693 3255 1757 assis,
3300 1694 3387 1762 qui
3425 1704 3507 1748 est

1934 1777 2046 1831 dies
2095 1791 2231 1831 unus
2281 1780 2528 1832 inventus
2572 1779 2641 1831 sit
2689 1781 2894 1848 plenus.
2951 1781 3132 1852 itaque
3183 1800 3212 1838 a
3256 1784 3342 1838 die
3389 1785 3507 1853 ipso

255 1872 364 1939 ejus
396 1873 446 1922 in
475 1878 731 1922 aeternum
763 1868 1004 1930 manebit,
1038 1877 1084 1920 et
1111 1866 1319 1920 thronus
1341 1872 1450 1937 ejus
1493 1867 1620 1920 sicut
1667 1868 1742 1920 sol
1781 1868 1833 1920 in
1863 1866 1909 1926 B
1940 1871 2139 1924 mensis
2173 1870 2406 1924 incltoari
2438 1887 2542 1925 non
2574 1882 2745 1940 potest
2776 1873 2998 1940 primus,
3040 1875 3132 1928 scd
3166 1891 3193 1928 a
3225 1875 3381 1931 tertio
3407 1893 3508 1932 no-

257 1972 531 2027 conspecm
559 1975 688 2026 meo,
722 1967 767 2012 et
797 1959 924 2012 sicut
955 1959 1078 2011 luna
1101 1957 1321 2029 perfecta
1348 1961 1398 2011 in
1431 1969 1688 2012 teternum.
1722 1958 1834 2013 Hoc

256 2051 438 2104 autem
468 2051 725 2106 ecclesiae
761 2055 812 2105 in
837 2050 1048 2104 Chiisto
1081 2059 1248 2104 totum
1279 2060 1477 2117 manet,
1504 2060 1555 2105 ct
1581 2051 1834 2120 competit

253 2151 671 2204 sacramentum,
707 2139 1074 2195 adientissime
1103 2155 1332 2209 namque
1367 2151 1830 2209 repraesentamus

251 2233 492 2303 ejusdem
513 2233 669 2298 lunae
691 2233 1134 2303 perfectissimum
1159 2249 1398 2300 cursum,
1417 2245 1472 2288 ut
1499 2236 1550 2288 in
1577 2236 1686 2289 ειιίε
1709 2251 1829 2289 eum

254 2324 650 2394 quodammodo
696 2323 948 2379 cancellis
1000 2324 1188 2379 diebus
1243 2326 1467 2394 singulis
1523 2327 1575 2379 in
1627 2327 1832 2395 integro

256 2416 471 2471 noveris
502 2416 867 2469 terminatum.
905 2415 977 2469 Ex
1001 2413 1277 2476 Kalendis.
1307 2416 1544 2484 inquam,
1572 2415 1834 2472 Januariis

255 2507 310 2560 in
349 2505 519 2575 pridie
564 2505 705 2568 illius
737 2505 843 2560 diei
878 2507 1213 2575 supputabis,
1257 2508 1307 2560 in
1347 2523 1452 2574 quo
1500 2509 1661 2561 etiarn
1712 2510 1833 2568 luna

251 2606 414 2669 quota
439 2600 506 2653 sit
531 2598 765 2668 quaeris.
797 2597 902 2653 Sed
934 2597 1155 2652 forsitan
1189 2599 1324 2653 dicis
1354 2617 1364 2651 :
1397 2615 1562 2668 quare
1586 2601 1635 2653 in
1662 2601 1834 2669 pridie

254 2703 309 2748 et
327 2701 485 2762 quota
527 2689 596 2745 Sit
628 2692 750 2744 luna
789 2693 840 2745 in
879 2692 1120 2762 sequenti
1157 2691 1426 2760 significas
1461 2693 1566 2756 die,
1614 2693 1735 2760 quia
1767 2708 1830 2748 ex

253 2783 507 2839 Kalendis
533 2781 715 2852 utique
744 2783 1010 2837 Ianuariis
1041 2794 1300 2836 Summam
1326 2783 1549 2852 colligis,
1583 2791 1635 2836 et
1669 2793 1831 2853 quota

258 2877 314 2931 in
364 2876 446 2930 bis
484 2874 646 2929 fuerit
684 2875 804 2928 luna
844 2874 1266 2944 superiumittis?
1301 2874 1626 2944 numquidne
1669 2890 1830 2928 unum

255 2971 397 3024 diem
423 2968 729 3036 bipartitum
751 2967 836 3021 vel
856 2969 1178 3035 duplicatum
1207 2977 1492 3035 supputare
1511 2967 1830 3036 singularem

255 3062 595 3130 aliquatenus
625 3060 677 3112 in
704 3073 927 3112 numero
959 3058 1166 3126 possis?
1201 3057 1377 3127 itaque
1421 3061 1472 3111 in
1510 3060 1590 3111 liis
1621 3061 1834 3127 partiris

255 3152 676 3222 sexagesitnam,
722 3160 775 3204 et
801 3151 942 3219 quod
975 3149 1140 3203 lueris
1174 3151 1398 3218 partitus
1428 3165 1588 3218 supra
1623 3151 1831 3204 dierum

1937 1974 2123 2014 narum
2153 1962 2461 2015 martiarum
2490 1963 2540 2015 in
2565 1972 2750 2030 quarta
2785 1979 3039 2017 nonarum
3063 1965 3321 2034 Aprilium
3341 1969 3505 2036 diem,

1934 2051 1984 2104 in
2015 2066 2235 2120 quarum
2276 2061 2468 2121 quartu
2517 2069 2774 2108 nonarum
2822 2055 3009 2124 pridie,
3058 2057 3158 2111 hoc
3209 2067 3292 2114 cst
3333 2059 3382 2113 in
3422 2061 3508 2117 die

1933 2139 2278 2196 kalendarum
2313 2145 2568 2212 Aprilium
2612 2158 2966 2214 conputamus
2995 2165 3060 2203 cx
3092 2149 3274 2220 quinta
3324 2150 3510 2207 kalen-

1933 2233 2117 2286 darum
2148 2234 2455 2288 earumdem
2488 2237 2779 2305 praeteriti,
2806 2238 2942 2294 idest
2972 2240 3125 2308 primi
3157 2243 3300 2310 anni,
3324 2244 3373 2297 in
3402 2259 3508 2314 quo

1933 2325 2019 2378 die
2043 2336 2266 2394 utraque
2294 2326 2570 2381 luminaria
2605 2328 2654 2381 in
2687 2329 2872 2398 signis,
2904 2340 2956 2385 et
2987 2332 3037 2386 in
3069 2336 3427 2402 temporibus,
3453 2349 3508 2392 et

1936 2416 1988 2468 in
2017 2415 2223 2480 diebus,
2277 2426 2327 2469 et
2358 2417 2411 2470 in
2439 2419 2592 2472 annis
2630 2434 2658 2472 a
2696 2419 2919 2475 Domino
2954 2423 3164 2478 fuerant
3193 2427 3504 2494 constituta,

1935 2518 1988 2561 et
2045 2508 2377 2562 inveniemus
2421 2509 2538 2564 dies
2595 2520 2860 2566 trecentos
2925 2516 3293 2586 septuaginta,
3347 2533 3506 2588 super

1935 2613 2069 2668 quos
2099 2599 2343 2652 addimus
2366 2600 2542 2656 lunam
2571 2604 2806 2671 quintam
2836 2603 3122 2674 decimam,
3155 2608 3206 2661 in
3236 2623 3342 2678 quo
3364 2620 3506 2668 statu

1938 2693 2134 2746 interea
2178 2692 2347 2746 fuerat
2380 2693 2538 2753 facta.
2591 2703 2647 2748 et
2675 2694 2804 2749 fiunt
2833 2696 2945 2750 dies
2984 2699 3204 2752 trecenti
3235 2702 3506 2771 octoginta

1936 2784 2186 2852 quinque.
2231 2784 2307 2838 Ex
2360 2785 2552 2853 quibus
2601 2785 2792 2841 diebus
2838 2789 3052 2856 partiris
3088 2775 3503 2861 sexagesimam,

1935 2886 1988 2929 ct
2019 2875 2181 2930 babes
2215 2878 2356 2931 sexis
2391 2879 2614 2946 cincnn;
2655 2879 2752 2933 llos
2792 2883 3096 2947 praedictae
3131 2899 3373 2940 summae
3412 2889 3506 2940 ad-

1932 2971 2130 3039 jungis,
2162 2980 2215 3025 et
2244 2971 2374 3025 fiunt
2402 2971 2515 3025 dies
2558 2973 2776 3027 trecenti
2813 2974 3096 3043 nonaginta
3135 2992 3241 3030 unu
3276 2978 3504 3046 cincuu;

1941 3061 2150 3127 partiris
2177 3060 2496 3129 trigesimam
2521 3073 2572 3114 et
2607 3063 2842 3117 invenies
2871 3063 3035 3118 decus
3066 3067 3242 3127 tresis.
3289 3079 3508 3137 superet

1938 3153 2234 3207 asrincunt.
2295 3155 2432 3222 Ergo
2479 3170 2543 3208 ex
2581 3155 2667 3209 die
2702 3157 2872 3217 tertio
2902 3173 3162 3213 nonarum
3196 3163 3506 3217 martiarum

261 3257 544 3298 numerum
573 3240 744 3311 ponis,
783 3241 832 3294 in
864 3239 1056 3308 quibus
1078 3239 1324 3293 similiter
1357 3240 1681 3309 trigesitnam
1714 3256 1829 3308 par-
1861 3225 1905 3286 C
1938 3260 2104 3313 usque
2137 3245 2188 3298 ει,
2224 3245 2361 3299 diem
2405 3256 2652 3315 quarum,
2696 3262 2952 3302 nonarum
2984 3251 3244 3317 Aprilium
3281 3255 3508 3322 primam

259 3335 396 3400 tiris,
427 3335 552 3389 etin
577 3334 766 3404 quovis
791 3333 896 3396 die,
931 3340 986 3385 ut
1009 3331 1138 3397 dixi,
1173 3340 1334 3400 quota
1373 3331 1475 3384 erit
1515 3332 1660 3397 luna,
1699 3345 1834 3401 quae

255 3430 325 3485 ad
358 3429 634 3482 atltomum
679 3437 774 3496 per
816 3426 931 3480 dics
959 3434 1014 3480 et
1039 3439 1208 3478 annos
1244 3425 1480 3494 singulos
1510 3425 1833 3493 peritissime

229 3520 584 3591 'designabis,
611 3521 858 3590 quamvis
900 3518 1053 3572 unius
1081 3517 1340 3586 cujusque
1370 3518 1602 3586 paschae
1632 3519 1834 3574 natales

257 3615 474 3671 nonnisi
514 3613 668 3682 primi
717 3613 918 3667 mensis
962 3627 1129 3666 novus
1179 3621 1397 3681 generat
1446 3611 1594 3676 dies;
1640 3611 1732 3666 sed
1779 3621 1836 3666 ut

259 3709 379 3778 ipse
409 3707 611 3776 primus
649 3705 846 3759 mensis
873 3719 901 3756 a
929 3704 1084 3759 tertio
1111 3719 1368 3757 nonarum
1409 3703 1712 3758 Martiarum
1749 3704 1835 3758 die

258 3815 429 3869 nsque
461 3799 512 3852 in
535 3809 722 3867 quarto
749 3810 1008 3850 nonarum
1039 3796 1297 3864 Aprilium
1321 3810 1349 3847 a
1377 3796 1581 3849 cunctis
1602 3796 1835 3864 plerum-

257 3906 364 3959 que
413 3903 533 3943 esse
574 3887 801 3954 dicatur,
848 3896 992 3940 certa
1025 3894 1187 3954 atque
1219 3886 1420 3953 digesta
1451 3885 1655 3940 ratione
1685 3901 1834 3940 mon-

257 3990 484 4046 stretur,
507 3989 564 4033 ut
589 3981 639 4033 in
666 3980 747 4033 liis
778 3979 964 4049 viginti
1005 3994 1193 4032 novem
1230 3978 1415 4032 diebus
1449 3979 1711 4045 paschalis
1744 3995 1835 4032 na-

259 4075 443 4128 tivitas
469 4081 759 4140 retegatur,
795 4079 849 4124 et
888 4085 983 4139 per
1015 4069 1246 4138 primum
1288 4070 1534 4122 annalem
1579 4070 1834 4123 circulum

260 4165 518 4222 veridicis
555 4164 910 4231 documentis,
942 4163 1242 4217 evidentius
1271 4162 1602 4216 ostendatur.
1633 4163 1674 4214 A
1708 4162 1837 4215 solis

259 4264 406 4316 enim
431 4268 483 4313 et
509 4259 666 4312 lunae
695 4257 894 4311 fabrica
921 4270 1057 4324 quae
1080 4254 1167 4308 die
1196 4253 1260 4307 V.
1302 4253 1657 4306 Kalendarum
1681 4255 1838 4321 Apri-

259 4353 394 4406 lium
419 4343 648 4418 sumpsit
674 4349 976 4416 exordium,
1011 4349 1382 4415 computamus
1415 4345 1530 4399 dies
1571 4353 1837 4399 trecentos

259 4446 463 4499 liberos
487 4441 848 4512 quadragenta
879 4438 1180 4494 occurrisse
1214 4436 1279 4490 ad
1319 4436 1551 4490 futurttm
1591 4435 1835 4505 quintum

261 4550 528 4592 nonarum
555 4534 862 4586 martiarum
894 4530 1058 4593 diem,
1085 4543 1245 4597 super
1270 4543 1402 4598 quos
1443 4527 1556 4580 dies
1591 4527 1837 4580 addimus

1941 3336 2117 3390 lunam
2164 3351 2420 3404 quaerere
2471 3337 2748 3401 debemus,
2797 3343 3048 3408 quoniam
3096 3342 3147 3394 in
3189 3357 3509 3415 quocunqne

1938 3426 2025 3481 die
2055 3427 2238 3480 existis
2265 3427 2449 3496 viginti
2473 3443 2658 3482 novem
2690 3429 2876 3484 diebus
2908 3431 3026 3483 luna
3062 3432 3232 3499 prima
3261 3447 3381 3489 cum
3407 3437 3510 3493 fue-

1940 3519 2027 3580 rit,
2055 3518 2174 3570 inde
2198 3516 2382 3585 incipit
2411 3519 2609 3570 mensis
2639 3519 2856 3586 primus,
2891 3521 2940 3574 in
2963 3537 3068 3590 quo
3101 3537 3283 3578 mense
3313 3527 3510 3594 pascha

1939 3611 2354 3666 sacratissimum
2391 3610 2647 3665 celebrari
2688 3613 2953 3681 praecepit
2981 3616 3319 3684 omnipotens
3347 3619 3507 3685 Deus,

1939 3706 2075 3759 sicut
2106 3705 2155 3758 in
2191 3703 2374 3758 Exodo
2405 3713 2628 3758 testatur
2655 3713 2707 3758 ct
2736 3705 2859 3760 dicit
2887 3725 2897 3758 :
2923 3707 3054 3760 diem
3095 3708 3277 3777 festum
3308 3712 3510 3778 pascha

1939 3800 2290 3864 observabitis;
2313 3808 2502 3866 septem
2528 3797 2704 3852 diebus
2724 3799 2881 3853 edetis
2908 3800 3093 3865 azima,
3117 3802 3246 3855 sicut
3277 3804 3511 3874 praecepi

1941 3890 2064 3958 tibi,
2107 3906 2196 3958 per
2240 3900 2429 3958 tempus
2474 3889 2654 3943 mensis
2686 3905 2961 3955 novorum;
3000 3891 3051 3944 in
3080 3908 3138 3947 eo
3168 3893 3303 3946 enim
3336 3895 3511 3950 existis

1941 3980 2004 4032 de
2027 3989 2162 4032 terra
2193 3977 2428 4048 /Egypti.
2477 3979 2602 4032 item
2654 3980 2702 4032 in
2734 3979 2966 4034 Levitico
2993 3983 3230 4052 praecipit
3255 3983 3510 4040 Dominus

1941 4083 1993 4126 et
2019 4072 2146 4125 dicit
2171 4089 2182 4124 :
2210 4074 2371 4139 primo
2399 4088 2567 4126 mense
2595 4073 2644 4124 in
2673 4083 2853 4141 quarta
2876 4075 3070 4127 decima
3091 4077 3294 4141 mensis,
3319 4077 3373 4129 in
3402 4093 3510 4130 me-

1941 4166 2028 4218 dio
2061 4165 2450 4233 vespertinorum
2489 4163 2677 4231 pascha
2709 4164 2942 4229 Domini,
2962 4176 3016 4235 [et
3060 4168 3112 4219 in
3138 4167 3510 4233 quintadecima

1942 4256 2125 4310 mensis
2149 4255 2300 4326 hujus
2331 4255 2435 4306 dies
2459 4255 2573 4322 festi
2601 4254 2880 4306 azimorum
2905 4253 3144 4307 Domino.
3173 4255 3302 4308 item
3327 4255 3381 4310 in
3404 4256 3511 4311 Nu-

1942 4348 2138 4402 meris:
2162 4355 2216 4401 et
2249 4347 2452 4399 locutus
2481 4355 2562 4400 est
2593 4345 2848 4400 Dominus
2874 4345 2940 4399 ad
2971 4346 3186 4417 Moysen
3214 4347 3266 4401 in
3295 4331 3511 4404 deserto

1942 4442 2067 4496 Sina
2100 4455 2240 4494 anno
2281 4439 2514 4493 secundo
2561 4438 3016 4507 proficiscentibus
3059 4440 3136 4494 eis
3162 4454 3228 4495 ex
3254 4438 3512 4511 .lEgy-pto,

1945 4535 1996 4586 in
2039 4546 2222 4586 mense
2267 4532 2437 4600 primo
2466 4529 2650 4584 dicens
2693 4545 2705 4582 :
2747 4529 2864 4595 dic,
2898 4539 2949 4583 ut
2993 4532 3184 4599 faciant
3221 4531 3318 4600 ﬁlii
3347 4530 3515 4588 Israel

260 4631 446 4685 lunam
477 4627 714 4697 quintam
737 4624 1019 4687 decimam,
1071 4623 1122 4676 in
1159 4596 1268 4690 qua
1286 4596 1469 4689 utique
1508 4618 1840 4688 plenitudine
1870 4596 1922 4659 D
1948 4625 2135 4697 pascha
2174 4625 2224 4677 in
2253 4596 2475 4691 tempore
2509 4638 2601 4675 suo
2627 4596 3008 4691 quartadecima
3037 4623 3120 4677 die
3147 4596 3332 4678 mensis
3364 4625 3516 4696 primi

260 4722 374 4776 diei
423 4720 656 4792 ipsarum
718 4717 958 4787 quintum
1025 4713 1385 4768 Kalendarum
1449 4713 1711 4782 Aprilium
1775 4712 1840 4767 ad

262 4827 549 4881 vesperam
584 4827 610 4864 a
648 4811 876 4864 Domino
908 4808 1078 4862 fuerat
1105 4807 1412 4872 constituta,
1457 4819 1510 4860 et
1551 4806 1682 4859 fiunt
1727 4805 1844 4860 dies

265 4907 497 4963 trecenti
540 4900 919 4975 quinquaginta
975 4902 1238 4972 quinque,
1291 4900 1343 4954 in
1392 4899 1582 4968 quibus
1631 4899 1844 4968 partiris

261 4980 681 5067 schgesimam,
731 5003 785 5049 et
838 4993 1003 5048 habes
1049 4993 1310 5062 quinques
1357 4992 1621 5055 deuncos;
1680 4990 1844 5045 addes

264 5108 434 5164 supra
479 5106 739 5146 summam
782 5090 1132 5159 superiorem.
1187 5095 1242 5140 et
1277 5087 1409 5140 ﬁunt
1459 5085 1574 5140 dies
1621 5084 1845 5138 trecenti

263 5184 571 5251 sexaginta.
636 5179 808 5235 Deun.
863 5177 1079 5248 partiris
1131 5176 1452 5244 trigeisimam
1507 5185 1562 5230 et
1609 5175 1846 5230 invenies

262 5274 730 5344 decnsdipondius
759 5287 920 5341 super
955 5279 1010 5324 et
1038 5270 1201 5323 deun.
1246 5277 1300 5322 et
1337 5267 1590 5338 quoniam
1629 5268 1845 5336 quinta-

261 5374 487 5433 decima
542 5373 683 5437 luna,
739 5370 912 5440 plena,
963 5378 1017 5421 ut
1063 5367 1312 5430 diximus,
1357 5364 1539 5434 quinto
1582 5363 1848 5419 Kalendas

261 5469 492 5540 Apriles
521 5466 695 5520 fuerat
723 5463 857 5517 facta
903 5461 1068 5532 pridie
1101 5460 1217 5513 idus
1243 5456 1473 5526 Apriles,
1506 5465 1561 5510 ut
1589 5457 1706 5511 ritis
1731 5471 1852 5511 cor-

262 5561 436 5617 nibus
465 5564 785 5611 extenuatur
825 5555 891 5608 ad
932 5567 1084 5609 suum
1127 5564 1365 5605 mensem
1396 5549 1622 5618 primum
1665 5549 1853 5617 imple-

261 5655 383 5717 vit;
420 5659 633 5719 propter
654 5648 792 5717 quod
817 5647 1140 5701 novilunium
1165 5643 1378 5698 Judaeis
1407 5652 1744 5711 praeceptum
1773 5654 1856 5698 est

261 5747 574 5803 observare
602 5755 771 5808 usque
801 5739 852 5793 in
885 5737 1198 5792 hodiernum
1227 5736 1387 5791 diem.
1414 5733 1712 5791 Secundum
1729 5749 1854 5790 vero

259 5849 522 5898 mensem
556 5841 747 5903 quarto
785 5831 899 5886 idus
930 5829 1094 5900 Majas
1139 5829 1403 5898 implevit,
1459 5826 1672 5882 tertium
1709 5843 1858 5881 men-

1950 4719 2343 4787 adresperam.
2396 4715 2689 4769 Secundum
2736 4725 2994 4783 tempora,
3041 4717 3318 4769 secundum
3359 4717 3518 4788 legent

1949 4827 2124 4875 suam,
2157 4819 2201 4862 et
2238 4808 2513 4862 secundum
2556 4808 2982 4874 comparationem
3006 4822 3151 4859 suam
3183 4807 3336 4876 facies
3362 4807 3518 4861 illud.

1955 4903 2020 4958 Et
2067 4907 2264 4955 locutus
2305 4912 2375 4955 est
2417 4901 2617 4969 Moyses
2657 4900 2778 4966 [iliis
2817 4898 2982 4953 Israel
3023 4903 3188 4970 facere
3234 4901 3424 4970 pascha
3466 4903 3516 4955 in

1953 4997 2149 5049 deserto
2172 4993 2300 5048 Sina
2325 4992 2597 5046 secundum
2626 4991 2762 5061 quod
2795 4992 3030 5061 prcecepit
3057 4990 3306 5047 Dom'nus
3329 4992 3519 5062 Moysi,

1953 5088 2026 5142 sic
2057 5088 2280 5153 fecerunt
2307 5067 2406 5152 ﬁlii
2433 5081 2616 5137 Israel.
2659 5082 2724 5136 Et
2753 5084 2906 5153 paulo
2939 5094 3052 5152 post
3083 5099 3202 5138 cum
3230 5087 3520 5139 commina-

1957 5181 2099 5234 tione
2145 5175 2398 5245 praecepit
2442 5173 2695 5228 Dominus
2719 5214 2733 5237 ,
2782 5182 2837 5228 et
2875 5174 3038 5228 dicit:
3068 5175 3218 5228 homo
3257 5176 3340 5237 qui
3371 5175 3521 5242 fuerit

1956 5271 2195 5334 mundus,
2222 5267 2340 5321 etin
2375 5266 2456 5319 via
2480 5264 2633 5337 longa
2660 5280 2758 5318 non
2786 5265 2958 5335 fuerit,
2988 5275 3035 5317 et
3062 5266 3325 5319 cessaverit
3357 5267 3523 5332 facere
3602 5334 3609 5342 .

1958 5363 2165 5431 pascha,
2205 5357 2620 5432 exterminabitur
2641 5358 2813 5410 anima
2839 5357 2928 5410 illo
2955 5356 3017 5409 de
3045 5357 3235 5426 populo
3264 5371 3378 5420 suo,
3400 5357 3524 5425 quia

1959 5465 2141 5506 tnunus
2159 5451 2376 5504 Domino
2398 5465 2501 5504 non
2525 5448 2705 5502 obtulit
2730 5449 2781 5501 in
2811 5458 3030 5519 tempore
3053 5454 3236 5500 suo:et
3266 5456 3526 5514 peccatum

1957 5562 2104 5601 suum
2133 5545 2342 5613 accipiet
2370 5543 2522 5596 homo
2551 5542 2656 5595 ille.
2692 5541 2746 5594 In
2782 5539 3188 5593 Deuteronomio
3225 5539 3433 5610 Moyses
3459 5540 3526 5597 ad

1959 5637 2208 5708 populum
2249 5636 2457 5690 locutus
2491 5643 2573 5689 est
2606 5633 2789 5687 dicens
2834 5650 2844 5682 :
2885 5631 3089 5684 observa
3125 5649 3344 5687 mensem
3373 5651 3528 5689 novo-

1958 5748 2094 5793 rum,
2126 5739 2173 5783 el
2204 5730 2358 5798 facies
2385 5727 2572 5797 pascha
2606 5723 2827 5775 Domino
2855 5721 2962 5775 Deo
2993 5733 3096 5788 tuo,
3130 5729 3248 5792 quia
3277 5726 3330 5779 in
3361 5742 3530 5782 mense

1963 5839 2201 5877 nouorum
2231 5822 2376 5875 misti
2414 5820 2476 5870 de
2517 5827 2649 5869 terra
2680 5813 2897 5885 Αἴηςηηὶ
2929 5823 3068 5867 nocte
3089 5858 3102 5882 ,
3139 5829 3183 5870 et
3215 5817 3532 5887 sacriﬁcabis
