4142 6350
240 404 339 463 56!

242 520 1717 535 _W~

1086 408 1377 466 AUCTOR.
1425 410 1621 463 IXCEM
1645 412 1655 459 ι
1680 408 1781 461 Ιῖς.
1912 407 2345 460 υηςιςιμλτιυ
2391 400 2682 461 ΟΙὶΙῊΟᾹ.

3408 403 3518 463 5ύὲ

2976 528 2983 531 .
3006 524 3053 530 ν·-
3216 520 3223 527 ⁸
3322 519 3466 535 -αι-

1584 613 1798 655 EODEM
1834 613 2152 656 TEMPORE.

450 680 463 690 ’
622 759 1647 987 AUCTOR
1798 760 3152 971 INCEBTUS.‘

1410 1064 2331 1091 *

1226 1178 1957 1269 OBSERVATIO
2017 1177 2512 1263 CRITICA.

1406 1334 2327 1361 *ἢ

316 1482 555 1553 Quisquis
600 1486 653 1537 in
690 1484 960 1539 Scotorum
1013 1487 1223 1540 historia
1260 1486 1335 1540 vel
1376 1487 1547 1539 leviter
1586 1495 1814 1539 versatus
1845 1482 1895 1542 Α
1923 1482 2080 1549 potis)
2106 1481 2424 1534 observatum
2447 1482 2623 1551 fuisse.
2655 1480 2787 1534 Nam
2815 1483 2910 1535 hoc
2934 1482 3298 1537 monasterium
3322 1480 3503 1535 Kilroc

236 1591 510 1641 agnoscere
544 1577 684 1630 debet
719 1578 908 1647 primos
943 1577 1255 1633 Christianos
1296 1579 1557 1647 religionis
1597 1579 1820 1631 doctores

236 1666 291 1718 in
320 1666 566 1720 hodierna
596 1667 772 1722 Scotia
812 1671 1059 1723 exstitisse
1098 1671 1213 1723 vitae
1247 1671 1541 1723 monasticce
1577 1669 1819 1733 cultores,

238 1756 373 1809 unde
395 1761 647 1826 famosum
664 1757 792 1811 illud
816 1755 1050 1811 Forduni
1080 1761 1132 1811 in
1153 1759 1572 1812 Scoti-Chronico
1593 1759 1681 1812 lib.
1708 1773 1819 1822 xm,

234 1863 355 1913 cap.
386 1850 440 1913 8,
468 1866 587 1920 pag.
622 1850 741 1914 18.1,
766 1852 973 1919 dictum,
1004 1855 1091 1921 qui
1115 1854 1185 1906 ‘de
1214 1865 1388 1907 sancto
1416 1852 1655 1907 Palladio
1688 1856 1824 1907 circa

237 1956 435 1993 annum
456 1941 561 1997 450
589 1944 655 1994 ad
680 1943 863 1996 Scotos
892 1947 943 1996 in
964 1943 1222 1999 Christum
1249 1948 1361 2016 jam
1391 1947 1642 1999 credentes
1671 1948 1821 1999 misso

236 2032 479 2101 episcOpo
500 2034 573 2086 sic
596 2032 819 2102 loquitur
842 2051 859 2087 :
879 2052 896 2085 ι
927 2036 1054 2089 Ante
1072 2038 1221 2106 cujus
1244 2035 1521 2106 (Palladii)
1548 2038 1820 2089 adventum

235 2121 487 2175 habebant
516 2122 659 2177 Scoti
682 2125 803 2189 ﬁdei
834 2125 1091 2191 doctores,
1123 2143 1183 2178 ac
1210 2139 1641 2179 sacramentorum
1669 2129 1819 2180 mini-

232 2222 479 2267 stratores
508 2217 821 2284 presbyteros
850 2219 1167 2271 solummodo
1206 2218 1503 2285 monachos,
1545 2222 1699 2272 ritum
1737 2235 1817 2272 sc-

232 2314 441 2372 quentes
466 2305 707 2360 Ecclesia:
747 2310 1029 2375 primitiva'.
1067 2330 1085 2363 ι
1118 2310 1221 2365 Per
1243 2329 1356 2383 quce
1380 2329 1502 2365 sane
1536 2313 1679 2366 verba
1712 2315 1818 2367 sin-

240 2411 386 2450 cerus
412 2398 501 2451 ille
520 2398 747 2453 historice
768 2400 983 2456 Scotica:
1010 2405 1243 2458 conditor
1268 2405 1435 2458 solum
1459 2406 1718 2460 insinuare
1744 2408 1791 2460 vi
1801 2436 1819 2448 ο

222 2490 408 2554 detur,
438 2489 806 2548 S.Palladium
828 2496 984 2564 fuisse
1008 2499 1226 2565 primum
1252 2501 1541 2570 episcopum
1568 2518 1596 2552 a
1618 2517 1817 2556 summo

236 2580 479 2649 pontiﬁce
502 2582 733 2636 Romano
773 2587 981 2639 missum
1018 2588 1085 2639 ad
1117 2588 1437 2643 Scoticanam
1464 2590 1744 2645 Ecclesiam
1786 2612 1818 2647 a

242 2674 510 2729 cunabulis
558 2688 898 2749 resurgentem
943 2682 1344 2750 gubernandam,
1376 2701 1487 2739 cum
1524 2697 1641 2739 ante
1676 2688 1817 2741 illius

239 2770 531 2837 adventum,
561 2782 607 2824 et
639 2774 810 2827 eadem
831 2775 997 2827 adhuc
1022 2777 1315 2847 imperfecta
1342 2796 1401 2831 ac
1422 2781 1563 2833 rudis
1585 2799 1673 2851 per
1702 2800 1816 2849 pre-

1925 1589 2067 1625 sense
2088 1572 2237 1643 vulgo
2259 1572 2557 1627 Culrosense
2576 1575 2763 1627 dictum
2786 1584 3006 1627 erectum
3026 1583 3118 1635 est.
3142 1592 3173 1627 a
3195 1573 3257 1629 S.
3274 1574 3504 1637 Servano

1930 1666 2298 1720 Orcadensium
2338 1668 2623 1720 insularum
2654 1669 2909 1735 apostolo,
2942 1676 2988 1720 et
3018 1668 3078 1721 S.
3099 1664 3325 1720 Palladii
3352 1668 3506 1720 disci-

1926 1757 2067 1825 pulo,
2086 1757 2175 1823 qui
2197 1773 2295 1810 non
2314 1774 2491 1810 novam
2510 1757 2833 1825 disciplinam
2848 1758 3181 1811 monasticam
3198 1758 3501 1822 introduxit,

1924 1849 2013 1901 sed
2053 1856 2267 1901 veterem
2296 1851 2553 1918 primaevis
2574 1848 2743 1904 Scotis
2782 1850 3039 1904 monachis
3068 1864 3385 1904 communem
3414 1866 3505 1904 esc-

1924 1938 2104 1993 coluit.
2124 1938 2249 1993 Erat
2272 1949 2440 1994 autem
2463 1944 2557 1993 hoc
2579 1942 2936 1994 monasterium
2957 1941 3012 1993 in
3032 1941 3271 1995 asstuario
3293 1937 3507 1994 Forthas

1922 2029 2024 2082 sive
2037 2027 2297 2084 Bodotria:
2315 2032 2487 2096 situm,
2507 2033 2574 2084 ad
2598 2030 2849 2085 borealem
2864 2032 3093 2102 ﬂuminis
3113 2033 3277 2103 ripam
3298 2040 3345 2085 et
3365 2032 3505 2099 infra

1878 2182 1893 2187 ε
1924 2120 2247 2192 Strivelingas
2285 2132 2508 2175 castrum
2536 2139 2625 2177 sex
2652 2125 2954 2177 milliaribus
2972 2127 3186 2197 jacens,
3217 2124 3301 2176 ubi
3329 2124 3501 2193 ﬂuxus

1921 2222 1969 2266 et
1998 2215 2229 2283 reﬂuxns
2259 2216 2426 2268 adhuc
2452 2217 2693 2281 cernitur,
2722 2232 2870 2284 quem
2900 2226 3077 2270 auctor
3104 2219 3219 2270 vita:
3240 2214 3301 2271 S.
3323 2214 3502 2269 Kinti-

1918 2307 2062 2375 gerni
2089 2307 2226 2377 apud
2247 2306 2537 2360 Bolandum
2566 2308 2629 2362 1'5
2653 2305 2892 2361 Januarii
2921 2325 3009 2379 per
3032 2307 3289 2362 Malenam
3328 2318 3372 2361 et
3405 2304 3505 2361 Le-

1920 2399 2100 2451 donem
2126 2399 2305 2461 ﬂuvios
2332 2400 2591 2469 designat;
2616 2400 2684 2451 ad
2707 2416 2897 2453 morem
2920 2401 3261 2469 quorumdam
3284 2408 3504 2453 veterum

1920 2505 2011 2559 per
2032 2489 2287 2545 Ledonein
2310 2492 2601 2561 intelligens
2622 2501 2802 2545 uastum
2824 2499 2870 2545 et
2896 2494 3096 2561 ﬂuctum
3116 2492 3291 2561 maris,
3323 2505 3503 2561 quem-

1922 2581 2201 2635 admodum
2241 2591 2288 2636 et
2328 2600 2417 2652 per
2470 2582 2999 2653 Malenam‘jenotans
3017 2584 3272 2653 reﬂuxum
3295 2582 3398 2636 sive
3425 2597 3505 2635 re-

1922 2689 2117 2726 cessum
2148 2673 2335 2737 maris;
2376 2690 2501 2742 quos
2528 2675 2685 2744 igitur
2714 2674 2843 2728 male
2868 2676 2996 2728 duos
3030 2674 3292 2728 distinctos
3319 2674 3503 2743 ﬂuvios

1921 2765 2244 2831 existimavit,
2284 2781 2396 2817 cum
2430 2766 2570 2834 apud
2599 2764 2873 2819 Kilrosiam
2912 2767 3109 2820 nullum
3138 2766 3281 2819 aliud
3311 2769 3505 2835 ﬂumen

237 2858 465 2929 sbyteros
488 2862 549 2915 ab
570 2863 686 2917 aliis
708 2865 944 2934 legitimis
965 2868 1212 2937 episc0pis
1235 2872 1497 2924 ordinatos
1517 2889 1577 2924 ac
1599 2873 1820 2940 plerum-

1927 2870 2110 2926 prcvter
2137 2858 2434 2912 Bodotriam
2467 2869 2733 2930 appareat,
2768 2860 2852 2913 ubi
2892 2869 3081 2927 tamen,
3105 2860 3333 2930 quamvis
3364 2861 3504 2913 locus

237 2969 337 3021 que
355 2955 626 3009 monachos
653 2958 901 3011 instructa
927 2961 1101 3028 fuerit,
1119 2963 1207 3014 sed
1222 2963 1332 3031 jam
1356 2963 1423 3015 ad
1445 2966 1819 3032 suscipiendam

238 3060 533 3114 supremam
563 3047 807 3103 Ecclesia:
852 3050 1193 3105 hierarchiam
1238 3056 1621 3109 accommodata
1671 3065 1821 3126 prout

238 3136 360 3190 alia,
387 3148 556 3207 gentes
578 3148 644 3193 ad
668 3140 922 3197 Christum
951 3160 1201 3198 conversa:
1227 3147 1369 3213 prius
1396 3164 1483 3215 pcr
1510 3148 1821 3218 presbyteros

239 3229 500 3285 instructa:
524 3241 661 3299 sunt,
706 3251 860 3304 quam
901 3237 1175 3304 episcopali
1203 3238 1563 3306 jurisdictionc
1597 3243 1818 3293 donatas.

247 3319 437 3375 Verum
476 3339 643 3377 rerum
675 3322 1000 3380 Scoticaruni
1044 3330 1312 3395 scriptorcs
1336 3340 1383 3382 et
1412 3331 1520 3398 ipse
1540 3328 1820 3383 Fordunus

239 3423 522 3482 agnoscunt
562 3426 792 3470 sanctum
821 3417 1035 3471 Niniam
1056 3418 1303 3472 Candida:
1328 3419 1471 3493 Casa:
1506 3422 1816 3491 episcopum,

238 3514 469 3557 sanctum
495 3505 809 3575 Palladium,
839 3520 1065 3564 sanctum
1088 3507 1399 3576 Fernanum,
1435 3513 1496 3565 S.
1514 3511 1817 3577 Serranum,

240 3596 699 3668 SJi'entigernum,
726 3601 952 3673 aliosque
979 3606 1242 3670 primitiuae
1268 3606 1506 3661 Ecclesiae
1529 3607 1818 3662 Scoticanas

236 3690 522 3760 episcopos,
543 3694 793 3748 exstitisse
814 3713 953 3750 veros
974 3698 1267 3765 monachos,
1292 3717 1351 3753 ac
1370 3702 1653 3773 disciplinis
1674 3720 1817 3757 acer-

234 3784 395 3834 rimos
442 3782 691 3851 vindices,
731 3789 819 3857 qui
869 3792 1201 3856 monasteria,
1245 3803 1482 3863 tanquam
1517 3795 1819 3848 Christiana:

236 3875 504 3947 religionis
534 3881 765 3943 quiedam
801 3892 989 3945 castra,
1016 3896 1296 3947 erexerunt,
1321 3903 1383 3939 ea:
1408 3888 1589 3955 quibus
1619 3890 1820 3957 prodie-

236 3976 361 4020 runt
390 3978 463 4021 tot
496 3971 802 4025 sanctissimi
831 3975 1011 4028 milites
1046 3976 1113 4027 ad
1138 3976 1494 4030 debellandum
1531 3980 1816 4032 da'monum

237 4060 478 4113 militiam
514 4065 799 4129 exercitati,
839 4075 883 4119 et
920 4067 988 4119 ad
1025 4071 1411 4144 propagpndam
1451 4072 1603 4138 ﬁdem
1632 4072 1818 4127 Christi

236 4154 509 4221 aptissimi.
542 4154 589 4208 11
597 4160 714 4226 ujus
742 4158 816 4211 rei
840 4160 1059 4212 vividum
1087 4164 1369 4230 exemplum
1394 4165 1578 4232 prtebet
1607 4180 1818 4232 sequens

1925 2949 2013 3003 ille
2052 2952 2229 3021 viginti
2264 2952 2568 3006 milliaribus
2607 2952 2669 3004 ab
2710 2953 2839 3006 ostio
2870 2953 3098 3023 ﬂaminis
3133 2953 3301 3017 distet,
3338 2962 3504 3006 tamen

1924 3056 2140 3107 magnus
2168 3042 2337 3109 ﬂuxus
2363 3051 2408 3096 et
2432 3044 2661 3112 reﬂuxus
2688 3044 2841 3097 maris
2868 3044 3171 3098 observetur.
3205 3042 3269 3098 In
3292 3043 3384 3098 hoc
3407 3044 3504 3113 igi-

1923 3139 2006 3182 tur
2036 3132 2341 3185 monasterio
2364 3132 2606 3186 educatus
2634 3143 2705 3186 est
2730 3133 2788 3188 S.
2806 3132 3147 3206 Kentigernus
3168 3135 3317 3205 vulgo
3340 3134 3504 3187 dictus

1925 3222 1979 3276 Μ
1987 3240 2118 3292 ungo
2148 3225 2343 3294 primus
2370 3224 2698 3297 Clasguensis
2727 3228 2778 3279 in
2804 3226 2981 3281 Scotia
3003 3230 3268 3298 episcopus
3298 3236 3343 3283 et
3372 3228 3506 3281 mul-

1924 3326 2090 3368 torum
2128 3316 2492 3370 monachorum
2530 3328 2692 3389 pater,
2730 3319 2841 3388 qui,
2882 3318 3113 3373 Kilrosia
3146 3321 3215 3372 ad
3254 3320 3505 3372 australes

1924 3416 2093 3475 partes
2121 3412 2376 3473 secedens,
2406 3410 2684 3463 necessario
2716 3410 3011 3463 testuarium
3033 3408 3247 3464 Fort/ne
3273 3410 3507 3464 transivit

1925 3508 2147 3571 tempore
2174 3501 2394 3555 Malena?
2418 3504 2519 3555 sive
2546 3504 2774 3571 reﬂuxus
2799 3504 2979 3568 maris,
3001 3515 3148 3574 atque
3185 3505 3325 3574 apud
3348 3503 3503 3558 Glas—

1924 3608 2077 3661 guam
2107 3594 2267 3662 ﬁgens
2293 3595 2471 3661 pedem
2498 3595 2693 3665 insigne
2723 3596 2884 3649 erexit
2920 3597 3279 3650 monasterium
3316 3613 3347 3649 a
3378 3612 3505 3650 non-

1922 3687 2083 3753 gentis
2113 3687 2481 3756 quinquaginta
2511 3688 2767 3741 monachis
2798 3687 3151 3754 inhabitatum,
3184 3690 3364 3760 quibus
3397 3692 3500 3744 uti-

1922 3794 2017 3845 que
2048 3772 2371 3849 disciplinam
2396 3780 2726 3833 monasticam
2755 3796 2785 3832 a
2811 3779 3113 3835 S.Servano
3142 3784 3383 3852 magistro
3410 3800 3503 3837 suo

1922 3872 2164 3923 usitatam
2202 3872 2507 3942 prwscripsit
2550 3872 2926 3926 observandam.
2955 3872 3339 3929 Celeberrimum
3382 3891 3502 3947 ergo

1921 3976 2025 4018 erat
2052 3965 2343 4020 Kilrosense
2373 3969 2733 4023 monasterium
2750 4013 2765 4037 ,
2802 3981 2849 4023 et
2891 3974 3062 4040 forsan
3090 3982 3205 4025 ante
3232 3973 3500 4026 adventum

1924 4058 2222 4112 S.Palladii
2264 4060 2325 4112 ab
2353 4060 2479 4127 ipsis
2510 4062 2773 4115 monachis
2802 4061 2971 4117 Scotis
2998 4064 3101 4116 sive
3128 4061 3352 4119 Kiledeis
3378 4081 3501 4118 con-

1922 4159 2187 4215 structum,
2205 4167 2237 4203 a
2251 4150 2430 4219 quibus
2450 4162 2497 4205 et
2515 4154 2970 4207 denominationem
2988 4155 3261 4223 sumpsisse
3279 4157 3497 4221 videtur,

241 4242 381 4296 Ordo
405 4248 732 4308 monasticus,
755 4251 816 4299 ab
838 4250 1057 4320 antiquis
1080 4252 1336 4305 monachis
1359 4251 1526 4307 Scotis
1551 4253 1642 4306 sub
1668 4270 1819 4307 exor-

1923 4259 2039 4296 cum
2079 4260 2143 4297 ex
2182 4254 2295 4297 ante
2340 4246 2487 4299 dictis
2525 4247 2730 4300 omnino
2777 4255 2996 4309 constet,
3036 4246 3311 4301 monachos
3358 4250 3497 4317 apud

236 4337 323 4389 dio
348 4347 598 4406 suscepti:
618 4337 924 4396 Christiana:
950 4344 1209 4413 religionis
1240 4345 1549 4410 observatas,
1586 4347 1674 4415 qui
1705 4362 1817 4399 cum

238 4432 637 4485 vetustissimum
668 4436 731 4487 sit
774 4437 993 4489 omnium
1025 4436 1392 4492 Monachorum
1418 4438 1819 4494 Occidentalium

242 4532 646 4587 monumentum,
690 4542 1022 4597 magnamque
1060 4545 1172 4581 cum
1198 4528 1563 4601 /Egyptiorum
1604 4529 1818 4583 Patrum

238 4616 435 4685 regulis
463 4619 821 4673 connexionem
848 4620 1048 4686 habeat,
1071 4623 1143 4675 sic
1166 4625 1343 4677 merito
1373 4632 1481 4693 post
1507 4624 1564 4677 S.
1587 4622 1820 4678 Cassiani

238 4708 586 4762 institutiones
606 4721 652 4762 et
674 4712 902 4780 regulam
917 4712 978 4766 S.
991 4711 1488 4767 Pachomiidebitum
1505 4714 1669 4767 locum
1688 4716 1817 4768 inter

236 4797 346 4851 hac
371 4800 723 4856 additamenta
742 4814 978 4873 meretur,
1004 4814 1179 4868 utpote
1197 4807 1525 4860 arctissimam
1544 4807 1819 4860 Orientalis

235 4892 365 4945 disci
371 4898 422 4959 pl
428 4893 527 4946 inm
544 4894 909 4949 observantiam
924 4898 1280 4965 complectens,
1298 4900 1515 4968 exceptis
1539 4900 1816 4969 frequenti-

239 4986 331 5038 bus
356 4986 465 5039 illis
494 4987 547 5040 in
586 5004 770 5057 aquam
811 4990 1237 5056 immersionibus,
1265 5008 1376 5058 qua:
1415 4992 1536 5044 solis
1557 4990 1818 5045 monachis

238 5079 408 5132 Scotis
438 5084 466 5148 f
467 5090 644 5134 uerunt
664 5084 963 5148 peculiares.
993 5084 1118 5136 Cum
1141 5084 1317 5154 igitur,
1341 5087 1487 5153 longe
1506 5096 1621 5139 ante
1641 5084 1819 5137 adven-

234 5182 344 5223 tum
378 5171 438 5227 S.
458 5171 706 5238 Palladii,
728 5176 777 5227 in
799 5176 1043 5228 hodierna
1068 5174 1242 5229 Scotia
1267 5177 1545 5229 exstiterint
1568 5186 1817 5229 monaste-

232 5266 342 5327 ria,
368 5280 584 5333 quorum
619 5267 854 5335 inquilini
894 5266 1286 5319 nominabantur
1316 5267 1515 5320 Kiledei
1544 5267 1617 5320 vel
1648 5266 1815 5321 Kildei

231 5356 297 5407 ab
315 5359 439 5425 ipsis
457 5358 616 5421 cellis,
630 5375 755 5426 quas
773 5359 1136 5423 inhabitabant,
1152 5374 1248 5411 non
1271 5376 1301 5410 a
1316 5357 1453 5409 cultu
1470 5374 1615 5427 quem
1632 5358 1816 5411 ibidem

232 5450 554 5517 exercebant,
576 5453 646 5505 sic
667 5450 944 5519 appellati;
967 5452 1191 5519 adeoque
1219 5453 1412 5505 veritati
1446 5468 1721 5505 consonum
1749 5456 1818 5505 vi-

235 5544 405 5605 detur,
431 5543 569 5595 hunc
592 5542 831 5596 Ordinem
848 5542 1186 5596 Monasticum
1205 5546 1355 5596 etiam
1377 5554 1493 5597 ante
1512 5544 1570 5599 S.
1588 5542 1818 5599 Cassiani

1925 4334 2105 4390 Scotos
2132 4339 2245 4407 jam
2279 4336 2473 4389 dudum
2499 4337 2751 4407 ﬂoruisse.
2781 4334 2847 4391 In
2882 4336 3035 4391 veteri
3068 4339 3201 4392 enim
3224 4338 3500 4394 Scotorum

1922 4429 2163 4485 idioniate
2184 4430 2266 4484 Kil
2295 4431 2535 4485 denotare
2559 4430 2719 4485 ullam
2744 4431 3169 4502 quemadmodum
3211 4444 3258 4486 et
3279 4431 3387 4486 Ros
3421 4432 3499 4486 rel

1922 4520 2058 4576 Ross
2088 4524 2377 4595 signiﬁcare
2406 4525 2803 4594 promontorium
2839 4525 3247 4581 animadvertunt
3277 4528 3501 4597 antiqui-

1922 4618 2040 4669 tatis
2068 4616 2284 4671 Scotica!
2320 4618 2488 4688 periti,
2518 4618 2587 4671 ita
2625 4618 2759 4687 quod
2794 4606 3013 4672 Kil-ros‘
3035 4620 3282 4673 exstiterit
3326 4631 3499 4673 verum

1923 4705 1969 4759 Κ
1977 4708 2255 4761 iledeorum
2285 4711 2711 4775 promontorium,
2740 4726 2953 4779 quorum
2992 4713 3134 4765 cellae
3160 4712 3348 4765 ibidem
3379 4727 3501 4765 con-

1874 4786 1885 4801 ”
1920 4808 2124 4853 structte
2160 4802 2429 4854 altitudine
2473 4804 2659 4863 eximia
2699 4803 2946 4872 reliquam
2972 4804 3236 4873 planitiem
3282 4820 3498 4871 supera-

1921 4902 2121 4957 verunt,
2172 4894 2449 4963 praesertim
2490 4895 2556 4946 ad
2602 4894 2736 4946 latus
2777 4896 2976 4948 boreale.
3026 4896 3251 4950 mstuarii
3300 4896 3496 4964 posite.

1929 4981 2115 5037 Virum
2146 4986 2343 5038 labente
2372 4984 2558 5038 swculo
2588 4988 2799 5055 septima
2828 4988 2921 5041 hoc
2948 4989 3146 5056 insigne
3168 4988 3499 5043 Kiledeorum

1920 5076 2317 5139 monasterium,
2335 5092 2365 5127 a
2391 5074 2548 5129 Danis
2571 5087 2617 5131 et
2646 5076 2694 5129 Ν
2702 5081 2929 5149 arwegis,
2954 5078 3273 5135 Britanniam
3301 5091 3498 5153 septen-

1922 5164 2189 5223 trionalem
2239 5170 2611 5225 devastantibus
2653 5172 2721 5224 ad
2759 5173 2940 5226 incitas
2979 5184 3048 5227 est
3086 5176 3361 5240 redactum,
3407 5191 3499 5227 nec

1920 5271 2036 5314 ante
2064 5277 2253 5314 annum
2280 5261 2415 5315 1217
2445 5264 2673 5333 reparari
2700 5275 2935 5334 creperat.
2962 5267 3022 5318 At
3046 5268 3141 5320 hoc
3165 5270 3339 5322 eodem
3358 5282 3497 5319 anno

1924 5354 2230 5408 Molcolmus
2268 5354 2405 5425 Fifa:
2434 5372 2598 5411 comes
2642 5357 2772 5409 idem
2813 5358 3173 5427 depopulatum
3218 5358 3497 5411 crenobium

1920 5448 2244 5512 restauravit,
2286 5448 2609 5518 amplissimis
2638 5450 2777 5520 agris
2814 5459 2860 5501 et
2890 5449 3035 5503 donis
3067 5449 3405 5516 locupletavit,
3435 5464 3496 5501 ac

1920 5554 2069 5591 sacro
2096 5538 2262 5592 ordini
2284 5538 2599 5593 Cisterciensi
2624 5543 2896 5601 concessit;
2922 5544 3068 5612 cujus
3096 5539 3306 5607 piissimi
3329 5540 3496 5611 inqui-

232 5636 614 5689 institutionum
644 5638 1077 5707 propagationem,
1101 5637 1165 5690 ab
1205 5637 1306 5690 illis
1329 5636 1559 5691 Kiledeis
1581 5638 1682 5691 sive
1706 5638 1816 5693 Kil-
1846 5623 1899 5684 D
1924 5630 2013 5682 lini
2050 5629 2111 5683 S.
2155 5630 2434 5685 Serranum
2474 5634 2593 5687 olim
2634 5634 3005 5687 sanctissimum
3052 5631 3153 5685 loci
3181 5632 3405 5688 abbatem
3445 5638 3495 5689 in

232 5727 352 5782 deis
375 5728 636 5799 (corrupte
671 5745 757 5798 per
787 5729 1040 5798 sequiores
1068 5730 1339 5797 scriptores
1367 5728 1581 5784 Culdeis
1612 5746 1809 5785 nuncu-

307 5867 337 5899 ’
368 5863 448 5922 Ex
479 5864 701 5921 Marian.
735 5865 821 5921 Br.
855 5865 1050 5923 Codice
1080 5866 1327 5935 Regular.
1362 5876 1493 5924 tom.
1524 5865 1587 5926 ll.

1923 5722 2094 5776 divum
2114 5724 2371 5779 tilularem
2390 5735 2735 5796 susceperunt,
2758 5740 2966 5793 eiusque
2986 5740 3182 5779 sacram
3207 5729 3497 5781 memoriam
