4142 6350
575 304 679 387 ses

1850 294 2188 353 AUCTORIS
2230 291 2496 346 INCERTI

3730 287 3837 342 564

578 422 646 475 ad
692 422 823 476 diem
870 422 1084 490 primum
1129 419 1257 471 Julii
1315 420 1577 471 annuatim
1620 417 1829 492 solemni
1880 415 2147 483 festivitate
2178 412 2227 469 Α
2256 409 2475 476 primunt
2496 408 2777 460 introducta
2802 406 2865 459 sit
2890 405 3063 475 regula
3090 402 3149 457 S.
3169 400 3447 467 Benedicti,
3471 411 3619 470 atque
3639 404 3841 470 sequioo

581 512 913 568 celebrabant.
957 512 1019 565 Et
1050 513 1271 581 quidem,
1300 510 1494 563 etiamsi
1521 525 1654 561 anno
1678 507 1779 561 7l7
1810 506 1947 576 apud
1968 506 2148 559 Scotos

580 605 695 659 dem
734 614 1028 675 sumptuosa
1066 604 1288 656 coenobio
1329 601 1665 664 obtinuerint;
1711 608 1954 665 attamen,
2001 595 2153 664 longo

582 704 806 764 tempore
833 695 967 747 hunc
1003 694 1245 746 Ordinem
1282 693 1615 746 monasticam
1652 692 1703 743 in
1745 687 1993 759 aliquibus
2029 685 2156 738 locis

581 795 927 839 conservatum
962 786 1122 855 fuisse
1147 795 1357 838 testatur
1386 794 1528 837 arcta
1567 781 1839 851 disciplina
1878 778 2157 831 monastica

580 893 611 928 a
638 874 808 929 Scotis
832 874 1093 929 monachis
1122 873 1573 942 perGermaniam,
1598 871 1841 935 Galliam,
1868 879 1911 921 et
1930 868 2158 936 Belgium

582 966 843 1019 observata
863 968 1016 1019 etiam
1039 976 1304 1034 postquam
1327 966 1421 1030 illi,
1448 981 1540 1033 pro
1562 964 1804 1032 primaria
1828 963 1936 1014 vitce
1959 975 2153 1021 norma,

582 1058 810 1127 regulam
840 1057 1216 1112 Benedictinam
1252 1065 1604 1125 susceperant,
1641 1053 2065 1124 quemadmodum
2101 1065 2161 1102 ex

583 1150 738 1202 variis
778 1149 901 1203 locis
934 1151 1198 1202 monastici
1232 1148 1423 1203 Scotici
1478 1147 1792 1200 instruimur.
1834 1144 2071 1212 Adeoque
2100 1142 2161 1194 de

586 1241 739 1313 hujus
767 1245 964 1311 antiqui
988 1243 1299 1296 monumenti
1328 1241 1706 1294 authenticitate
1730 1238 1928 1291 nullum
1955 1236 2164 1290 dubium

586 1333 885 1386 intervenire
909 1333 1081 1399 debet,
1116 1350 1248 1399 cum,
1274 1342 1388 1386 ante
1424 1333 1629 1401 fatalem
1652 1331 2071 1383 monasteriorum
2110 1329 2161 1381 in

590 1422 771 1477 Scotia
815 1423 1213 1488 dissolutionem,
1266 1425 1485 1491 plurima
1536 1431 1704 1476 vertero
1746 1412 2165 1475 monumenta'iu

597 1512 929 1569 Kiledeorum
957 1516 1195 1570 coenobiis
1223 1516 1498 1584 prcesertim
1525 1513 1783 1567 Duublani
1812 1522 1859 1566 et
1885 1510 2167 1564 Dunkelda:

588 1606 686 1659 sint
717 1599 1031 1673 conseruata,
1067 1625 1180 1676 qua!
1214 1609 1417 1672 quidem
1448 1608 1548 1661 duo
1579 1608 1881 1659 monasteria
1907 1606 2167 1675 quoddam

2256 500 2395 553 ribus
2424 501 2621 553 sa‘culis
2652 498 2860 567 plurimi
2890 498 3001 550 noui
3027 497 3176 549 erecti
3208 497 3414 548 ordines
3439 496 3706 549 monastici
3739 496 3840 547 ilii-

2260 594 2342 649 Ex
2367 592 2573 645 are/tivo
2594 592 2751 663 igitur
2776 590 3153 643 Duublanensis
3180 588 3438 650 Ecclesire,
3464 588 3598 640 hunc
3619 600 3847 653 prasen-

2262 697 2359 742 tem
2385 686 2629 740 Ordinem
2660 687 2996 739 monasticam
3023 683 3289 751 descripsit
3326 683 3401 734 vir
3428 682 3690 749 religiosus
3718 679 3848 733 Ser-

2260 794 2418 831 vanus
2442 776 2697 829 Thomson
2722 776 2926 840 Scottus,
2957 774 3232 843 monachus
3256 770 3611 826 Benedictinus
3636 771 3686 822 in
3714 770 3850 821 cele—

2262 870 2478 922 berrimo
2528 868 2936 938 Dunfermlensis
2980 866 3204 919 coenobio
3242 855 3532 935 professus,
3579 881 3851 928 secumque

2266 964 2597 1018 Ratisbonam
2632 978 2743 1015 cum
2783 960 2901 1013 aliis
2928 959 3243 1011 documentis
3279 958 3500 1027 antiquis
3528 957 3732 1019 attulit,
3748 959 3852 1025 ﬂo-

2264 1064 2403 1109 rente
2444 1054 2611 1105 adhuc
2641 1053 2780 1123 apud
2815 1050 2994 1105 Scotos
3030 1049 3315 1101 orthodoxa
3348 1058 3393 1100 et
3433 1046 3683 1100 catholica
3720 1046 3851 1099 reli-

2266 1151 2432 1218 gione.
2466 1146 2624 1213 Nam,
2644 1161 2780 1198 anno
2798 1143 2932 1197 15:26
2956 1144 3210 1212 piissimus
3229 1152 3393 1219 noster
3411 1152 3553 1211 pater
3589 1142 3853 1195 Serranus

2267 1255 2382 1294 cum
2413 1236 2528 1291 aliis
2558 1235 2820 1289 monachis
2851 1233 3320 1303 Dunfermlensibus
3350 1232 3410 1284 ab
3442 1234 3633 1300 optimo
3664 1241 3855 1299 patruo

2269 1334 2406 1384 dom.
2435 1328 2636 1383 Joanne
2662 1327 2919 1381 Thomson
2959 1326 3254 1378 monasterii
3285 1321 3346 1376 S.
3371 1322 3550 1375 Jacobi
3578 1323 3855 1376 Scotorum

2274 1422 2564 1475 Ratisboute
2593 1421 2771 1472 abbate
2803 1418 3102 1488 dignissimo
3136 1424 3368 1479 uocatus,
3414 1423 3459 1467 et
3500 1414 3679 1466 ibidem
3714 1416 3859 1478 prior

2273 1513 2617 1568 conuentualis
2639 1512 2959 1574 constitutus,
2985 1509 3266 1578 piissimam
3290 1506 3446 1559 vitam
3470 1504 3638 1567 duxit,
3662 1506 3861 1555 acerri-

2273 1624 2385 1660 mus
2421 1606 2654 1659 arctioris
2692 1603 2979 1670 disciplina:
3016 1599 3305 1653 monastica:
3346 1597 3547 1659 uindex,
3591 1612 3752 1663 usque
3790 1595 3861 1645 ad

588 1699 765 1753 ueteris
793 1700 1073 1768 disciplina:
1096 1701 1358 1770 uestigium
1381 1699 1645 1751 retinuisse
1667 1698 1898 1751 videntur
1925 1713 2081 1766 usque
2102 1700 2170 1749 ad
2274 1714 2465 1752 annum
2490 1696 2643 1759 ιδῃ,
2668 1712 2767 1763 quo
2796 1692 3092 1763 religiosam
3119 1690 3345 1743 animum
3376 1688 3482 1741 Deo
3504 1683 3748 1739 reddidit.

589 1789 827 1842 saeculum
846 1805 937 1855 xtl,
957 1792 1155 1863 quando
1178 1791 1230 1843 in
1250 1791 1514 1843 distinctos
1536 1791 1824 1859 epicopatus
1845 1798 2008 1843 erecta
2027 1800 2163 1843 sunt.

2199 1786 2243 1843 B

1238 2003 1826 2151 ORDO
1922 1997 3203 2149 MONASTICUS

863 2228 983 2319 ΙΝ
1042 2225 1485 2319 VETERI
1560 2221 1852 2304 SCOT

666 2620 934 2683 Serranus
971 2617 1264 2687 discipulus
1305 2617 1363 2673 S.
1388 2615 1634 2682 Palladii,
1674 2616 1816 2672 circa
1846 2631 2043 2671 annum
2073 2618 2177 2672 448

595 2710 874 2767 :rdiftcavit
922 2711 1304 2765 monasterium
1350 2709 1418 2764 de
1442 2708 1664 2773 Culros.
1709 2708 1890 2777 ibique
1930 2722 2175 2770 magnam

595 2805 940 2873 congregavit
985 2802 1368 2859 monachorum
1412 2802 1904 2871 congregationem,
1942 2817 2076 2871 quos
2122 2804 2175 2856 in

596 2894 787 2948 timore
817 2894 910 2947 Dei
945 2900 1001 2949 et
1039 2893 1096 2947 in
1140 2907 1326 2963 magna
1361 2893 1686 2948 continentia
1729 2892 2034 2957 custodivlt,
2084 2894 2173 2963 qui

596 2998 624 3036 a
652 2986 921 3055 communi
950 2985 1100 3051 plebe
1127 2984 1452 3039 vocabantur
1473 2983 1653 3039 Culdei
1685 2985 1799 3039 sive
1823 2982 2050 3048 Colidei,
2080 2984 2175 3040 sed

598 3079 811 3149 proprie
857 3077 1169 3133 dicebantur
1211 3077 1447 3143 Kiledei.
1494 3077 1573 3133 sic
1625 3077 1883 3132 nominati
1933 3077 2000 3130 ab
2050 3078 2178 3146 ipsis

598 3169 767 3235 cellis,
792 3183 921 3240 quas
945 3168 1335 3236 inhabitabant,
1361 3177 1415 3223 et
1446 3170 1556 3226 veri
1589 3167 1835 3224 monachi
1857 3176 2025 3233 erant,
2056 3168 2179 3222 imi-

598 3267 770 3317 tantes
793 3262 1081 3316 monachos
1104 3261 1405 3333 Egyptios,
1438 3270 1493 3316 ct
1521 3262 1753 3317 similem
1785 3262 1893 3317 illis
1921 3261 2177 3317 ducentes

598 3353 782 3409 vitam.
825 3352 955 3409 Nam
991 3354 1253 3423 imprimis
1283 3363 1595 3424 perpetuum
1621 3354 1888 3423 jejunium
1914 3355 2174 3409 observa-

1859 2222 1997 2302 I/E
2070 2218 2833 2303 MONASTERIO
2908 2218 3097 2326 DE'
3140 2215 3604 2298 KIL-ROS

1884 2376 2045 2431 OLIM
2086 2375 2550 2433 OBSERVATUS.

2285 2636 2405 2677 esse
2444 2621 2757 2683 debuerunt,
2792 2635 3106 2690 quocunque
3143 2622 3267 2674 anni
3299 2631 3555 2689 tempore.
3601 2636 3695 2689 per
3726 2621 3867 2675 ιιοιςο

2286 2713 2491 2782 pulsum
2510 2713 2728 2767 excitati
2758 2712 2825 2765 ita
2848 2720 2907 2765 ut
2928 2711 3099 2766 media
3119 2720 3274 2767 nocte
3295 2727 3508 2781 semper
3531 2714 3870 2767 Sitrrexerfnt

2286 2805 2353 2859 ad
2392 2805 2596 2874 vigilias
2637 2813 2929 2860 nocturnas
2974 2804 3319 2873 peragendas.
3363 2803 3493 2869 Quae
3536 2804 3736 2871 vigilia:
3777 2820 3873 2872 per

2291 2897 2527 2965 integras
2577 2905 2683 2950 tres
2727 2895 2885 2949 horas
2927 2882 3208 2959 durabant,
3255 2897 3377 2963 quia
3416 2896 3639 2964 singulis
3677 2897 3872 2961 viginti

2287 2988 2521 3056 pSalmos
2568 2987 2922 3056 deputabunt,
2973 2996 3027 3041 et
3069 2988 3134 3041 ad
3176 2988 3333 3043 finem
3378 2988 3633 3057 cujusque
3676 2989 3872 3056 psalmi

2284 3078 2546 3148 profunde
2568 3094 2708 3148 genu
2740 3078 3043 3141 ﬂectebant,
3070 3094 3190 3133 sese
3220 3080 3272 3133 in
3299 3089 3490 3133 terram
3523 3089 3872 3148 prosternen-

2286 3182 2384 3226 tes.
2429 3171 2670 3238 Expletis
2702 3170 2868 3225 tribus
2898 3171 3093 3239 vigiliis
3125 3172 3425 3236 nocturnis,
3455 3185 3689 3225 consona
3722 3172 3875 3226 vocis

2285 3276 2334 3317 et
2365 3262 2544 3316 cordis
2576 3262 2870 3316 intentione
2896 3276 3085 3315 omnes
3124 3256 3276 3316 exire
3315 3261 3383 3315 de
3411 3262 3644 3315 oratorio
3670 3261 3877 3315 debue-

2283 3362 2437 3416 runt;
2466 3354 2611 3407 solus
2636 3362 2811 3408 autem
2846 3363 2994 3421 pater
3022 3353 3328 3408 monasterii
3352 3362 3610 3408 secretam
3638 3354 3749 3408 Deo
3773 3369 3875 3420 pro

596 3444 745 3511 bant,
775 3447 940 3501 semel
974 3448 1028 3501 in
1060 3446 1148 3502 die
1177 3448 1355 3502 cibum
1383 3457 1678 3515 sumentes,
1707 3456 1761 3503 et
1788 3448 2005 3517 quidem
2040 3457 2176 3502 tem-
2209 3448 2256 3511 C
2288 3457 2429 3501 statu
2453 3444 2712 3501 Ecclesiae
2747 3444 2994 3500 fundebat
3028 3446 3348 3510 orationem,
3381 3445 3503 3499 dum
3532 3445 3722 3515 reliqui
3758 3462 3877 3501 me-

597 3550 727 3605 pore
756 3535 789 3590 lt
815 3538 998 3605 emali,
1033 3538 1414 3608 apparentibus
1442 3539 1617 3594 stellis
1647 3540 1701 3593 in
1733 3541 2089 3604 firmamento,
2124 3542 2178 3594 in

596 3638 783 3684 testate
811 3642 985 3685 autem
1019 3638 1137 3703 post
1166 3646 1415 3699 occasum
1445 3632 1598 3687 solis.
1639 3633 1769 3699 Quae
1795 3632 2014 3688 refectio
2040 3633 2179 3699 apud

597 3722 720 3778 illos
751 3723 1038 3783 vocabatur
1074 3738 1256 3789 Cinna,
1287 3734 1339 3779 et
1372 3726 1423 3778 in
1453 3738 1637 3781 mensa
1676 3740 1780 3778 non
1820 3732 2183 3793 apposuerunt

600 3815 931 3871 diversorum
973 3815 1172 3872 fercula
1220 3832 1505 3886 saporum,
1566 3831 1739 3886 neque
1796 3817 2181 3872 esculentiores

599 3915 804 3975 pastus,
844 3906 938 3962 sed
988 3908 1280 3989 secundum
1331 3909 1727 3965 comedentium
1779 3926 2054 3965 numerum
2104 3919 2183 3964 tot

599 3997 894 4066 pasimacia
936 3998 1107 4069 panis,
1150 4014 1307 4070 atque
1346 4002 1492 4057 olera
1522 4011 1693 4066 cocta,
1726 4003 1819 4057 sed
1852 4002 2023 4057 solum
2070 4004 2181 4058 sale

603 4090 832 4147 condita.
886 4092 1166 4162 Nunquam
1220 4108 1409 4151 carnes
1458 4096 1538 4150 vel
1590 4096 1764 4163 pisces
1806 4095 2176 4161 comederunt,

600 4199 771 4254 neque
806 4199 1018 4240 caseum
1050 4186 1131 4242 vel
1162 4186 1409 4257 butyrum
1436 4187 1788 4255 admiserunt,
1822 4190 1921 4242 nisi
1954 4190 2181 4243 domini—

601 4276 677 4331 cis
704 4284 758 4332 et
788 4276 987 4332 festivis
1015 4278 1227 4347 diebus,
1261 4280 1473 4349 quando
1506 4279 1683 4335 binam
1717 4281 2059 4337 refectionem
2091 4296 2181 4335 su-

602 4356 835 4434 mebant,
856 4369 1061 4425 scilicet
1083 4370 1361 4439 prandium
1385 4379 1439 4426 et
1458 4385 1688 4427 ctenam.
1717 4371 1819 4426 Pro
1844 4384 1965 4440 potu
1990 4389 2180 4442 aquam

604 4455 904 4511 habuerunt
944 4474 1130 4528 puram
1170 4470 1225 4515 ct
1265 4462 1549 4531 aliquando
1597 4464 1813 4518 mixtam
1858 4463 2022 4529 lacte,
2060 4482 2182 4521 nam

604 4548 787 4602 vinum
815 4559 868 4606 et
889 4552 1150 4606 cercvisia
1177 4552 1279 4606 illis
1306 4554 1483 4624 ignota
1514 4566 1684 4611 erant.
1747 4557 1975 4611 lnlirmis
2006 4567 2182 4615 tamen

604 4640 685 4694 vel
714 4649 871 4697 relate
901 4644 1191 4711 provectis,
1217 4646 1298 4699 vel
1329 4647 1486 4701 etiam
1518 4647 1675 4717 longo
1702 4647 1894 4705 itinere
1923 4650 2181 4720 fatigatis,

605 4730 778 4801 aliqua
799 4734 1060 4790 suavioris
1079 4734 1185 4791 cibi
1205 4737 1589 4807 oblectamenta
1613 4738 1893 4807 dabantur,
1916 4758 2181 4812 nunquam

2288 3539 2669 3603 dilationibus,
2706 3538 3175 3608 genuﬂexionibus
3213 3539 3435 3608 aliisque
3476 3540 3576 3608 piis
3620 3540 3878 3609 operibus

2288 3631 2694 3696 incumbebant,
2738 3646 2903 3700 usque
2931 3630 3242 3684 diluculum.
3290 3631 3354 3684 Et
3386 3640 3507 3685 tunc
3538 3631 3662 3685 dato
3691 3635 3876 3701 signo,

2288 3738 2475 3778 omnes
2504 3724 2794 3777 matorium
2817 3722 3093 3787 accedant,
3129 3722 3193 3774 ad
3222 3723 3509 3775 matutinas
3535 3722 3714 3775 laudes
3742 3738 3880 3788 per-

2288 3816 2592 3882 solvendas,
2616 3815 2811 3885 quibus
2834 3816 3019 3879 finitis,
3044 3825 3193 3885 pater
3216 3817 3520 3871 monasterii
3543 3817 3881 3885 quotidianis

2290 3909 2639 3980 lacrymarum
2663 3910 2895 3965 fontibus
2917 3910 3214 3975 exundans,
3239 3911 3550 3964 thuriﬁcatis
3571 3911 3882 3967 orationum

2291 4001 2836 4057 holocaustomatiltus
2862 4000 3108 4075 redoleas
3137 4016 3363 4071 gemma:
3402 4002 3641 4057 caritatis
3678 4003 3882 4059 ardore

2290 4094 2540 4164 flagrans,
2561 4095 2791 4149 debitam
2822 4093 3071 4148 dominici
3104 4096 3346 4163 corporis
3374 4096 3694 4149 oblationem
3722 4098 3879 4165 puris

2289 4186 2537 4243 sacrabat
2557 4186 2821 4251 manibus,
2846 4186 3027 4255 sicque
3054 4186 3119 4239 ad
3146 4186 3442 4254 angelicum
3468 4188 3721 4255 pergebat
3744 4188 3882 4241 allo-

2289 4278 2492 4347 quium.
2521 4277 2720 4347 Synaxi
2743 4278 2909 4340 ﬁnita.
2932 4279 3093 4347 aliqui
3121 4278 3361 4345 frigidam
3387 4281 3633 4347 petebant
3657 4295 3875 4348 aquam,

2292 4369 2344 4423 in
2372 4384 2475 4438 qua
2500 4369 2697 4423 diutius
2727 4369 3006 4435 morando,
3038 4384 3235 4439 corpus
3262 4371 3521 4439 rigabant,
3550 4387 3879 4440 omnemque

2290 4462 2474 4516 carnis
2504 4461 2751 4515 ardorem
2786 4462 3120 4516 domitabant
3153 4479 3165 4515 :
3199 4463 3430 4533 quandin
3461 4473 3637 4517 autem
3671 4466 3722 4518 in
3752 4480 3883 4519 ora-

2296 4555 2433 4608 torio
2463 4564 2704 4619 orarent,
2737 4554 2910 4608 nullus
2941 4555 3194 4621 oscitare,
3226 4556 3401 4609 nullus
3432 4558 3879 4612 sternutationem

2294 4643 2489 4710 facere,
2524 4645 2699 4700 nullus
2735 4644 2957 4699 salivam
2981 4646 3162 4713 jacere
3194 4646 3418 4700 licenter
3453 4647 3693 4700 auderet.

2284 4736 2291 4747 '
2369 4737 2569 4792 Deinde
2611 4752 2800 4793 omnes
2848 4738 2912 4791 ad
2960 4738 3305 4793 laborandum
3348 4740 3489 4793 domi
3536 4740 3615 4793 vel
3666 4739 3770 4793 ruri
3822 4756 3887 4796 se

606 4836 783 4880 tamen
810 4842 1012 4885 carnes
1056 4830 1424 4886 comedebant.
1476 4831 1530 4886 In
1575 4847 1754 4888 mensa
1795 4842 1971 4889 autem
2014 4836 2185 4891 alium
2211 4822 2268 4885 D
2294 4829 2686 4899 prin-parabant,
2713 4829 3436 4897 nt.quotidianodesudantes
3457 4830 3602 4898 Operi
3627 4846 3884 4886 manuum

604 4917 960 4974 observabant
1000 4920 1271 4975 silentium
1313 4922 1508 4978 divina:
1553 4923 1766 4979 lectioni
1806 4938 1857 4979 et
1895 4926 2186 4995 spiritualis

608 5011 770 5074 patris
799 5010 1260 5066 exhortationibus
1285 5014 1501 5079 intenti,
1525 5023 1686 5084 atque
1710 5015 1809 5071 hoc
1832 5017 1990 5070 modo
2016 5017 2185 5072 lassos

604 5108 751 5155 artus
772 5110 1007 5169 accepta:
1027 5116 1195 5157 coenae
1220 5102 1511 5160 refectione
1532 5105 1862 5174 relevabant,
1888 5122 1985 5162 nec
2007 5116 2187 5165 tamen

605 5190 671 5244 ad
711 5191 1041 5258 satietatem;
1084 5193 1245 5249 nimia
1286 5196 1428 5251 enim
1466 5196 1707 5262 satietas,
1736 5199 1979 5266 quamvis
2018 5201 2187 5255 solius

608 5282 781 5351 panis,
808 5282 1070 5337 luxuriam
1091 5285 1281 5354 gignit,
1309 5285 1401 5340 sed
1427 5294 1551 5341 tunc
1575 5302 1668 5355 pro
1690 5288 1879 5355 impari
1900 5303 2187 5358 corporum

605 5372 917 5427 \‘clmlalum
944 5374 1271 5441 conditione,
1291 5376 1516 5447 quisque
1546 5392 1753 5437 umnam
1768 5394 1959 5446 capere
1988 5381 2177 5447 potuit.

677 5464 873 5518 Omnes
920 5466 971 5519 in
1015 5480 1119 5520 uno
1152 5468 1268 5522 loco
1300 5468 1665 5532 dormiebant,
1696 5470 1788 5523 sed
1831 5471 1883 5524 in
1922 5474 2183 5540 separatis

610 5552 971 5622 lectisterniis,
996 5568 1050 5613 et
1079 5561 1295 5629 quidem
1327 5561 1523 5625 vestiti,
1554 5570 1606 5614 ct
1636 5576 1768 5616 zona
1799 5564 2015 5627 pellicea
2050 5580 2186 5633 pra:-

608 5646 789 5709 cinrti,
833 5657 888 5699 nt
931 5651 1287 5720 expergefacti
1334 5652 1560 5707 alacrius
1598 5663 1896 5723 surgerent.
1946 5654 2074 5708 Nam
2116 5658 2181 5711 ad

611 5740 834 5807 primum
875 5740 997 5809 galli
1042 5754 1253 5799 cantum
1298 5747 1349 5800 in
1396 5746 1629 5800 oratorio
1667 5761 1853 5801 omnes
1892 5758 2182 5815 praesentes

2294 4924 2538 4977 laborare
2559 4936 2708 4975 suam
2734 4922 2785 4975 in
2810 4937 3091 4977 commune
3122 4926 3475 4992 transigerent
3499 4926 3680 4991 vitam,
3709 4927 3886 4993 probe

2294 5015 2527 5068 scientes
2549 5012 2689 5081 quod
2717 5028 2907 5068 secura
2929 5014 3076 5081 quies
3097 5023 3152 5068 et
3170 5014 3412 5068 otiositas
3433 5015 3678 5069 vitiorum
3706 5028 3887 5071 mater

2293 5111 2350 5158 et
2382 5103 2553 5157 fomes
2584 5113 2748 5165 esset,
2780 5113 2833 5158 et
2865 5103 2987 5157 ideo
3019 5105 3268 5157 humeros
3299 5119 3424 5157 suos
3459 5104 3655 5159 divinis
3697 5104 3889 5173 fatiga-

2296 5194 2532 5249 tionibus
2583 5193 2972 5258 submiserunt;
3021 5204 3076 5249 et
3128 5195 3437 5263 impensiori
3486 5194 3692 5259 studio,
3742 5198 3887 5263 pede

2299 5302 2565 5357 manuque
2591 5286 2924 5349 laborabant,
2950 5297 3107 5354 atque
3137 5287 3207 5340 ita
3237 5288 3466 5355 propriis
3491 5287 3713 5349 viribus,
3745 5301 3886 5341 cuu-

2298 5391 2382 5433 cta
2432 5379 2857 5448 congregationis
2901 5393 3063 5444 opera
3113 5394 3233 5432 cum
3273 5378 3465 5447 gaudio
3503 5377 3883 5445 expediebant.

2298 5454 2429 5524 Nam
2458 5471 2523 5523 ad
2550 5470 2729 5524 rurale
2754 5485 2887 5539 Opus
2912 5470 3160 5536 accincti,
3182 5469 3364 5538 jngum
3394 5478 3590 5538 ponunt
3617 5469 3882 5536 humeris,

2296 5565 2638 5630 suStossoria,
2660 5578 2962 5631 vangasque
2987 5563 3183 5617 invicto
3205 5562 3422 5616 brachio
3444 5572 3595 5617 terra:
3615 5562 3882 5630 defigunt,

2299 5656 2557 5722 sarculos,
2608 5670 2889 5723 serrasque
2937 5655 3003 5709 ad
3041 5653 3417 5710 succidendum
3459 5653 3662 5707 sanctis
3700 5651 3888 5708 ferunt

2302 5749 2575 5813 manibus,
2620 5750 2905 5818 omniaque
2948 5755 3202 5817 praestant
3254 5746 3467 5817 proprio
3505 5745 3715 5811 labore,
3754 5760 3887 5811 quae
3927 5824 3939 5834 .
