4142 6350
220 418 223 421 _
285 355 391 411 565

1576 350 1757 407 0RDO
1799 346 1976 403 MONA
1988 351 2133 409 STIC
2144 354 2239 411 US.
2313 355 2323 366 ”

3437 369 3539 429 566

283 466 530 522 homines
563 466 746 521 rustici
783 464 979 521 auxilio
1017 465 1173 520 boum
1213 472 1265 521 et
1305 480 1560 535 equorum
1599 468 1856 536 perlicere
1882 469 1937 525 Δ
1962 470 2159 540 aliquid
2184 487 2278 547 pro
2299 474 2633 545 elcemosyna
2657 476 2950 535 concedere
2972 482 3213 550 voluerit,
3234 486 3539 545 immediate

283 559 477 614 solent.
507 558 638 614 Nam
668 559 807 628 apud
834 560 992 628 ipsos,
1026 560 1169 613 nulla
1201 574 1305 613 tera
1333 558 1490 613 boum
1521 568 1573 613 et
1599 572 1853 628 equorum

286 658 379 702 aut
405 648 632 703 aliorum
664 650 970 703 animalium
1004 649 1378 703 inveniebatur
1406 649 1473 702 ad
1499 663 1656 718 agros
1693 663 1857 703 exco-

283 737 491 802 lendos,
517 740 599 792 vel
626 740 975 809 quodcunque
1001 755 1133 809 Opus
1157 739 1536 809 perliciendum
1564 742 1687 809 quia
1710 742 1862 811 quis-

281 843 385 897 que
406 839 523 885 erat
546 830 640 884 bos
661 840 713 885 et
735 845 901 901 equus
926 830 989 885 ad
1014 832 1384 887 laborandum.
1409 831 1564 887 Solus
1589 833 1860 890 seniculus

280 920 446 975 abbas
474 920 654 975 habuit
678 922 975 990 equiculum
1002 921 1068 976 ad
1109 924 1211 978 iter
1240 923 1537 978 faciendum
1582 934 1635 979 et
1662 939 1860 994 paucas

282 1024 473 1083 vaccas
512 1013 720 1065 ratione
760 1012 941 1097 laetis,
974 1014 1129 1067 sicuti
1160 1023 1212 1069 et
1241 1030 1368 1069 oves
1397 1016 1604 1071 ratione
1640 1016 1774 1071 lanae
1807 1026 1861 1072 et

280 1101 439 1170 pellis
480 1102 810 1169 nutriebant,
838 1118 958 1159 nam
985 1119 1171 1160 omnes
1210 1107 1342 1162 alias
1375 1110 1740 1178 possessiones
1778 1124 1861 1164 re-

280 1194 562 1262 spuebant,
602 1204 655 1250 et
696 1196 911 1251 divitias
954 1197 1372 1253 detestabantur.
1418 1200 1641 1267 Quando
1681 1212 1858 1256 autem

281 1298 416 1351 opus
454 1285 631 1341 rurale
658 1286 855 1345 diutius
884 1287 1111 1354 duravit,
1149 1298 1272 1355 tunc
1310 1290 1363 1355 in
1400 1290 1601 1360 campis
1646 1290 1859 1351 solitum

283 1378 609 1447 psalmorum
664 1395 885 1449 pensum
944 1382 1299 1451 peragebant,
1352 1382 1635 1436 observato
1684 1384 1863 1439 debito

282 1480 541 1539 tempore,
576 1486 671 1540 pro
705 1472 929 1541 singulis
960 1472 1107 1533 horis
1148 1474 1451 1539 canonicis,
1482 1474 1548 1528 ad
1591 1474 1691 1530 hoc
1719 1476 1862 1530 enim

285 1561 490 1625 intenti,
516 1574 570 1616 ut
593 1564 816 1633 singulis
835 1566 1023 1629 diebus
1044 1564 1309 1634 integrum
1335 1566 1649 1623 Psalterium
1673 1567 1863 1625 devote

286 1659 591 1709 recitarent.
620 1656 864 1721 Quandiu
890 1668 1064 1712 autem
1095 1659 1426 1725 laborabant,
1458 1661 1655 1714 nullum
1684 1661 1865 1715 audie-

285 1745 441 1800 batur
464 1763 724 1813 murmur,
744 1749 948 1803 nullum
973 1757 1165 1818 praeter
1188 1752 1546 1807 necessarium
1570 1753 1865 1809 habebatur

1962 569 2281 635 pauperibus
2327 568 2740 644 distribuebant,
2790 577 2981 646 quibus
3031 580 3187 634 etiam
3240 582 3538 638 oblationes

1963 660 2200 715 ﬁdelium
2248 676 2662 731 concesserunt;
2714 669 2767 722 in
2817 670 3009 725 vicinia
3053 674 3194 728 enim
3241 674 3540 731 habuerunt

1963 752 2376 822 xenodochium,
2421 759 2509 810 ubi
2560 773 2818 828 pauperes
2858 772 2909 817 et
2953 764 3177 834 debiles,
3225 768 3443 824 claudos
3488 780 3542 825 et

1963 860 2158 909 ramos,
2194 861 2349 902 senes
2387 859 2441 902 et
2480 851 2750 919 orphanos
2788 854 3111 923 nutriebant,
3145 874 3369 929 quorum
3403 877 3537 933 prte-

1964 938 2172 1006 cipuam
2220 954 2398 993 curam
2445 942 2663 1009 gerebat
2712 946 3077 1013 S.Servanus,
3124 950 3310 1006 iisdem
3364 956 3539 1009 omnia

1965 1032 2265 1086 necessaria
2309 1033 2573 1103 praebens,
2619 1036 2822 1108 piisque
2864 1040 3327 1100 exhortationibus
3366 1049 3541 1105 inser-

1964 1136 2135 1178 vrens.
2372 1188 2377 1191 _

2038 1213 2237 1271 Vilibus
2266 1218 2622 1277 induebantur
2644 1225 2899 1292 vestibus,
2927 1228 3158 1284 maxime
3183 1231 3423 1299 pellinis,
3448 1235 3541 1288 sed

1962 1308 2069 1363 albi
2096 1308 2310 1375 coloris,
2335 1321 2393 1367 ut
2423 1316 2662 1371 moribus
2691 1318 2769 1372 sic
2799 1327 2853 1372 et
2879 1320 3115 1375 vestibus
3140 1323 3351 1379 candidi
3380 1339 3542 1393 appa-

1964 1408 2161 1464 rerent,
2194 1401 2416 1458 Habitus
2447 1406 2587 1459 enim
2622 1408 2841 1463 interior
2871 1426 2935 1465 ex
2966 1411 3083 1465 alba
3114 1412 3229 1467 lana
3261 1424 3545 1469 contextus

1967 1490 2033 1545 ad
2071 1507 2242 1563 genua
2285 1495 2662 1563 descendebat,
2696 1499 2893 1571 illoque
2937 1502 3001 1557 ad
3040 1504 3385 1576 laborandum
3429 1515 3547 1563 ute-

1968 1582 2199 1649 bantur,
2253 1599 2375 1639 nam
2424 1586 2591 1642 lineas
2644 1599 2818 1645 vestes
2877 1607 3143 1661 nunquam
3200 1595 3543 1651 adhibebant.

1971 1673 2219 1727 Exterior
2248 1674 2460 1729 habitus
2491 1688 2605 1732 erat
2639 1680 2828 1747 birras,
2857 1682 2945 1747 qui
2972 1692 3025 1735 et
3056 1684 3388 1752 ampltibalus
3416 1686 3547 1741 dici-

1973 1774 2077 1831 tur,
2115 1782 2310 1837 corpus
2340 1769 2494 1822 simul
2528 1779 2581 1824 et
2609 1780 2768 1838 caput
2805 1782 3018 1841 tegens,
3054 1791 3211 1844 quem
3240 1792 3369 1831 zona
3401 1779 3549 1846 pelli-

285 1838 635 1906 colloquium,
667 1839 760 1893 sed
791 1841 1013 1909 quisque
1042 1851 1134 1895 aut
1162 1842 1384 1909 orando,
1423 1854 1514 1899 aut
1541 1856 1685 1900 recle
1722 1846 1865 1918 θοαί·
1894 1828 1943 1888 Β
1971 1872 2064 1913 cea
2096 1859 2513 1927 pra'cinxerunl,
2546 1871 2705 1931 atque
2745 1866 2823 1917 sic
2871 1866 3190 1921 incedebant
3220 1870 3454 1937 quotidie
3484 1871 3548 1924 ad

294 1929 457 1983 tando
488 1931 777 1998 injunctum
812 1932 1094 2001 peragebat
1126 1948 1277 2002 opus.

362 2022 583 2076 Peracto
617 2037 778 2091 opere
805 2024 965 2079 rurali
986 2066 1000 2092 ,
1033 2040 1125 2081 seu
1155 2043 1470 2099 quocunque
1498 2030 1603 2083 alio
1630 2031 1865 2101 injuncto

289 2111 468 2166 labore
494 2113 602 2179 jam
634 2112 802 2179 ﬁnito,
827 2114 890 2185 ad
922 2116 1086 2171 cellas
1117 2120 1357 2188 proprias
1387 2122 1743 2187 revertebant,
1778 2123 1865 2176 ubi

287 2212 374 2253 aut
402 2200 684 2256 scribendo
706 2212 796 2256 aut
821 2205 1023 2259 orando
1055 2215 1217 2261 totam
1249 2209 1315 2262 ad
1340 2225 1614 2279 vesperam
1648 2227 1863 2282 perage-

288 2294 416 2347 bant
445 2294 605 2359 diem,
651 2295 750 2348 nisi
782 2296 993 2364 quando
1038 2307 1245 2368 tempus
1285 2300 1469 2356 aderat
1507 2302 1575 2357 ad
1605 2304 1863 2358 orandum

292 2385 447 2438 horas
478 2385 763 2440 canonicos
798 2386 849 2439 in
881 2389 1136 2442 oratorio.
1184 2388 1415 2459 Vespere
1452 2400 1629 2446 autem
1674 2408 1865 2463 appro-

293 2479 603 2545 pinquante,
626 2492 747 2532 cum
776 2479 912 2534 nolze
940 2482 1122 2549 pulsus
1148 2482 1480 2548 audiebatur,
1505 2487 1729 2555 quisque
1756 2496 1866 2542 stuc

290 2569 433 2621 dium
466 2578 556 2627 aut
587 2569 819 2624 laborem
848 2570 1150 2627 deserebat.
1202 2574 1605 2642 Quamprimum
1636 2576 1781 2641 enim
1811 2578 1866 2639 in

292 2665 507 2719 auribus
530 2665 889 2735 cujuscunque
919 2663 1100 2735 pulsus
1127 2674 1422 2736 resonaret,
1454 2668 1649 2737 scripto
1681 2666 1867 2724 litterae

294 2760 463 2828 apice,
486 2758 569 2811 vel
593 2760 751 2813 etiam
774 2759 991 2815 dimidia
1012 2759 1248 2829 ejusdem
1283 2760 1471 2817 littera:
1501 2761 1685 2832 figura,
1711 2764 1867 2817 citius

293 2858 655 2918 assurgentes,
687 2864 779 2903 sua
814 2851 1066 2906 finiebant
1091 2851 1283 2916 ofﬁcia,
1309 2854 1488 2922 sicque
1515 2869 1632 2907 cum
1654 2854 1866 2908 silentio

294 2953 348 2995 et
385 2944 661 3009 gravitate,
713 2943 828 2997 sine
881 2944 984 2999 ulla
1023 2944 1272 3015 colloquii
1314 2944 1651 3002 fabulositate
1690 2956 1869 3003 orato-

297 3036 433 3089 rium
458 3036 725 3101 petebant.
760 3036 993 3105 Expletis
1023 3038 1343 3107 psalmorum
1365 3040 1608 3108 canticis,
1633 3056 1869 3097 consona

296 3128 477 3184 cordis
506 3138 560 3184 et
590 3131 734 3185 vocis
774 3132 1071 3187 intentione
1107 3133 1329 3203 quisque
1370 3134 1591 3204 privatis
1624 3136 1869 3204 precibus

295 3232 351 3274 et
394 3222 851 3291 genuflexionibus
900 3224 1255 3290 inserviebat,
1305 3226 1647 3296 quoadusque
1698 3226 1869 3281 sidera

296 3314 439 3367 caelo
472 3317 577 3367 visa
617 3312 819 3367 ﬁniturn
851 3315 1154 3371 clauderent
1185 3316 1347 3386 diem,
1382 3318 1431 3372 in
1459 3328 1643 3372 aestate
1670 3328 1867 3383 autem,

297 3406 373 3457 ob
406 3405 575 3458 noctis
604 3404 936 3469 brevitatem,
972 3423 1137 3478 usque
1168 3410 1232 3463 ad
1265 3425 1511 3465 occasum
1540 3411 1689 3465 solis.

375 3498 606 3552 Tandem
646 3499 709 3553 ad
752 3515 986 3555 mensam
1031 3504 1376 3571 conveniunt,
1418 3515 1473 3558 ut
1516 3506 1875 3560 fessosoartus

298 3604 470 3643 omna:
510 3588 796 3644 refectione
833 3592 1178 3658 relevarent,
1230 3594 1313 3649 ubi
1356 3595 1567 3665 quidem
1610 3596 1873 3665 spirituali

302 3681 518 3735 lectitni
552 3682 667 3749 plus
697 3684 1044 3738 attendebant
1072 3701 1228 3754 quam
1260 3688 1498 3741 ciborum
1527 3690 1731 3757 sapori;
1767 3696 1874 3743 tota

192 3834 195 3835 ν
246 3816 277 3837 ,
299 3778 443 3832 enim
467 3776 687 3830 refectio
708 3792 813 3831 non
838 3777 949 3831 aliis
971 3778 1103 3833 cibis
1129 3794 1282 3849 quam
1310 3782 1576 3834 communi
1605 3796 1739 3850 pane
1763 3781 1875 3837 sale

302 3866 535 3923 conditis
562 3870 867 3937 constabat,
908 3870 1091 3939 utjam
1122 3871 1318 3926 dictum
1348 3883 1451 3927 est.
1485 3873 1687 3928 Modice
1718 3875 1875 3944 igitur

305 3958 511 4027 reiecti,
546 3974 664 4015 cum
704 3961 993 4029 gratiarum
1029 3962 1239 4017 actione
1273 3964 1562 4018 oratorium
1603 3965 1874 4033 petebant,

303 4060 360 4107 et
407 4068 498 4121 per
548 4051 707 4107 breve
760 4062 966 4122 tempus
1015 4054 1313 4109 orationem
1356 4054 1709 4120 eﬂundentes,
1752 4058 1876 4112 dato

302 4144 478 4214 signo,
505 4152 558 4198 et
586 4153 797 4212 accepta
828 4145 992 4215 patris
1021 4145 1310 4213 Spiritualis
1337 4145 1729 4213 benedictione,
1756 4149 1877 4203 dor-

303 4237 578 4293 mitorium
600 4237 922 4293 accedebant
950 4252 1153 4305 omnes,
1181 4238 1420 4293 seniores
1445 4255 1593 4310 teque
1618 4255 1679 4295 ac
1701 4241 1880 4309 junio-

224 4318 227 4321 λ
306 4346 416 4399 res,
478 4333 767 4386 secundum
815 4333 1056 4388 ordinem
1110 4334 1465 4398 claustraletn,
1516 4350 1686 4404 neque
1735 4335 1879 4391 vocis

306 4423 606 4476 mussitatio
637 4424 808 4477 audita
834 4434 931 4487 est,
957 4425 1048 4479 sed
1079 4440 1242 4496 usque
1264 4426 1327 4479 ad
1362 4429 1586 4495 primum
1608 4428 1727 4498 galli
1754 4443 1878 4483 can-

1968 1951 2228 2005 orandum
2259 1963 2312 2008 et
2340 1954 2709 2018 laborandum,
2741 1966 2795 2011 et
2821 1957 2983 2011 etiam
3016 1959 3092 2013 sic
3121 1960 3479 2015 dormiebant.

2043 2043 2205 2113 Igitur
2234 2045 2373 2114 apud
2413 2048 2662 2117 antiquos
2694 2048 2816 2103 illos
2846 2050 3137 2115 monachos
3184 2052 3295 2106 sive
3324 2051 3551 2107 Culdeos

1966 2133 2202 2203 fulgebat
2233 2137 2462 2204 Perfecta
2495 2154 2701 2192 morum
2732 2139 2987 2210 probitas,
3014 2141 3134 2196 vitte
3166 2152 3470 2211 paupertas,
3498 2146 3549 2198 in

1966 2224 2187 2293 agendis
2215 2227 2419 2281 actibus
2443 2237 2697 2297 perpetua
2730 2232 3080 2293 continentia,
3109 2246 3268 2303 atque
3298 2234 3360 2287 ad
3386 2237 3552 2304 patris

1966 2316 2260 2383 spiritualis
2277 2318 2555 2387 imperium
2580 2321 2887 2376 indeliciens
2908 2323 3233 2378 obedientia.
3250 2326 3357 2381 Nec
3377 2328 3550 2382 solum

1970 2409 2105 2478 patri
2138 2412 2471 2480 monasterii,
2506 2413 2597 2466 scd
2639 2423 2691 2467 et
2724 2416 3029 2469 senioribus
3059 2418 3128 2471 ab
3168 2419 3282 2486 ipso
3322 2421 3384 2472 ad
3418 2420 3551 2475 invi-

1969 2500 2237 2569 gilandum
2286 2505 2587 2558 constitutis
2634 2507 2851 2560 obedire
2895 2508 3193 2563 debuerunt
3246 2526 3453 2579 omnes,
3499 2524 3553 2567 et

1971 2591 2360 2664 refragantibus
2413 2598 2563 2651 dura:
2616 2598 2980 2655 subdebantur
3042 2602 3387 2670 ptenitentize.
3450 2603 3553 2657 Pro

1970 2685 2215 2755 qualibet
2249 2686 2389 2741 enim
2424 2688 2576 2756 culpa
2619 2689 2779 2743 etiam
2830 2692 3045 2745 minima
3084 2707 3268 2747 severa
3314 2694 3553 2764 injunge-

1972 2774 2129 2830 batur
2152 2792 2326 2844 prena,
2356 2777 2431 2833 sic
2453 2779 2667 2849 quando
2688 2782 2911 2850 quisque
2937 2783 3135 2851 aliquid
3159 2784 3258 2837 sibi
3283 2786 3551 2853 proprium

1971 2868 2266 2922 vindicaret
2286 2879 2339 2922 et
2357 2871 2741 2936 pronuntiaret,
2762 2874 2906 2927 verbi
2929 2874 3120 2942 gratia,
3141 2874 3309 2929 Meum
3337 2876 3553 2942 librtnn,

1971 2968 2099 3024 etc.,
2124 2968 2249 3015 tunc
2276 2970 2471 3016 exutus
2498 2964 2752 3031 vestibus,
2783 2978 2843 3019 se
2872 2978 3005 3033 aqua
3039 2965 3358 3035 immergere
3388 2976 3555 3036 uSque

1972 3051 2038 3105 ad
2084 3052 2283 3107 collum
2330 3053 2534 3119 debuit,
2584 3055 2762 3125 ibique
2809 3055 3013 3111 diutius
3087 3058 3343 3113 morando
3396 3074 3555 3115 omne

1976 3147 2206 3218 propriae
2256 3148 2538 3203 voluntatis
2599 3163 2775 3216 pravzc
2824 3149 3148 3227 desiderium
3193 3153 3547 3222 exstinguere.

1979 3240 2033 3295 Si
2079 3250 2259 3295 autem
2310 3242 2476 3308 patris
2521 3240 2832 3307 spiritualis,
2879 3242 2963 3296 vel
3007 3243 3231 3305 aliorum
3282 3250 3553 3303 seniorum

1973 3333 2121 3403 iussa
2154 3332 2395 3386 hilariter
2431 3341 2483 3386 et
2523 3332 2773 3387 alacriter
2810 3348 2913 3386 non
2954 3334 3344 3403 adimpleverit,
3377 3351 3405 3389 a
3449 3336 3555 3391 fra-

1978 3433 2117 3478 trum
2160 3422 2428 3476 consortio
2470 3432 2801 3491 segregatus,
2832 3440 2965 3494 pane
3002 3435 3053 3479 et
3091 3439 3226 3495 aqua
3263 3428 3440 3483 tandiu
3476 3431 3556 3482 vi-

1977 3530 2102 3569 vere
2126 3515 2332 3581 debuit,
2356 3513 2524 3569 dovnee
2547 3514 2908 3583 resipisceret,
2933 3523 2985 3570 et
3011 3515 3054 3571 si
3072 3516 3314 3570 obstinav
3338 3520 3389 3571 in
3408 3519 3551 3573 diso-

1976 3608 2241 3664 bedientia
2276 3608 2648 3677 permanserit.
2684 3616 2734 3663 et
2771 3608 2977 3677 culpam
3020 3608 3355 3663 commissam
3394 3626 3556 3681 agno-

1977 3715 2127 3757 scere
2150 3702 2403 3765 renucrit,
2428 3702 2675 3771 squalore
2697 3702 2926 3756 carceris
2951 3702 3284 3771 puniebatur.
3310 3703 3412 3757 Pro
3439 3720 3556 3772 par-

1979 3794 2059 3849 vis
2078 3794 2245 3863 culpis
2261 3793 2472 3873 publice
2494 3794 2793 3847 commissis
2814 3808 2993 3847 coram
3018 3804 3123 3847 tota
3148 3796 3557 3864 congregatione

1978 3886 2345 3955 paenitentiam
2380 3886 2611 3956 agebant
2635 3886 2769 3940 diris
2801 3886 3115 3941 verberibus
3142 3889 3401 3957 percussi,
3435 3904 3556 3958 qua:

1979 3978 2182 4047 ﬂagella
2210 3978 2595 4048 ptenitentialia
2625 3978 3053 4032 nominabantur.

2053 4071 2203 4126 Hunc
2240 4085 2485 4140 asperum
2527 4081 2580 4125 et
2616 4071 2806 4126 durum
2848 4072 3062 4126 vivendi
3102 4072 3315 4127 modum
3355 4075 3558 4128 inibant

1982 4164 2183 4219 Kiledci
2212 4165 2323 4218 sive
2351 4164 2597 4217 monachi
2620 4164 2819 4232 antiqui
2840 4162 3190 4217 Culrosenses
3217 4178 3336 4217 cum
3366 4181 3556 4233 magno

1980 4255 2195 4323 gaudio,
2215 4264 2273 4309 ut
2294 4253 2553 4309 violenter
2575 4264 2824 4321 raperent
2844 4268 3064 4321 regnum
3086 4254 3366 4320 cmlorum,
3387 4270 3559 4323 neque

1983 4346 2151 4402 facilis
2180 4346 2248 4403 ad
2285 4344 2616 4401 subeundam
2654 4353 2759 4399 tam
2799 4345 3019 4400 arduam
3052 4346 3357 4400 monasterii
3396 4345 3557 4399 disci-

1983 4438 2182 4509 plinam
2238 4438 2509 4509 ingressus
2544 4436 2963 4503 concedebatur,
2996 4438 3236 4508 quamvis
3286 4437 3435 4491 multi
3489 4438 3555 4492 ad

306 4523 440 4579 lum.
480 4516 711 4583 quietem
753 4517 1052 4573 sumebam-
1099 4517 1271 4589 Atque
1301 4519 1400 4574 hoc
1429 4522 1604 4587 modo.
1639 4536 1733 4591 Per
1763 4522 1874 4576 Sin-
1906 4560 1961 4621 Β
1984 4548 2191 4588 morum
2216 4531 2647 4587 reforntationem
2675 4530 3079 4586 concurrebant.
3103 4529 3233 4584 Nam
3255 4530 3558 4600 quicunque

302 4606 457 4676 gulas
486 4607 609 4661 anni
654 4608 767 4661 dies
795 4617 848 4661 et
877 4618 1058 4664 noctes
1084 4611 1320 4666 Creatori
1361 4628 1457 4666 suo
1495 4613 1876 4679 inserviebam,

305 4698 408 4751 nisi
440 4699 580 4768 quod
612 4713 640 4751 a
672 4707 825 4753 nocte
854 4700 1058 4755 sabbati
1088 4717 1363 4772 quousque
1392 4704 1563 4773 primo
1587 4704 1876 4762 diluculum

303 4792 509 4846 scilicet
540 4792 705 4860 prima
743 4792 847 4847 diei
891 4792 1168 4849 dominicae
1214 4796 1341 4849 liora
1381 4796 1626 4862 eluserit,
1660 4798 1873 4869 vigiliis,

301 4881 661 4947 orationibus,
690 4881 1147 4952 genuﬁexionibus
1176 4900 1295 4941 sese
1322 4887 1696 4955 impenderint,
1725 4903 1880 4944 exce-

246 5037 258 5046 .
299 4986 403 5047 pta
430 4992 530 5031 una
561 4975 689 5031 hora
721 4983 843 5046 post
869 4977 1155 5032 matutinas
1201 4978 1405 5045 laudes,
1433 4981 1645 5049 quando
1672 4996 1789 5035 sese
1813 4982 1878 5037 ad

297 5069 594 5125 scrutanda
638 5070 822 5125 intima
862 5070 1043 5127 cordis
1086 5081 1292 5126 secreta
1337 5074 1724 5141 praeparabant.
1769 5074 1883 5140 Qua

303 5172 549 5233 peracta,
580 5172 634 5217 et
668 5177 791 5225 vere
829 5163 1153 5232 compuncti,
1188 5174 1389 5232 patrem
1433 5165 1760 5233 spiritualem
1792 5181 1883 5220 ac-

300 5266 613 5320 cesserunt,
662 5257 745 5311 cui
792 5256 1141 5327 cogitationes
1182 5271 1305 5313 suas
1354 5260 1715 5328 propalabant,
1769 5260 1887 5317 sine

304 5350 466 5418 cujus
486 5351 639 5420 jussu
667 5352 796 5405 nihil
829 5359 1079 5420 praestare
1104 5359 1408 5422 potuerunt,
1438 5353 1532 5408 sed
1557 5353 1698 5408 illius
1721 5353 1888 5410 licen-

303 5443 439 5495 tiam
473 5444 633 5496 etiam
666 5443 746 5496 vel
776 5443 841 5496 ad
874 5451 1073 5497 naturze
1104 5443 1353 5515 requisita
1384 5444 1744 5517 acquirebant.

386 5532 756 5603 Paupertatem
796 5537 1023 5591 maxime
1051 5537 1348 5603 coluerunt,
1383 5554 1480 5594 nec
1519 5539 1647 5595 alias
1673 5554 1885 5613 posses-

300 5627 492 5681 siones
520 5627 834 5694 habuerunt,
863 5631 961 5683 nisi
990 5646 1120 5699 quas
1142 5634 1366 5700 propriis
1388 5634 1631 5688 manibus
1652 5634 1891 5689 laborare

306 5726 585 5786 poterant.
623 5718 753 5773 llinc
787 5720 926 5773 dona
968 5723 1267 5789 iniquorum
1312 5734 1647 5793 reSptteruot.
1682 5726 1892 5781 divitias

303 5810 735 5871 detestabantur.
768 5814 1027 5869 Sbautem
1053 5816 1241 5886 aliquis
1273 5817 1337 5871 de
1369 5820 1696 5888 magnatibus
1729 5830 1890 5878 terrae

1986 4624 2156 4679 sancti
2182 4624 2433 4695 propositi
2460 4623 2918 4678 conservationem
2947 4622 3286 4688 desideravit,
3313 4622 3557 4676 fratrum-

1987 4735 2091 4791 que
2120 4718 2448 4774 consortium
2479 4716 2685 4771 sincere
2716 4715 3020 4786 postulavit,
3053 4716 3195 4785 prius
3225 4715 3407 4770 decem
3439 4710 3573 4771 die?

1988 4812 2086 4864 bus
2117 4825 2225 4879 pra:
2271 4809 2469 4865 foribus
2511 4808 2849 4874 monasterii,
2887 4807 3034 4878 quasi
3078 4807 3409 4877 reprobatus,
3459 4823 3558 4863 nec

1990 4918 2094 4957 non
2116 4904 2399 4958 verborum
2417 4901 2717 4972 approbriis
2738 4901 3037 4955 confutatus
3059 4915 3335 4956 remanere
3353 4900 3573 4968 debuit}

1990 4994 2185 5063 smpius
2229 4995 2463 5063 pulsans,
2518 4993 2609 5048 sed
2659 4993 2860 5046 nullum
2910 4994 3205 5059 ingressum
3257 4990 3573 5048 inveniens.'

1992 5087 2047 5142 Si
2077 5098 2253 5141 autem
2284 5086 2416 5140 bene
2445 5094 2603 5140 utens
2632 5084 2879 5155 patientia
2908 5086 2972 5140 ad
3003 5086 3265 5141 decimum
3299 5097 3560 5156 perstaret

1991 5178 2154 5243 diem,
2190 5188 2312 5232 tunc
2343 5186 2492 5246 porta
2519 5178 2735 5232 claustri
2776 5178 2872 5232 fuit
2900 5188 3113 5247 aperta,
3147 5190 3196 5233 et
3228 5179 3437 5231 noviter
3479 5179 3558 5229 in-

1992 5272 2237 5341 grediens
2266 5270 2463 5326 seniori
2493 5271 2556 5324 ad
2587 5280 2790 5340 portam
2832 5273 3124 5327 constituto
3166 5271 3427 5325 inservire
3470 5270 3561 5322 de-

1994 5364 2125 5427 buit,
2160 5364 2338 5432 ibique
2366 5378 2459 5432 per
2486 5363 2709 5418 multum
2763 5364 3014 5433 temporis
3043 5362 3327 5425 desudans,
3355 5362 3562 5414 multis.

1993 5469 2095 5524 que
2123 5455 2285 5509 animi
2323 5453 2734 5509 adversitatibus
2775 5455 3048 5522 probatus,
3089 5452 3297 5505 tandem
3338 5450 3562 5503 fratrum

1995 5546 2299 5603 merebatur
2318 5546 2449 5602 inire
2468 5546 2810 5601 consortium.
2829 5545 3136 5611 Quicunque
3156 5543 3314 5597 etiam
3338 5539 3562 5596 fratrum

1995 5639 2453 5694 conversationem
2496 5639 2760 5707 cupiebat,
2794 5637 2939 5705 prius
2954 5648 3177 5701 .omncm
3210 5633 3563 5689 substantiam

1997 5731 2316 5802 pauperibus
2352 5730 2673 5787 distribuere
2707 5728 2917 5791 debuit,
2951 5743 3070 5783 nam
3113 5727 3242 5783 nihil
3280 5729 3347 5784 ab
3386 5744 3468 5793 eo,
3500 5744 3566 5785 ne

1998 5825 2212 5892 quidem
2244 5824 2328 5880 vel
2365 5837 2530 5879 unum
2565 5830 2621 5879 ut
2659 5822 2734 5876 ita
2768 5819 2940 5877 dicam
2972 5822 3281 5885 denarium,
3329 5823 3380 5876 in
3414 5834 3564 5878 usum

3576 3985 3583 4009 l
