4142 6350
585 407 686 463 567
1384 430 1392 440 -
1983 399 2426 458 PRUDENTIUS.
3738 405 3845 462 563

585 543 899 598 monasterii
933 542 1175 610 accipere
1204 538 1366 592 voluit
1405 537 1697 607 spiritualis
1731 545 1898 606 pater,
1928 536 2020 590 sed
2063 552 2160 589 nu-
2187 521 2221 580 Α

2210 521 2234 579 l
2267 521 2525 584 laborem,
2557 528 2649 573 aut
2680 518 2950 588 religionis
2978 517 3216 574 habitum
3254 526 3543 588 apportans
3585 520 3636 573 vi
3664 530 3846 574 estor-

499 615 504 622 ’
583 636 682 689 dus
733 634 895 688 veluti
933 648 964 687 e
1000 631 1276 701 naufragio
1324 629 1558 686 evadcns
1604 629 1656 684 in
1695 627 2135 696 congregationen

2269 628 2492 689 queret,
2523 630 2642 686 quae
2671 615 2996 671 monasterio
3038 613 3270 682 reliquit,
3304 622 3356 669 et
3384 612 3604 668 fratrum
3637 615 3848 682 patien-

582 733 828 794 receptus
861 733 961 789 est,
991 739 1111 778 nam
1152 731 1207 777 et
1235 725 1548 777 vestimenta
1592 721 1867 775 s:ecularia
1914 731 2037 776 ante
2080 721 2161 775 in-
2270 713 2396 767 liam
2425 719 2786 766 commoveret
2817 711 2866 763 in
2899 709 3052 762 iram.
3081 707 3206 762 Haec
3233 706 3447 775 aliaque
3475 707 3624 776 plura
3651 719 3846 774 aspera

580 830 821 883 gressum
867 814 1135 884 deponere
1183 823 1236 866 et
1277 813 1597 882 pauperibus
1627 811 1754 866 dare
1783 810 1984 864 debuit.
2038 810 2163 865 llzcc
2270 803 2484 874 quidem
2517 811 2571 857 et
2597 803 2727 856 dura
2759 801 3080 856 exercebant
3107 799 3313 867 antiqui
3345 797 3419 851 illi
3450 796 3679 860 Kiledei,
3711 812 3851 866 quo-

581 915 758 956 autem
790 904 966 957 omnia
998 903 1120 957 ideo
1150 913 1404 972 praestare
1435 900 1772 971 obligabatur
1800 913 1969 954 novus
2011 913 2185 964 rece-,
2270 911 2387 950 rum
2419 895 2715 964 disciplinae
2749 894 2999 961 rigorem,
3040 890 3280 960 quamvis
3305 890 3370 944 ad
3408 888 3720 944 imitandqu
3751 905 3851 941 ne-

581 1005 722 1061 ptus,
765 1002 821 1048 ut
864 995 936 1047 ibi
975 993 1323 1066 voluntariam
1368 993 1626 1062 deligeret
1675 997 2064 1061 paupertatem,
2107 997 2162 1043 et
2270 986 2546 1053 cessarize,
2608 985 2876 1053 proposita
2932 981 3248 1075 compendii
3289 981 3519 1075 brevitas
3571 989 3715 1075 vetat
3745 995 3849 1075 nos

581 1101 912 1153 Nequaquam
947 1085 1085 1138 inter
1109 1084 1306 1138 tratres
1332 1084 1600 1138 excellens
1635 1097 1754 1136 sese
1793 1081 2048 1146 elevaret,
2075 1079 2160 1134 vel
2271 1092 2556 1148 exponere.
2599 1075 2703 1132 Sed
2734 1074 3012 1144 Egyptios
3043 1070 3334 1126 monachos
3365 1072 3414 1125 in
3445 1072 3692 1126 omnibus
3722 1070 3848 1124 imi-

584 1192 678 1226 :ua
708 1177 960 1230 sutl'ultus
988 1176 1283 1230 substantia
1312 1175 1570 1244 aequalem
1595 1173 1848 1228 fratribus
1877 1188 1979 1227 non
2006 1173 2165 1226 iniret
2272 1169 2364 1224 tati
2399 1177 2542 1234 sunt,
2576 1167 2909 1234 similemque
2935 1167 3012 1220 eis
3043 1164 3312 1219 duxerunt
3339 1161 3520 1217 vitam.

3168 1335 3802 1354 ——————~'——W.._..
3291 1345 3542 1353 ...η-η-.-
3566 1345 3582 1350 ..
3643 1345 3680 1349 _-
3699 1343 3770 1350 ο--

1759 1314 2324 1328 μ--ι-σ-

1545 1321 1710 1331 Η

1085 1323 1418 1332 Μο-

617 1327 624 1330 ,
647 1325 698 1329 .-.
709 1323 1423 1332 ___-__a__,_,_.__..___,.

945 1325 1084 1332 .—

2139 1355 2518 1364 ________—————

941 1365 945 1368 .
971 1363 974 1366 -
1003 1365 1018 1368 -
1033 1360 1214 1370 -μος-
1232 1363 1308 1370 -..Α-.
1323 1363 1510 1370 --_..-——-..
1565 1366 1572 1368 _
1667 1365 1670 1367 -
1705 1364 1710 1366 -
1731 1363 1748 1368 -.
1805 1362 1872 1367 __.
1893 1360 2136 1366 .__.--._.._—.

1147 1310 3204 1790 sum

874 2019 3550 2392 AUBEL.U£§ERENTIUS.

1844 2320 2005 2375 Juxta
2033 2320 2325 2375 editionem
2359 2318 2616 2386 Arevali.)

1475 2561 2074 2736 @p’tstala
2144 2553 2971 2722 ⁸ὶτιιεῠίίξηιηὶεῖ.

936 2802 1311 2865 Beatissimo
1342 2805 1504 2881 patri
1544 2811 1604 2862 et
1636 2803 1706 2862 D.
1739 2803 1812 2862 N.
1849 2804 1959 2862 Pro
1993 2805 2202 2862 Semo
2241 2817 2428 2879 papas
2451 2799 2730 2858 maximo
2760 2797 3112 2857 Faus'rmus
3149 2797 3507 2856 Anuvsws.

671 2941 1049 3003 Christianae
1079 2962 1329 3021 poeseos
1364 2953 1774 3012 monumenta,
1809 2943 2104 3014 omnium,
2137 2960 2271 3021 qua:
2294 2940 2474 3000 modo
2511 2948 2781 3009 exstant,
2819 2945 2924 2998 aut
2963 2937 3567 3015 exstitisseunquam
3599 2935 3855 3012 scimus,

590 3044 1129 3118 prestantissima.
1163 3044 1260 3103 Μ.
1299 3039 1541 3106 Aurelii
1570 3043 1904 3104 Prudentii
1939 3043 2260 3114 Carmina,
2295 3060 2477 3121 quam
2512 3039 2976 3118 diligentissime
3006 3039 3142 3116 fieri
3183 3036 3418 3116 potuit,
3444 3039 3768 3116 recognita
3795 3045 3860 3097 et

592 3152 871 3204 correcta
915 3142 1041 3206 luci
1073 3144 1336 3223 publica:
1377 3144 1668 3205 mandare
1708 3145 2038 3216 constitui,
2086 3143 2350 3214 nomini,
2403 3141 2827 3222 majestatique
2870 3151 3012 3217 tute,
3050 3141 3160 3202 Pie
3203 3141 3500 3219 Ponti/ea:
3527 3141 3851 3210 ‘Maxime,

590 3253 974 3308 consecrata.
1008 3246 1251 3323 Patere,
1301 3245 1734 3308 humanissime
1772 3247 2075 3325 Princeps
2105 3291 2119 3318 ,
2157 3253 2230 3306 ut
2269 3263 2396 3306 non
2439 3245 2617 3306 modo
2651 3246 2730 3306 ad
2761 3245 2987 3308 solium.
3018 3244 3187 3304 istud
3223 3253 3394 3304 tuum
3429 3253 3483 3305 et
3515 3244 3597 3305 ad
3625 3243 3854 3323 pedum

587 3346 797 3405 oscula
835 3344 1149 3406 beatorum
1184 3348 1500 3420 demissus,
1539 3358 1604 3408 ut
1639 3365 1758 3428 par
1787 3356 1896 3418 est,
1929 3367 2000 3406 ac
2026 3347 2493 3408 uenerabundus
2519 3347 2822 3416 accedam,
2857 3366 3066 3408 verum
3097 3349 3274 3409 etiam
3300 3356 3366 3419 ut
3401 3353 3459 3407 et
3492 3346 3677 3410 libere
3699 3365 3856 3427 pro-

585 3452 787 3525 ﬁtear,
822 3469 1043 3510 munus
1076 3451 1215 3527 hoc,
1247 3453 1411 3530 quod
1457 3451 1570 3513 tibi
1602 3452 1821 3530 o/fero,
1853 3469 1982 3510 non
2012 3451 2250 3512 nullius
2287 3469 2409 3511 esse
2441 3452 2657 3536 pretii,
2687 3459 2741 3511 et
2772 3450 3122 3531 cujusmodi
3152 3451 3265 3510 hoc
3293 3451 3372 3512 sit
3407 3450 3696 3544 pretium,
3727 3469 3855 3528 pa-

584 3545 704 3605 lam
739 3548 1082 3607 edisseram.
1120 3549 1274 3609 Etsi
1309 3549 1463 3611 enim
1497 3556 1582 3609 tot
1614 3551 1960 3621 sustineas,
1993 3567 2068 3611 ac
2097 3553 2274 3611 tanta
2310 3551 2562 3628 negotia
2586 3549 2760 3609 solus
2791 3548 2980 3627 (quod
3008 3549 3514 3610 verissimeetiam
3543 3548 3616 3608 de
3638 3556 3694 3610 te
3719 3548 3856 3610 dici

579 3649 834 3726 potest),
868 3649 932 3708 in
961 3648 1259 3709 Ecclesiae
1284 3650 1603 3710 catholica:
1633 3648 2140 3726 gubernationem
2177 3651 2491 3728 singulari
2529 3638 2738 3710 studio
2770 3657 2825 3709 et
2853 3649 3159 3726 sapientia
3187 3649 3542 3725 incumbas,
3571 3651 3855 3728 populo-

579 3765 717 3806 rum
761 3748 873 3810 tibi
899 3749 1295 3810 subditorum
1325 3747 1995 3826 felicitatiincredibili
2021 3750 2363 3826 vigilantia
2389 3758 2443 3809 et
2477 3748 2877 3827 providentia
2909 3749 3302 3827 prospicias:
3340 3741 3538 3808 tamen
3567 3750 3632 3809 in
3669 3757 3856 3809 tanta
3905 3805 3916 3814 ,

581 3861 788 3904 rerum
832 3846 988 3906 mole
1022 3846 1172 3907 adeo
1225 3865 1371 3926 erga
1400 3847 1638 3908 litteras
1668 3865 1738 3908 ac
1783 3847 1972 3908 bonas
2002 3857 2166 3908 artes
2199 3849 2458 3928 affectus
2490 3867 2582 3923 es,
2619 3857 2686 3908 ut
2721 3849 2834 3909 hac
2875 3849 3055 3908 etiam
3092 3849 3155 3908 in
3180 3855 3362 3926 parte
3388 3847 3684 3926 praelara
3731 3855 3852 3908 tua

581 3946 799 4006 merita
841 3966 971 4007 una
1001 3949 1274 4009 omnium
1303 3969 1445 4009 voce
1473 3959 1527 4010 et
1557 3950 2000 4028 praedicatione
2037 3950 2422 4011 celebrentur
2447 3973 2468 4020 ;
2517 3969 2710 4030 neque
2739 3951 2871 4011 ulla
2906 3959 3196 4030 unquam,
3227 3951 3521 4028 quamdiu
3551 3969 3695 4011 suus
3727 3949 3857 4010 lit—

585 4045 736 4105 teris
767 4055 821 4105 et
851 4046 1231 4109 humanitati
1254 4049 1444 4110 stabit
1474 4050 1695 4124 Itonos,
1727 4043 1951 4110 tacebit
1981 4051 2340 4128 posteritas.
2377 4051 2560 4125 Quod
2593 4051 2749 4110 enim
2779 4066 3049 4109 muscum
3081 4048 3642 4127 splendidissimum
3679 4052 3857 4109 omni

580 4144 929 4206 illustrium
956 4157 1489 4209 monumentorum
1519 4165 1732 4226 genere
1757 4149 1837 4209 ad
1864 4149 2260 4227 prementium
2295 4159 2346 4208 et
2377 4155 2772 4226 posterorum
2809 4148 2936 4208 sive
2973 4147 3474 4224 admirationem,
3508 4149 3634 4209 sive
3663 4149 3853 4209 etiam

577 4247 878 4312 invidiam
912 4253 1329 4322 instruxeris;
1359 4252 1527 4330 quod
1551 4253 1823 4331 plurima
1853 4272 1922 4312 uc
1952 4251 2224 4312 mamima
2259 4249 2545 4330 beneﬁcia
2585 4251 2651 4312 in
2689 4249 2954 4326 litteras,
2986 4251 3050 4310 in
3075 4249 3383 4311 litteratos
3426 4249 3622 4326 viros,
3647 4252 3718 4313 in
3743 4267 3854 4309 ar-

580 4356 666 4406 tes
689 4361 956 4426 cwteras,
984 4373 1114 4441 qute
1142 4375 1178 4414 a
1202 4354 1575 4415 liberalitate
1597 4373 1817 4415 nomen
1833 4353 2078 4430 habent,
2109 4353 2591 4414 cumulatissime
2621 4352 3002 4420 contuleris:
3031 4353 3196 4432 quod
3224 4350 3651 4414 bibliothecam
3677 4361 3851 4411 tuam

580 4449 747 4506 omni
772 4450 1076 4512 librorum
1103 4454 1284 4531 copia
1309 4462 1364 4513 et
1393 4453 1630 4514 delectu
1663 4453 1729 4512 in
1753 4454 1976 4532 primis
2012 4454 2408 4530 conspicuam
2435 4451 2804 4524 reddideris,
2831 4451 3175 4511 raticanam
3205 4468 3346 4510 vero
3371 4450 3612 4529 magnis
3646 4468 3852 4511 acceso

580 4547 860 4607 sionibus
896 4551 1371 4628 locupletaveris
1397 4572 1416 4619 ;
1450 4552 1617 4630 quod
1647 4551 1888 4612 assidue
1918 4551 1989 4611 de
2015 4553 2248 4612 litteris
2283 4551 2472 4631 deque
2503 4551 2874 4629 optimarum
2899 4551 3130 4610 artium
3156 4549 3383 4610 studiis
3410 4551 3680 4612 maxima
3709 4569 3852 4611 cum

578 4649 776 4710 animi
805 4651 1144 4729 voluptate,
1175 4653 1387 4712 limata
1421 4653 1758 4732 subtilique
1779 4654 2020 4733 judicio
2052 4655 2317 4717 disseras
2352 4675 2370 4716 :
2404 4655 2524 4716 haec
2555 4654 2800 4734 aliaque
2819 4655 3004 4734 huius
3032 4653 3200 4715 modi
3223 4653 3622 4716 vehementem
3652 4665 3712 4715 et
3744 4673 3853 4715 ac-

579 4764 820 4805 censum
851 4751 1171 4827 exquisitis
1205 4751 1508 4813 doctrina:
1544 4771 1808 4813 amorem
1854 4773 1990 4815 cum
2026 4754 2318 4816 doctrina
2357 4758 2491 4832 ipsa
2523 4756 2927 4834 conjunctum
2975 4755 3127 4816 satis
3165 4754 3510 4816 declarant.
3543 4755 3696 4817 Cum
3724 4776 3853 4817 au-

577 4855 695 4903 tem
734 4863 937 4906 rerum
979 4849 1531 4911 ecclesiasticarum
1565 4854 1843 4930 cognitio
1878 4857 2113 4915 creteris
2145 4854 2262 4916 tibi
2289 4855 2572 4916 sanctior
2599 4863 2658 4915 et
2685 4856 3012 4934 antiquior
3038 4857 3148 4938 sit,
3175 4855 3347 4935 quod
3377 4855 3474 4916 his
3507 4856 3736 4918 studiis
3770 4859 3852 4918 ab

576 4943 993 5007 adolescentia
1027 4949 1400 5022 innutritus,
1434 4971 1666 5011 summa
1693 4972 1770 5012 ea:
1801 4970 2010 5013 eorum
2048 4957 2423 5016 tractatione
2450 4955 2690 5016 laudem
2717 4957 2913 5033 fueris
2946 4964 3283 5028 assecutus,
3318 4956 3433 5018 hac
3453 4957 3852 5034 potissimum
3915 5017 3924 5026 _

579 5047 650 5103 (le
690 5065 874 5107 causa
897 5067 1118 5109 novam
1149 5051 1306 5112 hanc
1335 5053 1669 5114 Prudentii
1697 5055 2026 5114 editionem
2062 5057 2179 5117 tibi
2204 5075 2331 5116 non
2358 5057 2555 5118 solum
2565 5057 2936 5135 jucundam,
2958 5059 3064 5120 sed
3089 5060 3272 5122 etiam
3286 5069 3538 5138 gratam
3562 5049 3854 5139 futuram

578 5161 700 5202 esse
733 5144 1002 5221 conﬁdo.
1045 5147 1122 5207 Ut
1157 5150 1313 5207 enim
1347 5149 1629 5210 Ecclesia
1656 5153 1809 5210 Jesu
1838 5151 2096 5224 Christi,
2143 5155 2320 5232 cujus
2351 5163 2418 5214 tu
2447 5155 2629 5229 vices,
2663 5155 2835 5216 bonis
2869 5157 3151 5218 omnibus
3183 5159 3646 5238 plaudentibus,
3682 5162 3855 5238 geris

575 5241 644 5298 in
698 5243 910 5316 terris,
947 5242 1242 5305 adversus
1289 5245 1604 5308 htereticos
1651 5249 1989 5328 impiosque
2017 5249 2204 5328 hujus
2249 5253 2451 5314 relatis
2496 5253 2769 5315 homines
2817 5256 3206 5336 defendatur,
3259 5263 3485 5339 optime
3517 5261 3852 5340 intelligis,

577 5339 884 5440 Pontifex
916 5342 1392 5440 sapientissime,
1441 5354 1753 5405 auctorem
1799 5349 2230 5425 gravissimum
2275 5369 2394 5412 esse
2441 5353 2881 5417 Prudentium.
2923 5357 3168 5437 Quippe
3201 5361 3254 5421 is
3275 5363 3568 5440 profanis
3613 5361 3853 5424 litteris

572 5436 846 5510 apprime
897 5438 1201 5510 eruditus,
1251 5442 1488 5518 forensi
1525 5443 1881 5520 eloquentia
1927 5449 2340 5519 exercitatus,
2375 5452 2663 5513 maximis
2689 5436 3142 5518 honoribusin
3189 5436 3465 5521 Romana
3525 5460 3852 5540 republica

572 5536 966 5615 per/unctus,
999 5541 1467 5601 amoenissimum
1507 5543 1822 5634 ingenium
1848 5545 2199 5625 leporesque
2226 5550 2505 5626 poeticos
2530 5552 2611 5614 ad
2637 5554 2784 5633 ﬁdei
2816 5555 3168 5619 christiana:
3195 5578 3438 5620 causam
3465 5536 3849 5639 ornandam,

655 5671 1058 5767 r.!l1_lECft3rip
1082 5692 1445 5767 eosauctorcs
1475 5683 1853 5767 collocavimus
1881 5685 1969 5765 qui
1999 5685 2334 5767 solummodo
2357 5689 2438 5767 vel
2469 5691 2740 5760 prtecipue
2762 5707 3012 5750 sermone
3037 5697 3262 5751 metrici)
3285 5699 3634 5767 scripserunt,
3660 5709 3715 5754 et
3739 5700 3850 5754 sub

885 5751 1140 5844 statim:
1169 5754 1700 5844 titulumque-nunc
1733 5751 1936 5844 Eli-ign“
1969 5771 2030 5808 ac
2057 5758 2174 5844 poti
2214 5751 2661 5844 sunt..Caeter_um
2695 5764 2777 5844 bis
2819 5779 3107 5844 acc_enser_e
3140 5784 3233 5844 per
3266 5751 3362 5844 nos
3392 5751 3762 5844 licetibv'itiimi
3783 5751 3850 5824 et

580 5812 850 5871 Sidi-nium
884 5815 939 5872 in
963 5818 1065 5875 hoc
1092 5833 1142 5876 et
1167 5812 1485 5892 prmceden'ti
1517 5834 1661 5879 tome
1684 5812 1874 5893 editos,
1901 5841 2032 5898 quos
2056 5827 2192 5884 forte
2222 5845 2326 5884 non
2355 5812 3221 5909 accubantum;
