4142 6350
383 439 485 494 563
1631 435 1962 492 EPISTULA
2004 430 2451 487 DEDICATORIA
2463 470 2474 482 .
3465 439 3478 448 "
3531 427 3633 481 570

382 556 842 631 illustrandum,
880 553 1166 614 tuendam
1223 552 1576 633 felicissime
1622 550 1950 612 convertit.
1986 548 2202 624 Atque,
2237 553 2303 604 ut
2337 545 2462 604 alia
2502 528 2859 622 praeteream
2895 541 3103 621 (nihil
3155 542 3310 631 enim
3348 537 3636 602 Pruden-

387 661 508 720 tius
533 659 601 718 in
643 657 735 718 his
765 653 991 716 studiis
1020 653 1450 715 ecclesiasticis
1475 653 1850 714 intentatum
1894 648 2148 726 reliquit
2175 645 2221 725 ).
2251 646 2510 706 multum
2555 644 2661 706 ille
2705 645 2976 706 contulit
3006 643 3087 705 ad
3131 641 3442 705 sublimem
3481 640 3639 701 hanc

382 761 746 838 gravitatem
773 767 831 819 et
861 757 1248 833 dignitatem,
1271 775 1404 845 quae
1430 757 1498 816 in
1521 755 1814 816 Ecclesiae
1833 751 2119 833 precibus
2147 750 2506 828 hymnisque
2527 751 2652 809 Deo
2680 749 3077 810 concinendis
3106 748 3320 822 elucet,
3344 756 3398 808 et
3422 748 3490 808 in
3519 764 3641 826 qua

383 866 474 926 tu,
507 858 617 918 Pie
663 857 984 934 Pontifex,
1023 872 1402 933 summopere
1433 853 1778 915 delectaris.
1833 855 2136 913 Praeterea
2181 849 2588 928 antiquitates
2641 848 3025 911 Christianas
3053 849 3320 910 maxima
3351 867 3427 910 ex
3466 854 3645 927 parte

265 953 286 961 ⁷
385 957 739 1035 complexus
769 965 853 1016 est
880 977 898 1021 :
929 955 1034 1014 sed
1069 955 1210 1014 illas
1238 955 1400 1016 ritus
1430 953 1791 1014 accuratius
1826 950 2181 1028 descripsit,
2215 950 2324 1028 qui
2354 967 2523 1008 nunc
2556 948 2623 1007 in
2651 949 3057 1027 quorumdam
3084 950 3398 1011 hominum
3423 966 3646 1028 repre-

382 1052 729 1116 hensionem
756 1055 1131 1121 incurrunt;
1168 1070 1240 1112 ac
1275 1051 1646 1113 nominatim
1680 1051 2040 1127 religiosum
2070 1050 2331 1120 cultum,
2367 1065 2486 1127 qua
2519 1055 2766 1108 sanctos
2804 1049 3030 1109 caelites
3060 1052 3342 1112 venerari
3376 1057 3647 1128 oportet,

383 1169 495 1211 suo
532 1152 667 1230 ipso
700 1149 978 1229 exemplo
1009 1149 1355 1210 luculenter
1382 1149 1851 1218 demonstravit,
1882 1147 2029 1207 dum
2077 1157 2281 1208 tenero
2308 1147 2564 1226 pietatis
2607 1146 2866 1225 affectu,
2900 1165 3073 1226 quem
3119 1149 3270 1210 trita
3317 1149 3484 1227 apud
3531 1169 3652 1210 nos

385 1251 685 1313 vocabulo
719 1253 1114 1313 devotionem
1146 1251 1553 1330 appellamus,
1584 1258 1821 1309 stratus
1842 1249 2014 1309 humi
2039 1248 2119 1309 ad
2145 1256 2492 1330 martyrum
2513 1247 2822 1326 sepulcra,
2848 1247 3154 1325 lacrgmas
3179 1247 3482 1308 uberrime
3505 1249 3652 1325 fun-

385 1349 562 1421 dens,
607 1351 818 1412 oscula
865 1345 1272 1410 marmoribus
1323 1352 1512 1427 ﬁgens
1538 1394 1552 1418 ,
1595 1349 1965 1427 tumulisque
2007 1347 2154 1408 adeo
2211 1355 2384 1409 arcte
2422 1347 2721 1408 inhaerens
2747 1391 2762 1419 ,
2810 1354 2878 1406 ut
2920 1347 3084 1407 altar
3118 1352 3468 1424 tepesceret
3503 1365 3647 1418 ore,

388 1465 620 1512 saxum
654 1457 930 1528 pectore,
958 1468 1054 1509 eos
1081 1449 1274 1511 animi
1295 1467 1506 1509 sensus
1529 1448 1983 1527 experiebatur,
2004 1467 2158 1528 quos
2191 1448 2305 1510 tibi
2313 1493 2327 1520 ,
2352 1449 2463 1509 Pie
2495 1449 2814 1529 Pontifex,
2841 1467 2975 1509 cum
3003 1449 3350 1511 Prudentia
3382 1469 3652 1511 commu-

389 1571 494 1612 nes
539 1570 682 1622 esse,
716 1549 917 1611 omnes
952 1551 1261 1610 novimus.
1297 1551 1558 1610 Constat
1585 1552 1770 1623 enim,
1805 1559 2039 1629 quanta
2070 1551 2427 1611 constantia
2475 1550 2899 1628 hujuscemodi
2927 1553 3183 1630 pietatis
3223 1554 3432 1632 officia
3481 1572 3657 1614 exse-

392 1654 632 1734 quaris,
693 1670 874 1733 quam
931 1650 1228 1728 religiosa
1282 1659 1479 1710 mente
1533 1650 1864 1729 habituque
1927 1651 2058 1711 oris
2114 1669 2185 1712 ac
2247 1650 2530 1728 corporis
2592 1650 2939 1727 gloriosum
2994 1653 3073 1712 B.
3123 1654 3299 1714 Petri
3351 1653 3660 1732 principis

391 1753 816 1832 apostolorum
840 1751 1189 1828 sepulcrum
1213 1749 1414 1822 adire,
1431 1750 1676 1828 ejusque
1695 1749 2097 1810 venerabilem
2115 1748 2442 1824 imaginem
2463 1748 2740 1828 quotidie
2761 1751 2945 1827 ferme
2966 1750 3251 1811 venerari
3288 1757 3340 1809 et
3386 1750 3662 1810 osculari

397 1851 483 1910 sis
510 1849 755 1910 solitus.
788 1846 1099 1908 Graviora
1134 1862 1276 1904 vero
1308 1853 1453 1904 sunt
1485 1845 1623 1919 illa,
1651 1845 1818 1923 quod
1849 1845 2232 1906 Prudentius
2254 1863 2368 1923 pro
2399 1845 2722 1907 altissimis
2747 1848 3076 1924 religionis
3103 1857 3334 1909 nostrx
3356 1850 3664 1924 mysteriis

395 1959 617 2014 contra
653 1949 1019 2028 sophisticas
1053 1947 1482 2008 haereticorum
1511 1947 2085 2028 argumentationes
2115 1948 2298 2008 docto
2335 1965 2404 2008 ac
2437 1964 2642 2007 severo
2667 1947 3155 2026 philosophandi
3184 1965 3403 2026 genere
3423 1967 3663 2028 propu-

397 2052 636 2127 gnavit,
668 2068 839 2109 aram
874 2065 1016 2110 vero
1063 2047 1364 2108 Victoria
1395 2055 1714 2124 totumque
1754 2047 2068 2107 idolorum
2103 2049 2337 2109 cultum
2368 2047 2516 2108 adeo
2547 2048 2782 2107 acriter
2816 2056 2869 2107 et
2899 2065 3152 2109 nervose
3183 2049 3522 2111 insectatus
3551 2056 3666 2121 est,

396 2152 509 2210 vix
542 2159 610 2209 ut
645 2149 978 2228 quidquam
1019 2154 1235 2225 postea
1272 2147 1538 2206 scribere
1567 2155 1677 2205 aut
1711 2145 1965 2225 obloqui
1993 2147 2225 2209 ethnici
2252 2149 2394 2209 ausi
2419 2149 2685 2226 fuerint.
2719 2147 2904 2221 Quod
2939 2149 2994 2209 si
3030 2166 3156 2209 non
3184 2168 3252 2210 ea
3279 2150 3502 2226 solum,
3536 2165 3669 2228 qua
3701 2217 3704 2220 _

397 2268 708 2310 commune
742 2247 1037 2309 Ecclesix
1067 2246 1291 2307 bonum
1324 2248 1692 2326 respiciunt,
1732 2249 1835 2310 sed
1862 2250 1976 2312 illa
2005 2253 2188 2312 etiam
2238 2251 2631 2312 considerare
2659 2251 2939 2327 velimus,
2966 2269 3102 2330 qua
3147 2253 3229 2313 ad
3261 2253 3668 2336 apostolicam

403 2361 570 2411 tuam
605 2349 822 2419 sedem,
862 2351 974 2411 Pie
1025 2349 1350 2427 Pontifex,
1386 2351 1644 2427 proprie
1677 2357 1984 2428 spectant,
2033 2369 2383 2431 quanquam
2428 2352 2582 2432 quid
2611 2362 2723 2426 est,
2769 2351 2937 2432 quod
2966 2352 3047 2413 ad
3074 2352 3416 2414 Ecclesiam
3447 2353 3702 2413 Roma-.

398 2470 563 2525 nam,
595 2451 740 2531 ﬁdei
767 2459 826 2511 et
858 2469 1097 2512 morum
1131 2452 1515 2529 magistram,
1545 2453 1940 2514 ecclesiarum
1969 2455 2242 2516 omnium
2275 2464 2533 2516 matrem
2564 2453 2902 2533 pertineat,
2938 2455 3106 2532 quod
3135 2473 3263 2515 non
3290 2453 3449 2516 idem
3483 2470 3669 2533 quam

399 2552 648 2614 arctissi
655 2572 740 2612 me
776 2571 913 2614 cum
941 2553 1250 2613 communi
1274 2552 1600 2630 religionis
1633 2552 1952 2615 catholicte
1977 2571 2160 2614 causa
2191 2562 2403 2634 aptum
2439 2573 2904 2635 connexumque
2933 2555 3064 2616 sit?
3098 2553 3218 2615 Sed
3246 2562 3448 2614 tamen
3477 2553 3663 2633 quid-

399 2653 551 2734 quid
585 2653 650 2714 id
681 2661 792 2724 est,
820 2651 988 2732 quod
1020 2650 1101 2712 ad
1130 2653 1313 2713 istam
1337 2653 1604 2729 primam
1636 2652 1991 2713 cathedram
2024 2655 2222 2732 magis
2246 2655 2508 2733 proprie
2529 2663 2788 2733 spectat,
2821 2655 2949 2734 ejus
2974 2654 3362 2732 dignitatem,
3387 2650 3671 2733 majesta-

405 2765 547 2830 tem,
588 2756 1026 2818 auctoritatem
1062 2756 1154 2816 ita
1196 2754 1582 2816 Prudentius
1624 2755 1954 2832 pradicat,
1984 2763 2054 2815 ut
2096 2762 2190 2814 tot
2226 2764 2468 2834 tamque
2498 2755 2694 2816 variis
2726 2753 3104 2817 successibus
3132 2755 3398 2816 Romani
3426 2749 3673 2831 imperii

404 2858 565 2918 nihil
595 2856 768 2918 aliud
798 2865 1000 2918 actum
1029 2854 1386 2926 crediderit,
1417 2857 1545 2917 nisi
1581 2864 1651 2915 ut
1689 2854 1933 2915 Christo
1954 2856 2090 2934 jam
2119 2861 2247 2914 tum
2276 2854 2546 2916 venienti
2575 2855 2676 2915 via
2712 2861 3117 2928 sterneretur,
3145 2853 3450 2932 cordaque
3476 2849 3673 2912 homi-

408 2974 554 3016 num
589 2974 715 3016 uno
747 2956 994 3035 illigata
1021 2955 1272 3017 vincqu
1308 2971 1434 3033 pax
1483 2963 1541 3014 et
1572 2956 1770 3015 Roma
1807 2961 2100 3022 tenerent,
2137 2953 2345 3030 capita
2389 2952 2520 3014 haec
2565 2959 2620 3014 el
2656 2951 2937 3014 culmina
2967 2969 3208 3029 rerum,
3242 2961 3296 3011 et
3344 2950 3455 3012 sub
3483 2951 3674 3011 unius

408 3057 778 3136 principatu
810 3073 988 3116 mens
1017 3071 1143 3117 una
1177 3071 1506 3116 sacrorum
1540 3054 1720 3114 foret.
1747 3054 1837 3114 Ac
1866 3071 2011 3114 sane
2040 3052 2426 3114 Prudentius
2454 3070 2582 3112 non
2611 3052 2790 3113 modo
2817 3060 3162 3132 martyrum
3187 3054 3489 3133 sepulcra,
3519 3071 3673 3133 quo-

405 3175 544 3218 rum
588 3161 944 3220 innumeras
994 3158 1224 3218 cineres
1254 3156 1480 3217 vidisse
1529 3173 1588 3214 se
1634 3155 1839 3214 Romae
1870 3161 2129 3215 testatus
2168 3162 2280 3226 est,
2320 3153 2794 3231 elegantissimis
2824 3151 3101 3214 versibus
3135 3152 3452 3229 describit,
3483 3171 3674 3232 neque

403 3260 603 3321 solum
625 3258 1004 3339 populorum
1031 3273 1369 3318 concursus
1399 3255 1480 3316 ad
1512 3271 1723 3314 eorum
1751 3255 2075 3333 reliquias,
2121 3257 2430 3336 festosque
2481 3255 2612 3316 dies
2647 3253 3038 3316 celebrandas
3074 3256 3358 3315 maximis
3387 3254 3674 3316 laudibus

404 3368 694 3429 exornat,
729 3377 938 3420 verum
969 3357 1150 3417 etiam
1178 3357 1420 3416 domum
1446 3370 1725 3415 reversus
1769 3371 1990 3431 magno
2022 3353 2233 3414 studio
2270 3355 2418 3431 egit,
2459 3362 2531 3412 ut
2579 3353 2771 3414 multa
2799 3372 2930 3432 qua:
2959 3354 3026 3412 in
3061 3352 3178 3413 hoc
3223 3371 3436 3430 genere
3474 3355 3676 3414 Romae

407 3461 645 3522 viderat
685 3479 756 3521 ac
784 3459 1116 3533 didicerat,
1152 3459 1218 3517 in
1250 3454 1754 3517 consuetudinem
1781 3454 1950 3532 apud
1985 3454 2307 3532 Hispanos
2333 3473 2475 3514 suos
2500 3453 2965 3515 inducerentur.
3001 3453 3221 3532 Itaque
3242 3472 3347 3531 ego
3385 3454 3672 3515 Pruden-

411 3565 566 3624 tium
598 3564 712 3625 tali
745 3581 816 3621 ac
846 3570 1020 3622 tanta
1051 3561 1343 3622 doctrina
1381 3569 1434 3621 et
1463 3561 1695 3640 pietate
1724 3562 1951 3630 virum,
1983 3561 2464 3638 scriptoremque
2499 3577 2634 3620 cum
2681 3575 2911 3636 semper
2945 3565 3126 3618 antea
3160 3559 3372 3618 utilem
3416 3566 3473 3617 et
3509 3558 3676 3619 salu-

409 3673 625 3738 tarem,
656 3671 784 3722 tum
807 3663 1040 3722 nostris
1069 3661 1332 3722 maxime
1364 3661 1742 3722 calamitosis
1771 3659 2155 3737 temporibus
2189 3661 2626 3732 necessarium,
2661 3659 2868 3738 quoad
2896 3659 3096 3737 facere
3125 3669 3179 3718 et
3215 3660 3432 3720 conari
3461 3661 3644 3738 potui
3655 3705 3672 3730 ,

410 3783 448 3823 a
472 3761 706 3824 mendis
734 3781 864 3841 quae
895 3771 1232 3840 temporum
1264 3762 1526 3841 injuria,
1553 3768 1664 3822 aut
1697 3759 2105 3822 librariorum
2133 3760 2414 3836 inscitia,
2437 3767 2548 3820 aut
2571 3761 2942 3821 oscitatione
2968 3761 3370 3837 irrepserunt,
3396 3758 3675 3819 vindica-

411 3871 542 3923 tum
564 3865 851 3940 proferre
881 3865 945 3921 in
974 3861 1169 3922 lucem
1200 3861 1523 3932 constitui,
1559 3877 1876 3939 omnesque
1905 3875 2128 3920 nervos
2156 3861 2470 3925 contendi.
2505 3868 2570 3918 ut
2604 3875 2816 3919 eorum
2854 3859 3149 3934 omnium,
3183 3861 3291 3937 qui
3316 3867 3462 3919 ante
3484 3878 3576 3920 me
3610 3860 3675 3921 in

411 3963 528 4024 hac
560 3963 765 4024 stadio
802 3963 1212 4037 desudarunt,
1249 3962 1626 4022 industriam
1655 3960 2043 4040 laboremque
2075 3979 2449 4041 superarem,
2478 3971 2530 4021 et
2570 3964 2694 4024 nisi
2727 3981 2818 4022 me
2849 3983 3014 4023 meus
3041 3962 3217 4043 fallit
3251 3964 3516 4038 animus,
3553 3981 3670 4022 su-

410 4071 651 4148 peravi.
689 4068 861 4129 lllud
889 4076 1092 4128 autem
1119 4084 1309 4144 neque
1341 4074 1538 4126 tacere
1567 4063 1776 4142 debeo,
1809 4075 1862 4125 et
1889 4064 2239 4142 gloriosum
2269 4063 2417 4124 mihi
2448 4063 2604 4124 duco
2635 4065 2944 4143 proﬁteri.
2975 4082 3262 4124 concessu
3289 4083 3359 4123 ac
3387 4063 3673 4143 beneﬁcio

414 4176 549 4236 tuo,
591 4167 702 4228 Pie
727 4165 1049 4242 Pontifex,
1086 4167 1318 4243 factum
1349 4181 1498 4235 esse,
1548 4171 1618 4222 ut
1649 4162 2075 4239 antiquissimi
2103 4161 2341 4222 codices
2376 4161 2655 4222 vaticani
2700 4162 2875 4238 mihi,
2911 4162 3414 4240 quandocumque
3444 4161 3672 4233 vellem,

412 4268 600 4330 libere
632 4273 940 4345 paterent,
971 4264 1193 4344 quibus
1226 4263 1477 4342 facilius
1527 4271 1579 4322 et
1614 4261 2012 4339 locupletius,
2056 4261 2226 4342 quod
2271 4261 2745 4337 destinaveram,
2789 4280 3028 4340 possem
3056 4261 3136 4321 ad
3180 4263 3414 4322 exitum
3452 4262 3680 4340 perdu-

413 4386 568 4430 cere.
607 4370 854 4430 Ulinam
887 4388 976 4438 ea,
1003 4385 1136 4446 qua:
1163 4384 1270 4445 ego
1302 4365 1382 4425 ad
1422 4364 1833 4426 Prudentium
1873 4363 2322 4424 illustrandum
2366 4363 2718 4442 adjicienda
2765 4382 2886 4422 esse
2935 4364 3167 4439 censui,
3195 4381 3324 4423 non
3368 4363 3458 4424 ita
3498 4365 3681 4441 parvi

409 4471 602 4549 pretii
629 4478 686 4530 et
715 4469 964 4530 levioris
993 4485 1190 4546 operae
1224 4465 1426 4528 videri
1449 4466 1721 4544 possint,
1778 4471 1846 4523 ut
1885 4464 2088 4524 minus
2120 4473 2451 4541 propterea
2499 4468 2718 4540 gratus
2767 4471 3170 4541 acceptusque
3216 4461 3296 4522 ad
3343 4471 3396 4522 te
3431 4462 3683 4523 accedat

315 4581 326 4589 ’
414 4575 547 4650 ipse
595 4570 982 4632 Prudentius
1011 4571 1033 4629 !
1076 4569 1297 4630 Verum
1329 4566 1450 4627 hoc
1482 4567 1660 4627 etiam
1691 4565 1808 4624 erit
1845 4565 2248 4625 humanitatis
2281 4571 2423 4637 tuae,
2456 4563 2812 4624 Beatissime
2843 4563 3051 4632 Pater,
3084 4570 3152 4621 ut
3203 4581 3294 4638 ea,
3326 4580 3457 4642 qua:
3498 4563 3564 4623 in
3591 4581 3682 4623 me

409 4688 636 4751 parum
654 4668 1115 4748 probabuntur,
1141 4665 1482 4728 Prudentia
1517 4663 1846 4732 condones.
1882 4672 1940 4723 et
1972 4664 2027 4724 si
2059 4681 2186 4723 non
2217 4663 2658 4741 perfectionem
2684 4661 3271 4723 commentariorum
3302 4661 3369 4720 in
3394 4660 3679 4721 Pruden-

321 4804 327 4809 -
414 4772 596 4844 tium,
628 4778 690 4829 at
723 4777 1016 4830 conatum
1043 4767 1257 4828 saltem
1283 4766 1544 4844 aliquem
1572 4783 1764 4824 meum
1789 4763 2296 4841 diligentiamgue
2333 4763 2615 4835 comiter,
2652 4771 2720 4821 ut
2752 4762 2933 4829 soles,
2963 4770 3019 4819 et
3052 4760 3333 4821 benevole
3362 4761 3685 4838 complecti

410 4869 588 4930 velis.
637 4867 799 4928 Mihi
824 4866 1064 4946 quidem
1097 4864 1256 4925 nihil
1291 4865 1566 4941 gratius,
1599 4863 1758 4924 nihil
1787 4863 2094 4939 optatius,
2121 4861 2303 4931 nihil,
2335 4861 2501 4940 quod
2535 4878 2612 4920 ex
2646 4861 2837 4921 animi
2882 4860 2997 4920 mei
3027 4859 3220 4936 magis
3246 4860 3552 4918 sententia
3581 4862 3680 4938 fu-

415 4979 630 5028 turum
656 4957 765 5041 sit,
809 4964 1091 5030 accidere,
1105 4963 1369 5042 poterit,
1402 4979 1583 5042 quam
1611 4962 1666 5020 si
1698 4959 2038 5022 catholicus
2067 4968 2248 5037 poeta
2295 4959 2702 5028 Prudentius,
2735 4978 2770 5017 a
2800 4977 2888 5017 me
2920 4947 3034 5030 ita,
3067 4966 3141 5018 ut
3177 4957 3370 5028 vides,
3401 4959 3686 5035 recogni-

416 5076 547 5142 tus,
563 5067 801 5146 judicii
828 5067 946 5136 tui,
973 5064 1139 5142 quod
1164 5063 1597 5140 gravissimum
1627 5061 1908 5122 omnibus
1941 5079 2062 5119 esse
2092 5059 2290 5134 debet,
2333 5060 2754 5136 preerogativa
2783 5058 3164 5133 honestatus,
3198 5060 3332 5136 regi
3375 5057 3681 5119 catholica

415 5168 644 5227 Carolo
668 5167 806 5242 III,
836 5165 976 5240 Pio,
1022 5162 1237 5234 Felici,
1287 5162 1595 5239 Augusto,
1651 5160 1913 5220 Domino
1961 5177 2089 5219 meo
2141 5157 2632 5227 clementissimo,
2683 5158 2861 5236 cujus
2905 5160 3096 5218 unius
3151 5157 3572 5236 beneﬁcentiae,
3613 5165 3681 5215 ut

417 5266 770 5330 incumbere
820 5267 889 5327 in
924 5264 1046 5326 haec
1072 5263 1280 5325 studia
1308 5281 1433 5324 meo
1464 5259 1782 5322 arbitratu
1804 5277 2072 5338 possem,
2115 5267 2430 5337 acceptum
2466 5260 2700 5336 referre
2727 5258 2934 5332 debeo,
2966 5258 3134 5318 haud
3161 5255 3542 5333 injucundus
3569 5254 3678 5315 ad-

417 5366 654 5428 veniat.

1775 5526 2361 5631 essesessses

2278 5589 2295 5604 ἰ

1951 5605 1982 5629 ξς·
1991 5605 2144 5633 $7531;
2156 5605 2199 5630 *δ’
2210 5605 2240 5629 ‘e
2265 5605 2299 5633 3‘.-

1877 5634 1932 5681 Ρξέ)
1938 5633 1982 5680 θεέ
2096 5632 2143 5680 ξ’
2155 5634 2197 5681 if
2205 5645 2223 5684 ὁ

1964 5693 1970 5700 .
1986 5685 1990 5687 “
2005 5686 2010 5692 I
2027 5683 2065 5694 "D
2077 5684 2118 5692 ἰι

1929 5698 2030 5734 ξαν
2039 5697 2191 5744 3:;

1983 5743 2104 5792 ‘c-‘l‘il'Is’f'
2121 5751 2134 5776 ι’

2041 5800 2080 5823 ,ἒν

3716 5444 3735 5512 ἔτ
