4142 6350
441 244 543 310 571

1857 237 2299 298 PRUDENTIUS.

3618 230 3729 293 5'72

1382 458 2793 612 PRUDENTIANA

1977 709 2119 752 SIVE

1710 846 2455 929 PROLEGOMENA

1498 999 1565 1054 IN
1598 998 1972 1081 'EDITIONEM
2014 1001 2355 1055 ROMANAM
2395 1001 2678 1057 OPERUM

903 1158 1043 1260 M.
1115 1153 1638 1259 AURELII
1708 1153 2440 1260 CLEMENTIS
2516 1160 3253 1267 PRUDENTII.

1742 1357 2450 1382 ψ*

963 1481 1187 1539 CAPUT
1212 1481 1509 1541 PRIMUM.

818 1576 970 1631 Ratio
996 1592 1054 1629 ac
1082 1575 1259 1629 divisio
1287 1576 1439 1629 totius
1470 1576 1659 1645 operis.

527 1669 570 1739 ι
609 1667 657 1727 1.
703 1666 872 1736 Quam
914 1667 1121 1722 laudem
1172 1667 1467 1723 Prudentio
1517 1665 1787 1722 tribuebat
1832 1667 2037 1734 Gaspar

450 1759 723 1827 Barthius,
744 1775 851 1831 quo
868 1774 968 1830 ego
992 1759 1210 1816 homine
1231 1760 1501 1814 neminem
1528 1759 1577 1813 in
1604 1759 1775 1828 poetis
1798 1758 2038 1827 legendis

448 1864 504 1911 et
534 1845 864 1910 illustrandis
894 1864 986 1910 aut
1012 1855 1417 1925 diligentiorem
1450 1864 1539 1909 aut
1569 1854 1865 1910 doctiorem
1892 1855 2037 1920 novi,

354 2016 361 2021 ,
449 1948 696 2018 equidem
743 1963 861 2002 eam
897 1962 927 2001 a
975 1948 1217 2014 creteris,
1263 1947 1306 2001 si
1348 1955 1680 2017 repugnent,
1711 1954 2040 2014 extorquere

450 2054 557 2098 non
596 2041 882 2097 admodum
921 2041 1155 2097 conabor
1186 2058 1198 2095 :
1234 2040 1331 2096 sed
1369 2050 1514 2095 certe
1557 2040 1824 2109 ejusmodi
1854 2055 2040 2096 vocem

450 2148 517 2190 ex
546 2149 639 2189 ore
668 2133 1017 2189 ecclesiastici
1047 2133 1185 2200 viri,
1214 2133 1411 2203 quique
1440 2133 1753 2204 religionem
1786 2132 2044 2185 Christia-

456 2243 616 2292 nam,
648 2227 885 2294 ‘addam,
928 2226 1246 2281 catholicam
1285 2225 1612 2291 Romanam,
1648 2226 1803 2279 unice
1832 2224 2041 2293 diligat,

452 2316 813 2374 libentissime
830 2318 1152 2389 exciperem.
1181 2317 1345 2387 igitur
1366 2316 1612 2371 Barthius
1631 2316 1723 2369 lib.
1743 2332 1795 2370 ιι
1816 2314 2041 2369 Advers.

452 2422 573 2480 cap.
614 2412 666 2476 1,
696 2424 821 2466 cum
847 2410 1113 2476 dixisset,
1148 2409 1216 2466 de
1247 2410 1669 2466 Christianorum
1701 2410 1751 2463 in
1780 2418 1895 2463 rota
1923 2423 2047 2477 sup-

453 2501 634 2567 pliciis
656 2503 842 2581 plenos
861 2517 983 2559 esse
1004 2503 1278 2559 beatorum
1296 2502 1497 2557 Christi
1522 2502 1744 2557 militum
1769 2515 2045 2556 commen-

402 2668 405 2671 ν
455 2596 659 2663 turios.
688 2612 944 2666 quorum.
984 2590 1217 2659 addidit,
1249 2595 1325 2651 vel
1355 2597 1578 2667 primum
1608 2611 1885 2664 prazconem
1928 2603 2048 2665 puto

454 2687 812 2753 Prudentium,
845 2687 1215 2754 dulcissimum,
1246 2688 1529 2758 piissimum
1570 2697 1612 2741 et
1652 2686 2050 2741 eruditissimum

455 2791 686 2853 poetam,
720 2798 866 2852 quem
894 2791 949 2836 ut
978 2791 1210 2847 teneam,
1241 2797 1342 2837 non
1374 2794 1550 2849 negem
1580 2781 1807 2832 omnium
1840 2778 2048 2832 erco-

457 2888 573 2937 rum
606 2874 1009 2941 Latinorumque
1048 2882 1219 2927 vatum
1249 2873 1438 2940 scripta
1469 2881 1800 2926 contemnere.

456 2988 462 3009 ι
528 2965 583 3017 2.
626 2964 705 3019 illi
737 2965 836 3034 ipsi
871 2963 1184 3018 heterodoxi
1211 3005 1225 3028 ,
1269 2963 1356 3032 qui
1392 2971 1603 3032 poetam
1636 2962 1773 3016 hunc
1804 2961 2046 3016 divinum

462 3058 711 3113 maximis
739 3049 982 3113 laudibus
1010 3056 1281 3121 evehunt,
1308 3065 1361 3111 et
1391 3056 1440 3110 in
1468 3071 1688 3125 operum
1719 3056 1834 3123 ejus
1860 3053 2049 3109 editio-

463 3150 620 3205 nibus
658 3148 986 3203 adornandis
1021 3147 1280 3217 majorem
1326 3162 1483 3219 quam
1525 3148 1689 3202 nostri
1721 3146 2049 3215 diligentiam

466 3238 845 3308 adhibuerunt,
874 3240 1024 3295 fateri
1056 3250 1340 3308 coguntur,
1368 3255 1487 3293 eum
1518 3240 1583 3294 de
1613 3240 1782 3293 libero
1810 3238 2049 3304 arbitrio,

465 3336 533 3390 de
560 3336 738 3390 carnis
769 3322 1096 3399 innocentia,
1128 3332 1195 3387 de
1224 3333 1378 3387 bonis
1409 3331 1681 3402 operibus,
1711 3341 1766 3386 et
1793 3331 2053 3402 imprimis

465 3428 533 3483 de
561 3428 898 3482 invocatione
937 3435 1233 3497 martyrum
1268 3425 1597 3494 aliorumque
1628 3433 1961 3489 sanctorum,
1989 3424 2057 3476 de

430 3528 433 3529 '
467 3518 690 3589 Virgine
717 3520 893 3584 beata,
919 3527 973 3573 et
998 3533 1117 3587 qua:
1144 3517 1243 3571 alia
1273 3517 1513 3587 ejusdem
1545 3518 1755 3586 generis
1783 3524 1927 3581 sunt,
1959 3515 2059 3569 hoc

466 3621 584 3680 est,
630 3615 740 3669 fere
783 3613 850 3667 de
878 3611 1129 3667 omnibus
1155 3611 1315 3665 rebus
1336 3650 1351 3673 ,
1391 3610 1458 3664 de
1485 3612 1537 3680 2
1564 3608 1758 3677 quibus
1787 3609 1927 3661 male
1956 3607 2057 3675 ipsi

468 3706 727 3769 sentiunt,
754 3720 875 3765 cum
906 3703 1184 3759 catholicis
1215 3702 1401 3756 eadem
1430 3701 1652 3759 sentire.
1686 3701 1831 3764 Scio,
1861 3698 1929 3752 ab
1954 3697 2063 3752 ha:-

470 3800 651 3855 reticis
700 3796 1047 3851 Prudentium
1076 3836 1090 3859 ,
1136 3804 1322 3864 aperte
1357 3796 1422 3849 ab
1464 3793 1594 3862 ipsis
1634 3791 2060 3855 dissentientem,

470 3891 741 3955 excusari,
760 3889 844 3944 vel
867 3887 1006 3958 quod
1032 3889 1237 3956 poetice
1263 3888 1468 3941 locutus
1492 3886 1669 3950 fuerit,
1690 3885 1771 3938 vel
1796 3885 1931 3954 quod
1951 3884 2060 3953 jam

472 3995 600 4040 tunc
625 3978 1040 4054 superstitionis,
1067 3990 1121 4046 ut
1143 3981 1367 4052 jactant,
1398 3978 1604 4034 semina
1636 3979 1773 4032 inter
1800 3976 2059 4037 Christia—

471 4093 570 4133 nos
600 4078 771 4149 spargi
800 4078 1091 4148 cmpissent
1122 4093 1134 4127 :
1168 4090 1324 4144 quam
1357 4089 1631 4145 perverse,
1668 4072 1748 4126 vel
1781 4071 2057 4140 impuden-

471 4181 555 4227 ter
585 4172 758 4242 potius
780 4214 794 4238 ,
846 4171 925 4225 his
960 4168 1405 4239 reSponsionibus
1442 4166 1763 4227 abutantur,
1808 4165 1910 4217 alio
1941 4163 2059 4216 loco

2063 1483 2118 1543 Α
2142 1486 2307 1540 meris
2331 1497 2625 1561 martyrum
2659 1493 2940 1562 sepulcris,
2977 1509 3094 1564 quae
3128 1494 3307 1548 Romae
3326 1463 3466 1549 vidit
3494 1492 3733 1548 Pruden-

2144 1578 2247 1633 tius
2272 1620 2285 1645 ,
2318 1581 2385 1637 de
2412 1584 2933 1652 peregrinationibus
2961 1585 3384 1641 Christianorum
3411 1631 3423 1651 ,
3461 1586 3575 1641 sive
3604 1600 3733 1638 con-

2142 1685 2300 1727 cursu
2329 1673 2392 1728 ad
2421 1690 2605 1730 eorum
2650 1676 2782 1733 festa
2830 1678 3148 1733 celebranda
3176 1721 3189 1743 ,
3228 1679 3296 1735 de
3320 1679 3520 1749 cryptis
3547 1695 3561 1743 ;
3612 1692 3730 1745 quze

2146 1763 2354 1830 planius
2392 1765 2632 1838 intelligo
2657 1811 2670 1835 ,
2702 1769 2827 1825 dum
2859 1770 3204 1827 Prudentium
3234 1773 3349 1842 lego
3373 1814 3386 1837 ,
3419 1787 3575 1842 quam
3605 1771 3729 1826 dum

2145 1855 2313 1910 oculis
2344 1858 2649 1928 perlustro?
2748 1875 2785 1906 ο

2218 1952 2270 2005 5.
2312 1950 2429 2006 iam
2454 1967 2581 2008 vero
2606 1969 2726 2009 cum
2755 1963 3050 2027 martyrum
3082 1972 3309 2013 coronas
3338 1957 3572 2013 celebrat
3603 1957 3734 2012 Pru—

2149 2041 2360 2097 dentius
2384 2085 2397 2109 ,
2431 2062 2707 2117 peragrans
2737 2048 2881 2113 loca,
2926 2049 3119 2104 nullius
3158 2060 3273 2103 ante
3310 2049 3427 2103 trita
3462 2038 3599 2121 solo,
3630 2065 3734 2119 quo

2152 2133 2349 2203 ingenii
2397 2139 2643 2192 acumine
2674 2146 2727 2193 et
2758 2139 2999 2195 ubertate
3020 2182 3033 2207 ,
3079 2155 3183 2209 quo
3212 2151 3379 2196 (nstro
3407 2139 3607 2194 Christi
3638 2140 3739 2194 mi-

2150 2225 2301 2279 litum
2330 2227 2512 2294 robur,
2541 2229 2917 2297 constantiam,
2946 2231 3107 2286 verba
3138 2231 3204 2285 ad
3234 2241 3486 2303 tyrannos
3518 2231 3729 2293 invicta,

2151 2320 2461 2387 patientiam
2498 2322 2547 2375 in
2588 2323 2919 2391 perferendis
2959 2324 3266 2394 suppliciis,
3302 2325 3598 2379 mirabilem
3632 2334 3737 2378 tor-

2152 2422 2453 2466 mentorum
2495 2416 2807 2470 varietatem
2856 2417 3008 2470 nobis
3059 2426 3444 2485 repraesentat,
3497 2426 3551 2471 et
3588 2416 3736 2487 quasi

2152 2513 2275 2560 ante
2312 2507 2493 2560 oculos
2526 2508 2699 2574 ponit!
2745 2510 2800 2563 ln
2846 2509 3055 2580 hymnis
3094 2518 3270 2564 autem
3301 2509 3613 2563 diurnarum
3645 2509 3739 2563 hoc

2152 2611 2332 2651 rarum
2382 2607 2611 2667 quantus
2659 2600 2983 2656 inventionis
3028 2601 3216 2655 decor!
3273 2601 3327 2654 In
3367 2603 3526 2655 animi
3568 2618 3738 2673 pugna

2155 2690 2467 2757 exponenda
2500 2706 2656 2760 quam
2687 2690 2829 2745 certa
2861 2702 2911 2747 et
2949 2708 3011 2747 ex
3048 2693 3162 2761 ipso
3191 2693 3428 2762 mystica:
3460 2692 3739 2763 theologize

2158 2779 2304 2837 fonte
2333 2782 2494 2850 petita
2523 2782 2766 2838 doctrina
2797 2785 2809 2836 l
2859 2784 2916 2837 ln
2944 2784 3193 2839 omnibus
3220 2785 3450 2852 denique
3479 2786 3593 2854 ejus
3617 2800 3741 2855 ope-

2084 2866 2132 2927 B
2158 2872 2307 2928 ribus
2327 2884 2556 2943 quantus
2582 2876 2793 2944 pietatis
2820 2876 2978 2931 ardor
3003 2876 3224 2933 emicat!
3259 2875 3392 2931 Cum
3414 2877 3556 2932 enim
3580 2878 3738 2932 multa

2155 2978 2217 3021 ac
2250 2965 2390 3020 varia
2440 2966 2595 3020 nobis
2643 2968 2840 3037 scripta
2888 2969 3208 3039 reliquerit,
3256 2984 3361 3024 non
3413 2971 3614 3038 poteris
3660 2969 3743 3024 vel

2156 3058 2373 3114 unicum
2403 3059 2523 3129 ejus
2552 3076 2766 3117 versum
2800 3065 3037 3132 reperire
3062 3104 3078 3128 ,
3108 3065 3195 3134 qui
3228 3074 3318 3119 aut
3344 3064 3409 3119 ad
3435 3065 3742 3135 religionem

2157 3151 2558 3218 stabiliendam,
2592 3162 2683 3209 aut
2709 3154 2774 3209 ad
2820 3155 3099 3213 fovendam
3132 3159 3383 3226 p'etatem
3415 3172 3521 3213 non
3549 3157 3745 3213 refera-

2160 3252 2265 3307 tur,
2296 3252 2352 3298 ut
2383 3245 2530 3298 multi
2554 3245 2664 3313 jam
2699 3257 2971 3302 natarunt.

2231 3336 2284 3390 4.
2319 3338 2469 3405 Quod
2492 3339 2535 3392 si
2563 3339 2680 3409 quis
2702 3348 2895 3410 praeter
2924 3341 3193 3411 ingenium
3221 3342 3447 3397 sublime
3472 3345 3747 3412 argumen-

2162 3430 2309 3498 tique
2345 3430 2678 3485 nobilitatem
2732 3431 2863 3486 alias
2893 3432 3046 3487 dotes
3092 3435 3145 3488 in
3193 3434 3483 3489 Prudentio
3526 3443 3745 3504 quaerat,

2162 3518 2484 3587 singularem
2510 3520 2626 3588 ejus
2650 3521 3004 3590 eloquentiam
3032 3524 3081 3576 in
3106 3521 3400 3589 Laurentio,
3426 3525 3475 3576 in
3500 3523 3745 3579 Romano.

2163 3610 2406 3664 adversus
2437 3610 2837 3680 Symmachum,
2872 3621 3028 3682 atque
3059 3615 3112 3667 in
3141 3614 3389 3668 omnibus
3422 3614 3534 3682 ejus
3561 3614 3750 3667 carmi-

2165 3700 2322 3754 nibus
2354 3702 2617 3769 imprimis
2648 3702 2922 3766 indicabo;
2974 3713 3029 3758 ut
3059 3703 3216 3758 facile
3243 3704 3411 3773 possis
3442 3717 3743 3772 agnoscere,

2168 3791 2439 3847 hominem
2492 3792 2544 3846 in
2591 3792 2907 3862 eloquentia:
2958 3795 3147 3849 studiis
3184 3796 3425 3864 apprime
3467 3804 3742 3855 versatum,

2170 3892 2413 3953 poemata
2446 3884 2534 3939 illa
2581 3884 2887 3941 condidisse
2932 3903 2944 3940 :
2978 3903 3099 3941 nam
3122 3930 3137 3955 ,
3174 3898 3229 3942 ut
3258 3888 3469 3942 dicebat
3501 3886 3753 3940 Antonius

2164 3976 2303 4044 apud
2329 3977 2645 4053 Ciceronem
2698 3976 2849 4053 (Lib.
2882 3998 2918 4036 ιι
2948 3982 3011 4036 de
3042 3981 3257 4037 Oratore
3282 4024 3296 4048 ,
3338 4000 3459 4054 pag.
3492 3982 3561 4037 5?.
3583 4025 3598 4049 ,
3632 3983 3750 4037 edit.

2172 4067 2290 4121 Ald.
2327 4070 2508 4141 i55i),
2538 4072 2589 4141 3
2619 4084 2916 4127 creterarum
2946 4076 3132 4127 artium
3157 4074 3385 4128 homines
3412 4074 3639 4129 ornatius
3669 4073 3760 4127 illa

2173 4180 2267 4216 sua
2291 4165 2498 4230 dicunt;
2529 4166 2714 4235 siquid
2738 4166 2800 4219 ab
2823 4168 2918 4220 hac
2945 4177 3055 4220 arte
3084 4167 3430 4237 (eloquentia)
3453 4167 3758 4221 didicerunt.

472 4265 773 4334 explicabo.
817 4263 1061 4318 Profecto
1110 4278 1212 4316 non
1256 4262 1426 4315 solum
1471 4258 1792 4314 Prudentius
1826 4258 2066 4310 insanam
2098 4238 2143 4300 Ο
2177 4259 2301 4324 llis,
2332 4259 2377 4310 si
2409 4259 2583 4323 lubet,
2613 4260 2869 4330 adjungas
2899 4275 3087 4314 versus
3120 4259 3255 4314 bene
3284 4267 3544 4323 tornatos,
3576 4274 3763 4312 nume-

473 4358 792 4413 idololatriaa
835 4357 1267 4425 superstitionem
1300 4356 1495 4408 acriter
1534 4362 1799 4421 Oppugnat
1831 4391 1845 4416 ,
1895 4366 2064 4419 neque

472 4450 645 4502 solum
688 4449 959 4517 religionis
988 4459 1185 4501 nostrze
1224 4446 1569 4500 fundamenta
1603 4444 1859 4498 adversus
1889 4442 2063 4512 genti-

478 4540 558 4594 les
587 4541 803 4609 egregie
828 4540 1087 4598 sustinet,
1120 4554 1292 4605 neque
1328 4536 1499 4591 solum
1536 4535 1881 4589 Hebraeorum
1913 4535 2068 4601 perli-

475 4632 618 4686 diam
648 4631 989 4686 vehementer
1015 4629 1301 4695 convellit,
1345 4642 1518 4697 neque
1545 4627 1713 4680 Solum
1745 4635 1929 4680 contra
1960 4625 2069 4678 ha:-

476 4726 675 4779 reticos
696 4723 784 4791 qui
813 4731 1197 4792 praecesserant
1226 4730 1472 4777 accurate
1499 4720 1752 4789 diSpulat,
1780 4718 1872 4773 sed
1900 4719 2066 4772 multa

474 4817 637 4871 etiam
680 4816 861 4878 addit,
903 4816 1098 4886 quibus
1145 4816 1386 4871 haeretici
1427 4823 1730 4869 nostrorum
1769 4823 2067 4884 temporum

475 4908 629 4965 facile
653 4910 859 4979 pOSsint
884 4910 1085 4964 revinci
1115 4928 1126 4962 :
1154 4892 1411 4980 praeterea
1437 4912 1570 4965 ritus
1591 4910 1791 4964 veteris
1816 4908 2070 4963 Ecclesiae

474 5002 543 5055 de
574 5017 673 5056 usu
700 5001 959 5056 luminum
986 5043 1000 5065 ,
1030 5000 1099 5057 de
1126 5002 1406 5065 altaribus,
1436 5003 1505 5057 de
1535 5009 1724 5059 ornatu
1756 5000 2067 5069 divitiisque

479 5095 821 5162 templorum,
846 5095 914 5149 de
939 5095 1282 5165 reliquiarum
1311 5096 1478 5162 cultu,
1503 5094 1571 5148 de
1596 5103 1901 5149 sanctorum
1933 5091 2063 5146 ima-

472 5188 689 5258 ginibus
714 5231 728 5254 ,
762 5189 935 5259 deque
969 5188 1087 5243 aliis
1128 5188 1429 5256 bujusmodi
1463 5189 1534 5242 ita
1561 5187 1813 5258 graphice
1837 5227 1852 5252 ,
1891 5188 2070 5256 itaque

474 5278 708 5334 dilucide
738 5279 1018 5346 describit,
1052 5288 1109 5333 ut
1138 5280 1361 5334 irridere
1392 5279 1555 5334 libeat
1584 5278 1938 5347 quorumdam
1968 5278 2065 5331 Im-

479 5367 681 5422 miunm
708 5369 1083 5439 ignorantiam,
1112 5370 1223 5424 sive
1254 5372 1591 5438 praxitatem,
1616 5370 1703 5439 qui
1735 5371 2073 5439 superstitio-

406 5490 427 5509 .
480 5475 602 5515 nem
643 5461 695 5514 in
730 5479 786 5516 re
815 5465 1050 5532 qualibet
1079 5464 1231 5531 quasi
1276 5464 1626 5519 subverentes
1650 5504 1664 5529 ,
1696 5479 1802 5518 non
1831 5463 2075 5518 dubitant

478 5551 827 5606 carremonias
856 5556 1252 5621 sanctissimas,
1284 5555 1367 5609 vel
1404 5555 1471 5608 ab
1509 5554 1637 5623 ipsis
1671 5554 1925 5610 Ecclesire
1959 5558 2069 5625 pri-

485 5645 587 5697 mis
635 5644 847 5697 saeculis
892 5646 1148 5714 usitatas,
1204 5657 1454 5716 tanquam
1506 5647 1718 5699 inventa
1779 5647 2070 5701 monastica

479 5735 754 5804 aspernari
786 5742 841 5789 et
869 5736 1112 5805 rejicere.
1162 5737 1292 5792 Nam
1323 5737 1448 5810 quid
1481 5752 1580 5807 ego
1613 5738 1800 5806 loquar
1829 5739 1892 5792 de
1922 5740 2075 5792 innu-

2054 5891 2152 5917 ..Ἆ-

2177 4365 2372 4420 rosque
2404 4350 2453 4403 in
2495 4351 2639 4404 omni
2687 4361 2980 4406 metrorum
3030 4366 3227 4421 genere
3278 4352 3471 4406 leniter
3519 4352 3763 4416 ﬂuentes,

2179 4452 2287 4494 tum
2341 4442 2726 4495 sententiarum
2792 4444 3146 4523 gravitatem,
3209 4443 3602 4513 verborumque
3664 4456 3767 4493 non

2177 4535 2447 4602 vulgarem
2490 4534 2807 4604 elegantiam
2849 4552 2916 4590 ex
2972 4539 3191 4606 optimis
3230 4538 3527 4607 quibusque
3572 4536 3770 4590 Latini~

2178 4628 2300 4679 tatis
2352 4628 2660 4682 auctoribus
2711 4630 3023 4697 plerumque
3067 4644 3397 4698 expressam.
3449 4630 3578 4683 Nam
3628 4627 3773 4696 quod

2178 4721 2419 4774 nonnulli
2472 4720 2761 4776 Prudentio
2814 4722 3073 4789 plurimos
3124 4722 3174 4776 in
3231 4721 3476 4792 prosodia
3534 4736 3769 4787 errores,

2176 4829 2444 4883 vocesque
2474 4829 2657 4883 parum
2683 4814 2899 4868 Latinas
2924 4815 3205 4884 objiciunt,
3240 4813 3291 4868 id
3322 4826 3571 4883 separato
3599 4813 3777 4881 capite

2179 4921 2208 4959 a
2241 4906 2394 4961 nobis
2421 4915 2503 4960 est
2534 4905 2907 4972 refellendum,
2940 4922 3045 4975 quo
3092 4908 3309 4976 planum
3342 4908 3433 4961 lict
3468 4907 3780 4961 vehemen-

2179 5006 2262 5051 ter
2290 5013 2381 5052 eos
2424 4997 2533 5051 falli
2575 4998 2665 5066 qui
2719 4998 3029 5053 existimant
3078 4999 3425 5054 Prudentium
3461 4999 3577 5054 sine
3627 5008 3778 5053 certa

2179 5090 2389 5145 ratione
2416 5098 2469 5143 et
2491 5098 2626 5155 arte,
2661 5089 2777 5143 sine
2809 5100 3053 5144 veterum
3081 5092 3399 5145 auctoritate
3428 5100 3479 5145 tt
3504 5091 3778 5160 exemplo,

2180 5182 2355 5241 solum
2385 5198 2449 5237 ex
2482 5197 2659 5238 rerum
2692 5182 2989 5252 ignorantia
3023 5184 3285 5239 interdum
3332 5185 3380 5239 in
3425 5184 3643 5253 syllabis
3678 5199 3783 5236 vo-

2182 5278 2495 5347 cabulisque
2524 5277 2793 5336 nonnullis
2825 5277 3092 5331 diversum
3124 5278 3189 5330 ab
3230 5278 3348 5331 aliis
3389 5293 3590 5330 morem
3622 5291 3785 5332 secu-

2184 5378 2292 5423 tum
2325 5369 2507 5424 fuisse.
2560 5368 2640 5422 Nil
2671 5384 2797 5422 vero
2830 5382 3056 5423 necesse
3082 5378 3192 5436 est,
3229 5368 3502 5423 Prn'dentii
3534 5366 3719 5421 laudes
3749 5421 3779 5451 η

2186 5476 2272 5515 me
2298 5475 2440 5514 nunc
2469 5460 2681 5515 contexi
2706 5480 2715 5511 :
2741 5471 2813 5514 tot
2846 5461 2987 5515 enim
3016 5470 3227 5531 tamque
3259 5462 3437 5531 gravia
3463 5461 3529 5515 de
3551 5476 3615 5514 eo
3642 5475 3787 5529 pne-

2184 5552 2338 5608 couia
2370 5552 2750 5606 adoctissimis
2798 5552 3101 5605 hominibus
3150 5568 3213 5606 ex
3264 5553 3407 5606 omni
3459 5562 3654 5616 aetate,
3714 5568 3787 5607 ex

2180 5644 2323 5700 omni
2349 5644 2549 5697 ordine
2576 5644 2776 5714 prolata
2803 5686 2815 5707 ,
2850 5653 3028 5713 postea
3062 5646 3318 5700 adducam
3339 5688 3351 5712 ,
3383 5645 3509 5699 nihil
3539 5646 3676 5699 ut-in
3711 5662 3787 5701 co

2178 5753 2375 5808 genere
2404 5738 2572 5807 possit
2602 5736 2920 5793 cumulatius
2955 5739 3270 5793 desiderari.
