4142 6350
438 292 541 348 573

1801 286 2301 344 PROLEGOMENA
2315 330 2327 342 .

3604 286 3713 345 57‘

507 410 560 464 5.
593 408 720 476 Quae
748 423 866 463 cum
908 409 977 463 ita
1006 408 1144 476 sint,
1171 408 1290 478 quis
1321 420 1425 460 non
1458 403 1681 458 miretur
1707 402 2021 470 scriptorem
2050 405 2101 463 Α
2130 403 2181 455 in
2214 401 2356 456 bono
2388 400 2591 456 lumine
2628 400 2976 457 collocemus.
3027 400 3129 459 Sed
3169 402 3338 472 quid?
3381 403 3581 473 inquiet
3607 407 3708 458 ali-

435 501 575 556 hunc
607 502 892 570 insignem,
920 503 1009 571 qui
1036 500 1361 555 eminentem
1392 495 1673 567 quemdam
1702 494 1875 548 locum
1909 503 2017 548 tum

434 593 574 648 inter
618 602 800 663 poetas
824 635 838 659 ,
888 601 996 648 tum
1048 592 1185 647 inter
1231 590 1329 646 SS.
1366 588 1616 643 Ecclesite
1646 584 1831 640 Patres
1859 584 2020 639 debet

432 684 713 752 obtinere,
763 684 994 739 nondum
1043 699 1137 739 eos
1181 679 1632 738 commentatores
1678 678 2019 747 editoresque

432 774 701 839 habuisse,
724 778 812 845 qui
843 776 1179 847 prudentium
1204 774 1475 829 hominum
1499 773 1636 826 votis
1667 769 2018 840 undecunque

430 867 850 922 fecerintsatis?
894 868 1075 938 Atqui,
1107 868 1151 923 si
1180 867 1297 936 quis
1329 866 1494 930 alius,
1528 862 1845 918 Prudentius
1870 872 2016 917 certe

430 962 703 1029 perspicua
730 960 990 1030 doctaque
1016 960 1467 1017 commentatione
1495 957 1713 1028 indiget,
1744 972 1849 1010 non
1873 955 2015 1025 quod

426 1054 763 1111 obscuritatis
793 1057 921 1110 vitio
952 1056 1158 1112 laboret
1182 1097 1196 1121 ,
1247 1054 1386 1125 quod
1418 1053 1581 1123 aliqui
1624 1052 1761 1106 male
1791 1058 1973 1122 putant
1999 1067 2013 1115 ;

424 1146 517 1201 sed
549 1148 669 1218 quia
702 1148 929 1217 primum
964 1157 1133 1218 poetae
1164 1148 1269 1202 alia
1307 1148 1457 1216 quasi
1494 1145 1671 1215 lingua
1705 1144 2011 1214 loquuntur,

423 1254 597 1309 neque
648 1240 801 1294 facile
845 1240 911 1295 ab
940 1241 1007 1294 iis
1038 1240 1405 1311 intelliguntur
1447 1237 1534 1307 qui
1582 1251 1768 1291 eorum
1817 1234 2014 1289 idioma

422 1346 527 1386 non
560 1332 778 1400 callent,
811 1333 1110 1402 prwsertim
1140 1333 1191 1386 in
1220 1331 1377 1387 rebus
1407 1330 1559 1385 novis
1580 1371 1593 1395 ,
1642 1342 1879 1399 quasque
1907 1341 2015 1380 ca:-

422 1424 521 1478 teri
564 1440 669 1479 non
716 1425 1047 1495 attigerunt;
1100 1434 1211 1478 tum
1252 1424 1579 1486 auctoribus,
1609 1422 1698 1491 qui
1738 1420 2012 1477 recondita

418 1517 659 1573 doctrina
683 1519 950 1573 excellunt
980 1528 1035 1574 et
1061 1512 1371 1588 argumenta
1401 1516 1669 1571 subtiliter
1697 1514 2009 1583 expediunt,

420 1624 659 1679 persaepe
688 1611 1031 1665 obscuritatis
1060 1610 1271 1679 culpam
1305 1611 1649 1678 imputamus,
1683 1622 1803 1662 cum
1838 1606 2014 1677 potius

419 1688 758 1771 tarditatem,
794 1703 1144 1771 ignorantiam
1173 1711 1226 1756 et
1250 1703 1546 1757 caecitatem
1581 1708 1816 1755 nostram
1859 1712 2015 1753 accu-

418 1808 539 1848 sare
568 1795 858 1848 debeamus
898 1794 997 1864 (a).

489 1885 542 1939 6.
577 1886 750 1955 Atque
782 1895 839 1940 ut
867 1902 1030 1941 unum
1058 1902 1086 1941 e
1114 1885 1298 1940 multis
1325 1885 1801 1955 praeclarissimum
1832 1897 2015 1939 exem-

418 1976 565 2046 plum
597 1977 862 2047 proferam
886 2020 900 2044 ,
942 1978 995 2031 in
1024 1977 1326 2048 prwfatiane
1356 1975 1776 2047 Page/tomacliiee
1800 1974 2015 2030 celebre

415 2077 498 2121 est
527 2069 749 2137 aenigma
783 2069 874 2139 (ita
909 2070 1050 2123 enim
1079 2070 1317 2138 vocant),
1350 2069 1491 2139 quod
1520 2069 1865 2123 Prudentium
1891 2068 2013 2124 data

415 2174 577 2228 opera
622 2160 686 2213 ad
734 2160 959 2215 aliorum
1005 2160 1276 2231 ingenium
1325 2159 1686 2215 exercendum
1737 2160 1875 2214 circa
1906 2159 2012 2213 518

413 2252 633 2308 Abrami
662 2256 997 2321 vernaculos,
1030 2270 1323 2324 eorumque
1351 2253 1631 2325 mysticam
1660 2250 2012 2322 significatio-

412 2362 533 2402 nem
566 2347 621 2418 4
655 2348 995 2418 proposuisse
1031 2363 1134 2403 non
1164 2363 1324 2403 nemo
1352 2347 1602 2411 credidit,
1632 2346 1873 2415 plerique
1898 2344 2012 2398 sine

411 2438 639 2512 (Edipo,
668 2450 756 2496 aut
790 2442 1045 2513 Sphynge
1074 2441 1329 2510 explicari
1364 2456 1520 2511 posse
1552 2447 1810 2507 negarunt
1839 2439 1938 2508 (ὁ).

481 2533 536 2589 7.
575 2533 838 2588 Caeterum
882 2534 995 2588 haec
1026 2535 1235 2601 al'aque
1275 2531 1578 2601 ltujusmodi
1614 2530 1817 2586 infinita
1842 2570 1858 2594 ,
1892 2545 2010 2598 qna:

410 2625 463 2679 in
494 2623 596 2681 hoc
622 2636 837 2679 auctore
880 2625 925 2679 la
953 2637 1045 2680 ent
1071 2666 1087 2691 ,
1127 2624 1605 2693 diligentissimum
1655 2623 2008 2688 interpretem

410 2718 712 2788 requirunt,
738 2719 823 2787 qui
856 2733 1098 2788 magnam
1122 2732 1340 2787 operam
1368 2716 1421 2771 in
1453 2716 1768 2785 theologicis
1794 2714 2005 2779 litteris,

410 2827 515 2867 non
540 2812 712 2866 minus
740 2828 895 2883 quam
935 2814 985 2867 in
1016 2814 1424 2869 humanioribus
1447 2812 1684 2882 posuerit
1715 2829 1726 2863 :
1757 2819 1837 2866 est
1866 2811 2009 2865 enim

408 2904 499 2959 ille
567 2906 914 2963 inexhaustus
980 2908 1196 2978 quidam
1281 2909 1560 2963 thesaurus
1622 2903 2011 2974 perreconditze

410 2996 731 3052 eruditionis
765 2997 1019 3066 profante,
1050 3000 1215 3053 multo
1246 3014 1374 3055 vero
1406 3000 1574 3066 magis
1602 2996 2004 3059 ecclesiasticte,

410 3103 515 3157 qua
548 3089 663 3144 hate
696 3090 747 3143 in
781 3090 925 3144 omni
956 3105 1054 3144 suo
1084 3105 1283 3161 genere
1314 3099 1456 3159 patet
1494 3087 1773 3142 latissime.
1824 3086 2007 3155 Neque

2127 497 2278 566 quis,
2312 507 2537 564 putasne
2586 512 2615 552 a
2648 507 2699 553 te
2731 496 2781 552 id
2814 498 2995 568 perfici
3029 513 3183 569 posse
3211 499 3350 570 quod
3392 508 3473 552 tot
3505 500 3710 553 nobiles

2125 590 2446 657 interpretes
2496 604 2829 660 nequaquam
2880 600 3153 646 assccutos
3190 607 3309 647 esse
3357 592 3711 660 pronuntias?
3772 600 3787 613 ‘

2126 682 2234 736 imo
2262 696 2390 735 vero
2420 681 2464 737 si
2494 681 2544 735 id
2571 697 2672 752 ego
2703 674 3023 753 putaremfsi
3055 694 3212 740 tanta:
3244 702 3415 740 essem
3449 686 3707 752 stultitim,

2126 785 2179 830 ut
2206 779 2417 846 plenam
2444 773 2747 831 facultatem
2776 778 3077 847 explicandi
3108 779 3379 834 Prudentii
3410 780 3538 833 mibi
3564 794 3712 832 arro-

2122 883 2303 938 garem
2331 908 2346 935 ,
2382 883 2485 921 non
2519 876 2669 923 certe
2702 870 2803 923 hoc
2832 884 3076 938 agerem,
3120 880 3175 926 ut
3204 886 3267 926 ex
3299 871 3535 926 omnium
3567 887 3713 925 com-

2125 960 2398 1015 mentariis
2429 960 2628 1029 optima
2662 976 2886 1031 quaeque
2922 962 3182 1033 deligens,
3213 980 3373 1017 unum
3403 964 3562 1017 veluti
3596 979 3714 1017 cor-

2122 1068 2222 1121 pus
2251 1055 2647 1124 compingerem
2673 1070 2686 1118 ;
2731 1055 2823 1108 sed
2859 1056 3034 1123 pntius
3064 1056 3285 1110 molirer
3314 1072 3507 1111 novum
3539 1056 3712 1111 aedifi-

2122 1148 2260 1200 cium
2291 1159 2320 1198 a
2352 1146 2710 1201 fundamentis
2740 1148 2977 1203 excitare
3001 1189 3016 1215 ,
3049 1164 3154 1221 quo
3189 1148 3515 1220 reliquorum
3554 1148 3711 1203 lumi-

2123 1236 2281 1292 nibus
2310 1236 2647 1294 obstruerem
2684 1240 2779 1307 (c).

2193 1334 2243 1409 5
2266 1331 2317 1387 8.
2352 1332 2501 1387 Nunc
2531 1333 2784 1402 quoniam
2816 1341 2870 1389 et
2901 1333 3184 1388 maximam
3223 1336 3298 1389 rei
3343 1333 3711 1390 difficultatem

2121 1425 2323 1495 optime
2378 1440 2659 1496 pernosco,
2689 1434 2743 1480 et
2792 1442 2923 1481 mea:
2966 1429 3107 1482 vires
3142 1442 3298 1497 quam
3348 1426 3455 1483 sint
3505 1428 3711 1497 exigua:

2121 1518 2280 1588 plane
2304 1520 2503 1583 sentio,
2537 1519 2675 1573 hanc
2706 1520 2870 1584 viam,
2898 1535 3017 1589 qua:
3049 1518 3259 1575 facil'or
3285 1530 3385 1583 est,
3411 1521 3546 1575 inire
3585 1534 3712 1574 con-

2122 1610 2270 1665 stitui
2305 1618 2361 1663 ut
2384 1610 2787 1664 lucubrationes
2827 1610 3066 1665 omnium
3110 1611 3160 1665 in
3193 1610 3538 1665 Prudentium
3588 1610 3711 1665 bac-

2122 1701 2470 1755 tenuseditas
2497 1701 2861 1769 expenderem
2901 1717 2963 1757 ac
3014 1702 3183 1757 libere
3234 1712 3710 1773 reprtesentarcm;

2044 1793 2093 1855 B
2122 1802 2232 1847 lttm
2257 1794 2300 1847 si
2330 1793 2456 1862 quid
2482 1793 2609 1847 mihi
2641 1803 2968 1859 occurreret,
2993 1810 3098 1865 quo
3140 1795 3276 1861 loca,
3329 1795 3396 1847 ab
3440 1794 3555 1848 aliis
3579 1810 3711 1865 prae-

2124 1886 2281 1939 terita
2307 1900 2667 1955 exponerem,
2700 1896 2789 1940 aut
2821 1886 3289 1958 Interpretationes
3316 1887 3543 1940 aliorum
3597 1886 3711 1941 sive

2119 1978 2521 2045 confirmarem,
2549 1980 2663 2033 sive
2693 1978 3014 2043 refcllerem,
3050 1979 3102 2034 in
3131 1978 3363 2032 medium
3391 1976 3710 2049 proferrem,

2120 2084 2227 2125 non
2258 2072 2408 2147 quasi
2442 2072 2725 2125 inveniens
2747 2070 2943 2137 denuo,
2988 2071 3081 2125 sed
3129 2071 3279 2139 quasi
3328 2070 3440 2139 jam
3474 2070 3710 2124 inventis

2118 2163 2360 2217 nonnihil
2387 2162 2613 2219 addens.
2655 2162 2915 2217 Videbam
2936 2165 3078 2217 enim
3128 2172 3313 2217 nostro
3371 2163 3710 2239 potissimum

2116 2258 2315 2313 saeculo
2342 2257 2524 2326 plures
2547 2266 2814 2323 auctores,
2866 2267 2978 2309 tum
3032 2271 3237 2323 sacros,
3286 2264 3396 2310 tum
3429 2254 3706 2325 profanos.

2117 2349 2171 2402 in
2204 2348 2344 2403 hunc
2384 2348 2522 2403 ferre
2565 2348 2781 2402 modum
2828 2363 3019 2418 magno
3059 2358 3313 2419 apparatu
3364 2348 3706 2417 elegantissi-

2119 2442 2325 2510 misque
2358 2443 2495 2512 typis
2522 2443 2711 2497 excudi
2762 2456 2937 2510 :quos
2995 2440 3131 2495 haud
3180 2441 3425 2509 equidem
3473 2455 3706 2510 negave-

2117 2534 2218 2587 rim
2245 2542 2391 2586 tanto
2424 2534 2605 2587 labore
2652 2548 2774 2587 esse
2815 2534 3027 2604 dignos,
3079 2548 3142 2587 ac
3216 2535 3259 2586 si
3306 2534 3404 2599 vis,
3460 2534 3706 2591 doctrina

2116 2627 2382 2696 exquisita
2409 2624 2682 2697 praeditos,
2707 2623 2798 2678 sed
2834 2625 2967 2677 nihil
3024 2625 3086 2677 ad
3136 2624 3502 2679 Prudentium.
3554 2622 3705 2680 γωδ·

2115 2717 2235 2771 bam
2255 2717 2435 2781 etiam,
2484 2715 2592 2784 jam
2623 2715 2821 2769 sarculo
2881 2716 3125 2785 proxime
3166 2715 3350 2786 elapso
3400 2714 3555 2784 paulo
3587 2724 3706 2785 post

2114 2809 2320 2864 initium
2354 2824 2380 2861 a
2404 2808 2637 2863 Weitzio
2668 2810 2962 2864 editionem
3011 2808 3239 2879 Operum
3275 2807 3550 2862 Prudentii
3581 2823 3703 2864 cum

2113 2905 2455 2971 omnium,ut
2478 2904 2715 2973 putabat,
2754 2910 3015 2974 quotquot
3073 2904 3125 2959 in
3171 2902 3520 2957 Prudentium
3572 2903 3703 2957 scri-

2113 3005 2351 3064 pserant,
2379 2995 2779 3050 commentariis
2806 2993 2971 3049 fuisse
2993 3002 3330 3062 procuratam
3364 3012 3376 3045 :
3408 2993 3500 3049 sed
3530 3006 3703 3063 neque

2114 3087 2378 3143 Weitzius
2406 3103 2593 3142 omnes
2618 3102 2800 3148 eorum
2826 3086 2917 3156 qui
2949 3095 3334 3155 praecesserant
3374 3088 3703 3143 eammeam-

408 3192 537 3233 vero
580 3180 857 3234 inficiabor
903 3182 1081 3249 plures
1124 3182 1398 3241 exstitisse
1448 3182 1590 3234 viros
1630 3180 2003 3245 doctissimos,
2033 3171 2079 3230 C
2115 3178 2225 3231 rios
2274 3177 2436 3241 vidit,
2462 3187 2664 3245 etpost
2704 3191 2824 3230 eum
2858 3175 3011 3229 multi
3061 3177 3411 3245 scripserunt,
3465 3176 3703 3232 Pruden-

409 3274 499 3343 qui
529 3275 582 3328 in
615 3274 717 3329 ltoc
746 3276 882 3345 Opus
905 3276 1274 3341 incubuerint;
1307 3274 1399 3330 sed
1427 3290 1611 3331 eorum
1642 3273 1730 3327 alii
1762 3274 1829 3326 ad
1857 3272 2004 3326 scho-

408 3362 576 3417 larum
600 3408 613 3430 ,
648 3367 761 3419 sive
790 3368 930 3437 quod
969 3367 1019 3420 in
1053 3366 1191 3421 idcnt
1224 3367 1443 3431 recidit,
1486 3366 1553 3417 ad
1582 3363 1824 3434 Delphini
1856 3380 2003 3417 usam

406 3455 671 3512 editiones
706 3472 829 3511 suas
857 3460 1349 3521 accomutodarunt,
1384 3457 1473 3511 alii
1507 3456 1851 3524 theologiam,
1887 3470 2002 3521 quae

406 3544 474 3598 ad
499 3554 736 3601 exactam
767 3547 925 3616 hujus
962 3558 1131 3617 poetae
1164 3547 1656 3615 interpretationem
1694 3545 1899 3615 penitus
1922 3554 2003 3599 est

407 3640 714 3691 necessaria
736 3680 749 3704 ,
782 3646 875 3692 aut
905 3640 1125 3702 nullam,
1156 3648 1264 3703 aut,
1301 3639 1439 3709 quod
1474 3624 1736 3706 pejus'est
1760 3678 1772 3697 .
1806 3637 1998 3689 malam

408 3726 735 3783 habuerunt.
785 3730 902 3797 Quo
952 3729 1119 3801 magis
1160 3729 1310 3785 nobis
1362 3739 1443 3784 est
1486 3728 1794 3783 enitendum
1845 3738 2002 3797 atque

407 3818 793 3876 elaborandum
816 3864 829 3887 ,
863 3831 921 3876 ut
950 3831 1118 3891 poeta:
1151 3822 1319 3877 nostri
1360 3821 1596 3876 carmina
1624 3832 1676 3875 et
1706 3820 2000 3875 doctrinam

1362 3936 1387 3957 ’

485 3977 561 4047 (α)
599 3978 765 4031 Acute
800 3977 927 4031 olim
971 3978 1190 4032 Porcius
1236 3976 1395 4030 Latro
1436 3975 1701 4041 Marillio,
1742 3990 1841 4028 suo
1888 3989 1997 4047 tua:

446 4046 579 4103 istro
605 4088 621 4112 ,
663 4048 937 4116 respOndit
978 4049 1027 4102 in
1069 4047 1242 4115 Opere
1275 4048 1771 4101 Controversiarum
1798 4087 1813 4107 ,
1856 4046 1998 4114 quod

454 4120 555 4173 atri
587 4119 803 4173 Senecm
838 4118 1159 4187 pltilo50phi,
1184 4134 1338 4187 quem
1366 4117 1595 4171 Marcum
1626 4123 1832 4187 vocant,
1859 4116 1997 4171 solet

408 4204 551 4243 nunc
581 4190 792 4243 attribui
836 4186 908 4259 (in
941 4188 1152 4259 Prwfat.
1180 4186 1265 4241 lib.
1301 4204 1315 4239 l
1348 4188 1657 4259 Controv.)r:
1687 4186 1812 4239 Cum
1845 4188 1999 4259 disci-
2024 4229 2043 4247 ,

407 4259 521 4331 puli
548 4276 766 4314 essemus
794 4258 934 4329 apud
973 4258 1261 4333 Lfafiflium
1291 4259 1538 4333 rhetorem
1559 4299 1572 4321 ,
1606 4258 1999 4333 frontinem‘satis

407 4328 615 4386 stridunt
640 4333 946 4400 paucissima
976 4328 1121 4395 belle,
1150 4332 1237 4384 sed
1267 4347 1367 4383 non
1389 4328 1593 4398 vnlgato
1619 4344 1798 4396 genere
1826 4330 1971 4381 diem
1995 4359 2000 4365 -

410 4413 535 4468 tem,
586 4419 699 4455 cum
743 4404 829 4455 ille
858 4404 1135 4455 exilitatem
1165 4402 1406 4454 orationis
1443 4416 1546 4453 sua:
1577 4400 1845 4463 imputaret
1877 4414 1971 4451 con

408 4475 695 4538 troversiw,
744 4482 789 4525 et
836 4473 1069 4526 diceret:
1113 4491 1130 4522 ι
1171 4471 1388 4525 Necesse
1438 4482 1541 4535 est,
1598 4486 1675 4522 me
1703 4486 1791 4538 per
1820 4470 1966 4540 spiao

407 4560 525 4597 sum
574 4544 740 4596 locum
797 4545 1137 4596 ambulantem
1183 4559 1455 4613 suspensos
1513 4543 1660 4613 pedes
1711 4557 1925 4605 ponere,
1970 4559 1991 4613 γ

408 4617 572 4668 aiebat
607 4613 762 4667 Latro
794 4631 811 4668 :
849 4634 865 4665 t
903 4614 1025 4668 Non
1058 4600 1368 4668 ille/terentes
1425 4600 1672 4679 tni'pedex
1701 4600 1870 4679 spinas
1897 4600 2006 4663 eal—
2035 4600 2083 4659 D

406 4697 546 4753 cant,
574 4687 661 4753 sed
674 4686 906 4741 habent»
932 4685 996 4739 Et
1010 4686 1177 4739 statim
1204 4686 1311 4749 ipse
1339 4684 1532 4736 dicebat
1562 4682 1853 4753 sententias,
1885 4699 1998 4751 qua

404 4752 663 4828 interponi
684 4757 995 4826 argumentis
1035 4772 1147 4809 cant
1184 4758 1403 4808 maxime
1427 4753 1756 4806 declamantis
1780 4752 1993 4805 Mariflii

448 4835 636 4881 essent.

406 4844 636 4899 possent.

485 4898 557 4967 (ὁ)
600 4897 857 4952 Nimirum
904 4897 1177 4951 historiam
1225 4913 1287 4950 ex
1341 4896 1537 4950 Cenes.
1592 4910 1709 4963 cap.
1754 4895 1849 4967 lt,
1892 4909 1995 4963 qua

406 4965 608 5023 Abram
631 4970 824 5023 dicitur
845 4967 1208 5021 numeravisse
1233 4968 1512 5033 expeditos
1537 4965 1851 5018 vernaculos
1873 4978 1998 5019 suos

409 5048 683 5095 trecentos
730 5039 914 5093 decem
959 5047 1013 5093 et
1060 5048 1219 5101 rcto,
1263 5040 1454 5104 quibus
1496 5037 1645 5088 irruit
1697 5037 1746 5088 in
1794 5037 1996 5097 Itostea,

407 5120 732 5181 captumque
753 5110 851 5164 Lut
877 5109 1104 5171 reduxit,
1135 5110 1197 5161 ad
1227 5108 1534 5177 allegoriam
1558 5115 1902 5172 convertens,
1928 5106 1998 5159 ita

405 5182 605 5238 cecinit
634 5198 646 5234 :

666 5293 765 5344 Nos
788 5306 899 5344 esse
924 5294 1057 5355 large
1080 5290 1385 5355 vernularum
1409 5291 1607 5355 divites.

663 5358 714 5407 Si
738 5356 851 5417 quid
878 5353 1107 5419 trecenti,
1133 5354 1206 5403 bis
1232 5356 1435 5419 novenis
1458 5353 1653 5419 additis,

660 5416 872 5480 Possint,
900 5416 1051 5477 figura
1076 5418 1353 5466 noverimus
1376 5417 1595 5478 mystica.

412 5568 468 5623 ld
501 5574 678 5622 autem
720 5579 822 5619 non
855 5578 972 5619 esse
1004 5562 1223 5633 aenigma
1248 5603 1261 5627 ,
1304 5560 1397 5617 sed
1430 5559 1996 5633 explicationemallc—

409 5638 647 5709 goricam
696 5636 810 5709 ejus
860 5631 1133 5709 historiae,
1173 5648 1239 5689 eo
1270 5641 1509 5709 tempore
1559 5633 1735 5709 inore
1764 5642 1817 5685 et
1849 5631 1998 5709 libris

413 5704 703 5764 inultorutn
737 5704 1255 5775 frequentissimam,
1292 5704 1565 5775 evidenter
1596 5706 1994 5775 demonstrabo,

412 5796 531 5839 eum
564 5780 813 5834 distincto
834 5772 1014 5848 capite
1042 5792 1232 5847 ponam
1265 5773 1608 5830 auctoritates
1638 5772 1729 5829 SS.
1759 5775 1993 5842 Patrum,

2114 3268 2245 3320 tium
2273 3266 2709 3336 interpretantes,
2737 3266 2973 3319 uberiori
3006 3267 3124 3320 luce
3150 3282 3309 3337 quam
3341 3276 3547 3325 veteres
3584 3283 3700 3338 βοτη

2113 3358 2238 3423 fusi,
2284 3374 2456 3429 neque
2489 3361 2682 3413 minori
2710 3358 2971 3413 industria
2994 3361 3222 3413 connisi.

2184 3451 2236 3504 9.
2262 3451 2441 3519 itaque
2469 3465 2629 3504 nemo
2660 3451 2789 3503 mihi
2823 3452 2954 3505 vitio
3004 3461 3197 3517 vertet,
3258 3453 3367 3507 imo
3420 3453 3618 3520 multis,
3643 3462 3700 3511 ut

2112 3561 2291 3617 spero,
2347 3555 2555 3615 gratum
2585 3542 2799 3607 faciam,
2826 3545 2871 3598 si
2898 3544 3243 3599 Prudentium
3285 3560 3350 3600 eo
3406 3556 3597 3601 ornatu
3643 3548 3697 3601 in

2114 3639 2283 3693 lucem
2317 3639 2579 3706 emittam,
2613 3654 2719 3707 quo
2749 3638 2899 3693 mulzi
2930 3648 3137 3694 veteres
3160 3639 3451 3709 scriptores
3482 3640 3698 3710 prou‘ie-

2111 3742 2256 3795 runt,
2290 3731 2537 3802 notisque
2563 3730 2790 3785 aliorum
2815 3733 3051 3787 omnium
3085 3732 3332 3787 indicatis
3362 3748 3508 3788 meas
3533 3736 3696 3789 etiam

2113 3821 2609 3878 animadversiones
2640 3822 2942 3894 adjungam.
2976 3824 3171 3891 Quales
3212 3822 3317 3880 illae
3345 3825 3454 3882 sint
3481 3826 3694 3896 futura,

2109 3978 2196 4045 qui
2232 3978 2284 4030 in
2326 3980 2578 4033 trecentis
2623 3989 2676 4034 et
2721 3977 3081 4048 duodeviginti
3131 3981 3343 4036 Abiami
3397 3985 3695 4040 vernaculis

2108 4064 2323 4123 erucem
2355 4050 2551 4123 Christi
2583 4066 2884 4123 nomenque
2910 4054 3036 4105 .lestt
3077 4052 3406 4117 intelligunt,
3448 4056 3568 4122 quia
3602 4072 3695 4123 per

2110 4116 2349 4171 Graecam
2381 4120 2611 4175 litteram
2641 4122 2705 4183 T,
2732 4116 2849 4189 quae
2880 4123 3044 4191 figura
3073 4130 3155 4175 est
3179 4126 3373 4187 crucis,
3407 4116 3693 4180 ct'titte'ras

2110 4212 2125 4241 ι
2154 4198 2206 4242 et
2231 4213 2290 4253 η,
2326 4191 2515 4256 quibus
2545 4191 2700 4243 Jcsus
2733 4207 2924 4245 nomen
2960 4192 3265 4256 inchoatur,
3301 4209 3551 4245 numerus
3581 4206 3690 4248 ter-

2107 4272 2319 4313 centum
2348 4261 2533 4315 decent
2559 4269 2611 4315 et
2637 4272 2756 4314 octo
2783 4262 2967 4316 Greece
2998 4262 3332 4329 exprimitur.
3372 4262 3691 4320 Prudentius

2109 4329 2268 4399 igitur
2310 4331 2802 4400 interpretationem
2836 4333 2994 4401 vulgo
3035 4341 3212 4385 nomn
3249 4334 3365 4399 jure
3406 4348 3502 4386 suo
3526 4376 3541 4398 ,
3575 4336 3692 4390 sive

2102 4400 2218 4470 lege
2247 4403 2455 4473 poetica
2481 4402 2716 4458 indicare
2749 4400 2954 4458 tantum
2986 4404 3153 4458 voluit
3178 4446 3191 4467 ,
3226 4405 3351 4459 illttd
3379 4404 3579 4460 Horatii
3605 4421 3690 4462 se-

2103 4480 2257 4526 cutus
2291 4491 2302 4526 :
2734 4484 2743 4493 ‘
3378 4482 3383 4489 ‘

2170 4567 2378 4630 Semper
2403 4568 2459 4615 ad
2482 4575 2714 4617 eventum
2738 4566 2952 4630 festinat,
2981 4570 3097 4616 etin
3124 4568 3309 4618 medias
3332 4583 3431 4627 res,

2170 4629 2274 4679 Non
2295 4644 2439 4680 secus
2458 4644 2511 4679 ac
2534 4636 2687 4687 notas,
2708 4631 2979 4680 auditorem
3002 4631 3141 4693 rapit.

2104 4734 2351 4789 Fortasse
2382 4735 2539 4789 etiam
2578 4734 2838 4803 reliquum
2872 4753 2880 4783 :

2171 4913 2417 4976 DeSperat
2441 4919 2639 4962 tractata
2666 4912 2915 4961 nitescere
2942 4924 3099 4974 posse,
3130 4850 3376 4977 reiiitgiiiﬁ

2174 5018 2249 5087 (c)
2277 5017 2560 5072 Enimvero
2580 5031 2699 5071 cum
2722 5015 2807 5069 ditt
2832 5016 3163 5085 multumque
3185 5016 3506 5071 dubitassem
3532 5032 3687 5081 quam

2108 5088 2442 5155 potissimum
2494 5088 2629 5141 viam
2674 5090 2978 5142 insisterem
3008 5128 3021 5150 ,
3076 5088 3361 5157 pluresque
3407 5088 3592 5139 doctos
3639 5095 3685 5141 «ιε

2106 5159 2393 5227 prudentes
2442 5160 2584 5213 viros
2628 5158 3058 5223 consuluissem,
3106 5160 3261 5226 ιιΙιιιο
3301 5158 3427 5211 mihi
3475 5157 3686 5218 accidit,

2104 5230 2245 5296 quod
2295 5229 2609 5296 Demiphoni
2663 5232 2713 5283 in
2778 5229 3096 5284 Phormione
3142 5228 3413 5289 Terentii,
3460 5236 3577 5279 actu
3630 5244 3686 5287 ιι,

2104 5315 2261 5355 scena
2294 5302 2326 5355 5
2352 5342 2365 5363 ,
2405 5302 2493 5369 qui
2524 5316 2643 5354 cum
2688 5310 2798 5355 tres
2835 5299 3253 5369 jurecunsultos
3274 5298 3338 5349 tle
3367 5297 3564 5369 nuptiis
3597 5296 3689 5352 filii

2105 5366 2503 5439 interrogasset,
2526 5381 2579 5425 et
2605 5371 2815 5425 diversa
2840 5366 3134 5439 sentientes
3156 5366 3449 5439 audivisset
3475 5385 3485 5417 :
3519 5366 3690 5421 πει-ἕω

2101 5442 2164 5494 tis
2192 5436 2366 5511 probe,
2399 5445 2489 5508 ait,
2524 5443 2763 5496 incertior
2788 5456 2899 5493 sum
2927 5438 3087 5491 multo
3112 5452 3265 5507 quam
3291 5436 3505 5490 dudum.

2167 5542 2292 5591 Trrs
2316 5545 2428 5592 mihi
2457 5545 2694 5605 convivae,

2108 5625 2174 5681 Ut
2194 5628 2324 5681 alius
2351 5628 2543 5693 aiebat,

2601 5729 2749 5779 prope
2774 5716 3034 5779 dissentire
3060 5714 3300 5779 videntur,

2171 5781 2438 5833 Poscentes
2464 5777 2816 5829 vario'multum
2841 5777 3033 5827 diversa
3061 5778 3235 5840 palato.
