4142 6350
396 308 499 367 875

1794 304 2239 364 PRUDEN'HUS.

3547 315 3645 369 576

394 408 754 498 quantumque
777 428 909 482 ultra
931 428 1157 481 aliorum
1216 425 1564 494 interpretum
1609 425 1821 478 inventa
1864 426 1968 478 sim
1996 426 2048 485 Α
2074 425 2193 479 dico
2214 426 2346 480 meis
2379 427 2613 495 ineptiis,
2637 428 2729 482 sed
2751 424 3180 496 gravissimorum
3205 430 3478 485 hominum
3502 446 3644 485 com-

322 578 335 586 ,
397 534 711 591 progressus
758 521 975 573 minime
1020 518 1216 581 dicam,
1277 532 1380 572 non
1463 516 1633 571 solum
1670 533 1737 571 ne
1790 516 1972 571 videar

397 620 607 665 montes
635 624 822 665 aureos
853 609 1144 679 polliceri,-
1168 609 1260 663 sed
1288 609 1410 678 quia
1467 608 1623 664 facile
1655 608 1829 677 quivis
1881 623 1973 677 per

397 717 457 757 se
480 702 675 772 poterit
698 699 958 769 judicare,
1003 702 1049 753 si
1073 702 1487 755 commentarios
1534 716 1642 769 pra:
1691 701 1859 755 oculis
1883 701 1976 754 ha-

398 793 594 856 buerit,
624 800 677 846 et
709 793 832 846 hinc
888 792 1013 846 inde
1036 792 1338 847 contulerit.
1391 792 1524 847 Illud
1572 807 1732 846 unum
1776 792 1971 860 dicam,

400 885 453 939 in
475 885 677 939 duabus
704 884 1042 940 facultatibus
1072 900 1202 955 quas
1248 886 1313 940 ad
1366 885 1637 940 Prudentii
1663 884 1977 954 explicatio-

398 992 519 1032 nem
546 978 875 1031 necessarias
901 992 1018 1031 esse
1045 985 1167 1032 ante
1199 978 1375 1045 posui,
1406 992 1598 1046 nempe
1628 978 1680 1031 in
1714 976 1789 1031 rei
1822 976 1978 1029 theo-

401 1066 589 1136 logicae
635 1082 697 1122 ac
735 1067 1092 1137 philologiae,
1121 1069 1441 1122 nominatim
1472 1083 1598 1122 vero
1621 1069 1865 1138 poeticae,
1891 1083 1979 1120 co-

399 1159 753 1228 gnitionibus,
789 1174 874 1214 me
903 1174 931 1213 a
968 1174 1135 1229 puero
1188 1174 1291 1214 non
1342 1160 1682 1230 indiligenter
1708 1161 1809 1214 sub
1852 1175 1981 1230 pra:-

400 1251 749 1304 stantissimis
797 1251 1108 1320 magistris,
1159 1253 1361 1307 utinam
1414 1251 1637 1307 feliciori
1709 1252 1979 1318 tempore,

402 1353 524 1396 esse
552 1351 841 1405 versatum,
870 1343 1149 1411 sive’quod
1178 1344 1333 1411 genio
1363 1344 1590 1413 quodam
1626 1345 1679 1397 in
1710 1343 1825 1398 haec
1871 1352 1983 1397 stu-

404 1433 490 1487 dia
514 1434 775 1504 impulsus
796 1436 1141 1499 fuerim,sive
1170 1436 1308 1505 quod
1361 1438 1596 1491 rationes
1648 1438 1768 1491 vitae
1821 1438 1983 1506 apri-

406 1524 509 1578 mis
576 1526 731 1579 annis
800 1535 1064 1596 suscepta:
1130 1528 1199 1581 ita
1248 1528 1641 1597 flagittverint;
1713 1527 1856 1597 quod
1917 1542 1982 1582 eo

406 1615 606 1669 dictum
624 1617 766 1685 volo,
799 1632 902 1672 non
928 1629 981 1672 ut
1010 1622 1463 1688 exspectationem
1505 1623 1731 1676 excitem
1753 1661 1766 1686 ,
1808 1620 1901 1676 sed
1928 1629 1985 1674 ut

407 1709 725 1777 arrogantiae
752 1710 1110 1780 suspicionem
1138 1712 1361 1766 diluam.

2077 518 2352 572 mentariis
2381 533 2484 571 non
2512 518 2791 585 praeferat?
2820 520 3020 574 Omitto
3042 535 3101 575 ea
3159 536 3276 590 quae
3312 537 3376 577 ex
3429 521 3647 577 editoris

2076 606 2334 661 industria
2359 607 2706 677 etdiligentia
2767 610 2985 664 editioni
3046 611 3319 667 Parmensi
3362 612 3645 677 accedent,

2079 701 2470 774 prazsertimuex
2502 701 2655 755 codd.
2692 715 2818 755 mss.
2848 701 3120 757 Vaticanis
3144 702 3476 771 deprompta,
3529 707 3647 770 qui-

2080 790 2284 844 busille
2337 782 2769 847 commodissime
2813 795 2884 847 uti
2934 802 3143 863 potest:
3195 796 3346 864 cujus
3393 793 3648 851 doctrina:

2081 890 2283 937 tantum
2308 885 2531 939 abestut
2558 885 2846 955 quidquam
2864 886 3159 942 detractum
3192 888 3371 952 velim,
3395 898 3453 941 ut
3479 887 3650 957 potius

2080 988 2144 1029 ex
2165 990 2229 1030 eo
2255 975 2419 1041 fonte,
2454 991 2573 1031 cum
2600 977 2801 1041 licebit,
2825 992 3034 1047 sperem
3062 993 3208 1034 meos
3256 978 3497 1034 hortulos
3534 979 3651 1033 irri-

2080 1085 2227 1139 gare,
2260 1071 2490 1139 adjecta,
2512 1071 2556 1125 si
2580 1071 2684 1126 alia
2716 1075 2798 1126 via
2821 1072 2979 1139 desit,
3012 1073 3306 1141 appendice
3328 1071 3426 1143 (ὁ).

2150 1162 2199 1231 7
2232 1162 2319 1217 15.
2347 1160 2529 1229 Itaque
2557 1177 2675 1216 cum
2708 1163 2837 1217 nihil
2861 1164 3285 1233 sitquamobrem
3317 1164 3384 1217 ab
3422 1163 3652 1232 incmpto

2082 1252 2339 1307 desistere
2368 1253 2611 1319 debeam,
2640 1255 2779 1324 quod
2811 1255 3071 1324 reliquum
3119 1264 3221 1324 est,
3267 1254 3505 1309 ordinem
3549 1270 3654 1324 quo

2084 1342 2355 1399 Prudentii
2389 1360 2549 1414 opera
2577 1361 2605 1399 a
2658 1362 2743 1401 me
2786 1356 2909 1402 sunt
2939 1348 3143 1403 edenda
3196 1346 3494 1416 explicabo.
3543 1345 3655 1399 Pri-

2084 1451 2226 1489 mum
2257 1435 2371 1490 haec
2404 1434 2806 1506 Prolegomena,
2840 1454 2957 1508 quze
2981 1439 3089 1508 jam
3114 1453 3334 1493 exarare
3373 1437 3510 1506 coepi
3564 1451 3655 1504 ap-

2085 1544 2287 1599 ponere
2347 1529 2589 1593 decrevi,
2652 1523 3001 1585 Pru‘dentiana
3072 1531 3403 1595 inscribens,
3452 1529 3655 1583 titulum

2085 1635 2148 1675 ac
2172 1636 2357 1691 magna
2386 1640 2451 1679 ex
2499 1624 2739 1692 parterei
2794 1624 3065 1691 exemplar
3114 1630 3382 1676 mutuatus
3422 1636 3540 1674 cum
3594 1619 3659 1673 ab

2087 1712 2223 1781 aliiS,
2254 1718 2340 1787 qui
2372 1714 2687 1770 Gersoniana
2713 1724 2766 1769 et
2806 1715 3004 1769 similes
3047 1714 3226 1768 titulos
3257 1713 3513 1776 fecerunt,
3547 1720 3658 1765 tum

478 1804 565 1858 10.
598 1804 749 1860 Alius
777 1821 918 1860 nunc
947 1808 1226 1876 scrupulus
1270 1808 1585 1863 eximendus
1638 1818 1738 1863 est.
1787 1804 1982 1870 Audio,
2012 1799 2062 1860 Β
2090 1810 2383 1882 praesertim
2415 1808 2529 1863 aC.
2582 1808 2644 1861 ν.
2699 1807 2916 1860 Danielc
2962 1805 3174 1869 lluctio,
3222 1806 3309 1874 qui
3353 1802 3658 1874 Origeniana

407 1895 696 1952 editionem
727 1912 944 1967 operum
977 1898 1253 1957 Prudentii
1280 1900 1344 1954 ad
1384 1900 1542 1955 codd.
1602 1914 1731 1956 mss.
1774 1897 1986 1952 Vatica-

410 2002 508 2043 nos
529 1988 735 2044 Parmae
753 1991 861 2059 jam
914 1991 1121 2060 pridem
1164 1976 1282 2046 esse
1330 1992 1652 2046 inchoatam.
1686 1990 1823 2058 Quid
1860 1980 1988 2059 ergo

412 2095 551 2135 nunc
589 2082 737 2149 juvat
772 2082 1027 2137 Immanis
1077 2085 1216 2154 typis
1272 2082 1618 2138 Prudentium
1675 2080 1990 2137 excudere?

414 2169 592 2226 Dicam
617 2173 756 2241 quod
781 2188 867 2228 res
883 2184 965 2228 est
1002 2193 1012 2225 :
1043 2175 1085 2228 si
1125 2174 1190 2227 de
1239 2173 1514 2228 Parmensi
1565 2173 1803 2228 editione
1839 2171 1991 2242 quid-

413 2274 570 2330 quam
597 2270 721 2316 ante
748 2262 1127 2318 inaudivissem
1149 2279 1307 2335 quam
1365 2265 1599 2317 animum
1632 2263 1695 2317 ad
1744 2263 1883 2317 hunc
1911 2262 1989 2315 la-

417 2354 600 2407 borem
622 2355 1017 2425 applicuissem,
1042 2357 1494 2412 fortasseomuino
1514 2357 1646 2410 nilnl
1671 2356 1736 2411 de
1758 2356 1993 2411 Pruden-

418 2443 490 2498 tio
518 2444 725 2500 edendo
748 2449 1081 2517 cogitassem.
1109 2449 1367 2516 Quoniam
1396 2464 1526 2505 vero
1553 2450 1608 2520 6
1645 2450 1898 2519 cogitatio
1927 2449 1993 2503 de

418 2549 477 2590 re
504 2538 695 2609 quavis
718 2548 808 2613 aut
834 2549 1043 2616 nonest
1070 2540 1430 2610 suscipienda,
1454 2549 1564 2607 aut,
1590 2540 1991 2609 sisusciptalur,

417 2626 533 2682 sine
563 2643 721 2685 causa
754 2647 859 2686 non
887 2640 968 2686 est
992 2632 1435 2709 derelinquenda,
1480 2631 1727 2685 dubitare
1755 2632 1892 2699 ccepi
1927 2646 1994 2684 an

418 2719 487 2772 ob
508 2720 796 2777 editionem
826 2721 1166 2778 Parmensem
1194 2739 1221 2777 a
1248 2725 1522 2793 proposito
1568 2737 1783 2777 cessare
1832 2722 1994 2778 debe-

421 2828 564 2877 rem,
597 2814 648 2868 in
676 2830 780 2884 quo
823 2807 1221 2885 prudentiorum
1246 2818 1470 2872 consilio
1514 2832 1670 2883 quam
1731 2832 1849 2871 meo
1904 2832 1996 2871 ac-

420 2904 697 2972 quiescere
754 2907 940 2962 malui.
1000 2908 1226 2963 Aiebant
1274 2909 1572 2977 gravissimi
1622 2909 1863 2963 homines
1910 2908 1998 2977 qui

422 3011 536 3050 rem
567 2998 773 3063 penitus
795 3013 853 3054 se
876 2998 1013 3055 scire
1067 3003 1462 3067 asseverabant,
1506 3002 1704 3056 nullam
1743 3002 1997 3071 reliquam

424 3102 575 3156 spem
601 3103 741 3154 esse,
772 3101 827 3145 ut
849 3092 1015 3148 editio
1046 3094 1133 3148 illa
1151 3095 1355 3149 Parmae
1406 3095 1650 3150 inchoata
1703 3096 1768 3149 ad
1800 3095 1997 3150 exitum

2092 1903 2342 1972 operibus
2382 1900 2630 1970 Origenis
2668 1899 2986 1967 prteposnit;
3055 1911 3369 1965 quamquam
3420 1910 3577 1949 nemo
3632 1908 3661 1946 a

2093 2012 2179 2051 me
2211 1994 2440 2062 postulet
2463 1998 2833 2059 autexspectet
2862 1997 2919 2042 ut
2947 1988 3139 2042 exilem
3168 1984 3440 2040 dividendi
3495 1985 3661 2038 ratio-

2095 2104 2215 2144 nem
2238 2103 2430 2158 sequar
2459 2099 2613 2153 quam
2669 2084 2755 2137 ille
2813 2080 3014 2147 tenuit,
3075 2079 3184 2133 suis
3219 2078 3421 2132 civibus
3457 2091 3660 2131 morem

2095 2196 2308 2253 gerens,
2338 2179 2426 2249 qui
2459 2192 2545 2232 res
2597 2172 2857 2244 quaslibet
2909 2171 3108 2225 minute
3157 2170 3332 2240 potius
3381 2166 3663 2222 concidunt

2096 2289 2253 2342 quam
2285 2269 2550 2325 dividunt.
2574 2268 2737 2336 Igitur
2761 2270 2812 2319 in
2844 2264 2926 2318 his
2957 2261 3341 2332 prolegomenis
3394 2260 3463 2313 ita
3512 2274 3664 2327 argu-

2098 2377 2332 2421 mentum
2352 2370 2735 2434 persequar,ut
2789 2375 2906 2414 sese
2955 2372 3042 2412 res
3081 2359 3205 2426 ipsa:
3234 2356 3457 2425 simplici
3481 2353 3665 2408 ordine

2098 2457 2317 2519 dabunt,
2345 2465 2398 2510 et
2418 2462 2575 2525 prout
2602 2453 2773 2523 quivis
2814 2466 2909 2521 per
2929 2466 2986 2505 se
3015 2451 3180 2520 possit
3206 2448 3524 2517 intelligere.
3542 2447 3666 2512 Quis

2099 2550 2262 2611 enim,
2298 2548 2457 2601 etiam
2506 2558 2592 2598 tne
2639 2552 2867 2605 tacente,
2914 2556 3015 2595 non
3066 2539 3342 2608 percipiat,
3385 2537 3664 2592 dicendum

2100 2631 2219 2696 esse
2264 2639 2330 2694 de
2385 2637 2486 2691 vita
2540 2634 2832 2699 Prudentii,
2877 2632 2943 2687 de
2970 2631 3218 2701 operibus
3273 2645 3388 2700 qua:
3438 2636 3667 2693 exstant,

2102 2748 2219 2802 quae
2242 2738 2535 2801 perierunt,
2560 2741 2680 2794 qua:
2710 2726 2869 2780 dubie
2910 2734 3001 2778 aut
3043 2723 3176 2777 falso
3227 2724 3272 2777 ei
3313 2722 3667 2784 ascribuntur,

2102 2825 2169 2878 de
2197 2822 2469 2876 codicibus
2494 2833 2647 2885 mss,
2692 2817 2758 2872 de
2788 2814 3132 2881 coitionibus,
3165 2815 3230 2869 de
3278 2813 3671 2869 commentariis

2104 2915 2260 2968 editis
2305 2908 2539 2967 etmssJ?
2567 2909 2868 2963 Doctrinam
2897 2920 3023 2960 vero
3047 2904 3314 2959 Prudentii
3345 2902 3669 2972 contrahaz-
3718 2970 3719 2973 η

2106 3000 2343 3069 retices,
2402 3011 2585 3057 contra
2636 2999 2923 3055 nonnullos
2964 2997 3255 3053 catholicos
3309 2995 3667 3067 prepugnabo.

2105 3099 2373 3165 Quosdam
2402 3078 2637 3165 insignes
2662 3097 2805 3149 locos
2834 3095 2972 3147 circa
3004 3091 3193 3160 dogma
3224 3105 3284 3144 ac
3339 3088 3670 3158 disciplinam

427 3179 836 3261 l‘e'duccrelut;
879 3186 1283 3241 conselllieballl
1328 3196 1583 3255 pra‘lerea
1620 3174 1761 3249 eam.
1787 3187 1994 3249 etiamsi
2027 3178 2071 3242 C
2103 3190 2519 3245 ecclesiasticam
2540 3187 2606 3241 de
2634 3186 2777 3239 cultu
2822 3184 3186 3254 reliquiarum,
3230 3182 3295 3236 de
3341 3181 3674 3235 irivoratioue

425 3269 809 3341 absolveretur,
843 3277 1190 3346 nequicquam
1235 3292 1390 3348 posse
1422 3280 1553 3333 meis
1586 3278 1728 3333 turis
1760 3279 1993 3333 obstare.

497 3359 581 3414 Η.
608 3361 747 3419 Sane
778 3365 908 3419 mihi
943 3367 1049 3421 duo
1064 3379 1207 3422 certa
1231 3383 1349 3423 esse
1374 3369 1685 3424 videbantur
1715 3389 1727 3424 :
1752 3370 1997 3436 alterum,

426 3451 687 3521 duplicem
717 3455 985 3512 Prudentii
1011 3458 1301 3515 editionem
1320 3464 1506 3517 eodem
1542 3472 1777 3534 tempore
1820 3455 2001 3529 perac-

429 3557 534 3599 tam
574 3562 676 3603 non
708 3563 827 3606 esse
873 3567 1346 3625 supervacaneam,
1402 3558 1444 3609 si
1503 3564 1724 3625 utraque
1773 3555 2001 3609 diversis

428 3644 829 3699 commentariis
871 3657 1056 3701 ornata
1101 3649 1199 3711 sit;
1252 3649 1498 3711 alterum,
1549 3649 1834 3702 editionem
1883 3664 2001 3716 qua:

430 3734 634 3791 Parma:
663 3738 836 3803 fieret,
868 3756 933 3800 ex
964 3741 1061 3795 hac
1094 3742 1327 3796 Romana
1351 3743 1481 3797 nihil
1504 3741 1809 3797 detrimenti
1850 3756 2003 3811 posse

430 3841 641 3896 capere.
696 3830 1029 3900 Excmplaria
1066 3850 1284 3904 operum
1335 3836 1650 3901 Prudentii,
1708 3836 2003 3905 prmsertim

432 3933 554 3973 cum
595 3925 991 3980 commentariis
1039 3927 1173 3981 adeo
1208 3942 1323 3981 rara
1376 3935 1529 3993 sunt,
1577 3937 1633 3983 nt
1686 3929 1888 3984 venalia
1943 3943 2003 3983 ea

434 4021 675 4079 prostare
715 4030 969 4085 nusquam
1027 4021 1409 4088 compererim;
1469 4022 1535 4076 de
1566 4036 1671 4090 quo
1701 4021 1911 4091 appello
1948 4020 2006 4074 fi-

392 4164 393 4169 η
433 4105 553 4161 dem
584 4124 768 4165 eorum
799 4112 889 4181 qui
924 4112 1272 4172 bibliothecas
1322 4118 1552 4187 privatas
1581 4120 1710 4173 satis
1766 4118 2004 4187 locuple-

384 4210 390 4216 ‘
433 4207 513 4254 tes
544 4202 832 4269 possident,
865 4214 955 4259 aut
984 4206 1049 4261 ab
1078 4207 1561 4278 amicispossessas
1588 4210 1882 4277 excutiunt,
1917 4218 2007 4263 aut

432 4290 840 4361 bibliopolarum
872 4297 1117 4353 tabernas
1144 4300 1398 4366 invisunt,
1462 4310 1554 4355 aut
1601 4301 1826 4370 denique
1864 4308 2008 4356 cata-

435 4384 583 4452 logos
606 4386 1066 4453 bibliothecarum,
1124 4408 1241 4461 quae
1288 4395 1502 4449 venales
1554 4394 1790 4464 quotidie
1845 4410 2007 4463 expo-

436 4484 650 4540 nuntur,
683 4477 857 4532 solent
888 4494 1197 4546 percurrere
1216 4482 1313 4553 (a).

2101 3293 2429 3344 sanctorum,
2463 3280 2529 3333 de
2554 3278 2873 3346 templorum
2899 3286 3111 3340 ornatu,
3142 3274 3209 3329 de
3236 3274 3493 3344 sepulcris
3537 3272 3676 3326 chri-

2102 3373 2509 3440 stianorum,de
2536 3387 2631 3425 usu
2666 3372 2946 3434 lttminum,
3001 3370 3209 3439 aliaque
3250 3366 3547 3436 hujusmodi
3594 3366 3671 3419 di-
3726 3428 3727 3431 η

2104 3467 2347 3522 stinctius
2396 3474 2450 3520 et
2487 3463 2809 3519 enucleatius
2860 3478 2924 3517 ex
2972 3461 3107 3516 sacri
3152 3461 3296 3515 Vatis
3345 3460 3675 3530 poematibus
3724 3524 3729 3529 δ

2105 3574 2387 3629 exponam.

2179 3654 2264 3705 Η.
2296 3649 2543 3705 Conabor
2570 3662 2746 3703 autem
2772 3650 3002 3718 maximo
3048 3648 3228 3703 studio
3274 3663 3462 3703 novam
3516 3647 3670 3702 veluti

2106 3752 2273 3796 artem
2304 3741 2563 3809 poeticam
2592 3742 2879 3804 conficere,
2901 3739 2967 3793 ad
3010 3733 3160 3809 cujus
3213 3739 3420 3809 regulas
3480 3741 3667 3807 primos

2109 3843 2302 3887 nostrae
2340 3832 2694 3888 sanctissimae
2743 3831 3017 3900 religionis
3075 3841 3255 3899 poetas
3301 3847 3395 3885 sua
3445 3832 3667 3887 carmina

2108 3925 2351 3994 exegisse
2405 3931 2566 3992 puto;
2608 3922 2923 3987 etquamvis
2954 3922 3004 3975 in
3031 3937 3157 3991 agro
3199 3922 3398 3976 inculto
3448 3931 3496 3976 et
3529 3921 3663 3975 dere-

2109 4016 2232 4070 licto
2261 4029 2454 4083 seram,
2486 4014 2536 4068 id
2573 4022 2746 4067 tamen
2773 4012 2962 4067 faciam
2990 4028 3109 4066 cum
3136 4012 3309 4083 aliqua
3334 4028 3426 4083 spe
3455 4011 3675 4067 fructus.

2109 4110 2319 4165 Etenim
2350 4122 2409 4162 ea
2443 4108 2677 4175 cognitio
2709 4105 2825 4159 usui
2852 4119 2970 4158 esse
2999 4114 3169 4173 potest
3229 4115 3284 4158 ut
3332 4105 3470 4158 inter
3513 4105 3680 4158 varias

2110 4188 2237 4257 inss.
2267 4201 2421 4255 codd.
2450 4199 2708 4253 lectiones
2727 4188 2829 4251 non
2864 4198 3031 4251 solum
3068 4197 3121 4250 in
3150 4195 3458 4261 Prudentio,
3492 4197 3584 4251 sed
3628 4198 3678 4250 in

2110 4294 2332 4347 aliorttm
2364 4292 2521 4346 etiam
2551 4289 2648 4345 SS.
2685 4289 2898 4343 Patrum
2925 4288 3247 4342 carminibus
3265 4303 3342 4342 ea:
3363 4302 3523 4342 voces
3560 4290 3681 4342 seli-

2108 4394 2318 4454 gantur,
2339 4398 2457 4453 qum
2486 4380 2686 4450 legibus
2730 4390 2780 4432 et
2829 4378 3219 4441 consuetudini,
3274 4379 3323 4433 in
3381 4381 3567 4433 metris
3617 4395 3680 4434 eo

2111 4489 2347 4545 tempore
2378 4474 2529 4542 vulgo
2555 4480 2802 4540 receptae,
2834 4470 3156 4524 videbuntur
3200 4484 3318 4524 esse
3370 4470 3678 4538 aptissimae.

509 4564 596 4619 12.
623 4567 771 4632 Quod
822 4584 949 4624 vero
998 4547 1232 4628 Romana
1274 4547 1401 4630 huic
1447 4588 1623 4632 nostra
1676 4577 1837 4632 editio
1892 4547 2644 4636 Par-DReverahujusmodi
2694 4574 2861 4618 artem
2891 4563 3041 4617 valde
3083 4564 3267 4616 utilem
3324 4563 3552 4617 futuram
3584 4563 3683 4617 exi-

439 4660 606 4713 mensi
638 4642 1290 4733 nihilvaleatofficere,in
1320 4680 1567 4739 promptu
1617 4681 1699 4726 est
1746 4670 2005 4740 judicare.

437 4751 565 4816 Quis
587 4754 727 4808 enim
760 4756 1094 4815 Bodonianos
1128 4769 1281 4832 typos
1307 4762 1408 4818 hoc
1430 4774 1614 4820 nostro
1639 4774 1877 4835 tempore
1903 4780 2007 4819 non

509 4906 589 4977 (α)
623 4906 750 4962 Nam
775 4909 848 4992 de
870 4910 1103 4992 editione
1124 4916 1189 4967 ad
1220 4917 1640 4992 usum_DeIpIn'm'
1677 4935 1780 4973 non
1811 4917 2007 4982 dicam,

439 4994 595 5060 quam
622 4980 808 5060 grandi
854 4983 1069 5060 pecunia
1128 4999 1190 5039 ea
1259 4980 1535 5060 vendatur,
1561 4993 1602 5043 si
1624 4992 1837 5059 quando
1866 4980 2015 5044 occal-

439 5051 518 5101 sin
541 5050 817 5133 inciderit:
851 5054 963 5106 scio
978 5056 1115 5107 enim
1150 5059 1376 5133 pretium
1411 5060 1462 5112 in
1505 5050 1819 5133 huiusmodi
1855 5062 2012 5133 rebus

439 5135 581 5202 saepe
612 5123 961 5202 intoleranter
987 5129 1186 5202 augeri,
1218 5130 1374 5202 quod
1410 5123 1650 5184 nonnulli
1695 5131 2009 5185 eruditionis

442 5196 623 5247 nescio
661 5196 798 5268 quod
825 5209 993 5263 genus
1044 5198 1096 5249 in
1160 5213 1258 5251 una
1309 5200 1480 5268 aliqua
1530 5203 1819 5256 editionum
1873 5204 2012 5256 serie

439 5266 799 5342 componenda
831 5269 1188 5342 constituunt;
1223 5272 1308 5338 qui
1359 5266 1517 5325 luxus
1572 5275 1621 5326 in
1675 5273 2011 5342 supellectile

441 5331 654 5388 libraria
685 5351 748 5391 eo
772 5336 881 5404 jam
913 5340 1196 5407 processit,
1228 5331 1441 5411 utquod
1468 5331 2010 5407 satvricus'illedixit,

1096 5474 1259 5523 Potuit
1282 5473 1482 5523 fortasse
1507 5476 1704 5523 minoris

1024 5535 1255 5595 Piscator,
1277 5549 1419 5599 quam
1445 5540 1587 5597 piscis
1611 5532 1725 5596 etut,

443 5685 506 5736 dc
535 5682 689 5747 libro,
718 5682 944 5747 librique
970 5696 1184 5740 auctore
1238 5688 1392 5740 liceat
1438 5685 1701 5739 interdum
1746 5692 2006 5752 repetere.

516 5753 928 5823 ibjl’rndentiu;
986 5755 1305 5823 Parmensis,
1366 5774 1522 5826 quem
1564 5758 1669 5828 typi
1724 5756 2012 5810 Bodoniani

2116 4668 2276 4720 stimo
2300 4663 2457 4717 etiam
2489 4658 2666 4713 multis
2693 4658 2826 4711 viris
2853 4656 3044 4721 doctis,
3099 4655 3186 4723 qui
3209 4655 3262 4710 in
3309 4662 3549 4709 veterum
3589 4654 3678 4708 1)..-

2118 4771 2255 4814 trum
2288 4752 2610 4811 carminibus
2662 4747 2934 4818 vulgandis
2973 4746 3269 4817 elaborant,
3312 4756 3365 4801 et
3420 4746 3682 4801 interdum

2124 4911 2315 4967 multos
2335 4910 2442 4978 jam
2471 4921 2639 4961 annos
2668 4904 3415 4978 parturiehant,-cor_nmodnm
3470 4922 3608 4962 nunc
3634 4908 3683 4962 in

2121 4985 2290 5037 lueem
2318 4976 2493 5033 editus
2524 4988 2604 5032 est
2631 4976 2731 5030 sub
2761 4977 2937 5047 magni
2968 4976 3195 5028 nominis
3249 4977 3524 5047 auSpiciis,
3550 4979 3685 5047 tplu-

2118 5056 2371 5106 rimorum
2396 5052 2531 5102 Votis
2558 5047 2841 5113 expetitus,
2862 5046 2867 5047 ⁷
2889 5047 3124 5113 meisque
3157 5049 3206 5099 in
3233 5046 3435 5113 primis,
3471 5046 3559 5116 qui
3610 5049 3688 5101 ni-

2119 5125 2191 5177 hil
2222 5125 2364 5189 prius
2398 5120 2574 5183 habui,
2605 5134 2759 5187 quam
2794 5127 2849 5170 ut
2901 5118 3162 5189 editiones
3209 5125 3263 5170 et
3307 5116 3687 5173 illustratioues

2121 5187 2411 5256 Prudentii,
2445 5200 2699 5259 qumquot
2730 5203 2959 5257 possem,
3011 5187 3244 5259 undique
3291 5191 3681 5257 conquirerem,

2119 5278 2407 5328 earumque
2421 5256 2663 5315 nucleum
2683 5256 2739 5312 in
2767 5259 2971 5328 publica
3002 5256 3278 5328 commoda
3310 5256 3684 5328 exprimerent.

2123 5336 2417 5388 Editionem
2451 5327 2792 5384 Parmensem
2841 5328 3072 5381 nondum
3103 5327 3207 5379 vidi
3247 5344 3258 5381 :
3289 5327 3379 5381 sed
3426 5330 3544 5383 novi
3571 5330 3689 5384 edi-

2122 5406 2251 5459 toris
2282 5404 2547 5469 d.ligentia
2580 5412 2633 5454 et
2658 5402 2832 5456 studio
2858 5400 3320 5469 interpretationes
3344 5412 3552 5453 nostras
3589 5417 3687 5469 0p-

2122 5485 2345 5545 portune
2388 5468 2730 5545 illustrandas
2757 5485 2934 5545 Spero,
2963 5468 3225 5545 siquidem
3251 5471 3366 5545 ejus
3394 5470 3469 5524 rei
3506 5468 3689 5525 nuntio

2121 5540 2339 5613 accepto
2363 5544 2717 5597 cunctandum
2767 5542 2894 5596 mihi
2938 5540 3143 5607 censui,
3204 5542 3413 5608 penitus
3453 5556 3684 5605 cessare,

2123 5617 2222 5669 fide
2249 5618 2356 5682 jam
2407 5614 2550 5677 data,
2598 5616 2757 5668 licere
2799 5619 3106 5684 non_'pu_to,
3165 5613 3405 5678 quamvis
3458 5628 3552 5684 per
3604 5627 3691 5666 me

2121 5688 2333 5753 quidem
2364 5702 2466 5738 non
2491 5687 2670 5747 stabit,
2707 5694 2763 5738 ut
2791 5684 2877 5736 alii
2919 5682 2970 5735 in
3005 5682 3129 5753 fide,
3160 5696 3314 5753 quam
3373 5685 3439 5738 de
3460 5682 3471 5684 ἡ
3493 5685 3569 5740 eis
3600 5700 3687 5740 re-

2122 5752 2256 5829 cepi,
2284 5757 2427 5811 inviti
2454 5765 2721 5823 maneant,
2766 5756 2924 5827 idque
2966 5752 3133 5825 palam
3168 5752 3440 5811 denuntio.
