4142 6350
393 386 490 440 577

1744 380 2266 438 PROLEGOMENA.

3540 381 3644 436 578

389 502 597 557 illorum
626 518 787 574 Opera
819 485 942 560 dum
978 519 1168 560 sanare
1197 503 1444 570 student,
1483 512 1828 574 corrumpunt
1873 511 1958 557 at-
1988 503 2047 565 Δ
2072 519 2205 572 opus
2235 521 2357 562 esse
2385 505 2718 561 referendam
2751 504 2945 575 epilogi
2977 504 3113 569 loco,
3147 503 3286 572 quod
3347 501 3645 570 neglectum

387 610 490 665 que
517 596 586 650 ita
610 611 690 662 se,
707 597 846 668 quod
869 598 1151 652 dolendum
1165 606 1264 658 est,
1283 598 1744 667 grammaticorum
1779 595 1964 650 sannis

388 688 663 756 objiciunt.
695 689 882 743 Solent
905 690 1043 744 enim
1074 689 1424 759 grammatici,
1460 699 1515 742 ut
1535 699 1614 742 est
1643 703 1813 757 genus
1870 688 1966 742 ho-

290 802 296 812 -
389 780 587 834 minum
613 797 888 852 arrogans,
913 783 1096 837 doctos
1123 796 1175 838 et
1200 785 1344 836 omni
1371 782 1472 836 alia
1505 783 1802 838 eruditione
1829 799 1967 853 prte-

387 880 588 926 stantes
609 873 750 937 viros
779 873 1019 938 irridere,
1045 874 1088 927 si
1118 881 1301 928 contra
1351 887 1478 927 suos
1531 888 1764 928 canonas
1822 873 1964 928 vide-

386 962 603 1016 rinteos
631 963 853 1018 licenter
879 962 1146 1032 judicare;
1182 978 1280 1018 nec
1333 966 1666 1032 perpendunt
1711 973 1963 1034 quantam

387 1055 438 1110 in
468 1055 584 1109 alis
615 1055 948 1111 facultatibus
995 1056 1288 1111 doctrinam
1339 1057 1521 1111 creteri
1563 1057 1669 1111 sint
1712 1060 1960 1121 aSeeeuti,

385 1147 477 1202 sed
506 1149 646 1218 quod
701 1150 752 1202 in
803 1150 1143 1218 grammatica
1173 1149 1275 1204 illis
1301 1147 1453 1204 deest
1503 1158 1825 1219 exaggerant
1864 1150 1963 1203 im-

385 1240 667 1309 pudenter.
1699 1317 1704 1319 ν

456 1336 542 1390 15.
572 1335 755 1405 Neque
793 1336 1032 1391 omittam
1055 1347 1290 1392 veterum
1316 1336 1734 1404 etquorumdam
1779 1351 1960 1391 recen-

384 1428 512 1483 tium
562 1428 881 1492 testinionia,
938 1429 1128 1498 quibus
1185 1429 1503 1483 Prudentius
1558 1437 1640 1483 est
1698 1429 1958 1483 laudatus.

383 1521 528 1575 Tunc
550 1519 763 1576 deruunt
785 1519 852 1574 ad
884 1521 1063 1576 Poetm
1081 1522 1138 1592 8
1161 1520 1434 1575 christiani
1459 1535 1621 1589 opera
1652 1520 1960 1574 excutienda

313 1617 318 1620 ’
379 1611 681 1684 aggiediar,
711 1612 814 1668 hoc
843 1613 1059 1667 ordine:
1095 1614 1326 1666 Primum
1355 1627 1546 1682 ponam
1570 1612 1757 1666 librum
1788 1612 1962 1666 Cat/ie-

382 1706 623 1759 marinam
671 1722 790 1760 cum
841 1705 1152 1775 praefatione
1201 1706 1437 1759 omnium
1496 1706 1810 1771 carminum,
1861 1705 1963 1758 Per

381 1800 729 1869 quinquennia
749 1803 862 1870 jam
904 1800 1096 1863 decem,
1121 1807 1225 1852 etc.
1253 1815 1267 1862 ;
1319 1807 1428 1852 tum
1472 1798 1780 1863 Apotheosin
1805 1837 1820 1861 ,
1851 1797 1962 1851 Ha-

2068 613 2148 658 est
2177 604 2327 672 sequi
2347 602 2398 654 in
2428 600 2544 668 ejus
2575 601 2832 668 editione,
2865 599 3148 654 neeminus
3177 597 3228 651 in
3254 597 3374 652 aliis
3396 599 3648 667 posterio-

2067 696 2213 752 ribus
2225 677 2512 762 eorumqiii
2535 708 2594 748 se
2611 692 2886 748 ﬂeinsium
2909 690 3136 744 maxime
3159 689 3393 744 temu'ari
3420 689 3652 758 glorian-

2068 797 2170 843 tur.
2192 786 2448 858 Equidem
2465 786 2710 841 ordinem
2729 795 2912 841 tenere
2925 785 3086 853 volui,
3111 799 3269 853 quem
3322 782 3642 838 Prudentius

2064 881 2120 952 9
2147 881 2199 933 in
2229 877 2540 948 prmfatione
2568 878 2864 932 carminum
2885 877 3200 946 praascribit,
3225 877 3310 931 ubi
3335 886 3646 946 argumenta

2065 987 2282 1026 suorum
2332 971 2709 1039 opusculorum
2743 969 2972 1024 dilucide
3023 971 3288 1038 proponit,
3317 971 3447 1024 utin
3502 985 3649 1024 com-

2067 1062 2342 1117 mentariis
2364 1060 2662 1130 explicabo.
2689 1059 2924 1129 Ubjiciat
2950 1059 3143 1130 aliquis
3179 1075 3282 1112 non
3313 1069 3562 1114 constare
3583 1076 3651 1114 an

2069 1151 2387 1208 Prudentius
2419 1166 2543 1205 suos
2574 1152 2741 1206 libros
2785 1165 2850 1204 eo
2897 1149 3085 1204 ordine
3132 1163 3236 1219 quo
3291 1149 3414 1207 illos
3460 1150 3655 1207 edebat

2068 1245 2432 1309 reccnsuerit;
2486 1242 2581 1299 sed
2623 1243 2823 1312 rogabo
2850 1256 2946 1296 cur
2977 1241 3029 1294 in
3076 1241 3446 1310 propositione
3475 1243 3656 1311 operis

2065 1338 2311 1393 ordinem
2369 1352 2527 1406 quem
2591 1335 2916 1390 observare-
2947 1333 3260 1388 decreverat
3334 1334 3661 1388 inverterit‘s

2064 1431 2221 1498 Quia,
2247 1431 2480 1500 inquies,
2501 1439 2671 1484 metro
2691 1429 2871 1498 potius
2891 1427 3054 1482 voluit
3077 1427 3381 1481 consulere.
3410 1427 3479 1482 At
3502 1427 3624 1496 igno
3641 1457 3656 1467 ο

2067 1539 2159 1577 ras
2208 1534 2356 1579 certe
2399 1533 2596 1592 quanta
2625 1521 2881 1576 facilitate
2907 1520 3250 1584 Prudentius,
3279 1535 3398 1590 qua:
3440 1521 3657 1575 volebat

2035 1657 2040 1660 .
2065 1614 2268 1679 omnia,
2298 1622 2355 1668 et
2378 1627 2485 1683 quo
2515 1612 2728 1668 volebat
2748 1611 2927 1675 modo,
2973 1612 3039 1666 ad
3068 1612 3324 1665 carminis
3385 1613 3530 1681 leges
3563 1628 3649 1666 rc-

2067 1704 2309 1758 vocabat.
2359 1705 2627 1759 Praeterea
2679 1711 2853 1773 poeta:
2881 1702 3068 1766 etiam,
3103 1701 3229 1755 dum
3279 1714 3652 1771 argumentum

2070 1803 2393 1864 proponunt,
2422 1796 2489 1847 ita
2537 1795 2666 1848 illud
2725 1794 3010 1848 enuntiare
3030 1792 3274 1846 laborant
3307 1803 3364 1845 ut
3400 1793 3656 1846 naturalis

385 1893 758 1963 mariigeniam,
793 1891 1273 1961 Psycliomac'iiam,
1307 1899 1360 1946 et
1417 1889 1775 1954 Dittochwum,
1819 1891 1961 1960 quod
1991 1887 2038 1946 B
2066 1886 2197 1942 ordo
2241 1887 2492 1955 postulat.
2538 1886 2629 1941 Sic
2663 1885 2917 1955 Virgilius
2959 1892 3187 1964 quatuor
3230 1883 3538 1954 Georgimn
3593 1885 3656 1939 li-

388 1983 724 2040 Enchiridion
753 2000 921 2039 sacra:
959 1984 1248 2053 Scripturae
1288 1985 1338 2038 in
1388 1984 1657 2053 plerisque
1687 1983 1842 2038 editis
1867 2000 1966 2053 ap-

387 2079 632 2147 pellatur.
669 2079 732 2132 Et
760 2077 873 2132 hare
918 2078 1130 2146 quidem
1187 2085 1428 2146 poemata
1477 2077 1649 2145 primo
1701 2076 1968 2130 volumine

385 2171 922 2237 comprehendentnr.
958 2169 1012 2222 ln
1029 2171 1251 2224 alterum
1285 2169 1565 2238 eonjiciam
1593 2169 1757 2223 libros
1787 2169 1966 2221 adrer-

385 2277 471 2315 sus
501 2260 887 2331 Symmachum,
919 2269 973 2314 et
1003 2260 1191 2315 librum
1228 2260 1657 2330 l’eristephanum,
1687 2274 1807 2314 eum
1832 2260 1962 2313 mul-

385 2353 452 2407 tis
472 2367 534 2408 ac
557 2353 789 2421 cepiosis
820 2352 1080 2408 indicibus
1111 2368 1288 2407 rerum
1321 2367 1382 2408 ac
1416 2353 1721 2407 verborum.

455 2447 543 2502 16.
603 2447 820 2501 Clossas
875 2456 929 2501 et
963 2445 1377 2501 commentarios
1433 2445 1758 2500 carminibus
1801 2443 1967 2512 subji-

383 2541 558 2605 ciam;
599 2539 806 2610 glossas
849 2556 916 2596 ex
967 2542 1122 2595 lsone
1168 2542 1425 2609 magistro
1481 2550 1535 2595 et
1586 2538 1967 2608 antiquissimis

385 2633 681 2705 quibusque
718 2633 992 2689 codicibus
1021 2649 1150 2688 mss.
1209 2632 1478 2687 Vaticanis
1515 2631 1776 2701 aliisque;
1823 2645 1968 2684 eom-

386 2728 675 2783 mentarios
725 2742 791 2781 ex
839 2728 1073 2797 ingenio,
1102 2741 1220 2780 cum
1274 2727 1591 2780 lectionibus
1617 2724 1964 2779 variantibus.

386 2822 478 2877 Ille
498 2821 599 2888 lso,
629 2820 742 2876 sive
771 2820 890 2874 lsou
915 2821 1033 2888 quis
1061 2819 1238 2886 fuvrit,
1274 2819 1430 2874 docet
1452 2818 1706 2874 Mullerns
1738 2818 1790 2872 in
1833 2832 1968 2886 pra:-

386 2914 581 2968 fatione
607 2912 673 2968 ad
729 2911 1018 2967 editionem
1067 2911 1341 2967 Prudentii
1397 2912 1771 2967 Coloniensem
1828 2924 1968 2965 anno

387 3006 545 3062 1701.
580 3006 866 3061 Monachus
897 3005 998 3060 fuit
1027 3008 1083 3063 S.
1118 3000 1272 3071 Galli,
1309 3005 1447 3060 circa
1506 3021 1700 3061 annum
1743 3003 1846 3061 900
1872 3004 1967 3059 llo-

388 3099 512 3165 ruit,
545 3097 626 3152 vir
653 3097 899 3152 doctrina
921 3106 972 3153 ct
1002 3097 1284 3152 sanctitate
1304 3097 1553 3165 celebris,
1588 3097 1654 3151 de
1685 3111 1789 3166 quo
1803 3096 1969 3151 videri

389 3197 612 3261 possunt
641 3189 989 3245 Ekkehardus
1027 3189 1229 3259 junior,
1277 3189 1413 3243 libro
1460 3188 1528 3244 de
1580 3188 1804 3243 Casibus
1849 3202 1969 3242 mo-

2073 1982 2199 2036 bros
2237 1983 2286 2034 in
2335 1981 2523 2035 limine
2554 1979 2713 2050 primi
2743 1979 2911 2048 perite
2937 1977 3186 2032 indicavit
3215 1995 3227 2029 :

2193 2094 2316 2158 Quid
2343 2094 2481 2158 faciat
2504 2094 2639 2142 lietas
2660 2102 2884 2158 segetes,
2907 2093 3193 2158 quosidere
3221 2099 3402 2158 terram

2165 2155 2393 2217 Vertere,
2422 2157 2676 2215 Maecenas,
2705 2155 2945 2217 ulmisque
2969 2155 3240 2217 adiungere
3265 2157 3394 2204 vites

2160 2216 2426 2266 Conveniat
2447 2231 2458 2265 ι
2484 2232 2593 2280 qua:
2619 2231 2733 2266 cura
2762 2216 2924 2277 boum,
2946 2218 3028 2278 qui
3053 2216 3209 2266 cultus
3232 2216 3475 2280 habendo.

2162 2281 2236 2342 Sit
2263 2280 2429 2340 pecori
2452 2293 2463 2328 :
2486 2279 2634 2342 atque
2659 2282 2833 2341 apibus
2856 2286 3034 2340 quanta
3053 2279 3366 2341 experientia
3391 2280 3546 2341 parcis

2164 2340 2286 2388 Hinc
2306 2355 2483 2390 cauere
2504 2340 2747 2404 ineipiam.

2072 2424 2389 2480 Prudentius
2419 2425 2657 2495 quidem,
2692 2434 2975 2496 postquam
3003 2424 3199 2480 librum
3233 2426 3655 2486 Cathemerinon

2071 2517 2555 2582 commemoravit,
2599 2517 2782 2571 statim
2830 2516 3158 2586 Apotheosin
3201 2529 3486 2586 recenset,
3534 2535 3655 2578 cum

2071 2623 2228 2663 versu
2257 2609 2415 2662 simili
2447 2608 2680 2678 potuerit
2706 2609 2896 2665 librum
2924 2593 3351 2680 Peristeplianmn
3376 2611 3652 2669 denotare.

2074 2697 2145 2752 Ita
2170 2699 2312 2753 enim
2340 2701 2412 2753 ait
2443 2716 2456 2751 :

2164 2789 2364 2851 Hymnis
2384 2793 2639 2840 continuet.
2660 2791 2787 2850 dies,

2164 2851 2268 2915 δρα
2295 2865 2391 2900 nox
2418 2851 2513 2901 ulla
2539 2861 2680 2902 vacet
2702 2857 2817 2915 quin
2838 2853 3096 2903 Dominum
3118 2861 3291 2905 canat:

2163 2913 2360 2976 Puguet
2383 2923 2550 2964 contra
2571 2913 2796 2975 hereses,
2823 2916 3106 2966 catholicam
3128 2917 3357 2968 discutiat
3379 2918 3542 2968 tidem.

2074 2994 2252 3049 Potuit
2287 2998 2614 3065 praemittere
2643 3013 2658 3052 :

2167 3085 2373 3136 Carmen
2394 3088 2687 3151 martyribus
2707 3089 2965 3151 devoveat,
2994 3089 3161 3141 laudet
3183 3090 3459 3154 apostolos:

2073 3203 2178 3258 quo
2221 3205 2376 3244 versu
2406 3193 2642 3247 innuitur
2673 3193 2808 3248 liber
2847 3193 3298 3264 Peristeplianmn.
3331 3212 3360 3250 a
3389 3198 3543 3254 nobis
3568 3213 3656 3268 po-

388 3256 610 3341 nasterii
639 3285 696 3342 S.
725 3285 882 3353 Galli,
911 3256 1086 3356 eap.vl
1120 3294 1174 3340 et
1199 3285 1257 3350 2,
1311 3285 1453 3354 apud
1496 3282 1798 3338 Goldastum
1843 3269 1965 3337 tam.
2011 3256 2058 3322 (ἶ
2088 3256 2289 3336 stremo
2317 3283 2435 3336 loco
2483 3285 2714 3352 positus,
2747 3285 2867 3354 quia
2921 3256 3190 3354 postremo
3221 3256 3340 3342 loco
3362 3304 3390 3342 a
3422 3256 3658 3344 Pruden-

388 3377 552 3434 lRer.
597 3379 864 3433 Alemann.
890 3395 1008 3448 pag.
1039 3377 1106 3433 l2
1133 3387 1180 3431 et
1200 3377 1290 3441 ‘22,
1325 3387 1378 3430 ct
1407 3375 1664 3430 Glossarii
1696 3377 1972 3431 latinitatis

389 3470 638 3540 scriptor,
669 3469 983 3538 praefatione
1003 3469 1183 3538 operis
1213 3469 1315 3535 sui,
1358 3485 1476 3538 pag.
1521 3467 1609 3522 55.
1642 3465 1756 3521 Non
1787 3467 1972 3522 dubito

387 3563 515 3632 quin
542 3562 681 3616 idem
713 3562 782 3615 sit
812 3562 913 3628 lso,
940 3576 1098 3631 quem
1122 3561 1222 3617 sibi
1257 3563 1569 3631 magistrum
1622 3560 1787 3615 fuisse
1827 3561 1974 3615 affir-

386 3663 500 3708 mat
519 3653 781 3708 Notkerus
815 3653 1063 3709 Balbulus
1083 3653 1392 3722 praefatione
1421 3653 1472 3707 in
1495 3654 1820 3723 sequentias.
1869 3652 1973 3708 De-

385 3747 552 3802 cessit
574 3756 750 3800 autem
777 3744 1042 3801 Notkerus
1069 3761 1210 3801 anno
1252 3746 1377 3802 912.
1427 3746 1558 3801 Vide
1578 3745 1679 3800 alia
1706 3745 1773 3800 de
1821 3746 1973 3802 lsone

388 3855 542 3894 num.
575 3839 678 3892 115
698 3847 752 3892 et
781 3837 901 3892 114.

463 3933 549 3987 17.
609 3930 859 3987 Secundo
916 3929 1204 3994 volumini,
1263 3938 1510 3998 tanquam
1557 3913 1970 3999 prolegomena,

385 4027 522 4080 duas
551 4021 808 4078 diatribas
834 4021 1151 4090 praemittam
1188 4039 1198 4072 :
1224 4019 1468 4084 alteram,
1493 4021 1554 4072 de
1598 4019 1704 4072 Ara
1737 4019 1974 4073 Victor-iw

359 4098 362 4099 ν
386 4118 443 4170 in
469 4115 612 4168 curia
640 4112 805 4177 Julia,
829 4115 1038 4185 ejusque
1063 4110 1429 4174 eversionibus;
1463 4109 1680 4164 alteram
1700 4148 1714 4173 ,
1770 4112 1832 4162 de
1874 4109 1976 4178 ﬁde

391 4204 664 4264 Prudentii
692 4214 738 4256 ct
768 4205 978 4257 veritate
1010 4205 1060 4254 in
1090 4211 1370 4271 martyrum
1397 4201 1624 4255 historiis
1651 4205 1969 4270 enarrandis,

387 4299 471 4352 cui
502 4307 617 4350 acta
653 4311 906 4365 anonyma
941 4304 1031 4347 aut
1060 4295 1280 4347 recentia
1318 4294 1494 4348 cedere
1532 4293 1759 4346 debeant.
1791 4293 1976 4349 leones

388 4391 484 4446 ιε’τὶ
533 4390 726 4444 incisas
775 4390 824 4443 in
878 4396 1105 4458 utroque
1157 4387 1428 4442 volumine
1479 4387 1618 4442 dabo
1672 4386 1739 4441 ad
1798 4387 1977 4456 operis

389 4492 635 4537 ornatum
668 4494 953 4551 rerumque
1001 4480 1445 4543 illustratiouem;
1504 4480 1797 4549 praesertim
1830 4491 1977 4534 tomo

390 4575 459 4642 ll,
485 4574 554 4629 ad
579 4582 868 4644 martyrum
896 4588 983 4629 res
1009 4583 1184 4643 gestas
1208 4584 1262 4629 et
1292 4584 1636 4630 monumenta
1661 4574 1869 4644 plenius
1888 4591 1974 4630 co-

389 4665 696 4736 gnoscenda
723 4665 900 4734 plures
919 4665 1179 4734 imagines
1215 4666 1502 4734 proferam,
1538 4676 1592 4720 et
1624 4666 1741 4720 ilias
1781 4681 1971 4722 omnes

391 4760 808 4828 repriesentabo,
840 4775 973 4829 quas
999 4759 1275 4814 Gallonius
1309 4761 1360 4812 in
1404 4775 1566 4828 opere
1601 4761 1667 4814 de
1710 4761 1970 4816 Cruciati-

357 4853 492 4907 'bus
521 4852 618 4908 SS.
652 4852 937 4922 Martyrum
963 4851 1208 4917 inseruit,
1253 4853 1446 4921 quibus
1487 4863 1539 4907 et
1588 4867 1753 4907 novas
1788 4855 1919 4908 alias
1943 4870 1972 4909 e

391 4944 716 5000 cmmeteriis
743 4943 1108 5012 depromptas,
1141 4953 1191 4998 et
1223 4959 1255 4997 n
1281 4945 1504 4999 rnnullas
1555 4945 1968 5000 animadversio-

393 5053 489 5093 nes
514 5054 577 5093 ex
603 5039 837 5106 Gaspare
865 5037 1171 5104 Sagittario,
1215 5038 1439 5106 aliisque
1496 5037 1634 5091 circa
1679 5046 1970 5107 martyrum

393 5132 661 5186 cruciatus
690 5130 953 5198 adjiciam.
988 5127 1091 5182 Cur
1137 5138 1314 5182 autem
1367 5129 1578 5183 diverso
1625 5128 1814 5182 ordine
1841 5128 1970 5183 Pru-
2046 5155 2048 5158 -

394 5221 561 5277 dentii
591 5221 827 5276 carmina
856 5219 1232 5288 disposuerint,
1266 5220 1333 5273 ab
1389 5220 1613 5274 aliorum
1645 5219 1971 5276 editionibus

394 5312 680 5375 dissLdens,
729 5328 831 5366 non
882 5323 1024 5366 esset
1066 5325 1382 5380 magnopere
1415 5311 1788 5381 quaerendum,
1849 5326 1970 5365 eum

394 5421 582 5460 omnes
632 5406 879 5475 praecipui
939 5405 1172 5460 editores
1227 5420 1376 5458 suam
1430 5405 1654 5475 quisque
1703 5405 1969 5462 diversam

394 5500 531 5552 viam
553 5498 720 5552 secuti
753 5497 965 5562 fuerint,
1023 5507 1076 5552 et
1121 5513 1307 5567 magna
1330 5500 1399 5551 sit
1454 5502 1591 5552 inter
1635 5506 1762 5552 vett.
1809 5499 1964 5554 codd.

394 5591 678 5647 dissensio.
714 5590 928 5645 Heinsio
962 5599 1203 5645 recentes
1224 5589 1456 5645 editores
1485 5592 1759 5646 adlmrerc
1791 5592 1968 5647 volue-

395 5696 545 5750 runt,
582 5699 754 5753 neque
787 5694 959 5738 tamen
989 5684 1036 5737 id
1068 5695 1188 5738 sunt
1219 5685 1466 5738 assecuti.
1503 5685 1630 5738 Nam
1674 5685 1764 5740 ille
1793 5687 1841 5740 in
1873 5672 1969 5741 ad¥
2001 5684 2003 5686 ’

390 5778 584 5832 dendis
615 5778 815 5831 notavit
844 5778 996 5830 odain
1056 5793 1172 5844 qua:
1211 5793 1238 5828 a
1299 5777 1564 5846 plerisque
1603 5778 1815 5845 ponitur
1840 5789 1972 5833 tam-

388 5887 552 5941 quam
596 5873 832 5942 priefatio
877 5871 995 5928 libri
1041 5870 1504 5942 l'eristephanwn,
1553 5871 1618 5927 ad
1671 5873 1969 5929 universum

2078 3371 2151 3425 tio
2178 3381 2510 3428 recensetur.
2544 3375 2798 3442 Quamvis
2836 3385 3012 3430 autem
3066 3378 3384 3433 Prudentius
3434 3380 3660 3450 hymnos

2075 3465 2471 3520 cathemerinos
2496 3467 2564 3522 ab
2594 3467 2805 3539 hymnis
2836 3468 3264 3538 Peristephanun
3296 3475 3618 3540 separaverit
3642 3518 3657 3543 ,

2077 3557 2249 3612 facilis
2273 3569 2447 3613 tamen
2478 3560 2576 3614 fuit
2621 3562 2672 3614 in
2703 3560 2858 3615 codd.
2913 3577 3083 3629 mss.,
3127 3563 3258 3617 etin
3312 3563 3461 3618 libris
3503 3565 3660 3622 editis

2078 3652 2354 3720 utriusque
2383 3652 2561 3720 operis
2610 3655 2936 3722 eonjunetio.
2989 3655 3118 3708 Nam
3159 3656 3285 3710 olim
3315 3672 3381 3712 ex
3409 3658 3662 3726 operibus

2075 3743 2300 3812 alicujus
2328 3745 2561 3799 auctoris
2582 3747 2807 3814 quisque
2833 3747 3195 3813 exscribeliat,
3215 3763 3333 3820 quia
3355 3751 3524 3820 magis
3551 3752 3659 3806 sibi

2078 3835 2369 3904 placerent,
2403 3837 2550 3891 nullo
2577 3838 2844 3893 interdum
2875 3841 3064 3894 ordine
3097 3860 3107 3891 :
3143 3851 3194 3896 et
3222 3841 3394 3909 multi,
3430 3843 3660 3914 hymnos

2075 3945 2194 3984 cum
2227 3940 2553 3999 qinercrcnt,
2588 3945 2775 3986 omnes
2816 3931 3045 4002 hymnos
3093 3933 3484 3990 Prudentianos
3531 3951 3661 3990 con-

2072 4021 2382 4090 junxerunt,
2436 4032 2490 4077 et
2517 4025 2728 4077 titulum
2776 4023 3020 4079 fecerunt
3049 4025 3395 4094 Ilynmari'um
3442 4027 3506 4079 de
3535 4037 3660 4080 tem-

2078 4127 2200 4180 pore
2221 4120 2267 4164 et
2314 4113 2377 4165 de
2406 4115 2624 4178 sanctis,
2655 4123 2711 4168 ut
2753 4114 2804 4166 in
2852 4115 3253 4169 commentariis
3295 4117 3361 4169 ad
3393 4117 3661 4185 prcefatio-

2079 4217 2198 4256 nem
2227 4201 2422 4256 dicam.
2463 4204 2560 4268 Qui
2609 4204 2870 4258 editiones
2898 4219 3117 4273 operum
3152 4203 3460 4269 Prudentii,
3509 4207 3660 4262 codi-

2078 4287 2274 4362 cesqiie
2329 4308 2490 4360 mss.,
2543 4309 2605 4348 ae
2648 4293 2918 4348 diversum
2951 4295 3194 4348 ordinem
3243 4294 3296 4350 in
3327 4296 3658 4354 carminibus

2079 4385 2430 4454 collocandis,
2458 4401 2486 4439 a
2520 4387 2676 4442 nobis
2700 4401 2818 4456 cap.
2844 4388 2878 4442 4
2904 4398 2957 4442 et
2996 4387 3031 4442 5
3066 4387 3428 4456 referendum,
3457 4398 3662 4448 attente

2079 4476 2519 4541 consideraverit,
2550 4478 2856 4543 eoncludet,
2879 4479 3092 4548 opinor,
3121 4495 3241 4534 eum
3272 4481 3516 4538 ordinem
3540 4499 3662 4540 esse

2083 4570 2471 4638 prmferendum
2492 4612 2507 4638 ,
2539 4587 2696 4640 quem
2749 4551 2976 4640 ipsemet
3005 4582 3194 4628 auctor
3223 4573 3296 4627 'in
3349 4573 3662 4643 prafatione

1997 4640 2051 4700 Ῑ)
2077 4670 2129 4714 et
2177 4662 2541 4732 propositione
2581 4679 2804 4733 operum
2855 4665 3263 4720 demonstravit.
3298 4640 3494 4723 verum
3545 4667 3660 4726 ham

2026 4784 2035 4790 -
2080 4756 2332 4811 hactenus
2361 4759 2686 4827 pra-l'ationis
2715 4757 2836 4813 loco
2863 4759 3006 4813 dicta
3042 4760 3147 4814 sint
3181 4761 3331 4816 satis.

2697 4863 2920 4952 CAPUT
2959 4896 3021 4951 ll.
3073 4879 3090 4944 '.

2655 5016 2927 5072 Prudentii
2969 5018 3091 5073 vita.

2158 5131 2258 5200 ιο
2302 5130 2385 5186 18.
2436 5129 2604 5184 Vitam
2655 5145 2846 5201 resque
2874 5142 3052 5200 gestas
3097 5133 3367 5190 Prudentii
3417 5134 3658 5189 scribere

2082 5223 2368 5291 ingressus,
2406 5221 2544 5276 haud
2571 5223 2684 5277 scio
2723 5225 2962 5294 magisne
2991 5225 3284 5294 optandum
3315 5224 3445 5279 mihi
3475 5233 3652 5293 esset,

2080 5325 2134 5368 ut
2163 5322 2363 5371 certam
2396 5315 2508 5384 ejus
2539 5315 2760 5384 patriam
2817 5318 3196 5388 investigarem
3221 5359 3234 5382 ,
3263 5332 3331 5371 an
3371 5317 3538 5387 magis
3578 5316 3654 5373 illi

2079 5407 2148 5461 sit
2175 5407 2460 5477 gloriosum
2490 5427 2499 5459 :
2529 5418 2584 5463 nt
2603 5409 2733 5464 olim
2762 5410 2942 5480 plures
2959 5410 3179 5465 Grazciae
3199 5407 3442 5463 civitates
3463 5408 3657 5465 Home-

2079 5516 2194 5554 rum
2245 5501 2343 5556 sibi
2384 5501 2552 5556 civem
2602 5503 2942 5572 arrogabant,
2996 5502 3251 5556 itanunc
3289 5501 3357 5556 de
3384 5501 3655 5558 Prudentii

2078 5593 2240 5646 natali
2266 5591 2381 5646 solo
2413 5591 2544 5647 duas
2573 5593 2905 5662 potissimum
2947 5593 3213 5663 Hispaniae
3243 5595 3404 5651 urbes
3433 5595 3656 5652 nobilis-

2077 5685 2239 5739 simas
2282 5695 2509 5750 certare,
2561 5686 3021 5755 Caesaraugustam
3061 5696 3115 5742 et
3140 5687 3491 5762 Calagurrim.
3525 5694 3649 5764 Qui,

2079 5778 2302 5845 partium
2325 5777 2498 5832 studio
2522 5778 2776 5845 seposito,
2818 5778 3084 5834 rationum
3115 5795 3382 5839 momenta
3410 5789 3656 5844 conside-

2083 5881 2193 5926 rule
2216 5871 2552 5940 expcnderit,
2583 5870 2914 5927 existimabit
2944 5871 3098 5932 facile
3119 5890 3330 5939 causam
3361 5881 3534 5948 potius
3556 5882 3655 5938 sub
