4142 6350
466 412 567 468 ἒῆ9

1874 396 2326 455 PRUDENTIUS.

3632 397 3737 454 580

465 524 644 595 judice
670 537 789 578 esse
836 519 1261 591 relinquendam,
1294 530 1452 587 quam
1485 516 1727 572 alterutri
1775 518 1909 583 parti
1956 514 2049 568 ad-
2076 522 2129 579 Α
2152 528 2315 580 Opera
2347 512 2622 566 nonnullis
2654 512 2928 567 Prudentii
2960 511 3285 567 carminibus
3311 510 3490 566 lumen
3521 511 3734 582 aliquod

467 615 823 686 iudicandam.
851 612 953 667 Sed
976 609 1114 680 quod
1147 610 1298 663 multi
1321 609 1410 661 alii
1440 608 1704 672 fecerunt,
1737 615 1792 659 ιιι
1814 604 2051 658 rationes

470 708 596 761 binc
624 707 747 759 inde
773 704 958 757 allatas
988 708 1345 770 exponerent,
1379 708 1434 754 ot
1464 699 1606 753 inter
1634 712 1692 752 se
1719 696 2049 761 conferrent,

470 795 522 850 id
549 810 576 849 a
606 795 773 855 nobis.
808 792 1059 862 quoniam
1090 791 1175 845 ltic
1207 791 1355 845 locus
1385 790 1616 844 maxime
1651 787 1902 857 pmprius
1932 793 2015 840 est
2035 826 2050 853 ,

471 904 576 941 non
618 884 1089 955 prmtermitletur;
1136 898 1241 954 qua
1275 883 1340 937 dc
1370 882 1740 937 controversia
1770 882 1904 934 duas
1946 878 2056 931 dis-

470 977 784 1032 settationes
824 975 994 1030 editas
1042 974 1206 1029 fuisse
1237 974 1538 1031 admonebo
1565 1015 1581 1041 ,
1632 974 1857 1027 alteram
1904 970 2056 1039 cujus

472 1068 711 1123 meminit
735 1067 820 1121 Jo.
853 1067 1105 1121 Albertus
1154 1066 1456 1129 Fabricius,
1512 1067 1735 1118 alteram
1780 1062 2058 1131 hispanico

474 1161 599 1215 acl.
638 1158 985 1213 Emmanuele
1015 1158 1175 1211 Iliaco
1210 1168 1341 1212 tom.
1372 1155 1544 1211 XXXI
1578 1155 1724 1225 Hisp.
1761 1169 1899 1209 sacr.
1932 1167 2057 1208 eru-

475 1251 737 1307 ditissime
763 1244 1122 1318 conseriptam
1154 1248 1252 1319 (a).

484 1386 489 1391 η
550 1344 639 1400 19.
679 1342 818 1410 Alii,
851 1341 940 1411 qui
988 1339 1260 1395 Prudentii
1292 1339 1467 1392 Vitam
1520 1338 1570 1391 in
1623 1335 1964 1391 Dictionariis
2006 1342 2063 1388 et

478 1436 823 1491 Bibliothecis
854 1440 1169 1497 exararunt,
1202 1430 1448 1485 similiter
1481 1429 1534 1482 in
1564 1427 1680 1497 ejus
1714 1428 1943 1496 patriam
1974 1440 2061 1479 ac-

480 1534 663 1582 curate
692 1523 1059 1593 inquisierunt,
1092 1535 1318 1591 quorum
1350 1520 1588 1573 omnium
1626 1519 1829 1587 primus
1871 1516 2063 1571 dicitur

482 1618 646 1672 fuisse
686 1616 853 1671 Aldus
900 1614 1165 1668 Manutius
1213 1612 1521 1673 Romanus,
1582 1610 1671 1679 qui
1722 1610 1777 1662 in
1831 1606 2065 1661 editione

483 1724 703 1779 operum
738 1706 1013 1762 Prudentii
1054 1706 1119 1760 de
1159 1714 1310 1759 certo
1350 1704 1545 1774 Oppido
1574 1703 1712 1757 unde
1741 1711 1891 1756 ortus
1919 1707 2068 1755 esset

484 1803 803 1857 Prudentius
845 1802 1003 1869 cmpit
1055 1815 1316 1869 qumrere,
1366 1814 1667 1868 quanquam
1721 1797 2066 1865 Caesaraugu-

2156 606 2837 673 affundctur.-Antequam
2897 617 3026 657 vero
3081 602 3211 657 duas
3262 602 3382 657 illas
3446 604 3737 657 sententias

2154 684 2494 765 expendam,
2546 696 2595 748 iu
2645 706 2777 763 quas
2824 693 3057 747 maxime
3087 700 3331 746 auctores
3379 702 3504 746 sunt
3555 692 3643 747 div
3665 692 3735 758 si,

2156 790 2289 843 alias
2314 788 2489 843 minus
2515 788 2760 842 celebres
2789 787 3068 855 opiniones
3099 788 3151 839 in
3199 802 3419 840 examen
3454 786 3736 841 revocabo.

2157 881 2416 949 Georgius
2465 880 2744 933 Fabricius
2791 878 3044 949 (Prwfat.
3089 870 3375 931 Comment.
3426 878 3476 931 in
3525 877 3740 948 hymnos

2158 977 2405 1049 quosdam
2441 972 2730 1041 Prudentii)
2759 973 3158 1033 Numantinum,
3191 986 3277 1025 seu
3301 972 3377 1037 (ut
3416 970 3741 1041 recentiores)

2159 1069 2675 1141 Ctesaraugustenum
2717 1066 2882 1119 fuisse
2904 1064 3099 1118 asserit
3118 1062 3211 1135 (ε).
3260 1064 3587 1132 Quocunque
3651 1063 3744 1116 de-

2160 1177 2303 1214 mtnn
2335 1160 2455 1214 loco
2504 1157 2775 1212 exstiterit
2819 1154 3132 1216 Numantia,
3186 1168 3291 1206 non
3339 1161 3561 1222 apparet
3597 1160 3743 1206 certa

2163 1254 2300 1308 ratio
2350 1268 2447 1306 cur
2499 1250 2819 1304 Prudentius
2876 1246 3227 1301 Numantinus
3273 1255 3581 1310 asseratur,
3640 1244 3745 1298 nisi

2161 1344 2301 1414 quod
2333 1344 2446 1397 haec
2472 1342 2603 1397 urbs
2634 1341 2686 1394 in
2714 1339 2989 1410 provincia
3017 1338 3404 1392 Tarraconensi
3430 1339 3532 1391 sita
3561 1336 3742 1405 fuerit,

2163 1434 2301 1505 quod
2325 1435 2575 1489 omnibus
2605 1431 2845 1501 ejusdem
2875 1431 3170 1500 provinciae
3196 1430 3409 1498 oppidis
3439 1444 3589 1500 reque
3617 1444 3746 1484 con-

2163 1529 2326 1581 venit.
2357 1526 2564 1593 Opinor
2598 1522 2899 1577 Fabricium
2924 1537 2988 1576 ex
3024 1520 3157 1575 Mela
3178 1521 3481 1590 collegisse,
3502 1522 3745 1577 eamdem

2164 1632 2283 1673 esse
2327 1616 2511 1670 urbem
2561 1614 2903 1668 Numantiam
2944 1624 3006 1665 ac
3055 1610 3516 1680 Caesaraugustam
3566 1628 3578 1664 :
3623 1626 3743 1666 nam

2167 1710 2308 1764 ltunc
2350 1720 2586 1762 errorem
2633 1704 2809 1759 cidem
2864 1703 3048 1769 Melae,
3101 1712 3257 1771 quem
3300 1715 3408 1756 non
3458 1702 3744 1767 intellexit,

2168 1803 2402 1858 .lomnes
2425 1797 2791 1855 Gerundensis
2824 1795 3113 1865 imputavit
3135 1802 3269 1849 tom.
3314 1793 3334 1846 l
3366 1794 3516 1865 Hisp.
3549 1794 3747 1851 illustr.

485 1895 622 1949 stani
639 1894 746 1963 jam
770 1902 893 1947 ante
925 1893 978 1948 in
1000 1907 1097 1947 suo
1134 1892 1399 1946 breviario
1428 1889 1774 1944 Prudentium
1804 1888 1905 1943 sibi
1924 1902 2070 1941 arro-
2100 1891 2149 1953 Β
2178 1910 2294 1966 pag,
2330 1894 2419 1947 53.

488 1985 683 2055 gabant
711 1984 802 2052 (V.
847 2001 986 2037 nam.
1030 1983 1142 2053 51).
1172 1982 1384 2051 Reliqui
1428 1982 1660 2035 editores
1704 1992 1754 2034 et
1791 1994 2067 2034 commen-

490 2089 690 2134 tatores
736 2078 956 2134 brevius
1003 2077 1244 2131 eamdem
1292 2078 1709 2131 controversiam
1758 2074 2065 2144 attigerunt.

491 2170 679 2225 Petrus
703 2171 1033 2230 Mantuanus,
1064 2179 1123 2222 ut
1151 2169 1476 2238 singularem
1519 2168 1827 2237 opinionem
1862 2175 2069 2220 astrue-

493 2277 602 2331 ret,
637 2265 751 2321 fuse
784 2266 833 2320 in
862 2281 922 2320 ea
959 2264 1253 2335 quaestione
1301 2273 1543 2318 versatus
1589 2273 1671 2317 est
1728 2263 1779 2315 in
1815 2260 2073 2331 opusculo

495 2358 846 2411 Advertencias
873 2373 902 2409 a
942 2360 991 2409 ta
1038 2355 1266 2410 Historia
1293 2356 1373 2409 del
1406 2355 1471 2408 P.
1521 2353 1779 2409 Mariana.
1818 2351 2074 2407 Eutudem

497 2450 783 2505 Marianum
813 2456 871 2502 ut
899 2442 1222 2513 refellerent,
1258 2449 1549 2517 anereius
1578 2456 1631 2500 et
1653 2446 2074 2500 Bartbolomzeus

498 2540 775 2595 Leonardo
818 2542 1130 2609 Argensola,
1183 2540 1361 2594 nobile
1407 2555 1501 2607 par
1548 2537 1792 2601 fratrum,
1824 2551 1919 2607 pro
1962 2536 2079 2591 Cte-

498 2633 1105 2704 saraugustafPrudentii
1131 2634 1228 2703 ιι
1249 2632 1416 2701 patria
1439 2630 1789 2684 decertarunt
1809 2629 1905 2697 (b).
1934 2628 2077 2682 Petri

498 2725 764 2779 Mantuani
809 2734 860 2778 et
891 2723 1135 2792 Lupercii
1180 2724 1443 2775 Leonardi
1488 2723 1722 2773 rationes
1751 2720 1957 2772 diluere
1992 2733 2080 2771 co-

500 2826 657 2872 natus
703 2826 784 2870 cst
812 2816 1044 2869 Thomas
1075 2814 1311 2883 Tamayo
1352 2813 1419 2866 de
1455 2812 1654 2881 Vargas
1684 2813 1736 2865 in
1768 2810 2079 2865 defensione

501 2908 799 2976 Hispanica:
830 2906 1063 2959 historia:
1090 2904 1310 2959 Joannis
1350 2903 1618 2957 Marianae.
1650 2902 1915 2957 Prmterea
1946 2899 2084 2955 Mar-

503 3002 648 3054 tinus
677 2999 900 3052 Carrillo
930 2999 981 3051 in
1017 2998 1246 3051 Historia
1287 2998 1344 3052 S.
1369 2995 1565 3051 Valerii
1604 2996 1847 3066 episc0pi
1874 2995 2081 3049 Causar-

503 3089 784 3159 augustani
806 3128 822 3152 ,
849 3087 981 3142 edit.
1020 3086 1179 3151 1615,
1212 3095 1266 3142 et
1299 3086 1598 3142 Ludovicus
1633 3088 1756 3141 Diez
1782 3086 1848 3141 de
1874 3089 1988 3141 Aux
2030 3087 2084 3141 in

506 3180 819 3252 praefatione
838 3180 1105 3235 versionis
1141 3180 1429 3250 luspanicm
1460 3180 1789 3250 Hymnorum
1815 3180 2083 3234 Prudentii

2240 1985 2328 2038 91.
2354 1985 2408 2039 In
2436 1982 2692 2051 opinione
2715 1979 2862 2034 Petri
2885 1979 3153 2032 Mantuani
3179 1977 3454 2033 refutanda
3478 1976 3753 2047 longiores

2174 2092 2272 2133 nos
2298 2090 2417 2131 esse
2453 2077 2551 2145 12
2582 2079 2814 2144 oportet,
2843 2085 3001 2139 quem
3029 2084 3241 2138 aspere,
3269 2077 3457 2123 contra
3484 2083 3640 2138 quam
3667 2080 3754 2123 so-

2175 2170 2453 2235 lt-ret,Nic.
2485 2167 2757 2221 Antonius
2776 2164 3048 2233 redarguit
3072 2164 3171 2217 loc.
3189 2165 3282 2217 cit.
3303 2178 3317 2214 :
3338 2162 3459 2216 Prw
3482 2178 3752 2232 gemam,

2178 2265 2371 2334 inquit,
2394 2261 2605 2316 lectione
2633 2270 2678 2313 et
2699 2257 2969 2321 sententia,
2993 2267 3190 2310 tantum
3211 2265 3265 2308 ut
3288 2255 3477 2311 Joanni
3503 2256 3757 2310 Mariane

2177 2358 2479 2419 detraheret,
2506 2355 2675 2408 nescio
2704 2352 2825 2422 quid
2855 2351 2918 2404 de
2940 2348 3089 2403 Salio
3112 2348 3381 2414 Hispania:
3411 2346 3758 2402 Tarraconen-

2177 2451 2245 2504 sis
2267 2451 2422 2520 juxta
2446 2444 2723 2501 Cantabros
2749 2442 2957 2510 ﬂumine
2978 2443 3168 2493 dictum
3184 2450 3346 2509 poene
3364 2454 3551 2510 magna
3566 2441 3757 2510 injuria

2178 2549 2417 2616 imputat.
2468 2538 2764 2596 Absurdam
2797 2536 2935 2590 banc
2962 2534 3231 2589 Mantuani
3260 2534 3757 2602 interpretationem

2182 2640 2408 2705 primum
2443 2643 2620 2687 natam
2674 2646 2761 2686 an.
2810 2629 2949 2684 161ὅ
2996 2628 3225 2683 afﬁrmat
3265 2627 3454 2683 ltiscus
3506 2627 3607 2681 loc.
3641 2626 3758 2696 cit.,

2185 2730 2415 2781 fortasse
2445 2725 2568 2794 quia
2604 2723 2897 2778 editionem
2938 2720 3183 2790 opusculi
3228 2720 3496 2774 Mantuani
3528 2733 3593 2773 eo
3618 2733 3763 2775 anno

2186 2827 2451 2889 peractam
2486 2817 2713 2871 viderat.
2750 2816 3013 2870 Caeterum
3055 2814 3371 2868 Manmanus
3420 2827 3549 2867 suas
3574 2820 3763 2867 contra

2185 2911 2470 2965 Marianam
2498 2908 2994 2963 animadversiones
3022 2907 3129 2975 jam
3155 2921 3295 2959 anno
3314 2906 3453 2961 1607
3474 2905 3764 2973 evulgare-

2186 3013 2296 3069 rat;
2324 3012 2377 3058 et
2398 3002 2638 3070 quamvis
2659 3000 2883 3069 primam
2914 2998 3203 3053 editionem
3235 3010 3340 3051 non
3370 2996 3619 3063 viderim,
3652 2994 3762 3050 vidi

2188 3099 2344 3153 aliam
2376 3096 2669 3150 auctiorem
2690 3092 3137 3148 Mediolanensem
3164 3090 3290 3145 anni
3322 3089 3479 3153 1611,
3507 3088 3595 3144 ubi
3620 3098 3765 3143 certe

2190 3191 2326 3245 banc
2364 3202 2555 3243 novam
2606 3188 2927 3241 sententiam
2971 3184 3075 3238 sibi
3118 3184 3432 3238 Mantuanus
3483 3180 3762 3237 adscribit.

504 3272 960 3341 Caesaraugustam
1024 3272 1140 3340 ejus
1211 3274 1437 3340 patriam
1502 3271 1668 3326 fuisse
1726 3272 2075 3327 contendunt.
2108 3266 2154 3331 C
2190 3270 2452 3336 Estasson
2476 3280 2551 3333 las
2581 3279 2860 3349 opiniones,
2899 3292 2993 3347 que
3029 3276 3176 3330 hasta
3201 3275 3300 3345 hoy
3344 3293 3395 3330 se
3421 3274 3525 3329 han
3556 3274 3768 3329 Itatlado

508 3361 962 3432 Disceptatoribus
998 3362 1068 3416 de
1118 3362 1394 3417 Prudentii
1443 3364 1609 3432 patria
1660 3364 1849 3419 merito
1896 3364 2082 3433 adjun-

506 3459 660 3529 gendi
681 3457 1069 3513 suntNicolaus
1098 3457 1358 3512 Antonius
1380 3458 1630 3514 Bibliotb.
1659 3458 1774 3513 Vet.
1818 3459 1966 3529 Hisp.
1987 3459 2078 3514 lib.

506 3567 696 3621 n,cap.
715 3551 803 3616 10,
825 3560 877 3605 et
900 3550 1163 3604 Bailiusin
1187 3549 1412 3605 Diclion.
1430 3549 1562 3606 Crit.
1584 3552 1769 3616 verbo,
1791 3551 2082 3608 Prudence.

575 3644 663 3698 90.
694 3644 920 3698 Silentio
948 3658 1050 3696 non
1082 3653 1163 3696 est
1194 3643 1601 3710 praetereundus
1627 3643 1862 3698 Joannes
1895 3644 2086 3699 Petrus

508 3735 798 3803 Ludewig,
838 3733 989 3802 cujus
1035 3747 1332 3801 cognomen
1383 3733 1771 3803 Rodriguez'us
1826 3736 1879 3788 in
1940 3736 2079 3791 Bibl.

511 3827 664 3895 Hisp.
715 3825 904 3879 maluit
955 3823 1180 3879 reddere
1227 3821 1380 3888 Lais;
1430 3826 1519 3893 qui
1588 3825 1762 3879 Vitam
1809 3825 2085 3880 Prudentii

512 3933 755 3973 seorsum
804 3916 972 3972 edidit
1011 3930 1194 3970 mense
1235 3915 1421 3971 Martio
1452 3917 1615 3981 i692,
1662 3932 1903 3971 recusam
1954 3928 2085 3973 tom.

513 4010 554 4064 ll
599 4009 983 4079 Opusculorum
1033 4008 1394 4062 Miscellorutn
1447 4008 1687 4075 ejusdem
1742 4009 2036 4079 Ludewigii
2068 4051 2085 4077 ,

513 4100 616 4156 col.
650 4098 784 4167 494,
828 4099 971 4153 Itala:
1012 4098 1431 4168 Magdeburgicm
1472 4114 1561 4153 an.
1614 4099 1788 4165 1721),
1830 4100 1919 4154 ubi
1968 4116 2088 4155 eam

512 4194 635 4264 legi,
664 4193 906 4264 quamvis
927 4192 1205 4248 Fabricius
1225 4207 1421 4247 annum
1449 4193 1702 4247 editionis
1726 4195 1887 4259 1719,
1915 4195 2088 4249 locum

512 4288 698 4343 Halani
729 4288 1007 4342 Saxonum
1028 4287 1189 4352 dicat,
1222 4286 1323 4339 nisi
1354 4285 1547 4354 duplex
1599 4286 1668 4341 sit
1710 4286 1895 4341 editio.
1926 4287 2090 4356 igitur

513 4381 615 4434 etsi
642 4392 888 4447 magnum
918 4392 1023 4430 non
1066 4386 1208 4431 esset
1238 4392 1418 4446 Opera:
1452 4379 1702 4446 pretium,
1738 4390 1914 4432 tamen
1947 4387 2091 4433 tanta

515 4472 616 4527 bac
662 4470 1005 4525 contentione
1051 4470 1254 4538 impelli
1303 4484 1553 4539 possem,
1606 4479 1662 4524 ut
1702 4470 1769 4525 de
1817 4471 2091 4527 Prudentii

517 4561 685 4630 patria
733 4560 1030 4628 disputem,
1078 4573 1247 4628 eoque
1283 4559 1439 4614 etiam
1483 4561 1685 4629 magis,
1737 4561 1859 4630 quia
1903 4563 2088 4617 eadem

2185 3376 2248 3428 de
2274 3376 2326 3428 la
2356 3373 2526 3445 patria
2563 3373 2625 3425 de
2663 3370 2981 3435 Prudenclo,
3015 3385 3081 3440 yo
3109 3386 3175 3423 no
3218 3371 3417 3437 seguire
3452 3370 3682 3439 ninguna
3706 3368 3768 3420 tle

2185 3475 2317 3519 cstas
2340 3465 2431 3518 dos
2458 3464 2715 3533 (loquitur
2740 3462 2808 3516 de
2834 3460 3181 3531 opinionibus
3212 3474 3307 3530 pro
3333 3459 3763 3528 Caesaraugusta,

2184 3568 2237 3613 et
2264 3555 2583 3626 Calagurri).
2633 3553 2807 3620 Quid?
2837 3554 2882 3607 si
2931 3562 3055 3607 ante
3108 3552 3450 3606 Mantuanum
3484 3550 3576 3604 alii
3624 3553 3762 3604 hanc

2186 3651 2508 3705 sententiam
2541 3649 2861 3703 invenerant
2876 3645 3195 3716 ?_Tamayus
3214 3644 3279 3699 de
3307 3644 3510 3714 Vargas
3535 3644 3639 3698 loc.
3671 3644 3763 3697 cit.

2187 3742 2480 3806 contendit,
2514 3742 2854 3795 Mantuanum
2884 3755 2952 3794 ex
2978 3738 3096 3793 aliis
3119 3739 3447 3809 Opinionem,
3479 3752 3633 3806 quam
3663 3750 3767 3805 pro

2188 3852 2281 3889 sua
2326 3833 2657 3892 venditavit,
2710 3824 3054 3899 surripuisse.
3103 3829 3233 3883 Nam
3286 3828 3760 3889 cumMantuanus

2190 3924 2553 3978 auctoritatem
2596 3921 2815 3976 Giselini
2848 3920 3133 3989 allegasset
3157 3934 3327 3989 usque
3354 3917 3422 3971 ad
3443 3918 3591 3971 verba
3620 3916 3756 3980 iure,

2199 4015 2351 4069 Vetus
2373 4014 2551 4081 codex,
2581 4030 2678 4082 quo
2709 4029 2799 4082 ego
2819 4028 2928 4065 sum
2952 4029 3073 4065 usus
3125 4011 3294 4079 habet,
3326 4028 3394 4063 ut:
3418 4025 3601 4073 SALLE,
3629 4024 3770 4077 pite-

2200 4106 2427 4162 termisit
2458 4105 2559 4158 alia
2582 4146 2594 4168 ,
2638 4119 2753 4172 qua:
2785 4102 3029 4172 proxime
3058 4109 3476 4168 consequuntur,
3506 4100 3641 4151 unde
3660 4099 3773 4167 qni-

2194 4201 2311 4253 dam
2347 4215 2399 4251 se
2430 4196 2747 4250 commodam
2776 4195 3077 4247 sententiam
3116 4208 3287 4247 eruere
3319 4209 3466 4261 posse
3506 4199 3769 4259 putarent,

2193 4294 2328 4363 quod
2357 4291 2500 4346 Salia
2527 4289 2795 4359 Hispanico
2817 4290 2879 4341 sit
2930 4287 3131 4355 ﬂuvius,
3187 4294 3231 4338 et
3271 4285 3443 4343 urbem
3474 4302 3532 4338 eo
3566 4284 3773 4337 nomine

2198 4388 2353 4457 fuisse
2375 4383 2673 4454 conjiciunt.
2718 4381 2901 4449 Neque
2950 4380 3001 4433 in
3033 4379 3267 4433 editione
3296 4379 3419 4431 anni
3467 4377 3609 4432 1564
3650 4391 3771 4430 cum

2196 4474 2595 4531 Commentariis
2624 4472 2866 4535 Giselini,
2893 4486 3066 4540 neque
3094 4472 3146 4525 in
3174 4470 3457 4539 posteriori
3476 4470 3774 4524 Weitziana

2198 4582 2319 4622 cum
2347 4566 2551 4621 eisdem
2578 4563 2977 4619 commentariis
3009 4562 3121 4617 haec
3147 4563 3307 4617 verba
3337 4562 3697 4616 inveniuntur.

590 4731 937 4808 (a)_Primam
970 4744 1122 4808 ιιιέιιιι¹
1156 4745 1259 4808 no_n
1289 4731 1428 4808 Vidi;
1467 4731 1559 4785 sed
1588 4734 1815 4808 Panrtcn
1842 4750 2001 4790 verba
2030 4751 2098 4792 ae
2126 4741 2176 4801 D
2204 4739 2453 4793 Marianm
2482 4752 2609 4791 vero
2637 4737 2792 4792 aliam
2812 4779 2826 4802 ,
2857 4753 2956 4806 qua
2985 4752 3133 4792 suam
3163 4738 3467 4808 opinionem
3500 4755 3598 4807 pro
3622 4738 3779 4793 Cala-

520 4799 952 4872 ca‘all'eratn(ex
1005 4800 1141 4855 Bibl.
1201 4799 1316 4855 Lat.
1378 4801 1492 4872 Vel.
1546 4804 1667 4855 edit.
1724 4803 1896 4857 Venet.
1957 4807 2092 4860 1728

522 4887 641 4928 tom.
668 4871 729 4925 ΙΙ
747 4871 905 4943 ,Acap'.
938 4873 971 4925 2
1005 4872 1104 4924 lib:
1138 4872 1210 4938 tv)
1243 4890 1254 4923 :
1289 4872 1361 4925 De
1383 4871 1651 4943 Colagurri
1677 4874 1922 4941 Nascica,
1970 4876 2094 4931 Vas-

520 4960 724 5010 conum,
760 4940 1033 4999 Pru'dentii
1063 4945 1231 5012 patria
1256 4940 1533 4995 diatribam
1562 4955 1765 4997 auctore
1795 4944 1857 4999 ϐ.
1903 4946 1962 4999 L.
2000 4964 2090 4999 ea:-

519 5018 649 5071 hibet
680 5014 916 5067 Diarium
940 5012 1243 5068 litterarium
1267 5012 1509 5067 Hallense
1540 5014 1837 5069 Germanice
1865 5019 2089 5082 editum,

522 5087 667 5141 Neue
714 5084 1023 5138 Bibliotheke
1076 5100 1225 5143 χχιιι.
1275 5100 1327 5150 p.
1362 5083 1485 5137 475.
1518 5086 1783 5145 Arbitror.
1827 5089 2093 5141 disserta-

520 5157 710 5221 tionis,
740 5168 835 5209 seu
858 5155 1101 5210 diatribae
1129 5155 1244 5222 ejus
1272 5166 1488 5219 scopum
1533 5170 1673 5219 esse,
1706 5158 1930 5224 probare
1963 5157 2095 5211 Pru-

518 5229 683 5285 dentii
733 5226 955 5295 patriam
1010 5226 1173 5297 fuisse
1209 5224 1536 5293 Calagurrim
1567 5264 1580 5287 ,
1622 5242 1761 5297 _qu:e
1796 5229 2090 5297 Calagurris

521 5298 892 5368 Nascicaiolim
943 5295 1322 5368 appellabatur,
1367 5304 1548 5368 postea
1605 5295 2091 5368 Galagurrisilulia

517 5385 543 5421 a
572 5370 710 5423 Julio
736 5365 1076 5423 Caesare—De
1106 5382 1206 5433 qua
1229 5365 1348 5418 vi'd'e
1370 5365 1608 5419 Garsiatu
1644 5367 1829 5420 Loaisa
1860 5369 2084 5421 Collect.

478 5438 487 5445 '
518 5440 723 5495 Concil.
775 5439 921 5509 HiSp.
959 5442 1076 5507 pag.
1110 5436 1212 5490 159
1243 5473 1257 5497 ,
1291 5446 1344 5509 et
1386 5435 1613 5509 Ferrarii
1661 5438 1920 5509 Lexicon,
1965 5448 2085 5507 post

520 5506 1143 5575 Strabonem,'Plinium,
1176 5516 1231 5561 et
1274 5506 1427 5560 alios.
1482 5506 1683 5560 Plinius
1715 5508 1805 5560 lib.
1854 5523 1927 5571 ιι,
1959 5506 2078 5576 cap.

520 5581 573 5647 3,
612 5581 1041 5648 Calagurritanos
1066 5577 1319 5647 appellari
1345 5576 1585 5648 Nascicos
1612 5577 1905 5642 tradit,'sed
1924 5580 2079 5632 aliam

523 5646 684 5706 fuisse
720 5646 859 5703 lianc
894 5646 1221 5723 Calagurrim
1266 5687 1279 5710 ,
1329 5646 1687 5723 cujus_ho_die
1736 5664 1804 5723 ne
1855 5652 2079 5723 vestigia

525 5723 733 5789 quidem
775 5716 1076 5787 supersunt,
1111 5720 1364 5787 'opinatur
1394 5716 1704 5772 Ludovicus
1736 5716 1933 5773 Nonius
1963 5716 2081 5787 cap.

527 5794 589 5846 90
620 5793 766 5859 Hisp.
788 5831 804 5855 ,
831 5804 989 5859 quem
1020 5790 1259 5844 consule.

590 5861 662 5928 (b)
711 5861 847 5914 Duas
879 5861 1121 5928 Lupercii
1157 5862 1438 5928 epistolas,
1482 5876 1639 5917 unam
1683 5860 2080 5929 Bartltolotnaii,

2202 4809 2348 4877 gurri
2378 4819 2576 4871 tuetur,
2613 4824 2778 4874 nuper
2808 4808 2970 4863 edidit
3001 4809 3068 4863 cl.
3102 4808 3334 4863 Joannes
3360 4810 3626 4863 Antonius
3656 4810 3780 4864 Pel-

2200 4881 2330 4933 licer
2356 4896 2386 4949 y
2422 4877 2706 4933 Saforcadt
2744 4879 2793 4931 in
2827 4894 2989 4945 opere
3033 4878 3242 4949 Ensayo
3271 4881 3330 4932 de
3368 4896 3469 4933 una
3500 4879 3779 4933 Biblioteca

2198 4953 2259 5002 (te
2307 4950 2649 5001 Tratluctores
2682 4950 2905 5014 Espanol
2937 4964 2958 5001 ε
2979 4991 2991 5009 ,
3024 4975 3028 4979 ~
3057 4950 3140 5003 ubi
3188 4951 3490 5019 praemittit;
3544 4950 3781 5004 Noticios

2198 5036 2323 5091 para
2348 5021 2534 5091 [acida
2563 5020 2623 5071 de
2655 5020 2899 5089 Lupercio
2934 5019 3197 5073 Leonardo
3226 5039 3256 5090 y
3292 5023 3595 5085 Arqettsola.

2270 5090 2341 5159 (ε)
2397 5088 2753 5155 Νυηιαηιὶίιιη,
2789 5091 2938 5143 addit
2986 5088 3318 5159 Ludewig'ius
3354 5092 3455 5146 loc.
3490 5093 3609 5157 cit.,
3644 5091 3781 5145 cele-

2199 5160 2332 5214 brem
2364 5160 2603 5212 Romanis
2634 5160 2692 5213 ob
2717 5162 2918 5227 inﬁnita
2964 5160 3090 5214 bella
3122 5164 3313 5226 urbem,
3346 5162 3499 5216 hodie
3532 5162 3783 5215 Amatam

2196 5232 2403 5294 dictum,
2432 5246 2527 5281 non
2552 5232 2730 5297 procul
2754 5247 2783 5281 (ι
2810 5229 3199 5301 tharuuqusta
3230 5234 3421 5286 distare
3459 5234 3781 5287 notissimum

2194 5313 2285 5355 est.
2335 5301 2443 5353 Itno
2490 5302 2656 5368 magis
2700 5316 3009 5368 persuasum
3058 5313 3139 5356 est
3196 5303 3388 5367 doctis,
3438 5305 3781 5357 Numantiam

2195 5386 2315 5444 esse
2348 5372 2562 5435 urbem,
2602 5388 2732 5444 quae
2756 5372 3080 5444 nuncASoria
3103 5373 3321 5444 dicitur,
3346 5384 3437 5428 aut
3466 5375 3624 5444 aliam
3655 5388 3780 5444 quae

2194 5440 2412 5493 Zmnora
2442 5452 2675 5493 vncatur.
2701 5441 2954 5505 Quamvis
2984 5448 3122 5496 enim
3152 5443 3473 5511 Pomponius
3502 5440 3783 5507 Melaflib.

2194 5526 2252 5574 ιι,
2277 5527 2394 5579 Cap.
2424 5511 2513 5573 15,
2549 5512 2660 5565 haec
2699 5512 2925 5565 habeat:
2958 5511 3169 5565 Urbium
3204 5517 3265 5567 de
3302 5515 3686 5568 mediterraneis
3731 5517 3785 5569 in

2196 5581 2563 5634 Tarraconensi
2593 5582 2890 5635 clarissima?
2920 5584 3122 5647 fuerunt
3160 5583 3418 5637 Pallantia
3460 5596 3507 5638 et
3532 5584 3787 5638 Numan-

2193 5653 2284 5713 tia,
2319 5668 2453 5724 nunc
2480 5662 2549 5703 est
2575 5651 2981 5724 C'i'saraugusta.
3020 5655 3129 5708 Non
3155 5666 3330 5708 tamen
3364 5667 3643 5722 propterea
3668 5658 3787 5712 col-

2194 5724 2324 5790 ligas
2346 5720 2679 5795 Numantiam
2707 5720 2831 5776 esse
2850 5724 3092 5777 Amuzam
3114 5724 3133 5789 ,’
3153 5736 3241 5779 aut
3275 5720 3485 5793 aliquod
3520 5728 3781 5795 oppidum

2194 5808 2296 5845 non
2333 5793 2512 5857 procul
2539 5808 2568 5845 a
2598 5795 3026 5862 Cmsaraugusta,
3056 5806 3112 5851 ut
3155 5812 3375 5852 cernere
3409 5797 3531 5851 licet
3560 5793 3617 5851 in
3657 5797 3786 5852 Pal-

2194 5864 2353 5917 lantia
2385 5864 2541 5931 longe
2564 5862 2799 5917 distanti.
