4142 6350
423 290 527 346 885

1804 302 2335 365 PROLEGOMENA.

3596 328 3702 387 586

420 415 574 465 vocat
600 411 845 484 oppidum
886 409 1148 481 nbstrum;
1178 413 1318 472 idem
1352 422 1633 487 postquam
1654 416 1869 475 dixerat
1896 423 2071 483 ηο-Ἀ
2174 424 2266 479 30.
2296 424 2425 481 Post
2454 386 2795 487 Vincentium
2824 432 3005 491 laudat
3024 434 3082 493 S.
3122 436 3431 498 Encratiam
3461 406 3703 500 Pruden-

416 510 518 556 διον
543 505 782 575 papulas,
816 514 871 563 et
898 510 998 565 sub
1026 525 1130 564 una
1151 509 1414 580 sepulcro,
1444 509 1625 567 statim
1648 510 1797 568 addit
1830 530 1842 567 :

506 618 925 686 Cesaraugustamg
936 624 1206 675 vocitamus
1227 626 1422 686 urbem,

909 684 1011 737 Res
1032 689 1111 738 cui
1137 696 1268 739 tanta
1292 696 1385 740 est.

416 785 513 843 Ubi
546 786 796 859 intelligis
836 792 1139 862 sepulcrum
1182 795 1420 852 existere
1465 795 1520 852 in
1569 796 1683 867 ipsa
1739 796 1892 853 urbe.
1926 796 2003 853 De

410 882 601 938 eadem
625 886 755 942 urbe
784 890 955 960 pergit
986 906 1001 946 :

505 977 657 1060 [ξιοηῇ
672 993 957 1060 magnorum
979 984 1154 1060 domus
1176 986 1471 1060 angelorum

496 1039 605 1110 Eon
625 1039 778 1110 timet:
788 1045 951 1094 mundi
978 1046 1161 1110 fragilis
1185 1039 1400 1110 ruinam,

500 1102 594 1152 Tot
617 1104 724 1153 sinu
749 1102 953 1168 gestans
977 1102 1120 1157 sim'ul
1139 1102 1392 1160 ollerenda

904 1168 1105 1220 Munera
1129 1170 1339 1224 Christo.

404 1264 470 1323 Et
498 1281 619 1324 cum
647 1269 781 1326 alias
810 1270 1055 1329 civitates
1086 1290 1192 1330 non
1214 1276 1386 1332 solum
1407 1291 1472 1332 ex
1491 1285 1756 1338 conventu
1783 1276 1996 1335 Caesar-

402 1371 719 1431 augustano,
771 1366 867 1435 17
923 1364 1016 1421 sed
1066 1366 1229 1422 etiam
1265 1382 1328 1424 ex
1375 1369 1580 1441 reliqua
1631 1369 1909 1442 Hispania,
1939 1381 1995 1428 et

400 1461 550 1507 extra
582 1453 919 1524 Hispaniam,
967 1459 1271 1528 promiscue
1318 1460 1646 1518 celebrasset
1686 1462 1755 1517 ob
1794 1474 1995 1535 marty-

400 1558 517 1599 rum
564 1555 915 1615 patronorum
966 1549 1131 1606 decus
1186 1552 1470 1620 eximium,
1530 1555 1595 1610 ad
1643 1553 1993 1628 Caesaraugu-

398 1647 534 1694 stam
559 1642 851 1698 revertitur
882 1662 894 1697 :

489 1750 565 1821 Tu
588 1752 762 1803 decem
786 1758 1233 1821 sanctosrevcltes,
1262 1766 1313 1809 et
1336 1768 1466 1821 octo,

493 1814 865 1881 Cmsaraugusta
886 1819 1100 1881 studiosa
1128 1814 1318 1881 Christi,

490 1874 745 1925 Verticeni
771 1881 909 1927 tlavis
928 1880 1052 1930 oleis
1076 1884 1293 1933 revincta

649 1939 791 1988 l’acis
815 1940 1019 1991 honore.

492 1999 603 2048 Sola
630 1999 676 2049 in
701 2014 956 2051 occursum
982 2008 1345 2057 numerosiores

494 2060 754 2123 Martyrum
776 2067 943 2114 turbas
966 2068 1173 2117 llomino
1197 2072 1403 2133 parasti.

392 2162 468 2218 lta
498 2178 657 2234 porro
693 2172 960 2240 sequitur,
1000 2172 1229 2240 gloriam
1271 2175 1595 2245 singularem
1629 2177 1983 2249 Caesaraugu-

389 2265 487 2311 sta:
522 2258 843 2327 praedicans.

456 2348 549 2403 29.
581 2348 713 2407 Cum
751 2363 930 2410 autem
969 2356 1106 2412 alios
1138 2366 1403 2431 martyres
1438 2361 1979 2439 Czesaraugustanos,

387 2450 585 2510 pmter
610 2444 679 2500 18
710 2445 834 2501 illos
865 2448 916 2501 in
951 2464 1181 2518 quorum
1208 2452 1419 2510 laudem
1450 2454 1711 2526 hymnum
1736 2460 1979 2531 .pepigit,

387 2534 547 2591 vellet
582 2536 824 2610 laudare,
860 2539 1132 2599 Vincentii
1166 2545 1431 2617 imprimis
1453 2553 1730 2609 meminit:

479 2649 619 2715 lude,
645 2651 891 2719 Vincenti,
916 2663 998 2707 tua
1025 2658 1183 2721 palma
1208 2668 1321 2713 nota
1346 2672 1439 2714 est.

385 2752 452 2810 Et
478 2754 765 2829 deinceps:

476 2875 577 2945 δερ
597 2879 729 2945 l'uror
752 2882 1006 2945 quisquam
1024 2885 1133 2936 sine
1159 2884 1303 2937 laude
1330 2896 1550 2942 nostrum

472 2938 651 3001 Cessit,
677 2938 901 2992 aut‘clar'i
928 2958 1109 2996 vacuus
1135 2953 1322 2999 cruoris

478 2999 743 3069 Martyrum
764 3018 963 3069 semper
984 3022 1218 3060 numerus
1238 3014 1333 3063 sub
1357 3018 1488 3067 omni

632 3064 887 3117 Grandine
904 3072 1075 3121 crevit.

473 3124 943 3196 Eonne,_\_'incenli,
965 3146 1182 3196 peregre
1207 3142 1458 3192 necandus

472 3186 749 3251 Martyr’his
769 3196 916 3242 terris
934 3186 1070 3244 ténui
1090 3186 1268 3249 notasti

470 3249 739 3318 Sanguinis
761 3267 875 3305 rore
898 3259 1117 3318 speciem
1137 3260 1286 3312 futuri

629 3314 786 3389 ill-orte
811 3314 1122 3389 propinqua?

468 3371 577 3447 yoc
600 3375 768 3447 colunt
788 3371 939 3447 cives,
969 3371 1104 3433 vclut
1128 3385 1228 3447 ipsa
1253 3389 1473 3439 membra

467 3434 656 3499 Cespes
678 3440 890 3492 includat
916 3434 1032 3493 suus
1060 3454 1111 3495 et
1135 3434 1343 3499 paterno

417 3504 431 3517 '
468 3497 978 3564 Servet_aniplectens
1002 3497 1190 3558 tumulo
1214 3497 1347 3562 beati

627 3562 852 3626 Martyris
874 3580 1002 3618 ossa.

464 3621 646 3693 [foster
669 3621 767 3693 est,
790 3634 1011 3693 quamvis
1032 3634 1200 3693 procul
1227 3636 1341 3688 hinc
1364 3639 1413 3690 in
1436 3640 1561 3693 urbe

468 3684 649 3759 Passus
673 3684 859 3759 ignota,
882 3684 1077 3759 dederit
1093 3684 1305 3759 sepulcri

464 3744 678 3818 Gloriam
692 3744 858 3818 'virtot‘
882 3768 1035 3818 prolie
1056 3744 1326 3812 littiisvalta:

628 3811 771 3862 lr‘orte
793 3811 1017 3877 Sagunti.

461 3870 574 3945 150s!
587 3886 660 3945 er,
687 3870 924 3945 etrno‘sti'a
951 3894 1076 3941 puer
1094 3884 1141 3932 in
1168 3886 1393 3945 palaestra

469 3936 587 4003 Arte
608 3939 802 4003 virtutis
822 3936 1031 4003 lideique
1058 3936 1186 3994 olivo

465 3995 669 4060 Unctus,
691 3995 987 4052 horrendum
1006 4006 1173 4056 didicit
1192 4008 1393 4060 domare

619 4059 818 4111 Viribus
842 4064 1048 4115 hostem.

459 4120 673 4173 Noverat
693 4125 877 4186 templo
901 4129 1132 4181 celebres
1156 4132 1204 4181 in
1230 4133 1322 4181 isto

462 4186 634 4258 pelles
656 4194 843 4258 partas,
863 4189 1133 4258 deciesque
1151 4194 1360 4258 palmas,

461 4245 668 4312 Laurejs
685 4245 855 4298 doctus
880 4245 1248 4312 patriis'ead'cm

616 4309 782 4361 Laude
805 4309 1040 4365 cucurrit.

358 4411 570 4481 Quibus
600 4414 653 4471 in
677 4418 1010 4477 carminibus
1053 4423 1488 4484 animadvertere
1535 4430 1712 4500 quivis
1762 4434 1962 4503 poterit
2036 4492 2041 4497 ,

359 4503 705 4564 Vincentium
752 4520 935 4567 natum
965 4512 1413 4588 Cmsaraugustm,
1447 4534 1956 4594 caesaraugustanos

354 4599 617 4668 appellari
646 4612 869 4673 nostros,
901 4606 993 4660 has
1024 4617 1185 4679 terras
1212 4608 1433 4683 intelligi
1478 4612 1548 4671 de
1599 4614 1957 4691 Cresaraugu-

354 4700 459 4757 sta,
518 4702 787 4761 paternum
842 4698 1099 4755 tumulum
1140 4703 1386 4760 eamdem
1451 4707 1637 4763 urbem
1687 4711 1953 4784 indicare,

358 4781 696 4843 Vincentium
721 4799 971 4859 nostrum,
1017 4803 1065 4847 et
1105 4806 1279 4848 nostra
1333 4815 1551 4867 puerum
1599 4803 1651 4855 in
1682 4804 1947 4875 palwslm,

351 4877 442 4945 qui
473 4880 661 4949 letnplo
689 4881 739 4934 in
768 4882 865 4935 isto
884 4884 1087 4953 palmas
1117 4887 1185 4943 18
1206 4888 1449 4947 celebres
1472 4890 1714 4963 noverat,
1749 4909 1803 4953 et
1833 4900 1949 4956 lau-

350 4968 453 5022 rcis
468 4971 649 5039 patriis
662 4972 884 5029 edoctus
903 4976 1093 5045 luerat,
1109 4990 1295 5048 aperte
1314 4982 1691 5043 demonstrare
1718 4992 1945 5058 patriam

347 5058 834 5133 Cresaraugustam.
866 5066 1097 5123 Proinde
1121 5070 1243 5139 jure
1272 5072 1532 5131 Thomam
1558 5078 1848 5149 Tamayum
1875 5087 1944 5141 de

348 5150 555 5222 Vargas
600 5153 1060 5233 Riscus‘relellit,
1113 5163 1255 5232 quod
1306 5170 1573 5235 putaverit
1612 5170 1670 5228 S.
1707 5173 1941 5231 Vincen-

347 5240 480 5299 tium
504 5259 535 5299 a
573 5243 867 5307 Prudentia
907 5263 1139 5307 nostrum
1169 5258 1452 5328 appellari,
1477 5261 1601 5332 quia
1641 5276 1756 5321 erat
1784 5265 1943 5324 Chri-

340 5338 577 5404 stianus,
602 5348 656 5395 et
685 5342 933 5401 similiter
964 5345 1164 5403 Bailius
1194 5348 1411 5407 Petrum
1443 5354 1814 5431 Mantuanum,
1844 5366 1937 5435 qui

335 5431 389 5486 in
420 5442 602 5488 nostra
624 5436 862 5506 palwstra
894 5440 1276 5513 interpretatur
1304 5447 1370 5502 de
1405 5447 1664 5510 Valentia.

412 5688 492 5773 la)
523 5690 675 5773 llunc
699 5695 1029 5773 cur_Riscus_
1048 5700 1120 5773 ita
1148 5703 1404 5773 appellet,
1432 5716 1491 5764 ut
1514 5708 1661 5768 dicat
1680 5723 1955 5772 auctorem

333 5760 432 5815 sub
461 5760 665 5851 nomine
778 5765 1036 5851 Bernardi
1056 5760 1250 5851 Ibaiie'z
1274 5760 1954 5851 de‘Eciibv—iiééi',"ﬁ&i"5%:

329 5842 556 5906 senior.
588 5835 797 5890 Etenim
828 5838 994 5894 luisse
1023 5842 1300 5903 hominem
1334 5864 1529 5923 magno
1556 5835 1962 5933 otiae-ri

629 5932 917 6012 Pauor...
939 5935 1113 6004 LIX.

2112 517 2247 586 tius;
2280 518 2346 575 de
2369 534 2472 589 qua
2503 520 2620 580 haec
2649 524 2846 583 habet:

2201 630 2463 698 yartyrum
2485 635 2605 687 nulli
2629 646 2922 693 remanente
2946 646 3044 698 vlta

2201 693 2416 762 Contigit
2440 701 2588 748 terris
2611 700 2834 753 habitare
2856 693 3073 762 nostris:

2201 756 2312 806 Sola
2337 756 2391 808 fu
2414 764 2556 812 morti
2582 766 2791 831 propria
2815 780 2871 816 su
2878 756 3074 831 paratos

2198 879 2211 893 .
2260 880 2282 893 _
2582 823 2743 876 'Vivis
2766 830 2813 878 in
2835 823 2975 881 orbe.

2109 880 2172 934 Et
2197 880 2357 937 infra.

2196 972 2337 1039 ljunc
2360 987 2538 1027 novum
2564 986 2744 1031 nostra:
2770 982 2961 1033 titulum
2988 984 3246 1039 fruendum

2196 1034 2575 1113 Caesaraugustae
2598 1043 2736 1113 dedit
2757 1034 3127 1113 ipse_Cbristus_,

2196 1096 2326 1161 Juge
2354 1096 2561 1153 vivimus
2583 1104 2754 1155 domus
2772 1096 2824 1157 ut
2848 1096 3008 1159 dicata

2600 1164 2823 1231 Martyris
2842 1178 2994 1221 esset.

2102 1266 2156 1324 In
2185 1269 2324 1326 notis
2357 1272 2638 1329 ostendam
2671 1290 2777 1332 non
2822 1277 2947 1335 inde
2989 1280 3169 1353 colligi
3212 1286 3466 1357 templum
3495 1286 3554 1344 S.
3584 1289 3691 1344 En-

2098 1361 2281 1417 cratia:
2323 1360 2521 1420 viventi
2570 1366 2802 1424 dicatum
2835 1369 3021 1441 luisse,
3051 1374 3144 1429 sed
3189 1376 3361 1433 solum
3397 1380 3455 1435 S.
3486 1380 3687 1437 Encra-

2100 1452 2225 1507 tiam
2259 1468 2355 1523 pro
2378 1465 2614 1528 martyre
2645 1458 2908 1528 habitam,
2960 1467 3203 1534 quamvis
3237 1472 3518 1543 martyrio,
3572 1473 3687 1529 sive

2096 1546 2395 1617 suppliciis,
2431 1549 2621 1605 luisset
2643 1564 2941 1623 superstes.
2974 1554 3125 1612 Nunc
3153 1560 3326 1615 solum
3352 1562 3479 1618 licet
3497 1563 3686 1620 obser-

2092 1652 2224 1707 .vare
2255 1650 2415 1694 terras
2443 1652 2665 1709 nostras,
2697 1656 2753 1700 et
2786 1659 3014 1702 nostram
3038 1648 3484 1725 Cmaraugustam
3516 1658 3685 1715 videri

2098 1727 2323 1785 innuere
2352 1729 2774 1804 Caesaraugusta:
2812 1748 2995 1793 natum
3027 1756 3148 1796 esse
3193 1742 3561 1801 Prudentium.
3602 1750 3683 1805 Ex

2021 1808 2069 1870 Β
2096 1817 2177 1874 bis
2200 1821 2522 1891 rejiciendus
2543 1835 2625 1881 est
2657 1827 2962 1886 Bcrnardus
2990 1832 3181 1890 lbanez
3209 1835 3277 1892 de
3307 1837 3597 1895 Echavarri
3629 1842 3681 1897 in

2104 1911 2223 1968 Vita
2243 1916 2304 1971 S.
2325 1915 2834 1995 Prudentiiepiscopi
2849 1924 3263 1995 Turiamnenais,
3284 1947 3404 2002 pag.
3421 1933 3515 2004 εδ,
3535 1950 3683 1990 asse-

2092 2020 2219 2061 rens
2241 2023 2307 2062 ex
2326 2011 2578 2066 omnibus
2590 2013 2898 2071 civitatibus
2920 2020 3211 2087 provincia:
3232 2021 3680 2094 Tarraconensis,
3762 2068 3774 2081 .

2092 2098 2298 2155 scilicet
2317 2100 2640 2170 Tarracone,
2657 2105 2905 2163 Gerunda
2930 2114 3034 2182 ιθ
3054 2111 3354 2185 Calagurri,
3381 2117 3681 2177 Barcinone

2086 2198 2145 2245 et
2167 2191 2597 2265 Caesaraugusta,
2616 2199 2814 2255 nullam
2832 2217 2862 2256 a
2894 2202 3183 2263 Prudentio
3202 2211 3463 2279 appellari
3491 2212 3678 2271 urbem

2089 2297 2262 2350 suam,
2288 2299 2514 2358 excepta
2545 2289 2844 2363 Calagurri.
2886 2295 3016 2353 Nam
3036 2302 3270 2358 num.26
3295 2304 3523 2377 legimus
3546 2308 3680 2366 Pru-

2087 2378 2327 2435 dentium
2350 2382 2417 2437 de
2436 2382 2741 2442 Tarracone
2762 2388 2945 2446 dicere
2970 2410 2981 2444 :
3014 2396 3128 2457 Quo
3155 2406 3345 2452 nostra:
3367 2412 3522 2472 caput
3541 2404 3678 2457 exci—

2090 2480 2231 2527 tatur
2251 2476 2412 2542 urbis,
2440 2486 2494 2532 et
2515 2483 2757 2548 quamvis
2782 2482 2849 2537 de
2871 2482 3277 2557 Caesaraugusta
3306 2507 3569 2563 nusquam
3595 2497 3677 2553 his

2090 2565 2268 2621 verbis
2282 2577 2462 2624 utatur
2476 2587 2490 2622 :
2506 2582 2679 2627 nostra
2697 2576 2891 2642 civitas,
2913 2589 3087 2633 nostra
3105 2581 3243 2649 urbe,
3273 2595 3504 2641 nostrum
3526 2592 3676 2659 Oppia

2088 2658 2232 2725 dum,
2267 2667 2445 2718 tamen
2477 2667 2675 2736 saepius
2706 2668 3212 2743 Ctesaraugustanos
3246 2690 3403 2733 vocat
3433 2658 3669 2750 nostros,

2086 2748 2549 2825 Caesaraugustam
2582 2769 2829 2828 nostram,
2858 2765 3102 2822 eamdem
3137 2779 3333 2824 nostras
3365 2783 3547 2840 terras,
3581 2791 3673 2829 no-

2086 2856 2251 2900 strum
2263 2850 2892 2920 populum.Quamobrem
2910 2867 3001 2912 aut
3013 2858 3235 2928 fallitur,
3248 2872 3340 2918 aut
3353 2864 3404 2919 in
3417 2881 3476 2921 re
3492 2866 3672 2937 inepta

2088 2937 2221 2995 ludit
2251 2940 2559 2999 Bernardus
2585 2946 2775 3004 lbaiiez
2808 2949 2904 3022 (a).
2935 2950 2990 3007 Si
3012 2953 3132 3023 quis
3172 2966 3351 3013 tamen
3383 2960 3674 3016 contendat

2086 3030 2435 3089 Prudentium
2465 3036 2533 3091 de
2570 3038 2970 3111 Caesaraugusta
3004 3050 3320 3114 pronomine
3363 3053 3673 3120 possessivo

2083 3135 2260 3181 nostra
2291 3129 2365 3183 uti
2393 3130 2515 3199 quia
2557 3134 2671 3202 ipse
2711 3144 2827 3190 erat
2867 3152 2896 3191 e
2941 3140 3214 3206 provincia
3254 3141 3665 3214 Tarraconensi,

2411 3194 2423 3199 -
2576 3194 2593 3202 -
2942 3194 2954 3206 .
3265 3194 3285 3196 ρ
3306 3194 3665 3214 η--ηηη---ςη

2001 3194 2052 3261 c
2081 3228 2176 3275 aut
2201 3236 2233 3277 e
2264 3234 2531 3279 conventu
2556 3224 2789 3294 juridico
2818 3228 3322 3302 Caesaraugustam,
3359 3252 3463 3291 non
3512 3239 3669 3295 video

2078 3328 2182 3382 qua
2211 3315 2419 3370 ratione
2448 3331 2515 3371 ex
2545 3333 2607 3373 ea
2636 3334 2759 3375 arce
2781 3321 2937 3389 dejici
2962 3324 3129 3390 possit
3156 3341 3308 3382 :nam
3341 3330 3528 3385 eadem
3552 3333 3667 3390 lere

2079 3408 2288 3463 ratione
2310 3421 2535 3464 nostram
2558 3412 2733 3465 urbem
2757 3412 3136 3484 Tarraconem,
3163 3427 3392 3473 nostrum
3417 3424 3665 3493 Oppidum

2077 3500 2409 3573 Calagurrim
2440 3505 2751 3563 nominasse
2780 3507 3055 3565 afﬁrmant
3106 3512 3196 3583 qui
3235 3514 3665 3585 Ciesaraugusta-

2076 3609 2203 3650 nu.n
2232 3611 2353 3652 eum
2386 3598 2592 3655 volunt.

2150 3690 2240 3747 5i.
2290 3691 2464 3747 Aliam
2512 3703 2774 3764 praeterea
2802 3695 2942 3752 viam
2981 3697 3102 3755 iniit
3139 3700 3332 3758 Riscus
3378 3710 3437 3757 ut
3482 3711 3664 3773 partes

2074 3783 2673 3856 Caesaraugustanorum
2698 3790 2994 3860 adiuvaret,
3010 3794 3155 3849 exiis
3173 3809 3291 3865 qua:
3312 3802 3464 3851 notat
3486 3796 3664 3853 Theo-

2074 3876 2291 3933 doricus
2332 3879 2561 3935 Ruinart
2600 3881 2652 3936 in
2703 3882 2850 3939 Actis
2905 3881 2963 3939 S.
2995 3885 3285 3957 Hippolyti.
3334 3886 3661 3946 Prudentius

2073 3969 2332 4043 hymnum
2362 3974 2420 4029 S.
2449 3974 2725 4047 Hippolyti
2753 3976 2820 4031 ad
2853 3977 3197 4057 Valerianum
3229 3980 3542 4053 episcopum
3579 3982 3661 4039 di-

2072 4065 2232 4133 rexit,
2262 4081 2423 4149 quem
2454 4069 2525 4120 ita
2552 4067 2745 4122 affatur
2770 4086 2781 4120 :

2164 4188 2452 4238 Innumeros
2474 4191 2671 4239 cineres
2688 4197 2964 4239 sanctorum
2987 4190 3191 4241 Romula
3210 4192 3260 4241 in
3286 4194 3410 4246 urbe

2227 4249 2467 4312 Vidimus,
2498 4265 2527 4300 υ
2549 4250 2724 4302 Christi
2749 4252 3014 4305 Valeriane
3038 4266 3195 4305 sacer.

2070 4334 2137 4390 Et
2167 4335 2220 4391 in
2247 4335 2355 4391 line
2385 4335 2600 4406 hymni:

2162 4451 2246 4502 Sic
2269 4464 2349 4517 me
2365 4452 2622 4517 gramineo
2645 4460 2983 4502 remanentem
3002 4452 3223 4517 denique
3245 4465 3417 4517 campo

2224 4514 2438 4565 Sedulus
2460 4522 2694 4576 aegrotam
2719 4522 2882 4576 pastor
2905 4527 3047 4567 ovem
3072 4514 3277 4565 releras.

2076 4623 2209 4680 Erat
2236 4624 2396 4696 igitur
2418 4622 2744 4679 Prudentius
2771 4638 2833 4677 ex
2854 4623 3109 4692 urbe,aut
3134 4624 3380 4693 dioecesi,
3406 4628 3491 4683 cui
3514 4642 3657 4698 prae-

2071 4727 2191 4774 erat
2222 4717 2558 4772 Valerianus.
2613 4715 2693 4771 Ad
2725 4732 2884 4787 quem
2914 4717 3089 4772 locum
3132 4718 3442 4775 Ruinartius
3468 4720 3661 4777 adver-

2069 4812 2168 4866 tit:
2198 4809 2298 4863 Ilic
2323 4811 2523 4864 videtur
2543 4824 2653 4864 esse
2684 4808 2918 4864 Valerius
2945 4808 3437 4881 Ctesarauguatanus
3464 4814 3659 4882 episco-

2066 4921 2186 4975 pus,
2213 4903 2302 4973 qui
2332 4920 2464 4959 anno
2502 4902 2599 4957 581
2650 4902 2882 4973 interfuit
2932 4902 3149 4958 concilio
3176 4902 3659 4975 Caesaraugustam.

2070 4996 2282 5064 Riscus,
2309 4998 2396 5067 qui
2420 4993 2652 5052 concilio
2675 4992 3355 5067 Valeriuinsubscripsisse
3379 5012 3523 5052 anno
3553 4998 3658 5051 380

2061 5089 2267 5145 rectius
2297 5088 2491 5157 tradit,
2519 5086 2767 5143 eumdem
2814 5088 3126 5160 episcopum
3165 5104 3286 5144 esse
3335 5097 3487 5160 putat
3535 5101 3657 5141 cum

2064 5180 2350 5236 Valeriano
2388 5180 2690 5238 Prudentii.
2719 5179 2824 5237 Sed
2882 5190 3008 5236 ante
3066 5180 3285 5236 Riscum
3340 5188 3396 5235 et
3426 5178 3659 5233 Ruinar-

2056 5272 2189 5328 tium
2217 5288 2336 5329 eam
2386 5274 2647 5329 rationem
2680 5273 2960 5329 invenerat
3004 5272 3200 5329 Paulus
3241 5270 3561 5327 Albinianus
3592 5272 3661 5325 de

2053 5367 2219 5439 Rajas
2252 5360 2411 5436 S."l.,
2444 5384 2604 5439 quem
2633 5367 2901 5440 Tamayus
2930 5366 2987 5422 in
3030 5365 3209 5422 indice
3238 5362 3418 5433 operis
3448 5361 3547 5418 cit.
3576 5376 3660 5417 re-

2050 5459 2157 5519 fert
2198 5461 2253 5518 in
2288 5460 2512 5519 historia
2533 5476 2636 5519 ms.
2674 5459 3099 5530 Caesaraugusta:
3141 5453 3390 5527 probare:
3418 5453 3660 5512 voluisse

2066 5718 2179 5785 nio,
2210 5719 2391 5797 quieo
2421 5719 2639 5797 nomhie
2662 5716 2844 5797 _luerit
2864 5721 3105 5797 vocatus,
3133 5723 3191 5796 et
3234 5712 3399 5795 vitam
3428 5710 3487 5767 S.
3519 5710 3658 5766 Pru-

2064 5785 2515 5861 dentii‘episcopi,
2546 5787 2960 5861 Turiasonensis
2991 5785 3185 5843 litteris
3231 5786 3655 5854 consignavcrit,

2064 5860 2407 5932 compertum
2429 5860 2563 5920 mihi
2587 5867 2695 5917 est.
3220 5950 3305 6016 i9
