4142 6350
513 316 616 372 887

1942 295 2075 352 PBU
2085 291 2396 353 DEN'I‘IDS.

512 428 863 484 Prudentium
909 422 1076 480 fuisse
1113 418 1648 486 Caesaraugustanum
1700 424 1768 468 ex
1810 409 2011 482 hymno
2039 411 2100 467 S.
2129 412 2182 472 Α
2208 410 2314 465 ruit
2334 409 2610 480 Calagurri
2629 409 2723 464 sub
2769 407 3038 463 Valeriano
3064 407 3289 462 antistite
3316 406 3577 479 hymnum
3599 406 3806 464 editum

513 519 807 592 Hippolyti,
840 515 925 571 ubi
955 529 1013 571 se
1041 527 1194 568 ovem
1240 507 1506 564 Valeriani
1545 504 1813 577 appellat,
1851 501 1994 573 quod
2022 516 2094 558 ex

514 613 708 669 litteris
741 610 902 678 ipsius
923 606 1074 664 Pauli
1097 612 1420 676 cognoverat
1441 600 1540 672 (a).
1567 598 1724 668 Quod
1758 597 2104 660 Valerianus,

515 723 620 762 non
654 705 916 766 Valerius,
969 702 1028 760 iu
1076 699 1278 770 hymno
1301 693 1575 751 Prudentii
1623 693 1907 760 scribatur,
1967 690 2099 745 nihil

511 799 715 854 referre
739 796 810 849 ait
843 794 1032 849 Hiscus
1058 809 1071 846 :
1105 790 1149 844 0
1175 805 1364 863 parque
1388 789 1433 845 el
1463 787 1688 843 vocativo
1712 785 1776 840 de
1801 781 2007 838 Valeria
2029 797 2095 836 no

514 892 676 958 puede
710 888 1042 942 acomodarse
1083 903 1145 939 ea
1186 885 1232 940 el
1267 901 1410 939 verso
1450 891 1796 955 pentametra,
1843 899 1872 937 ο
1914 892 2108 950 parque

511 984 602 1038 alli
631 999 696 1038 na
719 982 879 1037 usaba
908 981 972 1034 de
1000 980 1046 1034 el
1079 993 1220 1033 coma
1248 981 1312 1034 de
1335 981 1540 1034 nombre
1578 979 1802 1049 propria,
1844 979 1957 1031 sino
2002 978 2104 1049 19

513 1058 787 1146 apelatiao,
833 1075 1135 1130 concertatio
1181 1091 1277 1128 con
1328 1073 1377 1128 la
1422 1090 1544 1139 vos,
1600 1073 1776 1131 Sacer.
1815 1072 2107 1142 Displicent

515 1171 602 1227 hae
625 1172 878 1235 rationes,
911 1179 964 1225 et
995 1168 1292 1238 praesertim
1329 1166 1496 1234 prima
1533 1166 1634 1237 (a).

588 1265 679 1322 59.
714 1266 932 1320 Minime
963 1273 1138 1317 tamen
1171 1262 1384 1316 animus
1432 1261 1584 1316 nobis
1607 1269 1688 1315 est
1733 1259 1978 1323 inliciari,
2013 1258 2108 1312 ali-

517 1373 680 1430 quam
704 1359 1067 1427 conjecturam
1095 1371 1158 1410 ex
1185 1354 1384 1425 hymno
1407 1354 1464 1409 S.
1486 1354 1754 1423 Hippolyti
1787 1369 1883 1422 pro
1899 1353 2111 1408 Caesar-

518 1465 742 1524 augusta
792 1453 913 1521 capi
959 1466 1118 1522 posse
1160 1468 1172 1502 :
1217 1464 1340 1503 nam
1371 1464 1438 1502 ex
1472 1447 1672 1518 hymno
1704 1446 1769 1502 18
1811 1457 2108 1517 martyrum

519 1547 1120 1615 Caesaraugustanorum
1192 1542 1360 1611 liquet
1429 1556 1460 1595 e
1521 1540 1720 1593 familia
1781 1539 2109 1595 Valeriorum

520 1638 707 1708 plures
737 1638 900 1693 fuisse
928 1638 1212 1706 episcopos
1239 1633 1748 1704 Caesaraugustanos
1775 1649 1787 1685 :

616 1731 706 1780 Hic
729 1731 1036 1781 sacerdotum
1054 1717 1224 1778 domus
1247 1727 1446 1778 infulata

926 1793 1255 1842 Valeriorum.

521 1901 700 1956 Potuit
721 1915 849 1970 ergo
879 1900 1073 1969 aliquis
1089 1915 1156 1952 ex
1188 1899 1286 1952 hac
1308 1896 1508 1951 familia
1531 1895 1817 1966 cpiscOpus
1846 1893 2111 1948 nominari

528 1992 859 2060 Valerianus,
890 2004 946 2046 ut
971 1993 1168 2063 passim
1199 1992 1309 2045 ltazc
1349 1991 1624 2062 nominum
1657 1989 1919 2043 derivatio
1954 1987 2005 2042 in
2037 1987 2114 2039 fa-

527 2085 691 2140 tniliis
721 2085 977 2137 Romanis
1006 2083 1302 2148 accidebat,
1334 2083 1540 2137 scilicet
1565 2082 1831 2146 Constans,
1863 2079 2114 2134 Constan-

525 2177 647 2240 tius,
701 2176 1099 2240 Constantinus;
1151 2176 1324 2244 potuit
1363 2169 1523 2229 etiam
1572 2173 1816 2228 Valerius
1863 2174 1980 2238 ille,
2022 2173 2115 2242 qui

527 2269 758 2324 concilio
783 2266 1260 2339 Caesaraugustam
1292 2268 1553 2333 interfuit,
1610 2268 1842 2322 Valerius
1875 2267 2112 2322 Valeria-

527 2379 624 2418 nus
648 2364 930 2433 appellari,
961 2374 1016 2418 ut
1038 2362 1296 2418 Claudius
1325 2363 1673 2427 Claudianus,
1719 2363 1916 2432 aliique
1956 2362 2117 2418 Simili

527 2454 712 2520 modo,
759 2467 852 2510 aut
879 2456 947 2509 ab
977 2456 1096 2510 aliis
1140 2456 1385 2521 Valerius,
1427 2457 1496 2511 ab
1522 2457 1640 2511 aliis
1683 2455 1982 2511 Valerianus
2020 2458 2112 2529 (ς).

528 2549 607 2604 Ex
641 2549 898 2619 catalogis
941 2550 1319 2620 episcoporum
1348 2547 1948 2621 Caesaraugusmnorum
1997 2561 2116 2620 post

528 2643 796 2698 Valerium
829 2643 976 2697 illum
1009 2644 1304 2698 secundum
1332 2661 1472 2699 anno
1500 2645 1607 2701 580
1637 2645 1780 2700 nihili
1800 2645 1943 2700 aliud
1977 2647 2120 2701 erui-

529 2745 615 2790 tur
645 2751 812 2804 usijue
842 2737 909 2790 ad
939 2751 1137 2790 annum
1165 2737 1290 2803 458,
1326 2755 1431 2807 quo
1455 2739 1518 2792 N.
1553 2742 1838 2807 episcOpus
1864 2739 2120 2808 praeside-

527 2829 640 2885 bat.
672 2830 729 2884 ln
757 2830 1000 2900 catalogo
1030 2832 1406 2900 episcoporum
1435 2833 1963 2904 Calagurritanorum
2006 2837 2116 2906 pri-

526 2939 653 2978 mus
683 2926 816 2979 certi
849 2925 1084 2980 nominis
1109 2925 1394 2998 episcopus
1427 2929 1691 2984 indicatur
1708 2928 1958 2984 Silvanus
1977 2930 2117 2985 circa

527 3030 726 3070 annum
755 3017 880 3072 457.
933 3018 1182 3074 Nicolaus
1212 3019 1480 3076 Antonius
1524 3036 1590 3076 ex
1625 3023 1969 3091 przejudicata
2003 3024 2121 3092 opi-

529 3110 692 3164 nione
728 3109 870 3180 quod
916 3109 1238 3166 Prudentius
1282 3123 1424 3168 esset
1455 3113 1917 3184 Calagurritanus,
1965 3133 2117 3173 asse-

2211 502 2504 575 Hippolyti.
2558 502 2752 558 Verum
2808 503 2906 558 etsi
2962 501 3164 571 liquido
3207 509 3416 572 pateret
3460 500 3806 558 Valerianum

2210 605 2304 652 aut
2353 597 2888 666 Caesaraugustanam
2916 637 2932 661 ,
2979 603 3070 650 aut
3113 594 3574 666 Calagurritnnam
3621 595 3806 651 sedem

2214 691 2469 755 tenuisse,
2513 705 2578 744 an
2632 698 2745 745 tuto
2774 689 2967 745 cantici
3016 698 3201 758 posset
3244 695 3338 743 aut
3371 688 3810 760 Ciesaraugusta-

2212 795 2361 848 num,
2399 791 2492 837 aut
2528 781 2993 852 Calagurritanum
3045 779 3213 837 fuisse
3241 780 3628 836 Prudentium?
3657 781 3808 838 llaud

2212 873 2460 944 equidem
2493 882 2638 944 puto.
2685 873 2793 928 Cur
2821 873 2966 929 enim
3007 888 3114 930 non
3147 874 3380 944 patuerit
3409 889 3468 929 se
3497 889 3651 930 ovem
3692 875 3809 944 ejus

2213 969 2451 1039 episcopi
2502 983 2834 1039 nuncupare,
2884 969 2938 1023 in
2983 968 3138 1038 cujus
3186 965 3404 1023 dimccsi
3459 983 3556 1038 per
3592 967 3806 1038 aliquod

2215 1065 2468 1132 temporis
2509 1063 2735 1134 Spatium
2780 1062 3114 1118 domicilium
3159 1061 3416 1117 ﬁxisset?
3464 1062 3626 1133 Atqui
3670 1063 3808 1118 Pru-

2215 1155 2427 1211 dentius
2457 1157 2724 1227 ejusmodi
2755 1155 3083 1212 curriculum
3119 1157 3240 1211 vitae
3293 1157 3485 1224 tenuit,
3536 1165 3594 1210 ut
3627 1155 3810 1212 multis

2215 1249 2555 1319 diversisque
2585 1250 2634 1304 in
2668 1250 2804 1306 locis
2832 1249 2924 1304 diu
2953 1250 3194 1306 videatur
3225 1263 3346 1305 esse
3369 1260 3754 1306 commoratus.

2288 1343 2377 1397 35.
2411 1341 2543 1397 Illud
2591 1343 2806 1411 quidem
2853 1358 2920 1398 ex
2975 1341 3176 1413 hymno
3210 1341 3277 1397 18
3324 1351 3616 1413 martyrum
3664 1351 3810 1397 certo

2216 1434 2480 1504 arguitur,
2534 1433 2882 1489 Prudentium
2930 1436 3353 1503 Caesaraugusta:
3405 1433 3715 1504 aliquando,
3759 1442 3814 1487 et

2219 1532 2344 1578 tunc
2370 1524 2602 1578 maxime
2640 1540 2760 1579 cum
2780 1528 3049 1596 Iliymnum
3081 1524 3342 1591 condidit,
3371 1526 3681 1580 constitisse
3704 1523 3809 1595 (tl).

2219 1619 2312 1674 His
2362 1619 2571 1675 accedit
2623 1619 3048 1690 Ctesaraugustte
3078 1619 3350 1674 exstitisse
3400 1617 3659 1673 familiam
3687 1617 3809 1672 Cle-

2221 1725 2483 1778 mentum,
2537 1724 2593 1769 ut
2637 1714 2829 1785 probat
2861 1713 3121 1769 Henricus
3151 1713 3340 1768 Florez
3374 1720 3506 1766 tom.
3537 1711 3558 1764 l
3599 1710 3813 1765 Numis-

2143 1798 2193 1858 B
2221 1818 2372 1874 mat.,
2407 1808 2573 1862 tabul.
2607 1806 2661 1872 9,
2710 1823 2860 1861 num.
2887 1806 2940 1873 9,
2995 1821 3060 1861 ex
3110 1821 3214 1875 qua
3265 1805 3430 1859 fuisse
3459 1801 3813 1858 Prudentium

2221 1901 2361 1957 idem
2394 1903 2610 1966 fatetur,
2643 1902 2750 1972 2ο
2781 1899 3023 1970 quamvis
3053 1897 3290 1969 alioquin
3323 1897 3598 1967 Calagurri
3627 1904 3813 1951 natum

2222 1997 2517 2052 existimet.
2548 1995 2673 2051 Haec
2703 1996 2811 2050 fere
2843 2001 2970 2049 sunt
2995 2009 3113 2063 quae
3143 1993 3188 2048 si
3229 2007 3335 2047 non
3366 2001 3569 2048 certam
3601 2000 3820 2046 senten-

2223 2093 2384 2158 tiam,
2449 2101 2503 2146 at
2559 2089 2890 2162 probabilem
2945 2087 3138 2145 saltem
3185 2086 3551 2155 conjecturam
3599 2084 3819 2141 efﬁcere

2223 2197 2446 2257 possunt
2495 2194 2553 2240 ut
2609 2184 2935 2240 Prudentius
2979 2183 3490 2254 Catsaraugustanus
3531 2181 3697 2237 fuisse
3735 2178 3822 2234 di-

2223 2289 2374 2335 catur
2404 2278 2496 2349 (e).
2993 2324 2996 2328 .

2294 2370 2384 2424 54.
2427 2369 2544 2426 .lam
2571 2383 2703 2424 vero
2733 2383 2830 2425 cur
2855 2367 3162 2438 Calagurris
3189 2367 3366 2437 (nobis
3406 2363 3715 2435 Calahorra)
3745 2364 3823 2420 ci-

2224 2479 2346 2520 vem
2375 2477 2528 2518 suum
2561 2470 2773 2532 repetat
2798 2460 3172 2522 Prudentium,
3199 2458 3590 2515 enucleandum
3612 2467 3694 2512 est
3717 2456 3818 2527 (ί).

2225 2559 2327 2626 Qui
2377 2555 2705 2627 Calagurrim
2755 2553 3032 2609 Prudentii
3080 2554 3307 2623 patriam
3354 2559 3630 2616 statuunt,
3681 2548 3825 2604 haud

2226 2651 2343 2705 leve
2370 2648 2676 2720 prtesidinm
2707 2646 2907 2701 habent
2936 2647 2988 2700 in
3024 2647 3225 2716 hymno
3253 2643 3348 2700 SS.
3384 2654 3684 2714 martyrum
3714 2642 3821 2697 lle-

2226 2743 2440 2800 meterii
2487 2750 2542 2797 et
2571 2739 2849 2796 Celedonii
2877 2758 2888 2791 :
2917 2755 3023 2794 non
3068 2737 3210 2808 quod
3255 2751 3350 2792 eos
3394 2745 3658 2808 martyres
3696 2743 3825 2791 ante

2227 2851 2416 2893 omnes
2461 2834 2596 2888 alios
2639 2832 3030 2897 celebraverit;
3083 2831 3260 2900 exigui
3309 2829 3450 2885 enim
3499 2827 3710 2883 roboris
3739 2837 3824 2882 est

2229 2932 2344 2985 haec
2373 2929 2678 2997 conjectura
2711 2921 2901 2980 Moreti
2943 2931 2998 2980 et
3027 2921 3280 2988 Florezii,
3334 2920 3681 2976 Prudentium
3710 2935 3826 2976 sua:

2229 3023 2416 3093 patriae
2447 3028 2703 3091 patronos
2727 3017 2942 3074 ceteris
2967 3015 3299 3087 martyribus
3327 3013 3652 3085 praetulisse,
3674 3020 3730 3070 et
3757 3027 3824 3068 ea

2229 3117 2300 3172 de
2321 3129 2482 3170 causa
2508 3127 2695 3169 eorum
2726 3111 2985 3184 hymnum
3017 3111 3190 3181 primo
3219 3107 3339 3164 loco
3379 3109 3642 3177 posuisse.
3682 3105 3821 3164 Gra-

601 3355 678 3426 (a)
706 3354 806 3429 Qui
832 3354 1134 3429 Chronicon
1160 3355 1366 3418 Dextri,
1389 3356 1743 3429 aliorumque,
1778 3359 2112 3415 arcltitectati
2141 3362 2188 3424 C
2223 3367 2504 3429 augustam
2532 3357 2785 3426 Hispanis
2806 3356 3256 3429 _e§_seAZaragoza,
3288 3369 3396 3410 non
3418 3336 3727 3429 _Saragaa:.a,
3764 3364 3822 3410 ut

524 3435 672 3492 sunt,
708 3427 923 3482 minime
956 3427 1006 3480 id
1041 3427 1376 3498 ignorarunt,
1432 3427 1658 3498 ideoque
1717 3429 1986 3484 Valerium
2037 3429 2117 3484 di-

525 3509 672 3561 ctum
693 3514 906 3569 quoque
939 3498 1100 3570 fuisse
1135 3497 1466 3553 Valerianum
1494 3497 1590 3569 pro
1639 3502 1922 3570 explorato
1954 3503 2118 3558 tradi-

523 3568 756 3643 derunt.
789 3568 1090 3643 Notandum
1113 3579 1362 3643 tamen,
1393 3575 1442 3623 in
1463 3568 1742 3643 _'concilii_s
1797 3574 1947 3642 llisp.
1978 3576 2116 3643 apud

523 3641 1130 3712 cardinalemiAguirre
1175 3642 1405 3695 caucilio
1449 3641 1930 3712 Caesaraugustam
1977 3641 2119 3698 anno

524 3711 634 3767 380
654 3711 994 3765 subscribere
1025 3709 1299 3765 Valerium
1347 3727 1491 3765 nono
1536 3713 1687 3779 loco,
1708 3709 1950 3768 'mininte
1988 3731 2119 3770 vero

525 3783 788 3855 declarari
825 3797 964 3855 eum
993 3795 1134 3855 _es_se
1156 3853 1164 3855 _
1189 3784 1498 3855 episcopum
1553 3784 2115 3855 Cwsaraugustanum.

522 3853 716 3908 Loaisa
747 3851 960 3921 quidem
993 3851 1262 3906 Valerium
1289 3851 1391 3908 hoc
1427 3855 1581 3908 titulo
1615 3851 1834 3921 donavit
1875 3863 1922 3910 in
1951 3860 2116 3914 colle-

527 3925 707 3996 ctione
737 3916 1032 3996 concilior.
1055 3921 1305 3996 Hispan.,
1340 3925 1457 3991 sed,
1491 3935 1549 3980 ut
1597 3941 1695 3995 ego
1736 3916 2002 3996 arbitror,
2031 3945 2120 3984 so-

527 3993 642 4050 lttm
673 4007 739 4048 ex
771 3993 1035 4064 probabili
1069 3995 1398 4064 conjectura.

606 4065 684 4136 (b)
716 4065 852 4132 Quid
880 4064 1027 4119 enim
1050 4076 1132 4120 est
1156 4067 1300 4136 quod
1341 4068 1614 4122 vocativus
1640 4067 1814 4123 γαιιτνί
1841 4083 1944 4124 non
1975 4071 2122 4125 cadit

524 4138 582 4210 in
618 4151 832 4210 versum
865 4142 1298 4210 pentametrum?
1332 4139 1406 4192 De
1435 4141 1680 4193 vocativo
1711 4141 1927 4210 quidem
1971 4141 2118 4195 Vale-

525 4208 674 4283 riane
700 4205 750 4261 id
777 4206 822 4261 si
847 4207 1089 4283 dixisset,
1124 4221 1413 4264 annucrem
1448 4225 1470 4283 :7
1491 4220 1598 4266 tres
1629 4205 1770 4266 enim
1803 4213 1986 4282 prima:
2009 4214 2118 4283 syl-

521 4278 662 4334 laba:
689 4288 815 4333 sunt
854 4279 1065 4347 breves,
1117 4295 1342 4348 quarutu
1396 4282 1564 4351 prima
1615 4283 1684 4338 ob
1738 4278 2113 4338 necessitatem

524 4351 840 4424 producitur
865 4366 894 4402 a
929 4351 1239 4405 Prudentia.
1293 4355 1355 4406 At
1387 4354 1592 4408 nullutn
1634 4365 1779 4410 esset
1809 4364 2115 4424 peccatum,

526 4421 572 4476 si
601 4431 994 4490 pentametrinn
1025 4436 1238 4478 versum
1270 4423 1340 4476 ita
1371 4424 1657 4480 forma~set
1683 4445 1694 4478 :

623 4534 864 4593 Vidimus,
887 4547 917 4583 0
940 4533 1114 4584 Christi
1143 4537 1320 4596 praesul
1346 4548 1530 4598 amans,
1555 4537 1739 4600 Valeri,

527 4645 620 4694 aut
648 4639 776 4708 quid
799 4641 992 4695 simile.
1023 4639 1206 4710 Neque
1237 4642 1360 4695 item
1402 4642 1675 4698 Valeriane
1703 4661 1878 4709 sacer,
1924 4647 2003 4701 sic
2035 4647 2116 4701 in-

529 4713 868 4783 tel'pretabor
893 4729 904 4764 :
936 4711 980 4765 Ο
1005 4712 1243 4766 sacerdos
1263 4730 1288 4765 ε
1318 4715 1516 4783 familia
1550 4715 1893 4770 Valeriorum.

2227 3423 2531 3486 ait'Remus
2549 3423 2720 3500 Epist.
2755 3427 2819 3483 ad
2836 3423 3147 3500 Weitzium,
3192 3443 3390 3500 neque_
3408 3423 3712 3500 Sarag'assa
3724 3441 3824 3500 seu

2231 3501 2515 3574 Caragoca,
2544 3496 2967 3574 ut'_Lndev_vigius
2999 3500 3232 3574 loquitur
3280 3499 3332 3552 in
3364 3496 3637 3574 Prudentii
3674 3496 3821 3574 Vita,

2228 3575 2330 3628 nisi
2359 3568 2556 3641 duplici
2599 3572 2638 3625 C
2673 3573 2726 3626 in
2771 3568 3034 3639 Caragoca
3071 3568 3352 3640 suffigatur
3382 3570 3610 3638 virgula,
3641 3577 3720 3641 _ut
3751 3568 3823 3622 fa-

2230 3659 2354 3700 cere
2385 3639 2560 3699 solent
2590 3643 2832 3712 Hispani,
2862 3657 2983 3697 cum
3016 3656 3110 3710 per
3138 3659 3168 3694 κ
3195 3639 3303 3697 non
3334 3641 3594 3712 scribunt.
3638 3639 3824 3707 Neque

2227 3727 2515 3786 prapterea
2545 3710 2836 3786 quidquam
2865 3714 3166 3786 detractum
3199 3712 3319 3766 volo
3358 3710 3823 3786 Ludevvigio,_aut

2229 3782 2378 3853 aliis,
2400 3785 2513 3854 qui,
2544 3785 2670 3840 dum
2695 3782 2792 3839 res
2827 3795 3038 3839 nostras
3067 3785 3349 3849 illustrant,
3383 3797 3523 3854 saepe
3547 3782 3599 3835 in
3634 3783 3829 3847 hujus-

2229 3852 2440 3913 cemodi
2470 3870 2683 3911 errores
2713 3856 2977 3920 incidunt,
3005 3855 3098 3912 sed
3139 3856 3310 3925 magis
3341 3855 3438 3925 eis
3465 3852 3619 3906 faveo
3666 3855 3819 3918 plau-

2229 3929 2428 3998 doque,
2461 3928 2602 3996 quod
2627 3927 2796 3982 exteri
2828 3942 2946 3981 cum
2981 3929 3108 3988 sint.
3138 3936 3192 3982 et
3225 3923 3470 3998 nonnulla
3502 3931 3832 3998 premantur.

2229 3992 2565 4064 difficultate,
2588 3998 2934 4053 nihilominus
2966 4008 3268 4053 nostrorum
3301 3996 3483 4050 laudes
3505 3992 3814 4057 celebrant;

2228 4081 2289 4126 ut
2321 4071 2408 4124 hic
2435 4069 2798 4139 Ludewigius,
2849 4071 2938 4139 qni
2990 4070 3126 4124 vitas
3176 4077 3453 4138 poetarum
3475 4064 3814 4139 Christiano;

2229 4158 2346 4196 rum
2371 4141 2608 4196 scribere
2637 4136 2942 4205 meditatus,
2978 4136 3193 4194 initium
3231 4139 3375 4206 fecit,
3423 4147 3480 4190 ut
3507 4138 3602 4199 ait,
3637 4151 3669 4188 α
3692 4136 3821 4189 mel-

2233 4213 2467 4267 litissima
2499 4211 2805 4276 Prudentia,
2855 4213 2904 4266 in
2928 4225 3032 4280 quo
3061 4211 3219 4265 etiam
3251 4209 3513 4276 substitit,
3544 4209 3670 4261 aliis
3705 4216 3822 4262 stu-

2233 4285 2337 4338 diis
2362 4295 2417 4339 et
2439 4284 2878 4351 occupationibus
2900 4279 3223 4351 implicatus.

2303 4356 2377 4426 (Γ)
2407 4356 2481 4409 Ita
2508 4349 2995 4426 judicantGai-cias
3040 4352 3224 4406 Loaisa
3268 4349 3816 4426 Collection_._co_ncil.

2232 4421 2385 4494 llis'p'.
2439 4421 2557 4493 post
2599 4425 2890 4480 concilium
2938 4426 3214 4489 Lucense;
3279 4423 3516 4494 Joannes
3561 4421 3816 4494 Mariana,

2234 4493 2373 4551 Hist.
2436 4497 2658 4566 Hispan.
2687 4497 2808 4566 lib.
2856 4511 2950 4566 tv,
3009 4495 3234 4566 cap.7;_
3291 4493 3525 4566 Joannes
3573 4493 3817 4566 hlarieta,

2238 4568 2334 4622 lib.
2363 4583 2475 4634 xm,
2521 4562 2638 4638 pag.
2681 4565 2767 4631 25,
2817 4565 2956 4635 apud
2998 4562 3167 4638 Nicol.
3209 4563 3535 4638 Antonium;
3564 4562 3821 4638 _1_‘_liomas

2239 4584 2334 4622 im.
2363 4584 2475 4634 xm,
2521 4584 2582 4638 pa
2624 4608 2638 4622 .
2681 4584 2767 4631 κο,
2817 4584 2956 4635 apuu
2998 4584 3167 4620 meat.
3209 4584 3535 4628 amomum;
3598 4584 3818 4617 lumnas

2235 4638 2473 4709 Tamayo
2495 4639 2558 4693 de
2584 4584 2784 4707 εει-εδδ
2805 4638 2907 4692 loc.
2939 4638 3068 4702 cit.;
3101 4637 3216 4691 Nic.
3246 4635 3529 4709 Antonius,
3563 4633 3681 4709 ΒΗ).
3705 4643 3818 4709 yet.

2238 4703 2421 4778 llisp.,
2450 4709 2544 4780 qui
2569 4703 2758 4778 ingens
2797 4709 3008 4779 pondus
3052 4709 3381 4780 huicﬁcausas
3421 4706 3618 4780 adjecit
3629 4721 3668 4780 ;_
3695 4703 3823 4780 Col-

601 4759 856 4858 (ῑῑῐῆδιῑς
893 4759 1298 4858 tantatanta.
1316 4759 2122 4858 :""i;;r..'i.‘.'.'.;'malum...
2148 4759 2205 4818 D
2233 4759 2544 4858 aggressi;
2567 4759 2771 4849 βίῖέίείῑ.
2798 4759 3596 4858 insatiatus.gemiti...
3628 4759 3820 4858 rata.

525 4853 692 4929 (quod
719 4854 1101 4929 est__Prudetttii
1131 4862 1349 4922 nomen)
1378 4858 1521 4929 idem"
1551 4875 1744 4914 nomen
1773 4859 2017 4929 ejusdem
2035 4853 2119 4913 Ta-

524 4925 692 4980 miliae
723 4925 947 5001 indicari
972 4927 1027 4980 in
1059 4930 1403 4983 Unomastico
1433 4927 1770 4997 Glandor,ii,
1801 4925 1963 5001 quasi
1991 4944 2120 4986 ana—

525 4999 877 5073 grammatice
905 5001 1454 5073 composittmt,_quod
1485 5003 1767 5057 ridiculum
1800 4999 1946 5073 puto.

595 5069 679 5141 (ά)
707 5069 844 5123 Audi
872 5069 986 5138 ejus
1011 5071 1174 5124 verba
1201 5072 1266 5124 de
1290 5071 1346 5126 S.
1381 5073 1624 5127 Encratia
1655 5094 1663 5125 :

617 5182 836 5248 Yidimus
852 5188 1047 5248 partem
1063 5186 1246 5246 jecoris
1268 5186 1515 5248 repulsam

619 5245 826 5309 Ungulis
849 5245 996 5310 longe
1015 5245 1225 5309 jahuisse
1247 5245 1449 5310 pressis.

523 5330 659 5388 Audi
694 5331 794 5386 alia
825 5331 875 5385 iit
902 5331 1007 5386 line
1033 5349 1048 5384 :

615 5423 716 5534 gos
742 5424 980 5487 pio'iletu,
1006 5425 1141 5486 date,
1166 5427 1446 5489 perluamus

670 5497 910 5534 armorum
934 5489 1114 5534 sulcos.
1140 5487 1316 5534 uulbus
1339 5500 1413 5534 est
1435 5503 1446 5534 t

670 5497 910 5552 armorum
934 5489 1114 5552 sulcos,
1140 5487 1316 5551 quibus
1339 5500 1413 5538 est
1435 5495 1606 5552 operta

615 5549 760 5607 Spes,
789 5550 1111 5618 utabsolvam
1134 5549 1516 5602 retinaculorum

804 5611 968 5659 Vincla
988 5626 1228 5662 meorum.

615 5669 800 5738 S_terne
823 5677 876 5719 te
899 5679 1048 5722 totam
1075 5687 1318 5738 generosa
1339 5677 1520 5726 sanctis

619 5731 799 5782 Civitas
823 5743 1014 5782 mecum
1039 5731 1254 5787 tumulis.

595 5837 670 5918 (ε)
699 5839 856 5913 Quod
882 5855 1017 5912 pene
1047 5857 1133 5898 me
1159 5841 1390 5915 fugerat,
1439 5857 1665 5904 monere
1703 5843 1866 5911 volui,
1900 5843 2110 5902 Caesar-

2232 4855 2368 4915 cius,
2411 4853 2460 4904 in
2491 4846 2794 4907 Comment.
2839 4853 2889 4905 in
2939 4849 3168 4920 hymnos
3213 4846 3820 4920 quosdamPiudentii,

2231 4924 2363 4978 edit.
2398 4922 2592 4977 Weitz.
2629 4938 2746 4992 pag.
2781 4922 2919 4988 508;
2967 4917 3399 4992 Rivetus,_Crit.
3433 4928 3572 4974 Sacr.
3607 4917 3700 4971 lib.
3729 4931 3818 4992 tr},

2229 5010 2352 5063 Cap.
2395 4993 2495 5058 26;
2542 4987 2726 5048 auctor
2774 4987 3170 5048 dissertationis
3218 4991 3465 5063 laudatae,
3517 5003 3667 5063 nam.
3720 4987 3820 5063 lC;

2229 5059 2535 5136 Fabricius,
2591 5064 2845 5136 Biblioth.
2883 5065 2998 5119 Lat.
3033 5073 3140 5136 vet.
3187 5061 3579 5136 tom._ll,__cap.
3612 5059 3669 5127 Ξ,

2229 5151 2310 5201 tv;
2341 5127 2536 5202 Ioseph
2570 5136 2758 5198 Mor-ct,
2780 5135 2872 5190 lib.
2904 5135 3292 5204 tAnnal.,cap.
3318 5131 3382 5198 4;
3411 5127 3825 5204 Henrmt§_F_l_9—

2227 5199 2342 5272 rez,
2374 5199 2505 5262 tom.
2541 5205 2631 5261 XV
2667 5206 2817 5275 Hisp.
2846 5217 3010 5269 sacr.,
3046 5199 3165 5275 pag}
3193 5199 3317 5272 59.8,-
3379 5213 3432 5258 et
3462 5215 3591 5258 tom.
3617 5199 3823 5275 xxix,

2228 5271 2351 5347 pag.
2407 5278 2514 5332 292
2556 5293 2571 5344 ;
2635 5271 2898 5334 Arnaldus
2953 5271 3215 5333 Oitietfart
3267 5271 3491 5347 inopere
3541 5285 3571 5347 :A
3613 5271 3826 5347 illatitia

2228 5344 2493 5420 utriusque
2525 5349 2809 5415 Vascaniw,
2837 5363 2955 5420 cap.
2992 5351 3045 5418 7,
3078 5361 3198 5418 pag.
3228 5344 3593 5420 139,.loseph
3625 5344 3828 5420 Hadri-

2227 5437 2363 5489 guez
2409 5414 2744 5506 demCastro,
2785 5414 2992 5506 to‘mill
3245 5419 3449 5506 Hispw
3481 5414 3828 5506 pagtﬁﬁft

2227 5485 2414 5572 seqq;
2463 5491 2770 5554 Titlemont,
2826 5492 2966 5573 Hist.
3001 5489 3194 5574 ecclés.
3245 5485 3376 5544 toni.
3409 5485 3498 5556 Χζ
3525 5485 3649 5569 pag.
3677 5485 3824 5552 560;

2225 5560 2990 5640 Christophoruchllartus,
3045 5578 3116 5640 ιι)-
3150 5559 3355 5640 praefat.
3380 5560 3464 5640 _ad
3494 5559 3826 5640 “editionem

2225 5629 2504 5688 Prudentii
2526 5675 2540 5700 ,
2591 5635 2679 5704 qui
2714 5634 3044 5704 Calagurrim
3073 5629 3348 5704 NaScicam
3379 5629 3831 5704 intelligit;_Ber-

2228 5704 2430 5758 nardns
2460 5699 2652 5761 lbaTi'ez
2691 5707 2759 5760 de
2790 5699 3108 5771 Eéhavarri,
3155 5705 3260 5758 loc.
3294 5702 3426 5767 cit.;
3472 5699 3830 5771 Ludeyvigius

2226 5773 2576 5832 Prudentium
2603 5767 2878 5846 Calagurri
2907 5767 3114 5842 ultum,
3132 5773 3380 5846 honores
3406 5773 3580 5828 virum
3605 5767 3832 5827 Caesar-

2224 5857 2468 5918 augustae
2490 5847 2726 5919 gessisse
2743 5844 3032 5919 probabile
3055 5844 3348 5905 existimat.
