4142 6350
551 385 653 444 591

1961 359 2419 420 PRUDENTIUS.

3731 343 3837 406 592

553 517 660 575 que
693 496 891 552 addere
929 493 1072 554 licet,
1119 493 1362 558 putarem
1408 479 1686 536 Prudentii
1729 477 1953 548 patriam
1977 491 2137 547 posse
2164 490 2218 550 Α
2245 475 2434 533 sendio
2464 488 2570 528 non
2605 471 2851 528 habuerit
2876 467 3225 538 Pulmannus,
3258 473 3313 522 et
3347 465 3416 522 ab
3451 465 3555 522 hoc
3593 467 3832 524 monitus

553 571 808 653 collocari
855 587 911 642 in
953 583 1132 652 aliquo
1187 576 1386 649 oppido
1431 583 1524 630 aut
1572 571 1826 644 oppidulo
1869 571 2145 628 indeﬁnite

552 680 843 756 provincia:
864 671 1318 733 Tarraconensis,
1349 677 1442 723 aut
1487 666 1648 722 etiam
1696 673 1992 721 conventus
2028 662 2144 719 Ca:-

554 767 951 843 saraugustani,
972 765 1112 838 quod
1141 777 1409 833 nunquam
1439 758 1814 815 nominaverit.
1835 756 1972 826 Quid
2002 757 2151 812 enim:

559 870 612 925 id
641 865 824 922 vetat?
875 862 932 919 Si
964 871 1144 915 tamen
1185 871 1472 928 repugnes,
1506 868 1764 925 reponam
1793 867 1914 908 eum
1947 851 2147 906 editum

559 963 726 1018 fuisse
755 957 839 1014 vel
871 957 924 1011 in
953 955 1134 1024 aliquo
1157 966 1229 1008 ex
1256 949 1472 1021 oppidis
1499 963 1617 1018 qua:
1663 964 1758 1002 sua
1799 944 2142 1015 nuncupavit,

559 1056 649 1111 vel
672 1069 739 1110 ex
761 1051 881 1107 aliis
919 1064 1040 1120 qua:
1068 1063 1222 1118 mquo
1247 1045 1368 1115 jure
1389 1061 1483 1098 sua
1506 1041 1996 1114 potuitnominare,
2027 1038 2149 1110 quia
2178 1101 2180 1104 ι

558 1153 612 1206 ἰη
635 1148 821 1214 eadem
849 1154 1000 1202 erant
1030 1142 1333 1213 provincia,
1361 1147 1414 1194 et
1447 1139 1501 1194 in
1529 1138 1719 1193 eodem
1747 1144 2039 1192 conventu.
2063 1132 2148 1187 Si-

561 1244 779 1314 quidem
831 1241 1058 1310 patriam
1115 1236 1232 1306 ejus
1277 1236 1330 1288 in
1377 1234 1500 1288 aliis
1546 1231 1819 1302 Hispaniae
1849 1227 2188 1292 civitatibus,

565 1336 752 1405 procul
809 1350 836 1387 a
889 1333 1162 1404 Pyrenaeis
1194 1328 1502 1400 regionibus
1538 1342 1781 1398 qumrere
1825 1324 1970 1380 omni
2001 1337 2153 1393 pror-
2184 1366 2186 1368 .

562 1445 657 1486 sus
684 1437 831 1485 caret
884 1427 1258 1493 fundamento,
1308 1423 1729 1481 reclamantibus
1785 1431 1862 1476 tot
1909 1419 2152 1475 versibus

566 1533 689 1578 ante
743 1520 1026 1590 descriptis
1057 1537 1071 1574 :
1101 1519 1301 1588 covel
1359 1517 1592 1572 maxime
1634 1516 1754 1586 quia
1804 1530 1922 1570 cum
1974 1515 2168 1584 plures-

565 1615 701 1670 alios
737 1622 951 1668 sanctos
1001 1610 1378 1675 celebraverit,
1422 1618 1476 1664 et
1523 1608 1716 1680 oppida
1749 1606 2151 1672 memoraverit,

565 1720 836 1776 nunquam
879 1720 973 1760 sua
1007 1719 1070 1759 ea
1127 1702 1478 1770 nuncupavit,
1511 1699 1653 1772 quod
1689 1697 1974 1770 aliquando
2005 1697 2154 1770 locus

565 1799 669 1870 23
699 1799 812 1867 ipse
853 1797 1122 1867 postulare
1164 1795 1444 1850 videbatur
1485 1792 1581 1865 (a).
1615 1791 2028 1862 Lepidissimum
2060 1805 2155 1844 au-

566 1901 672 1944 tem
700 1899 782 1944 est
810 1887 958 1944 Petri
981 1887 1172 1943 Criniti
1201 1887 1253 1942 in
1281 1885 1556 1941 Prudentii
1588 1885 1700 1939 Vita
1731 1886 1946 1939 eﬁ‘atum
1981 1901 1994 1937 :
2033 1883 2159 1948 Qui-

567 1983 690 2036 dam
739 1982 1052 2047 emistimant,
1092 1981 1411 2051 fuisseillum
1436 1997 1618 2051 genere
1665 1979 1978 2049 Hispanum.
2013 1979 2161 2033 Itane

565 2073 734 2128 vero?
757 2077 826 2127 At
844 2089 964 2128 eum
991 2073 1283 2143 Hispanum
1298 2088 1416 2127 esse
1430 2088 1550 2126 cum
1579 2072 1742 2141 ipsius
1766 2070 1883 2125 libri
1902 2071 2157 2136 clamant,

568 2175 680 2219 tum
710 2175 1020 2220 asseverate
1060 2163 1730 2219 conﬁrmantWalafridus
1754 2163 1970 2230 Strabo,
1994 2163 2158 2229 Beda,
2199 2226 2201 2228 _

570 2258 863 2328 Dungalus,
894 2257 1006 2325 alii,
1043 2266 1237 2327 praeter
1267 2258 1482 2312 codices
1512 2258 1695 2327 plures
1722 2258 2161 2323 mss.,0xonien-

568 2365 704 2417 sem,
741 2350 832 2404 ubi
877 2351 1072 2405 dicitur
1123 2349 1486 2418 Hispaniensis
1516 2349 1567 2403 in
1611 2349 1964 2418 inscriptione
1999 2348 2162 2403 ditto-

565 2441 725 2508 chzei,
751 2457 908 2511 quam
930 2442 1052 2497 vide
1086 2442 1138 2496 in
1169 2442 1571 2497 commentariis
1594 2441 1658 2496 ad
1679 2456 1801 2496 eum
1829 2442 2028 2510 locum,
2059 2439 2162 2496 Va-

572 2534 806 2589 ticanum
838 2535 1004 2600 2868,
1041 2550 1188 2589 num.
1223 2536 1310 2589 77.

633 2627 724 2682 59.
766 2627 858 2681 His
899 2627 972 2681 ita
1005 2628 1335 2692 constitutis,
1377 2625 1444 2681 dc
1486 2626 1650 2680 natali
1697 2625 1971 2681 Prudentii
2012 2639 2162 2679 anno

567 2731 748 2774 sermo
773 2718 883 2788 jam
912 2728 994 2774 est
1023 2717 1318 2773 habendus.
1354 2718 1431 2771 Ex
1464 2718 1765 2786 prtt'falione
1793 2733 2018 2787 operum
2045 2733 2162 2774 cer-

571 2816 657 2862 tus
686 2808 733 2862 is
762 2825 935 2863 annus
963 2808 1251 2878 colligitur,
1292 2809 1512 2877 explosa
1555 2809 1804 2862 nimirum
1844 2810 2164 2879 interpreta-

565 2899 715 2954 tione
742 2899 886 2955 Petri
915 2900 1210 2965 Mantuani,
1239 2900 1308 2954 de
1335 2915 1438 2967 qua
1469 2915 1614 2954 num.
1642 2899 1705 2954 ‘21
1736 2910 1788 2954 et
1811 2914 1962 2970 seqq.
1986 2916 1999 2954 :

629 3013 844 3064 Oblitum
870 3016 1057 3063 veteris
1081 3027 1163 3064 me
1186 3013 1332 3062 Saliae
1357 3011 1570 3062 consulis
1592 3027 1824 3075 arguens,

627 3077 733 3126 Sub
756 3089 852 3139 quo
870 3079 1024 3138 prima
1046 3075 1155 3125 dies
1179 3076 1308 3124 mihi.

566 3181 707 3238 Olim
737 3181 940 3251 primus
959 3164 1148 3238 versus
1179 3183 1335 3238 aliter
1363 3183 1672 3253 legebatur:

630 3297 849 3349 Oblitum
874 3300 1058 3350 veteris
1077 3297 1316 3349 Messaliae
1341 3298 1552 3348 consulis
1573 3311 1813 3361 arguens,

561 3421 628 3462 ex
652 3421 756 3477 quo
781 3405 1014 3481 maxima
1036 3405 1337 3481 obscuritas
1361 3409 1412 3461 in
1437 3407 1710 3462 Prudentii
1734 3409 1841 3462 vita
1865 3405 2156 3478 digerenda

563 3499 875 3554 oriebatur:
909 3479 1064 3554 multi
1092 3501 1235 3556 enim
1277 3479 1400 3554 inde
1457 3499 1758 3554 inferebant
1810 3498 2156 3554 Prudentium

559 3590 820 3649 Mes-salice
862 3603 954 3648 aut
991 3594 1242 3650 Massiliae
1271 3595 1605 3650 consulatum
1636 3595 1884 3666 gessisse.
1914 3595 2157 3650 Andreas

560 3685 863 3743 Resendius
901 3704 1083 3744 veram
1129 3689 1414 3744 lectionem
1455 3690 1695 3759 aperuit,
1739 3698 1792 3745 et
1831 3689 1898 3743 de
1937 3690 2159 3744 consule

561 3775 706 3831 Salia
740 3780 1076 3834 mentionem
1108 3778 1224 3833 ﬁeri
1265 3780 1475 3835 monuit
1496 3779 1598 3850 (b).
1652 3780 1731 3835 Ex
1759 3780 1944 3835 VaSaeo
1973 3796 2154 3836 veram

563 3866 850 3924 lectionem
901 3880 955 3925 et
1001 3872 1415 3950 explicationem
1444 3873 1650 3942 accepit
1680 3873 1995 3949 Theodorus
2026 3873 2154 3927 Pul-

558 3976 812 4029 mannus,
845 3977 910 4018 ex
940 3962 1239 4020 Pulmanno
1261 3963 1553 4032 Giselinus,
1581 3967 1668 4020 cui
1698 3966 1843 4020 nulla
1877 3967 2015 4021 ratio
2041 3967 2156 4035 ejus

559 4055 764 4124 scopuli
791 4054 1048 4122 evitandi,
1076 4057 1128 4111 in
1150 4073 1308 4128 quem
1332 4057 1519 4125 Aldus,
1549 4057 1938 4125 Nebrissensis,
1961 4059 2156 4129 aliique
2223 4125 2226 4127 _

557 4157 748 4202 omnes
781 4148 1143 4218 impegeraut,
1175 4150 1360 4205 venire
1385 4151 1438 4205 in
1469 4159 1701 4206 mentem
1731 4162 1855 4206 ante
1883 4159 2148 4220 potuerat,

544 4234 621 4294 ‘ut
657 4238 886 4310 ingenue
916 4243 1204 4299 conﬁtetur
1233 4243 1287 4299 in
1335 4253 1624 4300 comment.
1668 4245 1733 4300 ad
1780 4260 1902 4300 cum
1952 4245 2149 4300 locum.

559 4329 679 4387 Nic.
699 4333 963 4391 Antonius
997 4339 1239 4407 queritur
1263 4325 1421 4409 quod
1451 4337 1800 4396 correctionis
1824 4340 2022 4409 gratias
2050 4340 2158 4400 lte-.

633 4540 712 4612 (α)
736 4540 805 4598 Ut
835 4542 888 4596 in
916 4542 1021 4596 ﬁne
1049 4542 1107 4598 S.
1139 4543 1393 4598 Eulaliae:

686 4653 784 4706 Ista
807 4657 1111 4705 comantibus
1137 4671 1166 4706 e
1186 4655 1310 4706 foliis

747 4718 971 4779 Munera,
997 4721 1134 4781 virgo
1165 4732 1407 4781 puerque,
1432 4720 1547 4771 date
1575 4733 1587 4768 :

747 4782 840 4829 Ast
860 4793 955 4842 ego
977 4790 1112 4831 serta
1133 4785 1283 4829 choro
1308 4784 1356 4830 in
1382 4781 1544 4833 medio

747 4841 915 4907 :ljexta
935 4841 1096 4907 feram»
1109 4843 1236 4907 pede
1257 4845 1510 4907 dactylico,

746 4903 897 4964 Vilia,
923 4903 1150 4968 marcida,
1174 4905 1296 4954 festa
1319 4903 1500 4956 tamen.

689 4967 1082 5031 Sic_venerar_ier
1105 4967 1215 5031 Ossa
1237 4968 1377 5031 libet,

750 5028 955 5092 stibus
974 5027 1094 5078 altar
1119 5038 1169 5079 et
1193 5027 1473 5092 impositum
1496 5047 1508 5080 :

749 5091 838 5140 Illa
857 5091 949 5140 Dei
974 5092 1066 5139 sita
1088 5093 1179 5140 sub
1199 5091 1407 5153 pedibus

746 5153 992 5217 Prospicit
1013 5153 1137 5216 haec,
1159 5153 1467 5217 pepulosque
1490 5169 1606 5208 suos

747 5214 971 5266 Carmine
996 5214 1248 5278 pr0piti'ata
1269 5214 1419 5268 fovet.

633 5321 709 5392 (ὁ)
754 5320 910 5389 Quod
961 5321 1147 5392 verbis
1161 5320 1407 5392 ,Joannis
1434 5323 1605 5379 Vasaei
1666 5327 1718 5380 in
1765 5326 2040 5382 Chronico
2092 5329 2159 5383 ad

559 5391 652 5468 an.
685 5393 784 5468 .351
809 5392 1049 5468 referam
1075 5391 1294 5468 :_llla_t_us
1332 5403 1404 5448 est
1426 5394 1838 5468 Ctesaraugusttc
1863 5403 1988 5452 Aur.
2027 5399 2162 5454 Pru-

560 5463 756 5516 dentius
798 5462 1054 5540 Clemens,
1094 5461 1344 5540 Philippo
1361 5467 1627 5540 AetASalia
1656 5461 1812 5536 coss.,
1857 5481 1910 5522 ut
1948 5473 2059 5540 ipse
2099 5473 2163 5524 de

559 5542 876 5610 se't‘estatur
915 5538 967 5610 in
1020 5537 1172 5610 praef.
1204 5536 1301 5610 lib.
1347 5535 1602 5610 Gathem.,
1671 5542 1755 5592 ubi
1800 5535 1887 5593 sic
1953 5535 2161 5610 inquit:

568 5620 586 5651 ι
624 5599 832 5676 Irrepsit
852 5599 1029 5662 subito
1056 5599 1268 5662 canities
1303 5609 1430 5676 seni,
1456 5599 1667 5664 oblitum
1687 5613 1866 5665 veteris
1898 5628 1977 5665 me
2000 5599 2162 5668 Salue

561 5674 784 5726 consulis
807 5676 1085 5755 admonens
1109 5680 1237 5755 (leg.
1255 5674 1515 5755 arguens).
1544 5701 1561 5733 ι
1592 5679 1676 5734 Ita
1704 5683 1838 5755 enim
1866 5683 2159 5755 legendum,

561 5760 664 5821 non
687 5746 1128 5821 quemadmodum
1164 5746 1404 5804 hactenus
1442 5746 1595 5806 etiam
1630 5770 1661 5805 a
1695 5753 1859 5807 doctis
1888 5746 2164 5821 depravata

565 5813 848 5892 legebatur.
901 5817 1234 5892 Atque/iane
1273 5821 1432 5892 hujus
1481 5825 1582 5878 loci
1636 5813 2006 5879 restitutionem
2059 5846 2162 5882 non

567 5886 696 5940 mihi
733 5887 904 5957 debes,
947 5886 1166 5948 candide
1205 5886 1382 5962 lector,
1427 5897 1516 5951 sed
1551 5895 1614 5952 L.
1637 5897 1858 5955 Andrea:
1879 5898 2156 5970 Itesendio,

2253 569 2520 626 Giselinus
2545 567 2642 638 (c).
3795 628 3801 634 _

2323 662 2432 735 24.
2468 662 2557 717 40.
2599 659 2752 729 Quod
2785 673 2912 716 vero
2941 657 3008 714 ad
3044 655 3429 726 interpretandi
3459 654 3722 710 rationem
3754 664 3838 711 at-

2254 756 2407 822 tinet,
2439 769 2573 825 opus
2602 762 2685 810 est
2713 752 3005 809 admonere
3048 749 3476 815 Nebrissensem,
3518 748 3620 804 etsi
3665 748 3840 804 Mesa-

2253 850 2336 905 lite
2365 849 2593 928 legerit,
2640 855 2820 904 tamen
2851 860 3068 902 sensum
3100 852 3247 901 recte
3277 843 3617 914 percepisse;
3660 858 3838 911 neiue

2253 943 2397 999 enim
2413 941 2748 998 consulatum
2768 941 3030 1004 intellexit
3061 954 3219 1010 quem
3247 937 3568 994 Prudentius
3588 938 3837 1008 gesserit,

2254 1037 2348 1093 sed
2378 1037 2478 1093 sub
2501 1053 2607 1106 quo
2635 1037 2810 1094 editus
2840 1037 2892 1092 in
2923 1036 3096 1092 lucem
3129 1034 3321 1090 fuerat.
3362 1033 3473 1089 Sub
3494 1035 3589 1088 hoc
3610 1035 3841 1095 consule,

2254 1128 2457 1197 inquit,
2503 1128 2702 1182 videtur
2738 1137 2889 1182 natus
2922 1125 3258 1180 Prudentius.
3305 1123 3362 1178 In
3401 1138 3533 1179 mss.
3564 1122 3842 1179 codicibus

2255 1220 2403 1275 varia
2430 1229 2513 1275 est
2541 1221 2699 1275 lectio
2724 1237 2738 1274 :
2774 1236 2895 1274 nam
2924 1220 2978 1274 in
3000 1220 3119 1273 aliis
3143 1218 3336 1289 legitur
3359 1215 3614 1284 Mesaliae,
3639 1215 3842 1270 intaliis

2257 1313 2313 1367 Μ
2318 1313 2534 1377 essaliw,
2555 1314 2607 1368 in
2629 1313 2812 1384 aliquo
2830 1311 3087 1378 Messalas,
3108 1311 3160 1367 in
3183 1311 3303 1366 aliis
3324 1310 3535 1366 demum
3560 1325 3640 1363 me
3659 1307 3840 1364 Saliw.

2259 1409 2454 1478 Atque,
2487 1417 2544 1462 ut
2574 1422 2644 1462 ex
2675 1406 2868 1476 glossis
2889 1413 3056 1475 patet,
3075 1404 3182 1475 jam
3210 1403 3334 1459 olim
3356 1403 3496 1473 apud
3527 1412 3737 1459 veteres
3768 1401 3847 1454 lo-

2256 1516 2351 1556 cus
2367 1510 2482 1556 erat
2499 1509 2802 1569 corruptus,
2821 1507 2877 1554 et
2894 1498 3144 1564 Mesaliaz,
3164 1509 3252 1553 aut
3270 1497 3527 1565 Messalina
3547 1496 3844 1568 legebatur.

2260 1595 2342 1649 lso
2373 1594 2639 1664 Magister,
2685 1610 2737 1649 ιχ
2775 1603 2866 1650 aut
2895 1610 2924 1648 ι
2956 1593 3188 1662 saeculo,
3221 1594 3390 1650 verbo
3417 1609 3640 1666 arguens
3675 1607 3848 1648 anno-

2257 1689 2390 1742 tavit
2419 1705 2515 1742 me.
2567 1688 2705 1755 Quid
2748 1698 2926 1745 autem
2965 1689 3016 1744 id
3057 1687 3257 1744 addere
3294 1687 3606 1757 oportebat,
3652 1687 3699 1742 si
3731 1686 3846 1756 jam

2259 1793 2385 1840 tunc
2410 1785 2664 1854 scriptum
2686 1795 2802 1841 erat
2829 1804 2843 1839 :
2873 1785 3101 1840 Oblitum
3133 1786 3310 1840 veteris
3335 1801 3414 1838 me
3438 1782 3603 1839 Salia:
3625 1781 3854 1837 comatis

2190 1888 2238 1948 Β
2263 1881 2521 1953 arguens?
2567 1880 2750 1949 Neque
2779 1889 2957 1935 tamen
2987 1894 3146 1935 verus
3175 1891 3366 1934 sensus
3401 1877 3609 1932 Isonem
3656 1876 3850 1931 latuit:

2267 1989 2390 2027 nam
2420 1974 2484 2028 ad
2513 1989 2699 2041 vocem
2729 1972 2910 2039 Saliae,
2941 1973 3051 2040 vel,
3089 1972 3232 2038 quod
3267 1987 3366 2043 ego
3405 1980 3555 2041 puto,
3596 1969 3856 2025 Hessatic

2265 2067 2534 2136 apposuit,
2564 2067 2705 2120 illius
2731 2066 2974 2120 consulis.
3031 2065 3214 2135 itaque
3265 2065 3348 2120 lso
3393 2075 3446 2120 et
3488 2063 3857 2118 Nebrissensis

2268 2158 2619 2216 Prudentium
2652 2159 2894 2215 Messalia
2926 2158 3150 2214 consule
3179 2169 3361 2214 natum
3395 2158 3562 2213 fuisse
3601 2155 3858 2212 credide-

2266 2261 2410 2308 runt.
2437 2257 2506 2307 At
2529 2268 2656 2309 vero
2680 2253 2963 2324 legendum
2987 2267 3108 2309 esse
3129 2269 3208 2308 me
3229 2253 3411 2317 Saliae,
3433 2252 3676 2321 adeoque
3697 2250 3856 2320 hujus

2265 2349 2602 2402 consulatum
2655 2347 2916 2412 indicari,
2967 2348 3133 2403 multa
3183 2345 3548 2417 persuadent:
3602 2347 3856 2400 nimirum

2266 2441 2544 2511 Philippus
2591 2451 2644 2496 et
2688 2440 2834 2496 Salia
2884 2440 3137 2496 consules
3186 2439 3404 2494 fuerunt
3451 2437 3708 2503 an.348,
3750 2451 3858 2507 quo

2266 2533 2488 2602 circiter,
2529 2541 2774 2603 tempore
2821 2531 3170 2610 Prudentium
3203 2540 3400 2586 ortum
3445 2529 3612 2585 luisse
3641 2528 3859 2610 aliunde

2264 2634 2504 2691 constat;
2550 2634 2812 2694 praeterea
2843 2624 3022 2679 nullus
3053 2633 3139 2680 est
3167 2623 3378 2694 consul,
3409 2622 3600 2679 saltem
3633 2622 3858 2677 ordina-

2265 2719 2406 2783 rius,
2450 2705 2742 2783 blesSalize,
2785 2717 3016 2772 Mesalize
3046 2726 3140 2772 aut
3164 2707 3410 2772 Messala:
3449 2716 3669 2772 nomine
3712 2718 3857 2772 circa

2264 2810 2315 2865 id
2348 2819 2559 2881 tempus
2597 2830 2609 2864 :
2645 2820 2757 2867 tum
2796 2811 2849 2865 in
2881 2811 3167 2868 Prudentio
3196 2814 3362 2867 multa
3392 2819 3517 2866 sunt
3544 2819 3721 2866 errata
3755 2810 3855 2865 hu-

2258 2903 2496 2983 jusmndi
2527 2904 2738 2960 inscitia
2769 2904 3135 2973 librariorum,
3169 2904 3258 2975 qui
3289 2906 3339 2958 in
3373 2918 3531 2958 unam
3561 2903 3857 2958 dictionem

2263 2995 2634 3052 diversissima
2685 2997 3162 3068 conglutinarunt,
3212 3012 3331 3067 qua:
3381 2997 3482 3067 legi
3533 3005 3758 3066 possunt
3804 2999 3857 3052 in

2264 3088 2662 3145 Commentario
2684 3090 2910 3146 Giselini
2935 3090 3002 3145 ad
3027 3090 3284 3161 hymnum
3308 3092 3371 3145 15
3392 3089 3851 3160 Peristephanun.

2265 3182 2470 3239 Favent
2489 3186 2722 3256 denique
2749 3201 2878 3241 mss.
2901 3185 3142 3250 codices,
3163 3199 3295 3253 quos
3316 3199 3414 3238 suo
3440 3182 3562 3238 loco
3583 3182 3853 3238 indicabo.

2131 3303 2136 3307 -
2187 3265 2234 3330 C
2268 3274 2458 3330 Fixum
2489 3277 2654 3346 igitur
2698 3285 3009 3347 certumque
3051 3285 3265 3332 maneat
3312 3275 3591 3331 Prudentii
3622 3275 3856 3340 natalem

2262 3383 2459 3423 annum
2513 3369 2568 3423 in
2606 3371 2940 3425 consulatum
2993 3369 3224 3440 Philippi
3269 3378 3323 3426 et
3365 3369 3527 3426 Saliae
3572 3370 3849 3435 incidisse,

2262 3463 2354 3532 qui
2382 3478 2552 3518 annus
2581 3473 2695 3518 erat
2717 3461 2917 3518 Christi
2941 3464 3067 3532 348,
3091 3473 3149 3518 ut
3179 3471 3328 3519 notat
3349 3463 3603 3519 Petavius
3630 3462 3852 3524 Ration.

2265 3562 2492 3622 tempor.
2529 3557 2585 3610 in
2627 3556 2974 3612 successione
3017 3556 3299 3611 consulum
3352 3555 3713 3619 Romanorum
3731 3587 3751 3621 »,
3800 3565 3857 3610 et

2271 3649 2343 3702 ita
2374 3649 2568 3719 legitur
2600 3650 2653 3704 in
2686 3649 2863 3706 Fastis
2891 3649 3268 3705 consularibus
3296 3643 3576 3720 Panvinii,
3606 3648 3855 3719 quamvis

2265 3743 2354 3795 alii
2389 3757 2587 3798 annum
2619 3743 2722 3800 550
2752 3753 2845 3798 aut
2875 3743 2974 3798 351
3003 3743 3216 3799 malint.
3265 3742 3417 3811 Quod
3457 3743 3762 3797 mirandum
3797 3742 3855 3797 in

2263 3835 2477 3889 modum
2507 3836 2892 3906 comprobatur
2921 3835 3005 3893 his
3027 3835 3274 3892 versibus
3303 3851 3370 3892 ex
3397 3834 3666 3905 apotheosi
3695 3848 3846 3889 vers.

2262 3925 2370 3981 M9
2400 3936 2452 3982 et
2479 3942 2632 3998 seqq.

2323 4040 2634 4103 Principibus
2657 4049 2819 4090 tamen
2843 4055 2871 4091 e
2893 4044 3080 4092 cunctis
3105 4057 3198 4093 non
3221 4042 3374 4093 defuit
3392 4056 3514 4094 unus

2325 4103 2402 4167 lite
2427 4118 2598 4164 puero,
2623 4112 2678 4167 ut
2697 4105 3107 4167 memini,rductor
3131 4105 3414 4156 fortissimus
3436 4107 3597 4165 armis,

2325 4164 2551 4228 Conditor
2577 4175 2626 4214 et
2652 4166 2833 4227 legum,
2863 4164 3218 4216 celeberrimus
3237 4181 3324 4216 ore
3348 4164 3610 4228 manuque,

2325 4225 2580 4277 Consultor
2601 4225 2770 4288 patriae
2802 4225 2922 4278 :sed
2943 4242 3036 4277 non
3060 4231 3304 4278 consultor
3333 4225 3569 4278 habenda

2325 4288 2630 4354 llelligionis,
2659 4303 2824 4354 amans
2848 4296 3121 4342 tercentum
3142 4291 3287 4341 millia
3310 4291 3495 4354 divum,

2328 4351 2550 4402 Perﬁdus
2575 4351 2657 4403 ille
2681 4352 2808 4403 Deo.

2163 4566 2239 4626 ’1)
2263 4547 2349 4626 qui
2391 4547 2516 4626 mihi
2557 4548 2724 4602 locum
2766 4547 2904 4601 hunc
2927 4557 3095 4626 atque
3132 4550 3263 4626 alios
3302 4547 3603 4626 nonnullos,
3628 4566 3748 4626 _qua
3772 4561 3854 4626 est

2266 4620 2586 4690 humanitate
2611 4665 2624 4689 ,
2686 4620 3112 4687 communicavit,
3171 4623 3320 4688 cujus
3355 4636 3445 4690 ego
3484 4620 3536 4672 in
3582 4619 3665 4674 his
3703 4623 3854 4675 rebus

2265 4689 2586 4743 limatissimo
2633 4690 2832 4759 judicio
2886 4707 2987 4745 non
3039 4692 3288 4746 immerito
3328 4689 3609 4759 plurimum
3653 4693 3850 4757 tribuo,

2262 4761 2696 4826 quemadmodum
2735 4762 2906 4829 reipsa
2943 4764 3246 4833 experieris,
3291 4762 3563 4832 siquando,
3603 4779 3733 4832 quos
3762 4764 3852 4817 sub

2263 4833 2387 4885 lima
2428 4833 2606 4899 premit
2649 4834 2702 4886 in
2743 4833 3084 4887 Prudentium
3126 4835 3513 4888 commentarios
3568 4851 3659 4901 per
3701 4850 3855 4887 occu-

2265 4906 2502 4977 pationes
2523 4905 2679 4958 serias
2708 4905 2922 4967 potuerit
2951 4907 3203 4977 evulgare.
3245 4905 3606 4977 Glandorpius
3633 4906 3682 4958 in
3708 4905 3855 4977 Οηο-

2267 4975 2490 5028 masﬁco
2521 4984 2642 5044 post
2669 4978 2785 5044 ejus
2816 4976 3018 5030 obitum
3051 4975 3191 5031 anno
3226 4975 3363 5031 1589
3391 4976 3535 5030 edito
3571 4977 3674 5030 sibi
3715 4976 3857 5031 hanc

2267 5047 2654 5100 correctionem
2683 5047 2902 5100 ascribit
2929 5065 2941 5100 :
2980 5047 3140 5114 Quem
3177 5047 3344 5102 locum
3373 5049 3426 5102 in
3452 5049 3654 5102 excusis
3678 5063 3856 5101 exem-

2269 5116 2498 5187 plaribus
2526 5118 2758 5171 omnibus
2789 5119 3118 5187 depravatum
3147 5119 3442 5174 videmus...
3467 5120 3718 5174 sinceram
3747 5135 3860 5172 esse

2268 5186 2531 5260 lectionem
2565 5189 2674 5260 (me
2702 5186 2905 5257 Saliai),
2955 5199 3005 5245 et
3034 5206 3096 5244 ea:
3126 5191 3369 5244 veteribus
3395 5191 3535 5245 hisce
3576 5192 3855 5257 memoriis,

2268 5275 2302 5312 a
2333 5259 2475 5312 nobis
2505 5259 2658 5330 pralie
2684 5261 3074 5332 deprehensam,
3101 5277 3290 5330 omnes,
3317 5263 3444 5332 scio,
3476 5263 3615 5316 docti
3647 5263 3862 5315 libenter

2267 5341 2565 5401 agnoscent.

2301 5472 2318 5475 _
2339 5403 2783 5475 (c)_Ludewigius
2815 5405 2979 5458 multa
3008 5415 3174 5472 errat,
3208 5406 3332 5475 dum
3363 5405 3582 5460 scribit:
3606 5403 3865 5473 Georgius

2269 5471 2543 5527 Fabricius
2581 5475 2821 5540 restituit,
2864 5490 2949 5530 me
2984 5471 3167 5530 Salite.
3210 5474 3470 5529 Giselinus
3505 5476 3681 5531 eodem
3722 5471 3865 5527 anno

2272 5545 2409 5600 1564
2451 5557 2652 5615 poetam
2689 5547 2846 5599 edidit
2893 5562 3007 5600 cum
3050 5549 3145 5600 hac
3183 5548 3514 5601 correctione.
3578 5545 3705 5601 Uter
3745 5562 3869 5599 vero

2271 5618 2484 5688 alterum
2525 5619 2843 5688 exscripserit
2878 5635 3102 5673 asserere
3142 5634 3242 5673 non
3283 5619 3473 5685 ausim,
3513 5635 3628 5672 cum
3656 5628 3873 5682 uterque

2270 5703 2324 5740 se
2365 5687 2497 5739 hanc
2541 5687 2804 5742 lectionem
2841 5691 3064 5755 primum
3098 5691 3517 5745 animadvertisse
3552 5690 3712 5744 dicat.
3763 5688 3875 5741 Fa-

2271 5758 2475 5812 bricius
2529 5758 2630 5812 hoc
2679 5770 2881 5814 tantum
2937 5760 3098 5815 habet
3136 5778 3150 5814 :
3189 5760 3408 5815 Ultimus
3458 5761 3542 5815 hic
3591 5776 3768 5815 versus
3817 5759 3878 5816 in

2273 5830 2506 5883 omnibus
2535 5831 2842 5885 editionibus
2871 5830 3093 5898 Italicis,
3131 5832 3366 5898 Gallicis,
3402 5831 3747 5900 Germanicis,
3780 5831 3879 5890 han

2191 5981 2200 5986 _
2271 5910 2448 5957 etenus
2479 5902 2809 5972 depravatus,
2838 5919 3017 5962 ansam
3044 5905 3209 5962 errori
3236 5904 3397 5961 dedit.
