4142 6350
359 387 466 446 593

1731 371 2244 439 PROLEGOMENA'
2254 423 2266 436 .

3551 389 3656 446 ὅθι

374 504 579 576 Quibus
600 504 867 562 lulianum
890 491 1657 575 Apostatamintelligit,utex
1682 501 2223 565 commen-ABibl.,
2274 508 2328 556 et
2372 500 2578 558 Joanne
2625 501 2880 557 Ferrcras
2935 500 3003 556 ad
3061 517 3154 558 an.
3207 500 3344 573 406,
3395 504 3654 573 appellari

372 600 523 656 tariis
547 599 744 655 clarius
774 599 993 670 patebit,
1025 600 1116 670 qui
1143 599 1211 653 ab
1236 614 1377 654 anno
1408 598 1503 652 581
1539 597 1606 651 ad
1638 596 1740 651 564
1776 597 1950 664 impe-

369 692 453 748 rio
482 694 680 762 potitus
709 703 820 762 est;
853 691 993 762 quod
1025 693 1074 748 in
1105 691 1539 747 successionibus
1569 691 1952 758 imperatorum

367 786 506 858 apud
538 786 810 842 Petavium
850 788 920 842 ita
961 787 1187 841 indicari
1229 784 1460 855 videtur,
1508 791 1566 838 ut
1605 783 1954 839 nihilominus

365 881 420 936 in
469 881 587 951 ipso
637 875 947 936 Rationario
995 891 1294 950 temporum
1341 893 1482 934 anno
1511 878 1616 932 565
1657 876 1954 932 exstinctus

364 988 486 1030 esse
512 972 740 1039 dicatur,
775 973 916 1042 quod
956 988 1020 1028 ex
1065 973 1285 1028 historia
1314 972 1529 1028 aliunde
1557 979 1789 1026 constat.
1843 970 1954 1025 Ac-

364 1064 507 1121 cedit
536 1064 886 1120 Prudentium
916 1079 1012 1119 sua
1053 1080 1240 1135 opera,
1284 1074 1337 1119 ct
1368 1063 1420 1118 iu
1451 1064 1533 1118 bis
1563 1063 1729 1118 libros
1759 1062 1954 1116 adver-

360 1143 454 1229 sus
501 1159 884 1232 Symmachum
928 1159 1168 1215 edidisse
1217 1175 1360 1216 anno
1405 1161 1582 1215 aetatis
1632 1160 1737 1227 57,
1790 1165 1848 1213 ut
1887 1171 1954 1212 ex

361 1254 673 1324 praefatione
702 1253 997 1309 carminum
1033 1253 1198 1324 liquet
1224 1272 1236 1306 :

437 1370 582 1440 r“Per
599 1369 932 1440 quinquennia
954 1370 1052 1440 jam
1069 1370 1260 1440 decem,
1357 1395 1368 1405 -

417 1430 477 1482 Ni
500 1430 658 1493 fallor,
685 1430 896 1479 fuimus:
925 1433 1164 1493 septimus
1197 1432 1418 1492 insuper.

414 1497 608 1556 Annum
632 1490 780 1544 cardo
803 1491 954 1556 rotat',
979 1490 1095 1542 dum
1119 1490 1325 1562 fruimur
1352 1493 1459 1542 sole
1485 1490 1700 1549 volubili,

355 1602 408 1659 id
432 1617 572 1657 anno
594 1583 807 1657 circiter
827 1599 932 1658 405
953 1617 1076 1657 cum
1099 1583 1376 1667 acciderit,
1405 1609 1461 1654 ut
1477 1599 1582 1670 25
1609 1597 1947 1666 postmodum

354 1694 558 1761 dicam,
596 1708 936 1763 consequens
965 1700 1079 1757 est,
1118 1693 1282 1748 Salia:
1306 1691 1642 1747 consulatum
1673 1691 1727 1745 in
1760 1691 1946 1746 eadem
2003 1696 2008 1702 '

353 1787 670 1858 praefatione
699 1787 968 1841 denotari.

2065 595 2331 660 Quintum,
2361 594 2502 664 quod
2535 609 2727 648 nomen
2761 595 2912 650 abest
2942 609 2970 647 a
3004 609 3131 648 ηιες.
3163 594 3320 650 codd.
3347 603 3403 650 et
3422 597 3654 665 antiquis

2059 687 2430 760 scriptoribus.
2459 669 2790 742 Crediderim
2819 701 3058 742 errorem
3091 685 3216 742 inde
3242 686 3367 741 oriri
3391 687 3648 756 potuisse,

2059 782 2200 852 quod
2246 781 2642 852 Symmachus,
2694 798 2852 852 quem
2910 782 3229 837 Prudentius
3287 764 3647 852 oppugnavit,

2058 877 2284 946 Quintus
2333 877 2580 932 Aurelius
2626 891 2656 930 a
2709 876 2981 930 nonnullis
3027 876 3294 931 veteribus
3344 876 3650 930 auctoribus

2059 967 2360 1023 dicebatur.
2411 967 2551 1023 Nihil
2601 979 2776 1022 tamen
2807 977 2890 1021 est
2931 967 3280 1037 quamobrem
3327 968 3648 1023 Prudentius

2057 1063 2303 1117 similiter
2327 1077 2431 1116 non
2460 1061 2691 1132 potuerit
2726 1062 2948 1128 Quintus
2977 1062 3215 1115 Aurelius
3241 1061 3476 1116 Clemens
3504 1060 3645 1115 Pru-

2057 1157 2254 1210 dentius
2277 1154 2540 1210 nominari
2573 1173 2586 1209 :
2619 1155 2727 1209 imo
2754 1154 3056 1208 Alexander
3084 1154 3152 1209 ab
3181 1155 3513 1222 Alexandro,
3545 1152 3649 1208 Ge-

2057 1232 2182 1302 nial.
2216 1247 2352 1302 dier.
2405 1247 2496 1302 lib.
2531 1263 2568 1314 r,
2597 1261 2714 1316 cap.
2765 1246 2818 1313 9,
2854 1246 3043 1316 probat
3068 1245 3209 1316 apud
3241 1246 3510 1300 Romanos
3546 1260 3648 1300 sa:-

2056 1341 2178 1411 pius
2198 1343 2306 1413 26
2331 1355 2505 1397 mares
2527 1350 2757 1411 quatuor
2779 1342 2996 1395 nomina
3021 1340 3293 1406 habuisse,
3314 1356 3644 1410 praenomen,

2054 1451 2392 1508 cognomen,
2425 1451 2688 1505 agnomen
2719 1445 2786 1491 et'
2821 1450 3016 1490 nomen
3043 1480 3057 1501 ,
3107 1436 3268 1505 idque
3315 1435 3646 1491 nobilitatem

2055 1541 2378 1588 monstrare.
2410 1532 2560 1600 Quod
2593 1532 2637 1585 si
2666 1547 2972 1600 prmuomeu
3006 1531 3297 1586 Prudentio
3338 1530 3538 1586 addere
3577 1531 3645 1586 li-

2054 1622 2164 1686 bet,
2195 1623 2422 1691 eligatur
2453 1621 2667 1675 Marcus
2699 1636 2716 1674 :
2746 1623 2814 1676 ita
2845 1622 2986 1676 enim
3017 1623 3314 1692 appellatur
3337 1623 3390 1678 in
3414 1622 3645 1694 quodam

2054 1715 2176 1771 cod.
2211 1731 2339 1783 ms.,
2372 1731 2520 1769 num.
2555 1716 2643 1770 89.
2675 1713 2956 1769 Vocandus
2976 1730 3102 1784 ergo
3131 1716 3234 1770 erit
3263 1716 3332 1770 Μ.
3363 1716 3494 1770 Aur.
3525 1715 3646 1771 Cle-

2003 1822 2208 1874 -mens
2256 1805 2597 1872 Prudentius,
2627 1821 2854 1877 quorum
2901 1808 3133 1876 primum
3181 1819 3264 1861 est
3316 1823 3644 1876 praenomen,

428 1880 516 1933 4i.
558 1879 635 1934 De
675 1877 950 1933 Prudentii
980 1877 1271 1947 majoribus
1301 1887 1393 1932 aut
1420 1877 1618 1932 familia
1651 1876 1782 1932 nihil
1812 1879 1945 1935 certi

2052 1900 2325 1969 Aurelius,
2376 1910 2430 1955 et
2475 1900 2724 1955 Clemens
2773 1901 2987 1955 nomina
3031 1900 3271 1970 gentilia,
3324 1900 3647 1957 Prudentius

354 1971 421 2027 ad
451 1987 549 2026 nos
577 1971 836 2039 pervenit,
868 1985 1026 2040 quam
1051 1968 1437 2024 nobilissimam
1469 1968 1633 2024 fuisse
1662 1984 1728 2024 ex
1753 1985 1943 2026 mune-

350 2047 500 2120 ribus
523 2064 591 2118 ab
621 2079 686 2118 co
713 2065 878 2133 gestis
903 2077 1112 2132 aequum
1143 2071 1226 2117 est
1253 2062 1519 2131 conjicere
1543 2104 1558 2126 ,
1603 2063 1761 2132 idque
1791 2064 1944 2118 multi

347 2157 508 2211 etiam
555 2165 764 2210 vctcres
813 2155 1153 2210 conlirmant.
1203 2153 1438 2209 Joannes
1489 2153 1843 2224 Glaudorpius
1888 2155 1941 2210 in

345 2250 622 2307 Onomast.
675 2249 864 2303 histor.
898 2248 1154 2302 Romanae
1183 2248 1332 2318 plura
1381 2247 1541 2302 habet
1569 2247 1636 2302 de
1684 2247 1937 2312 Aureliis,

349 2343 604 2410 nonnulla
657 2342 724 2398 de
773 2341 1180 2410 Clcntentibus,
1227 2352 1282 2396 ct
1323 2357 1352 2396 c
1417 2342 1586 2397 tribus
1636 2341 1941 2397 Prudentiis

346 2454 482 2510 quos
507 2438 766 2504 nominat,
797 2447 1036 2494 nostrum
1067 2451 1260 2507 magno
1281 2437 1452 2506 elogio
1477 2438 1834 2508 prosequitur.
1864 2437 1941 2505 De

345 2531 544 2586 familia
597 2530 934 2586 Clementum
981 2529 1454 2599 Cwsaraugustana
1487 2530 1607 2584 vide
1655 2547 1801 2584 num.
1847 2530 1938 2587 53.

345 2625 473 2681 llzrc
501 2625 598 2679 tria
649 2624 765 2693 ejus
799 2624 1010 2678 nomina
1041 2633 1095 2678 et
1143 2623 1247 2678 hoc
1275 2624 1462 2679 ordine
1503 2625 1678 2679 solent
1706 2625 1941 2680 circum-

345 2705 504 2788 ferri,
537 2719 773 2774 Aurelius
816 2717 1133 2772 Prudentius
1181 2719 1433 2773 Clemens.
1492 2719 1548 2774 ln
1600 2735 1730 2774 mss.
1778 2719 1938 2776 codd.

344 2812 732 2883 antiquissimis
761 2811 943 2867 saeculi
974 2827 1024 2866 vr
1055 2821 1106 2867 et
1153 2826 1305 2883 seqq.
1330 2812 1527 2867 dicitur
1557 2812 1798 2867 Aurelius
1827 2811 1942 2867 Cle-

345 2921 489 2960 mens
540 2903 872 2970 Prudentius,
907 2914 965 2959 ut
1009 2904 1298 2958 observare
1350 2914 1502 2974 potcs
1549 2920 1666 2976 cap.
1698 2907 1754 2973 4,
1787 2921 1939 2961 num.

346 2981 437 3063 96,
473 3007 665 3066 praeter
707 2996 830 3052 cod.
879 2991 996 3052 Vat.
1044 2997 1199 3052 Alex.
1251 2995 1410 3064 ηδε),
1460 2995 1621 3064 1858,
1655 3012 1801 3053 num.
1835 2998 1938 3066 78;

344 3077 498 3145 Colb.
535 3089 692 3159 1682,
741 3105 887 3144 num.
921 3091 1009 3145 εδ.
1062 3087 1259 3144 Prima:
1286 3089 1569 3155 editiones,
1601 3092 1769 3146 altera
1812 3093 1939 3147 anni

345 3183 560 3249 incerti,
589 3182 755 3236 altera
805 3181 1204 3236 Daventriensis
1233 3183 1354 3242 anni
1382 3182 1520 3237 H95
1545 3223 1558 3247 ,
1591 3199 1746 3252 quam
1781 3185 1942 3253 pleri-

2049 2008 2246 2048 nomen
2275 1992 2592 2063 proprium,
2624 2007 2690 2047 ex
2739 1993 2856 2062 lege
2908 1994 3180 2048 nominum
3231 1994 3420 2048 mediae
3449 1994 3643 2049 relatis.

2048 2077 2212 2142 Marci
2241 2088 2444 2141 Aurelii
2479 2086 2690 2154 plurimi
2724 2088 2959 2153 luerunt,
2995 2097 3051 2142 ut
3079 2088 3146 2142 Μ.
3189 2089 3438 2144 Aurelius
3468 2089 3643 2159 impe-

2047 2188 2212 2244 rator,
2259 2179 2328 2232 Μ.
2382 2179 2632 2234 Aurelius
2664 2179 2907 2235 Valerius
2951 2181 3168 2235 Flavius
3208 2179 3463 2236 Claudius
3496 2183 3642 2239 Con-

2045 2276 2335 2342 stantinus,
2371 2275 2441 2330 M.
2485 2275 2735 2330 Aurelius
2761 2275 3018 2331 Claudius
3056 2276 3337 2336 Gothicus.
3370 2278 3440 2332 Μ.
3473 2281 3643 2334 Aure-

2048 2367 2153 2422 lius
2177 2368 2430 2423 Claudius
2459 2368 2766 2436 Quintilius.
2802 2369 2861 2423 S.
2899 2369 3214 2424 Maurclium
3240 2386 3269 2424 a
3297 2371 3365 2424 M.
3396 2370 3639 2436 Aurelio,

2046 2469 2104 2513 ut
2133 2460 2397 2529 Agelliurn
2446 2461 2513 2515 ab
2542 2461 2683 2514 Aulo
2715 2460 2911 2528 Gellio,
2947 2462 3100 2516 multi
3151 2463 3439 2532 opinantur
3475 2463 3638 2519 fuisse

2045 2551 2268 2606 dictum.

2117 2643 2208 2700 42.
2251 2643 2618 2714 Ludewigius,
2651 2644 2795 2714 quod
2825 2644 3048 2700 Carolus
3103 2645 3376 2716 Sigonius,
3421 2647 3489 2702 de
3535 2647 3625 2702 Ro-

2046 2753 2192 2792 man.
2226 2737 2468 2807 Nomin.,
2498 2737 2748 2792 ostendat
2778 2737 3143 2793 Romanorum
3176 2737 3390 2793 nomina
3419 2753 3448 2793 a
3473 2754 3625 2810 gene-

2047 2831 2120 2885 ris
2165 2830 2423 2900 principe,
2454 2844 2484 2882 a
2514 2829 2771 2899 sapientia
2792 2868 2808 2895 ,
2856 2829 2924 2884 ab
2952 2839 3067 2885 arte
3088 2839 3276 2885 .tracta
3320 2831 3640 2901 quandoque

2045 2937 2185 2988 esse,
2218 2922 2490 2978 existimat
2530 2921 2598 2976 ab
2637 2921 2756 2976 aliis
2798 2937 2904 2977 non
2928 2921 3066 2976 male
3109 2922 3326 2990 factum,
3355 2924 3446 2994 qui
3501 2924 3636 2978 Pru-

2046 3016 2211 3072 dentii
2243 3015 2457 3070 nomina
2485 3017 2535 3070 in
2567 3013 2754 3069 laudes
2776 3015 2893 3083 ejus
2915 3025 3191 3070 traxerunt
3223 3017 3321 3086 (α).
3347 3016 3634 3084 Caeterum,

2046 3108 2145 3163 etsi
2179 3122 2284 3161 non
2315 3105 2548 3161 absurde
2581 3108 2630 3160 iu
2660 3106 2871 3161 laudem
2904 3115 3076 3175 poetae
3106 3107 3320 3161 nomina
3352 3109 3468 3176 ejus
3500 3107 3638 3162 verti

2048 3201 2277 3270 possint,
2312 3207 2368 3252 ut
2398 3200 2448 3252 in
2475 3197 2594 3251 aliis
2623 3198 2842 3262 assolet,
2877 3208 3052 3253 tamen
3080 3214 3109 3252 a
3142 3199 3442 3268 prudentia,
3475 3215 3504 3253 a
3529 3201 3638 3254 cle-

344 3292 452 3346 que
499 3276 639 3332 male
686 3276 923 3330 referunt
952 3275 1018 3330 ad
1049 3290 1137 3330 an.
1190 3275 1358 3342 M72,
1394 3276 1608 3344 habent,
1642 3279 1770 3331 Aur.
1826 3275 1939 3332 Cle-

2047 3293 2267 3358 mentia,
2297 3292 2365 3346 ab
2394 3292 2573 3347 aureis
2600 3292 2838 3346 moribus
2869 3301 3034 3346 tracta
3057 3293 3147 3346 illa
3177 3307 3299 3349 esse
3327 3309 3486 3348 nemo
3515 3310 3639 3362 pru-

345 3386 489 3425 mens
538 3368 884 3435 Prudentius;
914 3369 1002 3440 qui
1032 3368 1165 3424 ordo
1195 3369 1469 3423 nominum
1501 3370 1618 3426 sine
1645 3371 1747 3425 ulla
1779 3386 1939 3426 causa

317 3461 539 3532 .idonea
569 3461 622 3516 in
655 3462 1003 3532 sequentibus
1029 3461 1277 3516 omnibus
1305 3461 1629 3516 editionibus
1657 3473 1739 3516 est
1769 3472 1942 3517 muta-

348 3563 454 3608 tus.
485 3554 615 3608 Eum
646 3563 863 3609 servant
891 3554 1244 3622 Trithemius,
1280 3555 1581 3620 Ferrarius,
1610 3554 1939 3624 liuinartius,

346 3648 567 3718 aliique.
599 3646 740 3701 Beda
772 3647 838 3704 de
869 3651 998 3704 Arte
1028 3651 1246 3704 metrica
1278 3649 1359 3705 bis
1387 3664 1508 3704 eum
1539 3651 1799 3717 nominat,
1833 3651 1943 3720 pri-

345 3729 496 3795 mum
525 3740 595 3794 ita
628 3758 640 3792 :
673 3737 910 3793 Prudens
938 3739 990 3794 in
1016 3739 1459 3811 Psychomachia,
1485 3757 1670 3797 rursus
1701 3743 1940 3798 Aurelius

349 3831 591 3887 Prudens
636 3830 884 3886 Clemens.
918 3830 1070 3900 Quod
1115 3842 1288 3888 autem
1338 3833 1484 3904 prius
1508 3835 1794 3905 aliquando
1821 3835 1940 3890 Cle-

347 3923 492 3980 mens
517 3940 675 3996 quam
726 3924 1040 3980 Prudentius
1071 3936 1163 3982 aut
1209 3925 1450 3982 Prudens
1495 3913 1810 3997 collocetur,
1845 3946 1936 3985 no-

348 4017 472 4076 vum
504 4036 609 4076 non
651 4029 734 4076 est
763 4038 776 4075 :
807 4021 884 4076 sic
915 4020 1179 4092 Sulpicius
1208 4031 1560 4093 cognomento
1591 4023 1825 4092 Severus,
1873 4025 1941 4079 ab

346 4114 471 4170 aliis
493 4124 712 4170 vocatur
735 4115 953 4170 Severus
978 4113 1263 4183 Sulpicius,
1290 4125 1347 4170 ut
1371 4115 1673 4170 observavit
1699 4117 1942 4171 Roswei-

346 4197 450 4261 dus
481 4208 532 4261 in
564 4215 674 4262 not.
706 4206 772 4261 ad
803 4207 902 4277 Ep.
936 4207 958 4262 1
993 4207 1049 4263 S.
1086 4206 1289 4262 Paulini
1321 4216 1385 4262 ex
1419 4207 1706 4263 Francisco
1732 4209 1937 4279 Sylvio,

345 4298 442 4369 qui
474 4296 878 4370 Progymnasm.
905 4341 920 4366 ,
953 4299 1192 4354 centuria
1217 4299 1273 4364 2,
1324 4315 1442 4369 cap.
1491 4301 1579 4366 41,
1608 4300 1766 4355 docet
1796 4315 1940 4369 smpe

347 4405 648 4462 cognomen
675 4393 874 4447 nomini
907 4394 1272 4463 prmpositum.
1305 4393 1623 4449 Sirmondus
1649 4394 1701 4449 in
1731 4395 1938 4463 prml‘at.

347 4483 606 4552 admotas
655 4484 976 4554 Apollinaris
1025 4485 1229 4541 Sidonii
1263 4487 1475 4556 egregie
1531 4487 1716 4556 probat
1750 4486 1939 4544 mediae
1999 4488 2001 4490 ’

348 4568 528 4630 aetatis
588 4579 863 4630 nominum
931 4575 1198 4647 duplicem
1245 4579 1474 4646 quodam
1541 4579 1701 4635 modo
1767 4581 1937 4649 legem

2043 3388 2177 3443 dens
2203 3387 2543 3458 iudicaverit,
2578 3386 2672 3440 sed
2698 3385 2944 3454 imperita
2995 3395 3282 3456 antequam
3307 3401 3386 3441 etc
3413 3387 3638 3441 virtutes

2044 3479 2098 3534 in
2129 3479 2420 3535 Prudentio
2451 3492 2571 3532 esse
2597 3484 2690 3531 aut
2724 3477 2965 3532 eminere
3002 3478 3286 3546 cmperiut.
3318 3477 3476 3532 Aliud
3499 3479 3640 3533 solet

2044 3588 2240 3646 nomen
2291 3571 2582 3627 Prudentio
2625 3570 2860 3636 attribui,
2912 3579 3060 3626 certe
3102 3572 3258 3641 longe
3299 3579 3420 3639 post
3471 3571 3638 3642 ipsius

2043 3666 2248 3720 obitum
2295 3664 2518 3719 inditum
2555 3682 2566 3717 :
2598 3679 2722 3719 nam
2763 3664 3084 3720 Prudentius
3132 3665 3302 3735 Major
3341 3665 3638 3735 appellatur

2043 3757 2096 3812 in
2130 3756 2316 3812 codice
2371 3773 2473 3812 ms.
2523 3757 2874 3813 membraneo
2923 3757 3272 3826 prosodiaco,
3317 3757 3538 3830 antiquo
3582 3769 3638 3816 et

2043 3851 2272 3917 erudito,
2291 3851 2431 3921 apud
2451 3852 2748 3921 Ba’rthium,
2768 3851 3054 3908 Adversar.
3075 3854 3167 3909 lib.
3183 3855 3516 3924 xxxvtt,cap.
3538 3855 3636 3911 l3:

2001 4016 2004 4018 _
2046 3942 2276 4008 Macera,
2325 3951 2371 3996 et
2413 3947 2656 3998 maceries
2702 3946 2991 4015 producunt
3021 3963 3074 4013 α,
3121 3949 3349 4016 quamvis
3378 3949 3578 4002 t-eniant
3607 3965 3640 4002 a

2045 4050 2281 4090 macer...
2317 4044 2363 4088 et
2397 4033 2711 4089 Pruden:ius
2743 4035 2918 4108 Major
2952 4054 2970 4090 :
2999 4038 3242 4101 Quamvis
3271 4040 3514 4092 maceries
3540 4042 3640 4109 [lo-

2044 4138 2212 4182 rentes
2243 4127 2434 4180 ambiat
2478 4146 2649 4198 agros.
2683 4129 2893 4184 Pariter
2921 4129 3156 4184 Joannes
3201 4130 3414 4195 Balbus,
3447 4147 3542 4186 seu
3570 4132 3639 4186 de

2043 4218 2216 4273 Janua
2241 4219 2294 4272 in
2321 4233 2484 4288 opere
2506 4219 2844 4286 Catholicon,
2876 4220 3042 4274 verbo
3067 4220 3242 4275 Spem
3275 4237 3288 4272 :
3323 4219 3468 4274 Unde
3484 4220 3638 4273 .Prnv

2046 4312 2244 4366 dentius
2289 4311 2464 4384 Major
2495 4328 2511 4365 :
2543 4312 2704 4383 Cujus
2728 4314 2794 4365 ad
2824 4293 3090 4366 arbitrium
3131 4329 3284 4381 spera
3323 4312 3527 4377 nobilis,
3559 4322 3639 4366 at-

2043 4421 2150 4482 que,
2185 4404 2427 4458 rotunda.
2462 4404 2563 4472 Qui
2589 4419 2778 4460 versus
2819 4405 3010 4476 legitur
3038 4406 3091 4459 in
3135 4405 3449 4475 Apotheosi,
3487 4421 3634 4462 vers.

2043 4497 2166 4564 210,
2205 4499 2352 4567 prior
2380 4497 2473 4552 ille
2498 4496 2738 4552 llamart.
2763 4512 2905 4552 vers.
2940 4497 3065 4551 226.
3119 4497 3397 4568 Suspicari
3445 4499 3637 4568 aliquis

2046 4600 2228 4662 posset
2270 4607 2337 4646 an
2370 4591 2421 4646 id
2465 4607 2661 4647 nomen
2709 4591 3005 4647 Prudentio
3048 4592 3305 4648 acciderit
3339 4608 3408 4648 ex
3451 4592 3639 4649 codice

347 4665 520 4722 ίυίεεθ
547 4684 560 4720 τ
589 4683 766 4734 "nam:
793 4677 851 4722 ιιι
881 4669 1151 4739 Proprium
1179 4671 1652 4742 ευὶυείιιιθιιοηιοη
1674 4673 1727 4728 in
1761 4675 1938 4730 locum
1968 4664 2023 4725 D
2047 4685 2258 4758 majori,
2305 4702 2373 4742 ex
2398 4703 2504 4758 quo
2553 4687 2626 4742 illi
2677 4703 2865 4744 versus
2913 4689 3319 4758 promebantur,
3372 4687 3636 4757 siquidem

349 4758 601 4813 ultimum
633 4761 988 4830 conjicereut;
1019 4761 1266 4829 alteram,
1299 4772 1356 4818 ut
1388 4771 1496 4817 tum
1529 4765 1803 4834 proprium
1839 4766 1942 4822 hoc
1994 4793 1996 4796 ν

348 4859 570 4918 nomen,
621 4861 728 4907 tum
761 4863 976 4923 caetera,
1026 4853 1292 4909 interdum
1325 4856 1540 4926 quidem
1587 4858 1801 4913 aliunde
1848 4875 1944 4928 pro

347 4933 599 5010 arbitrio,
631 4954 686 5000 ut
735 4945 1017 5015 plurimum
1066 4963 1192 5001 vero
1237 4964 1265 5001 a
1312 4948 1622 5019 propinquis
1666 4950 1945 5006 allectibus

348 5037 583 5104 deducta
611 5039 967 5109 imponerent.
1001 5036 1178 5095 Videri
1212 5042 1371 5096 etiam
1400 5051 1574 5111 potest
1603 5043 1671 5099 cl.
1706 5045 1945 5101 marchio

347 5131 534 5204 Scipio
565 5133 804 5190 Mali‘elus
836 5135 887 5188 in
937 5134 1160 5190 Dissert.
1191 5135 1257 5190 de
1304 5136 1664 5192 Romanorum
1695 5138 1938 5194 Nomini-

347 5226 475 5294 bus,
521 5223 644 5298 qua
681 5227 873 5300 probat
919 5222 1246 5284 Cassiodorii
1281 5245 1590 5299 praenomen
1623 5249 1743 5289 esse
1793 5234 1938 5290 Μαν-

348 5335 490 5384 cum,
521 5320 733 5376 nomina
762 5316 1272 5392 gentiliaAurelium
1302 5323 1700 5395 Cassiodorium,
1745 5344 1939 5388 nomen

347 5406 650 5484 proprium,
681 5429 777 5471 seu
799 5430 1093 5486 cognomen
1123 5417 1419 5473 Senatorem
1449 5419 1468 5492 (
1483 5431 1597 5489 post
1621 5421 1762 5477 Hist.
1797 5423 1942 5480 theo-

350 5507 484 5576 IOg.,
515 5513 561 5559 et
591 5501 975 5575 Complexibnes
999 5507 1313 5574 Cassiodorii
1341 5510 1464 5564 edit.
1497 5511 1538 5565 T
1543 5513 1726 5568 rident.
1755 5515 1937 5586 1749.).

350 5587 544 5654 Riscus
598 5599 827 5656 advertit
875 5602 1219 5660 Prudentium
1282 5619 1313 5658 a
1384 5604 1632 5676 Dupinio,
1695 5618 1823 5664 tom.
1874 5611 1939 5667 ΙΙΙ
1984 5615 1992 5694 ’ί
2046 5603 2279 5698 quinque
2321 5600 2640 5680 Ρι-υάθηιίσε
2679 5623 2956 5693 distinguit
2987 5622 3038 5675 in
3082 5607 3212 5676 edit,
3245 5620 3464 5690 weirz.,
3514 5637 3634 5692 pag.

411 5726 505 5816 1(a)
540 5718 1112 5816 UtAleimusA‘vitus,
1155 5744 1334 5812 plures
1367 5744 1523 5816 codd.
1553 5761 1682 5802 mss.
1715 5763 1939 5816 operum

350 5810 653 5890 Prudentii,
680 5823 874 5890 auctor
917 5810 1177 5890 Catalogi'_
1199 5813 1699 5890 testium'veritatis,
1734 5810 1826 5874 lib.
1863 5837 1936 5890 iv,

353 5897 478 5956 pag.
506 5885 609 5952 185
628 5883 755 5941 edit.
788 5895 1020 5955 |iOJlCT.;
1051 5883 1447 5956 'l‘aubmanuus,
1481 5890 1532 5950 in
1562 5883 1798 5948 CuliCem
1822 5883 1937 5948 Vir;

2047 4797 2209 4852 opera
2242 4782 2510 4837 interdum
2544 4777 2602 4836 in
2627 4783 2805 4850 plures
2835 4781 3062 4836 diversae
3099 4782 3258 4836 molis
3286 4780 3498 4836 codices
3543 4797 3637 4835 so-

2047 4875 2228 4930 lebant
2256 4873 2527 4930 distrahi:
2570 4890 2676 4943 quo
2720 4889 2882 4930 sensu
2914 4873 3134 4928 Ovidius
3181 4873 3426 4945 Magnus,
3474 4873 3638 4928 Clau-

2050 4967 2241 5022 dianus
2271 4967 2516 5039 Magnus,
2545 4967 2880 5023 Theodosius
2909 4967 3144 5039 Exiguus
3169 4969 3634 5038 nuncupabantur,

2051 5069 2108 5114 ut
2139 5061 2316 5130 legere
2347 5059 2548 5130 poteris
2590 5060 2641 5114 in
2670 5060 2910 5130 Barthio,
2941 5061 3046 5117 loc.
3075 5061 3166 5116 cit.
3199 5062 3292 5117 lib.
3327 5077 3397 5125 vi,
3430 5076 3548 5129 cap.
3581 5061 3636 5114 l.

2049 5153 2180 5208 Eam
2213 5154 2531 5224 elegantiam
2577 5155 2777 5211 nostris
2806 5151 3020 5227 quoque
3062 5157 3299 5211 moribus
3346 5153 3638 5208 adhaesisse

2045 5247 2098 5302 iu
2131 5247 2281 5304 libris
2321 5263 2546 5319 quorum
2571 5265 2698 5306 usus
2727 5259 2810 5306 est
2838 5251 2892 5306 in
2922 5252 3118 5307 scholis
3140 5248 3636 5322 grammaticorum,

2045 5335 2244 5395 no'runt
2275 5343 2442 5412 pueri,
2472 5344 2667 5416 quique
2696 5360 2892 5415 pueros
2919 5345 3136 5401 docent.

2107 5433 2206 5488 '45.
2247 5433 2565 5491 Prudentius
2613 5452 2742 5492 vero
2796 5445 2978 5494 noster
3021 5435 3201 5507 Major
3238 5433 3474 5489 creditur
3518 5426 3641 5490 esse

2047 5525 2315 5606 dictusjut
2359 5545 2388 5583 a
2430 5531 2642 5602 caeteris
2673 5531 3029 5586 discernatur.
3061 5527 3319 5582 Melcbior
3350 5525 3638 5583 Goldastus

2049 5756 2186 5826 gilii,
2220 5759 2350 5814 etin
2384 5760 2577 5815 litteris
2624 5759 2689 5813 ad
2734 5757 3047 5822 Weitzium;
3100 5759 3382 5815 Zacharias
3417 5760 3595 5814 \‘ictor
3617 5801 3631 5830 ,

2047 5831 2319 5902 '1'0picar.,
2353 5831 2481 5890 diss.
2523 5832 2607 5900 11,
2638 5830 2861 5901 disquis.
2895 5830 2949 5889 2.
2977 5830 3176 5888 Conler
3201 5848 3320 5907 cap.
3355 5833 3409 5886 ά.
