4142 6350
438 339 544 396 595

1871 315 2323 383 PBUDENTIUS.

3630 323 3736 382 596

436 451 1036 516 5|9:Turiasonensem
1050 447 1358 518 episcopum
1375 443 1514 507 circa
1542 454 1736 494 annum
1754 440 1878 504 500,
1896 439 2037 492 hunc
2069 439 2118 502 Α
2149 444 2257 490 tam
2287 439 2573 507 postremis
2601 437 2683 492 his
2712 439 2924 494 saeculis
2953 449 3228 507 enarrant,
3282 448 3536 510 tanquam
3567 444 3737 500 scele-

437 562 680 607 nostrum
698 555 927 624 poetam;
943 539 1430 596 aliumTrecensem
1450 537 1501 589 in
1518 534 1686 589 Gallia
1700 532 2034 601 episcopum;

437 655 734 710 auctorem,
769 640 870 713 27
906 645 959 690 ut
989 642 1172 704 putat,
1207 628 1427 702 hymni,
1460 627 1754 698 Virgo.Dei
1776 624 2036 692 geniti-ix,

438 755 596 808 quem
629 735 843 791 codices
884 745 1012 785 mss.
1051 723 1343 779 Prudentio
1378 722 1654 776 ascribunt
1696 719 1859 791 (Vide
1889 733 2032 770 num.

438 833 562 896 98);
596 836 844 900 quartum
873 866 888 890 ,
922 819 1243 876 monachum
1280 815 1606 870 Germanum
1653 819 2036 882 praeceptorem

439 920 718 977 Walafridi
765 914 965 986 Strabi,
1020 911 1340 981 scriptorem
1383 908 1703 980 hymnorum
1736 904 1802 959 de
1833 902 2033 958 Nativi-

441 1024 546 1070 tate
577 1011 807 1078 Domini,
832 1008 997 1064 Corde
1025 1016 1172 1060 natus
1207 1019 1271 1057 ea:
1298 1001 1544 1073 parentis,
1578 1008 1633 1054 et
1659 998 1724 1053 de
1754 995 2034 1061 Passione,

447 1109 586 1161 Vidit
615 1105 798 1178 anguis
826 1101 1170 1156 immolatum.
1203 1096 1306 1150 Hic
1337 1105 1434 1162 est,
1460 1095 1562 1159 ait,
1589 1094 1656 1146 ad
1689 1095 1832 1164 cujus
1883 1088 2035 1156 di/fe-

438 1204 644 1256 ritatem
670 1196 987 1253 Prudentius
1009 1192 1240 1248 Clemens
1268 1188 1441 1261 Major
1466 1195 1653 1258 coeptus
1670 1194 1743 1239 est
1764 1182 2035 1255 appellari.

441 1295 535 1349 His
557 1293 799 1363 quintum
830 1285 1182 1342 Prudentium
1213 1295 1312 1335 suo
1340 1278 1583 1348 beneﬁcio
1611 1286 1655 1329 et
1686 1275 1923 1328 comitate
1944 1271 2040 1326 ad-

443 1391 540 1456 dit,
578 1383 926 1444 Prudentium
956 1383 1240 1434 Amceuum
1262 1373 1553 1428 Prudentio
1575 1371 1836 1427 Clementi
1861 1381 2039 1438 mqua-

442 1482 572 1548 lem,
601 1485 692 1531 aut
715 1491 818 1530 non
843 1471 999 1528 valde
1031 1467 1357 1524 inferiorem.
1400 1466 1649 1519 Attamen
1688 1463 1827 1516 hunc
1858 1463 2039 1518 Amm—

445 1590 572 1629 num
614 1589 644 1627 a
673 1568 974 1626 Prudentio
1002 1564 1311 1635 neutiquam
1345 1574 1466 1616 esse
1495 1559 1762 1614 diversum
1783 1598 1796 1622 ,
1828 1571 1948 1612 cum
1971 1555 2038 1611 de

442 1669 557 1739 ejus
590 1664 887 1724 Dittochaeo
913 1671 1121 1732 agetur,
1151 1657 1610 1714 demonstrabitur
1637 1675 1647 1709 :
1677 1654 1819 1726 quod
1842 1669 2037 1709 nomen

441 1763 522 1822 illi
549 1763 618 1816 ob
657 1759 854 1831 ingenii
887 1757 1252 1813 ammnitatem
1297 1762 1390 1808 aut
1439 1751 1540 1807 alia
1582 1751 1652 1806 de
1693 1747 2044 1805 causa-luerit

2146 539 2322 585 ratum
2370 546 2432 585 ac
2461 533 2725 602 perditum
2766 534 3157 590 adolescentem
3191 545 3598 606 reprazsentant.
3635 537 3737 594 Lu-

2143 625 2407 695 dewigius
2444 641 2564 681 cum
2590 626 2647 681 S.
2681 628 2976 698 Augustino
3018 638 3311 698 comparat,
3362 629 3416 685 in
3464 647 3570 700 quo
3602 632 3734 688 nihil

2145 727 2229 773 est
2249 719 2428 773 simile
2453 734 2467 772 :
2493 734 2616 773 nam
2642 719 2970 790 Augustinus
2999 721 3315 791 gravissima
3365 723 3611 792 qumdam
3639 738 3735 780 sua

2147 819 2362 876 peccata
2393 825 2497 863 non
2541 808 2712 864 solum
2746 809 2798 864 in
2840 824 3060 880 genere,
3095 810 3188 866 sed
3223 811 3277 866 in
3307 814 3489 882 specie
3530 821 3586 868 et
3627 815 3738 869 sin-

2145 902 2370 972 gillatim
2399 903 2679 958 confessus
2700 913 2802 958 est.
2841 903 3034 958 Riscus
3087 903 3388 974 Hispanicis
3417 906 3598 963 verbis
3647 923 3739 964 ea-

2145 993 2266 1048 dem
2298 994 2428 1048 vitia
2456 995 2632 1065 ample
2660 996 3002 1064 exaggeravit
3030 1013 3044 1050 :
3079 995 3150 1052 Se
3175 997 3293 1070 dejo
3322 1007 3554 1053 arrastar
3575 998 3738 1056 delos

2146 1087 2330 1142 vicies.
2353 1127 2365 1142 .
2384 1126 2398 1141 .
2427 1087 2749 1142 mane/tando
2778 1104 2839 1142 su
2865 1104 3082 1143 corazon
3104 1129 3120 1156 ,
3167 1091 3387 1145 amanda
3443 1092 3517 1147 los
3569 1100 3738 1165 torpes

2147 1182 2367 1251 deleytes
2394 1183 2460 1236 de
2481 1183 2532 1236 la
2551 1197 2723 1236 carne.
2751 1182 2819 1236 Et
2841 1183 2961 1252 quis
2981 1196 3088 1238 non
3111 1181 3214 1239 hoc
3239 1182 3352 1239 fere
3373 1184 3534 1240 modo
3561 1185 3736 1256 loqui-

2147 1274 2273 1328 tur?
2299 1273 2577 1330 Fabricius
2619 1275 2841 1330 ulterius
2888 1289 3206 1346 progressus
3232 1276 3464 1332 afﬁrmat
3509 1278 3564 1332 in
3615 1287 3737 1350 toga

2145 1380 2336 1421 causas
2365 1367 2574 1437 iniquas
2594 1367 2946 1424 Prudentium
2969 1370 3165 1440 egisse,
3191 1370 3335 1442 quod
3360 1372 3560 1442 pariter
3583 1371 3735 1428 colli--

2144 1459 2220 1528 git
2251 1473 2321 1514 ex
2353 1459 2448 1514 hac
2477 1459 2588 1530 ipsa
2613 1460 2945 1530 praefatione.

2214 1553 2304 1609 45.
2348 1553 2608 1624 Equidem
2662 1570 2766 1610 non
2822 1554 3042 1611 libidine
3101 1556 3277 1629 aliqua
3322 1557 3738 1626 commendandi

2145 1645 2516 1713 Prudentium,
2545 1662 2649 1704 non
2677 1649 3066 1705 consuetudine
3095 1661 3401 1706 nostrorum
3435 1663 3736 1722 temporum

2146 1741 2420 1810 abreptus,
2471 1755 2573 1811 qua
2608 1750 2683 1796 tot
2712 1741 2970 1811 apologis:
3001 1742 3296 1812 pullttlant,
3346 1753 3402 1800 et
3450 1754 3738 1814 quantum-

423 1822 772 1926 impositum.
807 1852 1105 1916 Tarralam,
1135 1847 1456 1919 Trugillum,
1503 1855 1558 1900 et
1583 1845 1887 1900 Ferrarium
1918 1842 2038 1900 Nic.
2068 1822 2116 1882 Β
2140 1832 2276 1888 “hct
2305 1833 2603 1903 desperata:
2646 1848 2820 1893 causae
2848 1842 3102 1904 patronos
3147 1836 3377 1892 audaces
3421 1837 3734 1908 inveniunt,

442 1950 710 2003 Antonius
741 1954 887 2000 recte
912 1943 1173 2014 coarguit,
1206 1943 1348 2014 quod
1403 1956 1616 1997 sacrum
1662 1947 1875 2016 poetam
1905 1938 2037 1992 Pru-

443 2041 684 2096 dentium
733 2055 852 2094 cum
909 2037 1291 2107 'l‘uriasonensi
1361 2035 1613 2106 episcopo
1674 2032 2034 2089 confuderint.

442 2133 678 2188 Consule
701 2130 1075 2186 Bollandianos
1094 2129 1514 2194 continuatores,
1536 2127 1602 2181 ad
1625 2126 1858 2181 dien128
1884 2125 2038 2194 Apri-

443 2226 512 2281 lis
548 2227 600 2280 in
628 2226 1019 2300 commentario
1050 2224 1250 2295 praevio
1300 2222 1364 2276 ad
1418 2221 1590 2276 Vitam
1627 2218 2034 2300 S._P_rudentii.

446 2320 532 2390 qui
588 2298 1260 2374 BernardumLucensem
1309 2315 1545 2372 Tarrafze
1585 2298 1901 2385 ueterisque
1946 2313 2039 2372 ad-

441 2411 692 2482 jungunt,
729 2421 781 2464 et
831 2411 897 2463 de
943 2419 1102 2465 aetate
1149 2408 1424 2464 Prudentii
1485 2407 1893 2463 Turiasonensi’s
1950 2406 2038 2459 vix

445 2504 588 2558 aliud
616 2511 820 2559 certum
844 2517 963 2558 esse
990 2511 1250 2568 statuunt,
1298 2503 1398 2558 nisi
1424 2518 1622 2557 annum
1678 2501 1885 2555 Domini
1935 2500 2038 2555 846

445 2596 673 2650 vivendo
699 2597 1073 2651 antecessisse.
1102 2595 1313 2651 Vixisse
1343 2611 1482 2651 anno
1511 2594 1616 2651 500
1645 2593 1934 2665 probabilis
1959 2602 2040 2648 est

411 2744 416 2748 .
445 2689 647 2760 Opinio.

517 2783 607 2839 44.
649 2784 762 2854 Age
794 2799 952 2855 nunc,
987 2799 1052 2840 ex
1081 2785 1197 2852 ipso
1220 2784 1513 2840 Prudentia
1553 2786 1876 2841 curriculum
1925 2785 2040 2856 ejus

445 2875 571 2931 vita:
601 2877 667 2931 ad
697 2892 895 2931 annum
932 2893 1101 2948 usque
1124 2879 1299 2933 aetatis
1320 2877 1387 2933 57
1410 2877 1712 2943 audiamus,
1747 2893 1810 2932 ex
1851 2877 2042 2947 praela-

448 2968 685 3043 tione‘ad
714 2971 970 3026 Carmina.

573 3106 672 3154 Per
696 3107 1030 3167 quinquennia
1042 3105 1140 3166 jam
1158 3105 1355 3168 decem,

509 3167 569 3217 Ni
592 3168 746 3226 fallor,
774 3171 949 3216 luimus
970 3182 982 3216 :
1005 3169 1242 3230 septimus
1267 3167 1466 3230 insaper

508 3233 701 3279 Annum
727 3230 872 3279 cardo
891 3236 1037 3291 rotat,
1060 3226 1171 3276 dum
1197 3226 1399 3279 fruimur
1418 3229 1522 3278 sole
1544 3226 1763 3291 volubili,

574 3292 725 3342 lnstat
749 3295 1004 3349 terminus,
1033 3301 1083 3341 et
1102 3293 1233 3340 diem

511 3355 729 3404 Vicinum
751 3357 891 3404 Senio
911 3357 1007 3416 jam
1035 3355 1170 3404 Deus
1195 3355 1417 3416 applicat.

512 3415 635 3480 Quid
663 3431 751 3466 nos
773 3417 894 3465 utile
913 3414 1035 3464 tanti
1062 3414 1469 3480 Spatio'temporis
1489 3414 1716 3478 egimus?

573 3479 705 3528 [Etas
727 3481 876 3541 prima
899 3481 1214 3541 crepantibus

509 3541 669 3591 Flevit,
691 3540 783 3590 ειη»
801 3540 972 3603 ferulis
1000 3557 1010 3591 :
1039 3556 1149 3590 mox
1175 3542 1338 3592 docuit
1358 3549 1470 3603 toga

511 3603 748 3654 Infectum
774 3605 901 3653 vitiis
921 3602 1034 3653 I'alsa
1058 3603 1208 3666 loqui,
1236 3616 1330 3652 non
1352 3602 1459 3652 sine.
1485 3604 1707 3654 crimine.

448 3733 718 3789 Hactenus
751 3731 989 3802 intelligo
1012 3739 1223 3784 aetatem
1257 3730 1505 3796 primam,
1549 3730 1831 3800 pueritiam
1863 3739 2039 3786 extre-

448 3839 613 3889 mam,
647 3838 730 3890 ac,
766 3824 810 3878 si
837 3823 938 3884 vis,
968 3821 1347 3876 adolescentiae
1383 3821 1592 3876 initium
1627 3837 1794 3890 usque
1844 3824 1910 3876 ad
1942 3839 2038 3877 an-

449 3932 578 3972 num
607 3916 823 3970 circiter
847 3915 938 3981 20,
967 3929 1074 3986 quo
1112 3921 1356 3983 tempore
1401 3914 1867 3982 mendaciuncula,
1919 3916 2038 3986 qui-

449 4011 553 4066 bus
581 4010 692 4065 lere
721 4009 808 4063 illa
833 4019 962 4063 retas
1008 4007 1199 4063 inlecta
1240 4022 1363 4064 esse
1393 4008 1692 4074 consuevit,
1737 4009 1900 4063 animi
1946 4007 2043 4064 de-

449 4103 728 4172 missione,
758 4117 861 4173 qua
889 4101 1123 4157 maxime
1172 4101 1492 4175 excellebat,
1523 4110 1764 4171 accusat,
1797 4102 1898 4157 nisi
1931 4116 2042 4158 ma-

450 4195 519 4252 lis
543 4195 881 4266 interpretari
906 4193 1228 4269 rhetoricam
1272 4201 1327 4248 et
1366 4192 1720 4261 dialecticam,
1745 4193 1938 4265 quibus
1961 4194 2041 4250 la-

451 4287 740 4344 cultatibus
761 4302 925 4350 rasa
953 4300 1107 4350 LOQUI
1153 4285 1551 4356 quodammodo
1590 4287 1872 4356 congruit;
1924 4303 2043 4358 qua:

451 4382 823 4450 interpretatio
851 4380 1182 4450 pracferenda
1205 4381 1444 4450 videtur,
1476 4386 1597 4438 cum
1628 4389 1684 4438 et
1713 4381 1930 4452 optimis
1958 4398 2043 4437 re-

453 4475 698 4531 centibus
726 4475 1240 4544 commentatoribus
1285 4475 1570 4544 placuerit,
1601 4484 1656 4531 et
1703 4475 1756 4530 in
1807 4475 2041 4545 antiquis

2142 1925 2238 1980 sed
2262 1940 2446 1980 amore
2467 1924 2707 1981 veritatis
2749 1926 3033 1998 impulsus,
3069 1927 3341 1984 Prudentii
3366 1928 3736 1986 defensionem

2142 2019 2450 2090 suscipiam.
2497 2019 2706 2074 Etenim
2736 2033 3048 2089 persuasum
3077 2019 3250 2075 habeo
3273 2021 3406 2076 nihil
3432 2022 3501 2076 ab
3525 2038 3589 2078 eo
3615 2038 3740 2080 esse

2141 2113 2341 2168 dictum
2383 2112 2524 2183 quod
2561 2127 2627 2166 ex
2662 2128 2754 2167 ore
2786 2112 3015 2167 hominis
3057 2113 3185 2184 justi
3217 2123 3271 2170 et
3297 2115 3598 2171 Christiana
3630 2115 3734 2172 hu-

2145 2208 2369 2262 militate
2400 2207 2608 2278 praediti
2636 2222 2741 2262 non
2797 2208 2968 2262 soleat
2997 2209 3265 2265 excidere.
3317 2209 3525 2266 Justum
3556 2211 3731 2267 homi-

2145 2316 2267 2354 nem
2297 2315 2418 2354 cum
2451 2299 2592 2368 dico,
2614 2299 2873 2369 justitiam
2902 2299 3139 2370 intelligo
3180 2301 3352 2372 qualis
3385 2303 3438 2356 in
3464 2302 3730 2369 homines,

2145 2394 2270 2448 dum
2300 2393 2352 2447 in
2380 2393 2480 2448 hoc
2507 2392 2704 2447 sacculo
2744 2393 2948 2459 vivunt,
2974 2393 3136 2447 cadit.
3158 2392 3298 2447 Licet
3320 2395 3476 2460 enim,
3508 2397 3582 2449 ait
3606 2410 3737 2450 con-

2144 2486 2233 2541 cil.‘
2259 2485 2500 2542 Trident.
2521 2528 2536 2554 ,
2567 2500 2702 2541 sess.
2731 2485 2788 2556 6,
2818 2486 2885 2540 de
2905 2485 3082 2540 Justif.
3117 2500 3234 2555 cap.
3271 2487 3356 2554 11,
3385 2487 3438 2540 in
3466 2487 3562 2541 hac
3590 2504 3732 2542 mor-

2147 2583 2237 2638 tali
2279 2585 2401 2648 uita,
2445 2584 2766 2653 quantumvis
2798 2582 2960 2635 sancti
3003 2591 3051 2635 et
3066 2583 3199 2654 justi
3238 2581 3290 2635 iit
3317 2583 3446 2636 levia
3475 2583 3654 2637 saltent
3688 2591 3736 2636 et

2145 2676 2464 2745 quotidiana,
2501 2690 2616 2744 qua:
2646 2675 2795 2728 etiam
2824 2674 3025 2728 venalia
3050 2673 3307 2740 dicuntur,
3342 2683 3547 2743 precata
3575 2692 3738 2745 quan-

2147 2771 2310 2841 doque
2354 2769 2561 2836 cadant,
2593 2785 2696 2822 non
2738 2779 3008 2838 propterea
3057 2767 3294 2821 desinunt
3344 2784 3449 2821 esse
3486 2769 3639 2838 justi.
3668 2767 3739 2825 Et

2146 2866 2402 2922 Proverb.
2435 2880 2552 2933 cap.
2583 2879 2726 2929 xxtv,
2757 2863 2821 2918 l6
2847 2879 2859 2915 :
2893 2863 3090 2931 Septies
3140 2863 3272 2916 enim
3299 2864 3440 2917 cadet
3459 2867 3656 2936 justus,
3688 2875 3737 2919 et

2146 2969 2370 3027 resurget
2401 2959 2495 3030 (b).
2531 2957 2652 3011 Haec
2695 2956 2856 3025 igitur
2887 2964 3127 3026 peccata,
3176 2949 3227 3009 iii
3258 2970 3380 3025 quae
3422 2956 3553 3025 justi
3592 2971 3737 3028 saepe

2146 3052 2418 3117 labuntur,
2445 3058 2498 3104 et
2526 3048 2608 3102 lex
2634 3047 2723 3102 illa
2752 3061 2908 3118 quam
2941 3045 3228 3116 Apostolus
3269 3047 3382 3116 ipse
3404 3047 3734 3118 experieba-

2153 3158 2236 3200 tur
2266 3148 2319 3202 in
2355 3143 2611 3198 membris
2629 3142 2740 3197 suis
2761 3151 3146 3214 repugnantem
3179 3141 3280 3212 legi
3302 3143 3497 3197 mentis
3523 3157 3660 3212 sum,
3683 3152 3736 3197 et

2145 3241 2499 3311 captivantem
2542 3251 2663 3291 eum
2712 3236 2766 3290 in
2803 3235 2974 3305 legem
3015 3234 3241 3304 peccati,
3291 3236 3420 3290 satis
3469 3249 3736 3307 superque

2146 3343 2272 3388 sunt
2309 3341 2364 3400 ut
2409 3330 2570 3386 verba
2619 3329 2894 3384 Prudentii
2955 3329 3021 3383 ab
3064 3328 3279 3396 homine
3315 3328 3462 3398 justo
3491 3328 3733 3384 adhiberi

2148 3430 2355 3502 possint
2385 3437 2490 3484 tam
2538 3441 2665 3482 vere
2714 3441 2872 3496 quam
2931 3424 3223 3481 humiliter.
3267 3425 3418 3482 Libet
3458 3428 3599 3482 enim
3632 3426 3732 3483 hoc

2148 3521 2454 3577 Christiano
2495 3519 2754 3574 vocabulo
2795 3518 2870 3574 uti
2900 3559 2915 3584 ,
2971 3532 3091 3572 cum
3143 3527 3355 3575 veteres
3387 3518 3562 3574 Latini
3614 3534 3730 3574 eam
3823 3522 3841 3536 '

2148 3617 2255 3686 29
2278 3615 2547 3679 virtutem,
2580 3629 2736 3683 quam
2765 3628 2830 3666 ne
2861 3612 3220 3681 agnoscebant
3249 3613 3486 3684 quidem,
3517 3613 3734 3684 proprio

2145 3710 2362 3764 nomine
2393 3723 2496 3763 non
2525 3707 2859 3762 donaverint.
2896 3705 3140 3760 Proiecto
3185 3706 3241 3761 S.
3295 3706 3649 3776 Hieronymus
3678 3705 3731 3762 in

2147 3801 2382 3873 epitaph.
2418 3800 2620 3866 Paulae,
2647 3809 2775 3855 tom.
2806 3801 2823 3854 l
2855 3815 3036 3868 oper.,
3068 3815 3214 3854 num.
3251 3801 3348 3862 15,
3399 3799 3448 3854 id
3481 3808 3624 3854 notat
3663 3800 3729 3854 de

2147 3895 2204 3950 S.
2237 3894 2395 3948 Paula
2427 3909 2439 3944 :
2475 3891 2539 3946 In
2561 3909 2661 3960 qua
2702 3896 2863 3962 fontes
2891 3892 3118 3946 crederes
3150 3890 3512 3961 lacrumarum.
3544 3888 3625 3943 Ita
3654 3890 3726 3943 le-

2144 3993 2226 4046 uia
2260 3999 2464 4061 peccata
2495 3989 2786 4059 plangebat,
2817 3997 2871 4042 ut
2918 3988 3061 4041 illam
3104 3988 3521 4058 gravissimorum
3558 3985 3732 4038 crimi-

2146 4104 2269 4141 num
2300 4087 2526 4140 crederes
2563 4100 2723 4139 ream.
2776 4083 2925 4138 Pleni
2967 4089 3091 4136 sunt
3136 4080 3254 4136 libri
3309 4081 3542 4152 mystic‘i,
3579 4079 3737 4150 plena

2146 4191 2263 4238 acta
2294 4190 2602 4237 sanctorum
2630 4175 2934 4246 huiusmodi
2969 4176 3249 4245 exemplis,
3283 4190 3402 4245 quae
3423 4173 3734 4245 singillatim

2146 4288 2431 4331 recensere
2462 4287 2565 4328 non
2598 4281 2774 4327 vacat.
2799 4268 2922 4338 Legi
2947 4279 3170 4338 possunt
3196 4284 3314 4340 quae
3355 4268 3736 4336 innocentissi-

2147 4385 2232 4424 ma
2261 4368 2409 4438 virgo
2440 4366 2496 4421 S.
2529 4362 2778 4420 Thercsia
2821 4362 2887 4416 de
2938 4377 2997 4416 se
3027 4371 3228 4428 narrat,
3288 4363 3565 4430 expoueu‘s
3609 4360 3738 4434 quid

2147 4462 2317 4534 egerit
2341 4471 2624 4530 antequam
2655 4456 3038 4512 monasterium
3073 4455 3461 4526 ingrederetur.

453 4567 650 4638 glossis
679 4543 997 4636 reperiatur.
1030 4543 1450 4636 Ctesaraugustae
1481 4543 1674 4622 litteris
1698 4581 1916 4638 operam
1941 4543 2045 4622 na-
2071 4590 2127 4652 Β
2221 4557 2307 4612 46.
2369 4554 2477 4610 Nec
2538 4567 2756 4652 movere
2809 4565 3131 4652 quemquam
3181 4550 3378 4652 debent
3418 4549 3599 4620 gravia
3623 4543 3740 4652 illi

455 4671 614 4714 vasse
651 4657 753 4714 sub
775 4657 933 4726 Petro
962 4664 1175 4728 oratore
1219 4673 1325 4714 non
1356 4668 1562 4715 temere
1611 4659 1829 4728 conjicit
1857 4660 2045 4716 liiscus

456 4765 522 4806 ex
555 4749 613 4805 S.
651 4749 959 4821 Hieronym.
991 4751 1057 4805 ad
1089 4752 1199 4824 28
1235 4765 1324 4806 an.
1373 4751 1478 4806 556
1509 4752 1562 4806 in
1610 4749 1911 4806 Chronico:
1947 4751 2044 4807 Pe-

458 4850 568 4906 trus
612 4840 1019 4916 Cresaraugustat
1073 4855 1244 4914 arator
1288 4845 1506 4917 insignis
1541 4846 1684 4901 docet
1715 4844 1815 4918 (α).
1865 4844 2046 4920 Pergit

456 4932 798 4990 Prudentius.

643 5048 770 5115 Tum
791 5047 966 5115 lasciva
989 5053 1298 5115 protervitas,

581 5109 644 5179 Et
666 5111 813 5179 luxus
824 5109 1076 5179 petulans,
1096 5115 1201 5162 heu
1216 5109 1384 5176 pudet,
1405 5128 1460 5166 ac
1484 5118 1641 5179 piget,

581 5171 800 5226 Foedavit
814 5171 1048 5236 juvenem
1064 5171 1300 5239 nequitia:
1324 5171 1568 5242 sordih'us',
1594 5171 1649 5230 ac
1670 5179 1789 5230 luto.

455 5303 535 5360 En
565 5304 729 5359 verba
762 5304 956 5374 quibus
984 5303 1254 5368 accusatio
1282 5307 1457 5362 omnis
1487 5308 1749 5365 adversus
1778 5309 2041 5379 juvenilia

455 5396 731 5453 Prudentii
761 5398 986 5462 crimina
1020 5400 1264 5468 innititur
1295 5385 1305 5455 ὲ
1341 5412 1604 5478 quotquot
1634 5407 1775 5462 enim
1830 5406 1945 5476 ejus
1969 5409 2045 5462 vi-

527 5582 610 5656 (a)
649 5584 816 5656 Hujus
855 5590 996 5646 Petri
1047 5592 1262 5648 nomine
1281 5592 1482 5648 editum
1510 5592 1799 5647 chronicon
1833 5595 1876 5648 si
1907 5595 2043 5650 forte

457 5656 524 5710 ad
553 5666 669 5733 tuas
693 5675 883 5733 manus
901 5665 1228 5730 pervenerit,
1250 5667 1410 5730 scias,
1443 5663 1718 5733 pervelim,
1746 5665 1811 5717 ab
1836 5665 1900 5718 iis
1920 5681 2041 5721 esse

455 5728 765 5795 conﬁctum,
801 5728 963 5798 quiut
984 5749 1075 5788 sua
1107 5728 1312 5796 somnia
1346 5728 1704 5802 venditarent,
1751 5736 2040 5792 celeberri-

456 5803 910 5877 ma__anti_quitatis
937 5809 1149 5860 nomina
1195 5817 1535 5877 usurparunt.

529 5871 608 5944 (lt)
649 5871 748 5930 Ubi
775 5877 874 5930 etsi
913 5891 1018 5932 non
1066 5871 1367 5933 inveniatur
1424 5879 1571 5946 illud,
1629 5880 1767 5948 quod
1819 5879 2041 5947 plurimi

2153 4651 2312 4708 verba
2341 4665 2457 4723 qua:
2485 4646 2805 4703 Prudentius
2833 4645 3106 4715 usurpavit
3132 4662 3143 4697 :
3171 4643 3382 4698 Lasciva
3418 4643 3737 4716 proteri-itas,

2153 4747 2305 4802 luxus
2337 4744 2594 4815 petulans,
2623 4740 2818 4802 sordes,
2851 4749 2898 4792 et
2945 4739 3107 4794 lutum
3147 4737 3381 4808 nequitia:
3407 4753 3424 4790 :
3447 4752 3565 4792 nam
3599 4741 3744 4806 pra}:

2153 4850 2392 4911 terquam
2424 4837 2563 4908 quod
2592 4832 2857 4888 similibus
2886 4839 2977 4885 aut
3005 4829 3361 4885 atrocioribus
3400 4826 3742 4884 verbisnon-

2153 4934 2278 4989 nulli
2329 4929 2538 4996 sanc1i,
2589 4927 2680 4997 qui
2725 4927 2884 4982 vitam
2933 4925 3272 4979 innocentem
3318 4922 3606 4990 vixerunt,
3656 4922 3744 4977 usi

2153 5035 2316 5094 sunt,
2362 5037 2471 5079 non
2501 5030 2608 5075 tam
2638 5018 2726 5072 illa
2757 5023 2881 5072 sunt
2902 5015 3078 5085 gravia
3110 5029 3265 5085 quam
3313 5013 3581 5086 plerisque
3625 5011 3743 5092 fors

2150 5133 2294 5178 tesse
2342 5119 2603 5173 videatur.
2659 5113 2734 5168 Eo
2784 5111 2924 5167 enim
2975 5110 3151 5164 omnia
3197 5109 3427 5179 denique
3475 5106 3740 5173 recidunt,

2151 5228 2210 5274 ut
2238 5212 2614 5287 explicandum
2648 5211 2718 5264 sit
2764 5207 2886 5280 quid
2926 5205 3164 5275 nequitia
3206 5203 3423 5259 nomine
3458 5200 3627 5257 Latini
3660 5199 3746 5254 in-

2154 5311 2486 5371 tellexerint.
2517 5306 2848 5362 Christianus
2873 5303 3200 5370 Becmanus,
3232 5297 3300 5355 de
3325 5297 3528 5368 Origin.
3561 5293 3742 5367 Latin.

2153 5415 2348 5479 linguae
2370 5449 2384 5472 ,
2431 5401 2597 5458 verbo
2630 5398 2855 5468 /Equor,
2885 5396 3104 5452 Perotto
3149 5392 3482 5476 adversatur,
3530 5389 3619 5460 qui
3649 5405 3745 5442 ne-

2155 5590 2379 5652 addunt,
2409 5587 2461 5638 in
2490 5585 2590 5646 die,
2646 5588 2849 5652 tamenA
2872 5566 3099 5652 veritas'
3128 5567 3407 5652 sententiae
3451 5565 3748 5652 multofr‘um

2495 5634 2690 5721 posset
2717 5646 3018 5721 confirmari
3052 5660 3066 5708 ;
3102 5657 3282 5721 natura
3331 5634 3749 5721 temporecals-

2151 5706 2384 5790 Quini};
2416 5706 2615 5781 aild'itio
2655 5721 2849 5790 legitur
2889 5706 3059 5770 factm
3096 5706 3603 5790 Manifestejinquit
3653 5706 3751 5790 ille

2155 5778 2512 5861 Eollittijsu,
2553 5811 2668 5864 cap.
2710 5778 2806 5859 Ῑὸ)
2841 5790 3114 5864 Scriptura
3155 5778 3491 5854 pro—nuntiat,
3539 5778 3750 5850 Septies

2150 5879 2204 5933 in
2236 5877 2317 5930 die
2346 5862 2693 5938 cuditjuslus,
2733 5873 2777 5919 et
2809 5862 3044 5932 resurgit.
