4142 6350
352 324 455 383 597

1764 304 2286 363 PBOLEGOMENA.

3526 303 3630 361 598

352 455 504 510 quam
546 434 674 492 facit
713 449 745 490 a
787 450 849 489 ne
897 441 953 488 et
997 444 1159 501 queo:
1199 427 1478 483 terendum
1523 422 1573 477 id
1618 429 1792 483 esset,
1827 419 1926 474 nisi
1955 425 2009 480 Α
2033 416 2209 510 stepb.
2235 415 2452 510 emicat,
2478 414 3032 510 virtutemgpropriam
3055 413 3301 510 messe
3328 414 3625 484 Prudentii,

355 531 583 591 Varroni
637 538 883 601 quoque,
931 525 1063 597 qui,
1110 523 1203 579 lib.
1253 537 1306 576 Ix
1356 520 1475 575 Lat.
1530 517 1686 585 ling.,
1734 529 1764 568 a
1794 528 1856 566 ue
1884 520 1941 567 et

353 630 633 703 quidquam
657 626 893 694 deducit,
924 627 1267 691 repugnaret,
1294 625 1511 687 putans,
1551 629 1769 685 nequam
1794 626 1831 689 aI
1853 626 1934 674 ne,

354 732 409 777 et
452 737 651 791 wquum
698 717 995 773 rectissime
1023 715 1147 780 dici,
1179 721 1239 767 ut
1265 727 1482 779 nequam
1525 709 1595 763 sit
1619 705 1811 770 ἄδικος,
1853 728 1938 759 xst-

354 816 461 882 κὸς,
492 810 736 889 ἄρχειοςς
764 809 903 880 quod
948 807 1123 879 arguit
1146 805 1453 868 deductum,
1495 817 1524 855 a
1555 816 1748 871 nequus
1799 799 1939 871 (pro

355 921 462 978 quo
505 907 705 960 utimur
747 900 987 971 nequam)
1028 900 1285 971 nequitia,
1322 907 1379 951 ut
1419 911 1450 951 a
1494 894 1666 950 malus
1714 892 1936 947 malitia.

355 998 492 1067 Quid
559 998 604 1051 si
655 1006 867 1050 veteres
920 994 1092 1048 Latini
1146 1007 1177 1045 ι
1226 991 1558 1061 nequicquam
1607 985 1942 1042 deducebant

356 1091 515 1147 etiam
548 1090 806 1159 nequitia?
842 1088 1054 1153 Cicero,
1080 1085 1326 1151 Tuscul.,
1346 1082 1473 1139 edit.
1505 1080 1628 1138 Ald.
1657 1084 1774 1150 pag.
1801 1078 1935 1134 l94:

360 1185 637 1256 Nequitia,
668 1185 899 1255 quamvis
943 1183 1038 1236 hoc
1068 1182 1250 1235 durius
1290 1180 1546 1243 videatur,
1595 1178 1659 1231 ab
1704 1191 1761 1229 eo
1801 1175 1940 1245 quod

357 1279 689 1347 nequicquam
719 1286 790 1330 est
816 1276 870 1328 in
904 1275 996 1329 tali
1025 1274 1229 1329 homine
1248 1316 1260 1339 ,
1289 1289 1351 1327 ea:
1380 1286 1482 1343 quo
1513 1270 1651 1324 idem
1681 1267 1831 1322 nihili
1854 1266 1936 1320 di-

356 1374 508 1426 citur.
541 1370 715 1436 Quare
747 1368 1038 1439 nequitiam
1088 1368 1203 1423 fere
1250 1380 1347 1436 pro
1394 1364 1585 1421 inertia
1617 1362 1755 1433 idem
1787 1376 1941 1415 usur-

357 1472 475 1533 pat,
509 1463 560 1519 in
586 1460 800 1517 Catilio.
822 1502 835 1525 ,
865 1476 984 1531 pag.
1015 1458 1084 1515 98
1110 1478 1121 1513 :
1146 1459 1267 1513 Jam
1296 1476 1373 1515 me
1402 1459 1569 1529 ipsum
1598 1456 1815 1527 inertiis,
1846 1470 1938 1515 ne-

356 1556 624 1626 quitiaeque
650 1554 964 1620 condemno;
994 1562 1043 1609 et
1079 1568 1194 1622 pag.
1226 1551 1361 1607 105:
1390 1549 1583 1604 Inertia
1610 1565 1669 1603 ac
1696 1548 1941 1619 nequitia.

301 1672 307 1677 ο
361 1648 563 1704 Eodem
590 1648 842 1719 pertinet,
874 1648 1014 1717 quod
1047 1646 1365 1703 Prudentius
1392 1646 1501 1700 ait:

421 1781 548 1840 Quid
572 1794 663 1832 nos
683 1781 806 1833 utile
832 1782 951 1830 tanti
977 1783 1130 1842 spatio
1150 1780 1386 1842 temporis
1407 1782 1595 1842 egimus
1610 1779 1634 1828 τ

365 1908 434 1964 Et
464 1909 597 1963 infra
623 1908 695 1963 de
726 1908 880 1962 bonis
909 1916 964 1962 et
993 1907 1146 1961 malis
1173 1909 1396 1962 fortuna:
1424 1922 1436 1960 :

490 2042 709 2103 Nunquid
734 2042 846 2091 talia
870 2042 1139 2104 proderunt

426 2104 596 2154 Carnis
619 2114 727 2167 post.
744 2103 930 2154 obitum
954 2103 1034 2154 vel
1054 2106 1197 2165 bona,
1222 2104 1302 2155 vel
1329 2104 1484 2154 mala?

364 2229 543 2299 Itaque
574 2229 893 2285 Prudentius
946 2230 1112 2283 otium
1142 2268 1156 2295 ,
1190 2230 1432 2284 inertiam
1461 2270 1473 2294 ,
1516 2243 1674 2299 opera
1718 2243 1836 2299 quae
1880 2228 1945 2283 ad

362 2323 586 2377 salutem
630 2331 885 2377 aeternam
922 2322 1353 2391 consequendam
1399 2322 1529 2375 nihil
1562 2322 1946 2399 conducerent,

362 2422 622 2485 peccata,
672 2414 914 2484 quamvis
962 2428 1066 2469 non
1118 2415 1295 2483 gravia
1326 2456 1339 2478 ,
1387 2414 1440 2469 in
1484 2414 1949 2484 qumjuvcnilibus

363 2508 659 2575 prtesertim
690 2507 844 2561 annis
875 2507 1156 2574 inciderit,
1205 2506 1375 2576 potuit
1404 2507 1650 2562 versibus
1691 2506 1948 2576 expositis

362 2601 493 2657 llere
534 2611 589 2655 et
636 2601 834 2655 dolere.
896 2604 969 2655 Ac
1016 2615 1203 2671 reapse
1235 2602 1364 2656 nihil
1412 2603 1463 2655 in
1503 2618 1567 2657 eo
1596 2602 1779 2676 fuisse,
1809 2602 1951 2673 quod

364 2693 679 2748 sceleratam
710 2692 872 2746 vitam
902 2736 912 2757 ,
947 2702 1037 2747 aut
1078 2695 1387 2763 paganismo
1419 2694 1649 2749 deditam
1673 2737 1688 2761 ,
1725 2696 1865 2765 quod
1899 2696 1950 2750 in

362 2783 547 2838 codice
612 2784 869 2838 Vaticano
921 2785 1187 2854 sequioris
1254 2788 1355 2839 aevi
1408 2786 1601 2855 legitur
1650 2789 1820 2858 possit
1866 2803 1952 2844 ar-

362 2892 563 2948 guere,
614 2885 761 2933 recte
806 2878 1076 2949 colligitur
1123 2894 1191 2934 ex
1240 2879 1356 2949 ejus
1386 2880 1716 2948 humilitate,
1748 2898 1867 2953 qua:
1886 2858 1951 2939 'in

365 2969 611 3024 omnibus
637 2971 893 3039 operibus
918 2971 1215 3027 claris-sime
1239 2974 1451 3028 elucet:

427 3080 551 3140 Quid
575 3094 661 3129 nos
683 3080 803 3131 utile
826 3082 944 3132 tanti
972 3084 1129 3144 spatio
1150 3086 1383 3145 temporis
1405 3087 1599 3148 egimus
1614 3087 1639 3136 ‘i

2044 509 2136 580 qui
2173 508 2225 563 in
2257 508 2362 563 fine
2393 508 2581 578 hymni
2611 508 2679 563 de
2710 507 2767 563 S.
2798 506 3039 562 Romano
3079 522 3137 561 se
3166 505 3374 562 bardum
3401 506 3631 577 jungen-

2043 602 2168 657 dum
2207 601 2373 656 hircis
2402 616 2432 655 a
2470 600 2639 656 latere
2666 600 2885 655 sinistro
2921 599 3114 669 judicis
3152 599 3373 655 dicens:
3403 601 3630 672 Longius

2042 700 2205 752 nimia
2252 696 2543 750 humilitate
2588 697 2739 751 etiam
2788 713 2821 749 a
2858 712 2975 750 vero
3006 696 3281 749 mediatore
3307 697 3529 762 secessit,
3562 693 3631 749 de

2041 804 2146 860 quo
2190 802 2290 843 nos
2338 788 2443 842 alio
2495 789 2633 844 loco.
2679 788 2830 843 Nunc
2868 788 3009 843 enim
3041 788 3211 842 solum
3260 788 3486 842 observo
3538 784 3631 839 lli-

2042 899 2190 939 scum
2220 888 2274 937 et
2300 880 2595 949 Barthium,
2629 882 2718 953 qui
2747 890 2945 936 tantam
2970 881 3243 936 Prudentii
3276 880 3629 935 humilitatem

2041 985 2373 1049 agnoscunt,
2407 991 2515 1032 non
2559 974 2811 1031 debuisse
2837 991 2905 1031 ex
2954 975 3070 1048 ejus
3100 976 3281 1031 verbis
3310 976 3517 1031 scelera
3541 975 3629 1044 ju-

2041 1069 2282 1125 ventutis
2310 1082 2635 1139 exaggerare
2660 1109 2677 1137 ,
2721 1068 2990 1140 simulque
3034 1068 3265 1123 hominis
3311 1067 3631 1123 modestiam

2040 1163 2193 1219 fateri
2225 1164 2327 1236 (a).

2110 1259 2201 1314 47.
2244 1256 2360 1313 Non
2390 1257 2547 1314 video
2596 1258 2686 1327 qui
2718 1256 2833 1311 haec
2858 1257 3166 1312 cohaereant
3201 1274 3212 1308 :
3258 1270 3380 1310 nam
3425 1255 3471 1310 si
3500 1255 3635 1311 Pru-

2042 1353 2256 1408 dentius
2305 1353 2467 1407 nimia
2514 1352 2804 1407 humilitate
2851 1353 3006 1423 longe
3053 1352 3354 1424 processit,
3399 1352 3444 1405 si
3486 1352 3541 1405 in
3571 1350 3630 1407 S.

2043 1444 2373 1511 Laurentio,
2423 1445 2529 1499 imo
2576 1444 2773 1513 passim
2824 1444 2873 1497 in
2906 1445 3019 1498 suis
3062 1443 3406 1509 carminibus,
3443 1440 3638 1513 repetit

2042 1537 2256 1602 similia,
2274 1535 2465 1604 quibus
2487 1535 2691 1589 nullum
2716 1535 2841 1589 vitae
2863 1550 2972 1588 sure
3004 1545 3210 1606 tempus
3234 1534 3434 1589 utiliter
3462 1542 3639 1588 trans-

2045 1635 2221 1681 actum
2250 1626 2462 1681 videtur
2486 1639 2800 1696 agnoscere,
2831 1625 2965 1679 nihil
2991 1641 3167 1680 causae
3197 1640 3291 1679 cur
3320 1639 3424 1679 non
3459 1623 3636 1679 omnia

2048 1718 2353 1787 hujusmodi
2408 1717 2553 1772 dicta
2614 1717 2902 1771 humilitati
2952 1717 3307 1771 ascribantur.
3362 1715 3640 1786 Siquidem

1974 1807 2020 1869 B
2048 1820 2259 1866 constat
2326 1818 2524 1880 quanto
2571 1809 2787 1880 pietatis
2838 1824 3001 1863 sensu
3053 1818 3347 1879 martyrum
3394 1808 3640 1877 sepulcra

2050 1904 2307 1958 inviseret
2338 1899 2433 1973 (ὁ).
2461 1901 2659 1957 Omitto
2687 1909 2778 1955 aut
2802 1900 2979 1956 omnia
3012 1910 3103 1955 aut
3133 1902 3384 1971 pleraque
3405 1902 3641 1956 carmina

2050 2007 2174 2053 ante
2223 1994 2590 2066 prmfationem
2642 1996 2773 2051 mihi
2807 1995 2970 2049 videri
3023 1994 3189 2051 fuisse
3238 1996 3556 2067 composita,
3586 2004 3646 2050 ut

2050 2099 2235 2160 postea
2284 2090 2591 2144 declarabo.
2624 2089 2839 2145 Etenim
2890 2091 3003 2145 sive
3052 2099 3245 2157 antea,
3300 2092 3414 2146 sive
3458 2100 3643 2161 postea

2051 2182 2252 2236 fuerint
2279 2182 2499 2251 scripta,
2524 2182 2757 2236 hominis
2792 2182 2859 2251 pii
2882 2181 3119 2252 justique
3150 2182 3419 2237 humilitas
3449 2198 3512 2237 ex
3538 2182 3644 2237 illis

2049 2274 2300 2331 omnibus
2326 2268 2547 2345 apparet
2590 2273 2684 2345 (c).
2717 2274 2899 2345 Neque
2929 2274 3100 2329 dicam
3137 2288 3295 2343 quam
3338 2290 3395 2329 se
3426 2274 3644 2329 inferio-

2050 2382 2166 2423 rem
2192 2365 2516 2439 Symmacbo
2548 2367 2600 2421 in
2629 2367 2937 2438 eloquentia
2970 2368 3367 2423 existimaverit
3409 2368 3461 2422 in
3509 2383 3645 2433 prce-

2053 2460 2148 2516 fat.
2182 2460 2278 2515 lib.
2304 2476 2324 2513 ι
2368 2478 2382 2515 :
2433 2459 2563 2517 Sum
2609 2461 2761 2531 plane
2791 2462 3091 2514 temerarius
3115 2502 3129 2527 ,
3166 2469 3271 2516 etc.
3314 2460 3455 2516 Satis
3500 2461 3643 2515 enim

2053 2554 2223 2611 multa
2249 2555 2390 2610 dicta
2422 2561 2546 2609 sunt
2581 2562 2640 2609 ut
2674 2554 2725 2609 id
2767 2555 2907 2625 quod
2949 2553 3091 2608 volui
3124 2554 3424 2620 conficiam,
3454 2568 3646 2609 versus

2056 2648 2381 2719 praefationis
2407 2688 2421 2715 ,
2473 2647 2664 2718 quibus
2693 2662 2789 2702 sua
2823 2656 3039 2717 peccata
3075 2647 3272 2702 fatetur
3299 2646 3640 2713 Prudentius,

2055 2742 2173 2813 ejus
2200 2741 2581 2807 humilitatem,
2615 2754 2720 2795 non
2750 2740 2917 2794 vitam
2945 2754 3226 2810 paganam,
3251 2750 3340 2793 aut
3372 2738 3646 2809 insigniter

2058 2835 2383 2905 improbam,
2417 2848 2660 2903 arguere.
2699 2831 3015 2903 Exemplum
3047 2830 3315 2902 proferam
3346 2847 3408 2885 ex
3441 2830 3499 2884 S.
3536 2830 3645 2883 Eu-

2054 2927 2214 2997 genio
2242 2925 2506 2981 Toletano
2534 2926 2762 2997 prtesule
2788 2967 2803 2995 ,
2850 2926 2938 2995 qui
2970 2925 3021 2979 in
3056 2924 3160 2978 fine
3186 2923 3510 2995 precationis
3539 2924 3644 2997 31

2055 3032 2306 3074 coronam
2352 3028 2569 3073 aeterna:
2615 3018 2804 3088 gloriae
2843 3032 2901 3072 se
2941 3032 3046 3071 non
3096 3017 3360 3071 meruisse
3406 3016 3642 3071 fatetur:

2060 3108 2316 3164 Modestia
2348 3109 2654 3164 Christianis
2678 3111 2859 3180 priscis
2884 3112 3093 3177 usitata,
3116 3127 3268 3180 quam
3298 3110 3493 3179 aliquot
3523 3092 3647 3162 locis

366 3183 444 3238 Ex
474 3184 771 3239 humilitate
813 3184 865 3239 id
914 3186 1111 3240 dictum
1144 3186 1216 3241 ait
1242 3187 1457 3256 Riscus;
1503 3192 1622 3260 quia
1647 3191 1757 3261 jam
1792 3193 1953 3250 libros
1982 3183 2028 3247 C
2058 3202 2283 3256 inuenies
2326 3214 2373 3255 ει
2421 3202 2563 3271 apud
2594 3201 2935 3255 Ρηιάρηιίωη
2964 3247 2977 3271 ,
3032 3204 3106 3255 an
3152 3201 3396 3255 Banhius
3432 3201 3521 3254 ιη),
3556 3216 3645 3266 ιν,

363 3286 552 3331 contra
597 3277 976 3348 Symmachum
1028 3279 1352 3349 scripserat,
1388 3291 1442 3337 et
1472 3284 1574 3336 alia
1619 3298 1782 3355 opera
1814 3286 1950 3344 bona

362 3369 587 3436 fecerat,
612 3385 837 3440 nempe:
862 3370 958 3425 Jus
984 3374 1129 3428 civile
1152 3373 1296 3429 bonis
1325 3375 1660 3445 reddidimus,
1685 3382 1954 3439 terruimus

361 3477 496 3515 reos.
552 3462 801 3519 Barthius
830 3505 843 3529 ,
898 3464 989 3519 lib.
1041 3480 1130 3518 vm
1178 3465 1449 3533 Advers.,
1503 3483 1621 3539 cap.
1658 3472 1714 3527 11
1746 3514 1761 3540 ,
1806 3484 1955 3531 notat

362 3553 683 3608 modestiam
727 3570 845 3626 quae
884 3556 935 3609 in
974 3556 1286 3625 praefatione
1326 3557 1597 3615 trochaica
1643 3561 1764 3618 libri
1805 3563 1956 3641 Perj-

1173 3747 1189 3769 δ

437 3787 513 3859 (a)
540 3788 604 3842 Et
632 3786 887 3867 Barthius
910 3785 1121 3867 quidem
1156 3786 1258 3867 loc.
1303 3788 1397 3842 cit.
1440 3789 1511 3843 ita
1550 3793 1757 3867 pergit:
1788 3793 1958 3867 Usque

362 3855 504 3917 adeo
528 3860 775 3913 trochazus
827 3858 920 3911 iste
962 3855 1301 3912 Prudentium
1345 3855 1603 3931 auctorem
1647 3855 1958 3931 Elautat,'ut

364 3941 440 3987 tot
465 3930 676 4007 swcAulis
712 3931 841 4007 inter
873 3938 943 3982 tot
984 3939 1153 4007 postea
1185 3940 1355 3994 poetas
1386 3930 1643 4007 Christum
1674 3930 1953 4007 professos,

364 4019 534 4076 nemo
548 4002 696 4076 fuerit
741 4001 827 4071 qui
847 4016 970 4076 cum
1010 4000 1104 4076 hoc
1143 4002 1538 4071 comparabilem
1577 4000 1852 4076 scripserit.
1888 4000 1955 4063 In

366 4074 625 4148 principio
663 4090 714 4126 se
744 4089 775 4124 a
806 4072 959 4125 choro
1011 4071 1211 4138 piorum
1258 4084 1481 4142 segregat
1506 4076 1631 4148 ,__ob
1668 4071 1955 4148 iuventutis

364 4146 614 4200 nimirum
664 4153 895 4210 peccata,
946 4158 1062 4196 cum
1098 4159 1333 4211 paganus
1382 4156 1430 4197 et
1479 4145 1620 4202 miles
1661 4145 1954 4203 militariter

364 4231 673 4287 paganeque
700 4216 902 4287 uiueret.

445 4283 520 4358 '(b)
554 4283 609 4340 In
634 4283 889 4341 Cassiano
914 4302 927 4338 :

431 4380 624 4430 Stratus
640 4378 774 4442 humi
797 4377 984 4442 tumulo
1006 4377 1314 4437 advolvebar,
1340 4390 1486 4442 quem
1511 4392 1650 4431 sacer
1688 4388 1831 4434 ornat

430 4443 612 4505 Martyr
632 4440 790 4491 dicato
813 4440 1067 4491 Cassianus
1085 4453 1307 4502 corpore.

368 4548 428 4608 In
456 4548 743 4620 Hippolyto
767 4566 780 4601 :

430 4643 550 4694 Haec
570 4642 686 4691 dum
709 4640 862 4691 lustro
884 4639 1055 4697 oculis,
1078 4647 1129 4689 et
1148 4640 1295 4688 sicubi
1320 4640 1443 4691 forte
1469 4640 1681 4693 latentes

493 4705 680 4756 Rerum
697 4705 881 4786 apices,
908 4712 1131 4753 veterum
1152 4716 1240 4766 per
1264 4712 1574 4754 monumenta
1602 4719 1800 4769 sequor.

369 4811 430 4869 In
458 4812 619 4868 Petro
648 4819 702 4866 et
727 4808 895 4863 Paulo
922 4808 1177 4885 apostolis
1209 4826 1221 4861 :

431 4903 550 4953 Haec
572 4903 798 4964 didicisse
817 4904 892 4950 sat
913 4908 988 4948 est
1011 4898 1174 4964 Romae
1200 4900 1285 4948 tibi
1317 4913 1328 4948 :
1355 4908 1404 4949 tu
1429 4900 1620 4950 domum
1644 4914 1894 4964 reversus,

496 4966 641 5014 Diem
666 4962 895 5014 bifestum
914 4963 982 5011 sic
1004 4962 1153 5021 colas,
1172 4970 1441 5012 memento.

442 5049 517 5121 (c)
550 5048 606 5102 In
638 5047 847 5117 epilogo
877 5044 1175 5112 Peristeph.
1209 5061 1223 5098 :

432 5142 533 5192 Nos
557 5142 678 5189 citos
703 5139 936 5187 iambicos

498 5205 768 5258 Sacramus,
797 5208 848 5249 et
871 5198 1091 5249 rotatiles
1112 5198 1369 5259 trochreos,

498 5265 783 5315 Sanctitatis
805 5263 975 5323 indigi.

497 5327 577 5377 ille
602 5334 804 5388 paterno
828 5326 875 5371 in
908 5326 1048 5388 atrio,

500 5388 565 5438 Ut
589 5386 863 5437 obsoletum
890 5387 1133 5434 vasculum
1150 5424 1163 5447 ,
1185 5386 1376 5434 caducis

502 5450 724 5500 Christus
749 5456 879 5511 aptat
900 5447 1084 5498 usibus.

372 5561 441 5619 Et
474 5560 664 5615 similia
696 5561 746 5612 in
776 5557 1045 5611 Laurentii
1076 5555 1337 5626 passione,
1372 5557 1422 5611 in
1455 5555 1597 5613 line:

438 5653 542 5702 llos
565 5653 712 5706 inter,
739 5662 768 5697 ο
791 5649 962 5698 Christi
987 5649 1159 5709 decus,

438 5765 445 5774 _
504 5716 629 5763 Audi
657 5720 848 5774 poetam
871 5713 1101 5757 rusticum

503 5777 672 5827 Cordis
693 5774 929 5823 fatentem
954 5775 1153 5822 crimina
1168 5809 1181 5833 ,

503 5837 564 5889 Et
584 5838 707 5888 facta
732 5836 1017 5897 prodentem
1041 5848 1144 5885 sua.

2062 3310 2179 3362 cap.
2230 3295 2291 3347 11
2339 3293 2598 3360 Advers.,
2643 3295 2729 3363 qui
2768 3294 2918 3364 plura
2947 3293 3185 3348 carmina
3230 3295 3286 3347 S.
3318 3294 3539 3362 Engenii
3580 3308 3647 3348 eo

2061 3386 2178 3439 loco
2216 3384 2555 3439 emendanda
2604 3386 2859 3456 suscepit.
2896 3385 3094 3440 Versus
3122 3384 3180 3439 S.
3215 3384 3435 3455 Eugenii
3483 3392 3645 3439 sunt:

2121 3518 2339 3581 Cumque
2362 3530 2591 3581 suprema
2611 3519 2720 3570 dies
2744 3521 2915 3569 mortis
2938 3518 3227 3581 patefecerit
3260 3531 3431 3568 urnam

2122 3580 2347 3631 Concede
2371 3580 2583 3643 veniam,
2608 3584 2687 3631 cui
2709 3580 2835 3632 tollit
2854 3580 2995 3644 culpa
3014 3592 3253 3631 coronam.

2126 3799 2361 3862 indignus
2385 3811 2610 3861 agnosco,
2632 3807 2681 3851 et
2699 3802 2825 3859 scio,

2188 3865 2345 3927 Quem
2369 3863 2588 3913 Christus
2613 3866 2718 3927 ipse
2746 3864 2994 3925 exaudiat,

2186 3925 2285 3989 Sed
2311 3937 2400 3987 per
2427 3925 2653 3989 patronos
2676 3932 2916 3989 martyres

2188 3987 2352 4050 Putcst
2382 3987 2621 4035 medelam
2649 3987 2899 4050 consequi.

2122 4049 2247 4110 Audi
2272 4050 2515 4107 benignus
2538 4050 2820 4110 supplicem.

2184 4109 2357 4160 Christi
2381 4123 2520 4158 reum
2557 4109 2875 4159 Prudentium
2902 4125 2911 4157 :

2186 4171 2245 4220 Et
2268 4172 2573 4221 servientem
2596 4174 2783 4232 corpori

2184 4233 2394 4281 Absolve
2422 4234 2591 4283 vinclis
2609 4233 2794 4282 saeculi.

2062 4316 2117 4369 ln
2147 4312 2215 4371 18
2245 4317 2565 4388 Martyribus
2599 4334 2609 4368 :

2124 4407 2226 4470 Nos
2246 4408 2325 4469 pio
2341 4408 2480 4467 ﬂetu,
2503 4408 2639 4470 date,
2666 4405 2946 4470 perluamus

2185 4469 2478 4533 Marmorum
2504 4469 2684 4533 sulcos,
2708 4469 2888 4533 quibus
2907 4474 2985 4533 est
3003 4473 3172 4531 operta

2188 4531 2329 4593 Spes,
2357 4542 2404 4580 ut
2433 4532 2675 4582 absolvam
2697 4531 3080 4580 retinaculorum

2373 4594 2538 4644 Vin'cla
2563 4607 2801 4643 meorum.

1984 4644 2038 4705 Ι)
2065 4656 2121 4711 ln
2155 4657 2258 4712 ﬁne
2286 4657 2564 4711 Fructuosi
2598 4674 2610 4710 :

2127 4727 2250 4790 Olim
2279 4734 2470 4790 tempus
2494 4730 2614 4787 erit,
2641 4734 2816 4790 ruente
2842 4727 3037 4775 mundo.

2189 4789 2305 4838 Cum
2326 4788 2397 4850 te,
2417 4788 2644 4848 Tarraco,
2666 4788 2964 4837 Fructuosus
2988 4790 3101 4835 acri,

2187 4852 2357 4901 Solvet
2382 4851 2617 4913 supplicio
2642 4858 2821 4911 tegens
2846 4849 2906 4913 ab
2928 4851 3047 4913 igni.

2127 4913 2248 4962 Fors
2270 4910 2546 4975 dignabitur
2568 4919 2619 4963 et
2643 4910 2768 4960 meis
2784 4910 3025 4975 medelam

2190 4972 2469 5037 Tormentis
2490 4975 2627 5037 dare,
2657 4978 2973 5037 prosperante
2995 4972 3207 5037 Christo,

2189 5036 2370 5085 Dulces
2388 5034 2816 5099 hendecasyllabos
2841 5036 3121 5087 revolvens.

2062 5119 2119 5174 In
2152 5119 2257 5174 fine
2285 5118 2551 5173 Romani:

2122 5190 2315 5253 Vellem
2336 5191 2531 5253 sinister
2556 5191 2685 5239 inter
2704 5189 2951 5241 haedorum
2974 5202 3159 5253 greges

2190 5252 2253 5301 Ut
2276 5266 2382 5303 sum
2407 5251 2615 5316 futurus,
2640 5253 2830 5301 eminus
2853 5251 3188 5314 dignoscerer.

2065 5339 2133 5393 Et
2156 5352 2273 5407 quae
2298 5347 2593 5407 sequuntur
2620 5338 2671 5390 in
2700 5330 3013 5406 Hippolyto:

2130 5430 2212 5480 Sic
2231 5442 2311 5479 me
2336 5432 2589 5489 gramineo
2605 5432 2947 5479 remanentem
2963 5428 3178 5489 denique
3204 5439 3371 5489 campo

2194 5491 2408 5542 Sedulus
2428 5499 2663 5556 aegrotam
2686 5498 2851 5554 pastor
2867 5502 3007 5539 orem
3034 5491 3239 5538 referas.

2070 5578 2341 5661 Prtetereo
2381 5577 2481 5631 alia
2506 5621 2520 5645 ,
2572 5584 2626 5631 et
2649 5575 2699 5629 in
2734 5574 2816 5627 his
2841 5572 3135 5626 orationem
3167 5572 3218 5626 in
3253 5572 3357 5628 fine
3383 5564 3654 5632 HamartiJ

2069 5665 2279 5719 genta}:

2132 5737 2172 5789 Ο
2201 5735 2308 5787 Dee
2337 5739 2694 5797 cunctiparens,

2076 5828 2144 5882 de
2170 5845 2271 5897 qua
2301 5828 2433 5883 infra
2466 5808 2636 5894 capite
2667 5825 2729 5879 l7
2760 5818 2951 5879 redibit
2981 5832 3175 5878 sermo.
