4142 6350
447 295 548 354 599

1854 289 2305 347 PRUDENTIUS.

3605 300 3710 360 600

512 413 605 470 48.
639 413 890 484 Exposita
931 412 1149 484 juvenili
1180 419 1364 478 (etate,
1404 409 1720 466 Prudentius
1750 411 2007 481 reliquam
2035 414 2086 468 Δ
2115 418 2201 464 tur
2235 425 2249 463 :
2283 408 2526 463 Aurelius
2561 403 2800 464 Prudens
2826 408 3058 467 Clemens
3086 414 3181 469 iste
3210 415 3403 483 partim
3436 415 3491 471 in
3525 434 3711 474 consu-

449 509 606 561 vitam
636 516 852 562 enarrat
882 523 897 560 :

512 658 514 662 ›
568 622 696 672 Exin
716 623 875 684 jurgia
895 620 1110 669 turbidos

509 680 763 756 firmarunt
788 680 990 756 animos,
1018 690 1074 756 et_
1093 680 1467 756 malepertinax
1628 745 1640 756 ε

510 744 744 795 Vinceudi
768 745 978 793 studium
1001 743 1241 805 subjacuit
1263 745 1458 794 casibus
1483 745 1688 807 asperis.

444 849 802 904 Jureconsulti
830 865 1021 903 munus
1048 849 1149 921 hoc
1174 849 1293 903 loco
1318 848 1581 917 eitplicari
1604 864 1763 905 nemo
1784 850 2020 921 ambigit,

443 947 494 990 ct
519 954 638 993 cum
663 938 803 993 Beda
824 949 877 994 et
898 938 1226 995 Walafridus
1244 939 1436 994 Strabo
1460 939 1808 995 Prudentium
1835 952 2026 997 vocent

444 1030 833 1094 scholasticam,
885 1032 935 1085 id
968 1032 1217 1086 -nontinis
1247 1035 1294 1087 ei
1326 1032 1436 1086 dari
1478 1032 1601 1102 quia
1628 1033 2027 1102 iureconsultus

445 1120 541 1174 fuit
592 1133 1010 1178 consentaneum
1066 1122 1256 1177 rationi
1306 1134 1387 1178 est
1448 1124 1708 1193 judicare.
1771 1127 2026 1191 Quamvis

445 1214 589 1270 enim
622 1217 747 1270 olim
780 1216 1129 1285 discipulum,
1157 1216 1477 1288 sopliistam,
1512 1217 1811 1284 rhetorem,
1845 1220 2024 1274 erudi-

450 1319 559 1361 tum
603 1322 665 1361 ea
701 1323 798 1361 Vox
834 1308 1090 1373 valuerit,
1134 1319 1309 1364 tamen
1339 1309 1407 1363 ita
1448 1324 1660 1380 quoque
1696 1323 2026 1379 nuncupatus

408 1394 409 1397 “
447 1399 991 1467 fuitjureconsultus,
1020 1410 1073 1454 et
1099 1410 1298 1465 orator,
1333 1410 1391 1455 ut
1425 1418 1565 1456 nunc
1596 1404 1835 1458 omittam
1866 1404 2025 1458 aliam

448 1490 913 1560 significationem,
932 1507 1033 1560 qua
1065 1502 1184 1559 post
1200 1492 1449 1548 Carolum
1472 1494 1717 1565 Magnum
1742 1495 2029 1571 scholasti-

448 1591 633 1636 cusest
650 1583 843 1646 dictus,
863 1583 948 1652 qui
965 1584 1256 1653 gymnasiis
1280 1593 1527 1653 praeerat,
1551 1594 1641 1641 aut
1663 1601 1691 1639 a
1714 1587 1911 1641 saeculo
1929 1603 2024 1651 xu,

448 1675 537 1744 qui
567 1675 929 1730 Aristoteliam
962 1676 1349 1744 philosophiam
1385 1680 1795 1747 proﬁtebantur,
1830 1681 1895 1735 de
1924 1696 2024 1750 qua

448 1767 614 1822 videri
661 1777 833 1835 potest
877 1768 943 1819 cl.
993 1768 1412 1823 Bartholomazus
1438 1769 1659 1832 Povins,
1705 1771 2026 1826 limatissimi

446 1859 628 1928 judicii
652 1870 706 1915 et
726 1860 1007 1926 sermonis,
1035 1861 1264 1930 scriptor
1286 1862 1516 1916 lnstitut.
1545 1862 1668 1917 hist.
1702 1863 2025 1933 pl.ilosopli.,

448 1951 541 2005 lib.
594 1966 667 2017 ts,
702 1966 821 2021 cap.
855 1950 880 2003 1
918 1950 1014 2022 (a).
1052 1952 1106 2005 in
1157 1953 1384 2008 concilio
1424 1952 1728 2009 Sardicensi
1770 1957 2027 2023 generali,

448 2060 569 2100 can.
613 2046 701 2110 10,
748 2053 1003 2099 statutum
1038 2032 1159 2112 est,
1184 2046 1251 2101 Ut
1279 2048 1323 2101 si
1349 2047 1462 2117 quis
1482 2063 1544 2101 ea:
1572 2050 1683 2117 {oro
1714 2049 1815 2102 sive
1860 2050 1994 2103 dives
2015 2090 2027 2113 ,

448 2135 552 2190 sive
580 2136 941 2203 scholasticus,
973 2138 1234 2208 episcOpus
1265 2139 1377 2207 ﬁeri
1407 2140 1591 2208 dignus
1629 2139 1898 2205 habeatur,
1931 2157 2032 2195 non

450 2230 594 2299 prius
620 2230 955 2284 constituatur
981 2247 1135 2299 quam
1164 2231 1393 2300 lectoris,
1425 2242 1471 2286 et
1492 2234 1715 2297 diaconi,
1741 2246 1784 2288 et
1825 2235 2031 2304 presby—

452 2323 549 2377 teri
577 2341 604 2393 n
628 2322 911 2377 inistsrium
937 2324 1200 2393 peregerit.
1230 2324 1303 2377 lta
1330 2326 1472 2379 enim
1504 2325 1743 2381 redditur
1772 2326 1956 2382 Latine
1980 2331 2031 2383 in

452 2413 585 2468 edit.
624 2413 793 2468 Paris.
826 2414 1037 2469 collect.
1085 2415 1289 2470 Concil.
1338 2416 1495 2483 1671,
1540 2423 1634 2474 sed
1666 2419 1853 2483 melius
1899 2421 2034 2477 verti

452 2505 648 2575 poterit
677 2523 688 2557 :
719 2506 777 2559 Si
813 2509 925 2576 quis
965 2507 1103 2561 dives
1120 2517 1209 2560 aut
1234 2510 1563 2564 scholasticus
1585 2528 1612 2565 e
1638 2497 1753 2581 [ora
1772 2517 2033 2587 episcopus

450 2597 566 2664 ﬁeri
596 2596 779 2667 dignus
804 2597 1066 2662 habeatur,
1095 2599 1280 2655 Grmcc
1316 2610 1398 2655 est
1429 2620 1439 2653 :
1470 2603 1580 2660 Ἐάν
1601 2626 1679 2666 τις
1710 2608 1976 2675 πλούσιος,
2003 2609 2032 2669 ἣ

451 2689 800 2760 σχολαστικὸς
827 2692 927 2745 ἀπὸ
953 2700 1043 2752 τῆς
1064 2694 1253 2769 ἀγορᾶς
1277 2695 1467 2758 ἀξιοῖτο
1497 2698 1772 2762 ἐπίσκοπος
1787 2704 2032 2774 γίνεσθαι.

453 2780 791 2834 Innocentius
824 2781 841 2833 l
873 2782 922 2835 in
954 2784 1109 2849 ep’st.
1152 2784 1217 2838 ad
1254 2787 1448 2840 concil.
1494 2788 1766 2856 Toletum,
1801 2809 1946 2848 num.
1977 2796 2029 2861 4,

450 2871 692 2938 queritur
713 2872 921 2940 aliquos
942 2874 992 2926 in
1024 2874 1275 2944 Hispania
1297 2877 1360 2930 ad
1386 2879 1741 2936 sacerdotium
1766 2883 1929 2941 fuisse
1950 2903 2027 2941 as-

451 2964 608 3028 citos,
629 2964 714 3030 qui
731 2976 841 3033 post
859 2978 1113 3033 acceptam
1135 2967 1370 3038 baptismi
1386 2973 1603 3042 gratiam
1621 2975 1671 3027 in
1690 2976 1881 3044 forensi
1895 2996 2036 3033 exer-

454 3055 691 3108 citatione
719 3057 902 3109 t'ersati
932 3068 1076 3125 sunt,
1111 3068 1156 3112 et
1183 3076 1456 3116 OBTINENDI
1484 3080 1834 3123 rctt'rtxscuu
1867 3088 2034 3126 susce-

2128 503 2258 567 latu,
2298 502 2485 573 partim
2516 502 2569 556 in
2610 503 2966 574 familiaritate
2992 506 3236 578 principis
3277 509 3394 577 fuit,
3428 518 3475 563 et
3510 512 3584 565 sic
3607 512 3713 583 ipse

2128 594 2353 647 ascendit
2411 608 2431 647 :
2484 594 2814 649 stzcularibus
2863 596 3043 650 litteris
3104 600 3475 670 quinquaginta
3526 613 3711 673 septem

2128 687 2280 742 annis
2323 702 2530 756 operam
2575 687 2747 753 dedit,
2792 689 2881 742 sed
2913 699 3085 758 postea
3112 708 3175 745 ea:
3204 702 3308 747 toto
3339 695 3600 760 amittens,
3647 698 3715 749 ad

2128 780 2301 833 divina
2346 788 2505 834 metra
2546 782 2893 851 componenda
2931 798 2984 836 se
3026 783 3262 837 contulit.
3315 785 3539 843 Michael
3581 804 3620 849 a
3650 790 3711 846 S.

2128 874 2362 945 .losepho
2386 916 2401 941 ,
2453 874 2507 929 in
2537 875 2814 947 Bibliogr.,
2851 878 3014 934 verbo
3048 878 3364 937 Prudentius
3388 924 3404 950 ,
3456 884 3619 939 reb-rt
3648 903 3714 942 ex

2129 965 2313 1022 Tirino
2382 965 2727 1022 Prudentium
2788 954 2997 1038 poetam
3056 960 3343 1039 palatinum
3394 974 3590 1041 fuisse,
3648 994 3714 1032 ex

2134 1056 2409 1112 Gennadio
2440 1056 2661 1112 militem
2687 1060 3000 1128 palatinum.
3026 1061 3296 1131 Barthius,
3331 1065 3419 1121 lib.
3453 1082 3555 1133 uv,
3590 1084 3711 1137 cap.

2132 1152 2218 1215 18,
2248 1152 2501 1222 Advers.,
2536 1165 2682 1211 notat
2709 1157 3121 1229 descriptionem
3156 1172 3427 1231 portarum
3466 1176 3714 1222 castren-

2130 1244 2267 1299 sium
2291 1244 2356 1301 ad
2385 1246 2530 1302 illum
2559 1264 2771 1304 versum
2804 1251 3240 1323 Psyehomachia:
3281 1273 3296 1309 :

2192 1354 2392 1407 Liminis
2410 1360 2658 1410 introitum
2674 1360 2816 1412 bifori
2841 1364 2959 1413 dant
2976 1364 3171 1414 cardine
3189 1366 3417 1428 claustra,

2136 1475 2315 1530 quam,
2368 1462 2560 1534 inquit,
2608 1466 2767 1521 miles
2807 1469 3074 1537 quondam
3106 1479 3323 1538 suapte,
3355 1482 3409 1526 et
3453 1468 3714 1530 Gcnn'adii

2133 1558 2465 1625 testimonio,
2491 1558 2730 1630 adeoque
2754 1561 3046 1631 palatinus,
3080 1564 3144 1618 ad
3173 1565 3526 1621 Romanarum
3550 1569 3718 1624 instar
3756 1559 3765 1567 ’

2134 1650 2462 1717 composuit.
2515 1650 2819 1717 Ansaldus,
2861 1652 2913 1706 in
2962 1654 3169 1723 prmlat.
3211 1657 3475 1712 versionis
3516 1658 3713 1715 halica:

2138 1738 2326 1794 Iibror.
2402 1740 2662 1796 adversus
2726 1743 3058 1813 Symmacb.,
3140 1757 3320 1802 narrat
3373 1749 3717 1807 Prudentium

2136 1830 2366 1899 primum
2392 1836 2615 1903 gradum
2645 1835 2696 1887 in
2728 1838 2967 1891 exercitu
3001 1848 3120 1907 post
3156 1840 3530 1910 imperatorem
3573 1844 3715 1901 obti-

2134 1924 2338 1992 nuisse,
2372 1924 2454 1980 bis
2485 1937 2767 1995 przetorem
2795 1929 2977 1984 fuisse.

2205 2017 2293 2071 50.
2348 2019 2421 2071 Ita
2457 2016 2567 2073 fere
2616 2035 2713 2076 suo
2743 2020 2966 2092 quisque
2992 2025 3251 2082 arbitratu
3295 2028 3362 2083 de
3406 2031 3722 2088 muneribus

2134 2106 2412 2163 Prudentii
2441 2109 2667 2179 judicat.
2707 2112 2782 2168 Ex
2813 2115 3000 2172 codice
3030 2118 3409 2178 Theodosiano
3437 2124 3551 2178 lucc
3597 2127 3721 2183 licet

2136 2198 2353 2267 colligi,
2399 2216 2520 2269 quin
2549 2202 2613 2256 ad
2657 2219 2769 2258 rem
2817 2216 3052 2262 nostram
3104 2210 3395 2279 pertinent.
3452 2214 3721 2272 Praesides

2140 2291 2346 2347 Baetica:
2374 2301 2549 2358 erant,
2576 2293 2809 2350 incertus
2832 2313 2975 2353 anno
2997 2299 3121 2365 524,
3151 2301 3217 2355 ad
3240 2319 3397 2371 quem
3423 2303 3544 2360 data
3568 2320 3711 2364 anno

2137 2383 2240 2439 557
2272 2384 2353 2437 lex
2384 2384 2420 2437 2
2449 2384 2513 2440 de
2537 2384 2767 2440 Distrah.
2800 2388 2974 2459 Pign.,
3001 2402 3058 2446 ut
3082 2393 3361 2463 legendmn
3391 2399 3572 2453 monui
3595 2414 3719 2469 pag.

2136 2474 2236 2539 48,
2294 2474 2347 2528 in
2405 2485 2567 2545 nota,
2623 2478 3042 2539 Tarracmtensis
3098 2499 3224 2539 vero
3275 2502 3473 2557 prteses
3548 2492 3721 2547 nomi-

2138 2577 2295 2621 natur
2321 2566 2564 2624 Julianus
2590 2586 2732 2626 anno
2758 2574 2893 2641 516,
2922 2575 2987 2630 ad
3016 2593 3173 2647 quem
3204 2579 3324 2635 data
3356 2582 3439 2637 lex
3484 2583 3552 2639 de
3584 2593 3720 2641 tem-

2138 2675 2323 2735 porum
2351 2661 2521 2716 Cursu
2542 2702 2556 2728 ,
2608 2664 2697 2718 ubi
2728 2665 2908 2722 titulus
2934 2668 3050 2738 ejus
3078 2673 3364 2741 apponitur
3403 2673 3466 2730 V.
3499 2672 3582 2743 C.,
3619 2677 3721 2734 hoc

2062 2770 2063 2773 η
2136 2762 2218 2808 est
2247 2754 2322 2806 vir
2342 2752 2675 2809 clarissimus.
2696 2757 2977 2815 Nonnullis
3000 2771 3176 2817 autem
3195 2765 3396 2835 legibus
3413 2770 3718 2837 prmsidum,

2135 2854 2191 2899 et
2226 2845 2499 2901 ‘sintilibus
2552 2849 2999 2917 appellationibus
3046 2864 3281 2912 rectores
3322 2860 3716 2927 provinciarum

2138 2936 2525 3006 intelliguntur.
2554 2940 2811 2997 ltectores
2844 2958 2972 3013 ergo
3003 2948 3418 3017 provinciarum,
3442 2953 3532 3022 qui
3561 2954 3720 3011 etiam

2132 3029 2341 3097 judices
2386 3031 2677 3101 ordinarii,
2728 3046 2781 3089 et
2802 3036 3010 3105 judices
3042 3042 3433 3109 provinciarum
3474 3048 3717 3115 appella-

453 3157 653 3215 perunt.
681 3146 847 3212 Quam
876 3147 1091 3216 phrasin
1114 3150 1181 3205 de
1207 3167 1286 3216 se,
1312 3138 1517 3224 suoque
1559 3158 1735 3212 officio
1761 3165 2032 3230 usurpavit
2062 3167 2106 3230 C
2138 3125 2353 3230 bfmiiir.’
2392 3135 2449 3230 cl.
2471 3128 2791 3230 qf'af'doq'w
2842 3133 3508 3230 F9"‘i3f‘s_p_”f“i-"dim
3537 3148 3713 3207 enm’

454 3236 771 3293 Prudentius
801 3238 955 3305 paulo
998 3254 1117 3309 p0st
1148 3243 1387 3299 scribens
1419 3262 1432 3299 :
1482 3247 1555 3301 Ετ
1584 3266 1723 3305 amr.
1772 3267 2031 3309 PERTINAX

452 3344 696 3385 \‘lNCENDl
728 3349 970 3387 δτυυιωι.

522 3421 627 3491 32
660 3422 741 3475 l9.
778 3424 904 3476 Post
932 3424 1175 3480 advocati
1221 3444 1416 3485 munus
1459 3430 1525 3485 ad
1566 3434 1828 3503 regendas
1872 3438 2030 3493 urbes

452 3513 773 3571 Prudentius
795 3527 876 3570 est
904 3528 1141 3574 evectus.

575 3651 655 3701 Bis
678 3653 843 3713 legum
868 3654 1198 3705 moderamine

513 3710 702 3762 Frenos
727 3710 954 3763 nobilium
974 3720 1193 3766 reximus
1211 3720 1404 3769 urbium
1433 3735 1444 3769 :

510 3772 600 3822 Jus
623 3774 769 3823 civile
792 3778 929 3826 bonis
948 3779 1266 3840 reddidimus,
1295 3785 1558 3833 terruimus
1577 3798 1704 3835 reos.

453 3896 583 3953 lude
627 3912 747 3954 eum
777 3904 955 3957 evexit
991 3905 1237 3976 princeps
1288 3908 1351 3962 ad
1391 3910 1593 3966 militiae
1635 3913 1877 3983 palatina:
1906 3931 2028 3986 gra-

453 3990 602 4059 dum,
627 3994 978 4066 ordinemque
1005 4001 1328 4067 proximum.

573 4128 786 4179 Tandem
809 4130 995 4195 tnilitite
1018 4136 1168 4195 gradu

513 4188 749 4265 I‘iveclum
775 4194 932 4255 pietas
952 4188 1180 4265 principis
1203 4201 1409 4265 extulit,

511 4252 819 4317 Assutnptuin
840 4252 1037 4319 propius
1058 4252 1189 4311 stare
1203 4262 1382 4323 jubeus
1396 4252 1577 4316 'ordine
1601 4270 1834 4330 proximo.

449 4383 581 4440 Cum
614 4386 934 4442 Prudentius
976 4406 1197 4447 munera
1225 4410 1253 4447 a
1281 4410 1339 4450 se
1367 4397 1511 4453 obita
1541 4400 1776 4468 poetice,
1811 4402 1911 4458 hoc
1948 4414 2030 4459 est

451 4477 595 4547 stylo
646 4480 858 4535 sublimi
907 4484 1235 4556 figurataque
1296 4489 1675 4562 descripserit,
1738 4498 1911 4565 qualia
1967 4516 2026 4553 ea

451 4566 651 4622 fuerint
712 4585 994 4637 possumus
1054 4576 1266 4640 quidem
1321 4581 1628 4649 conjicere,
1689 4602 1791 4640 non
1851 4600 2024 4645 tamen
2059 4566 2109 4626 D

450 4672 600 4714 certo
628 4662 869 4719 definire.
900 4664 956 4719 In
985 4668 1167 4724 codice
1195 4685 1294 4724 ms.
1321 4672 1565 4729 bildioth.
1600 4676 1837 4734 Vatican.
1861 4682 2027 4751 385:),

451 4755 541 4823 qui
566 4757 765 4810 sreculo
795 4774 846 4813 ix
892 4772 983 4816 aut
1009 4778 1040 4815 x
1074 4763 1283 4818 videtur
1312 4768 1563 4836 scriptus,
1596 4773 1666 4827 ita
1695 4776 1846 4833 initio
1872 4790 2025 4834 nota-

626 4915 1013 5005 SL'M'acharius
1046 4925 1225 5005 liom‘il.
1265 4930 1329 4985 15
1359 4935 1436 4987 sic
1468 4935 1628 4993 habet
1662 4958 1674 4995 :
1715 4942 1912 5002 Deinde
1942 4952 2026 5005 ubi

448 4986 961 5077 {uer'itscltolqsticus
979 5036 991 5056 ,
1012 5000 1258 5077 .omnium
1287 5006 1661 5063 causidicorum
1699 4986 1789 5067 est“
1804 4986 2025 5077 53.3135;

445 5066 492 5147 ﬁt
516 5056 760 5147 ultimus:
780 5061 894 5125 Quo
926 5065 1115 5147 eodem
1146 5085 1305 5147 sensu

446 5128 506 5218 ἒς
540 5130 865 5218 Ᾱυευξιίιιηε
896 5143 1046 5188 tract.
1086 5139 1115 5191 7
1144 5140 1197 5218 in
1226 5140 1403 5209 Joan.,
1452 5128 1730 5207 etei-(ig;
2056 5162 2060 5167 -

444 5197 659 5294 ⁸νη]
689 5201 756 5255 tle
794 5202 1053 5294 Ctiucttss.
1091 5197 1734 5294 αίίνορτιιηἺιὶίξἰδῇ-ἔξ.

447 5267 570 5357 latet
601 5267 1041 5357 mansuetudinem
1084 5292 1308 5335 nostram
1327 5267 2020 5357 ,’δωρὶεεῖἧιξενξξίιδιάειξξξξ

446 5341 581 5391 ultra
616 5346 819 5425 modum
842 5385 855 5408 ,
904 5352 1121 5416 acceptis
1152 5354 1437 5411 honerariis
1452 5341 1471 5425 ',
1506 5364 1555 5414 in
1580 5341 2021 5434 tle/cnsionewclaii:

446 5426 618 5462 sarum
650 5430 891 5506 OII‘lliiil'llll.
999 5437 1226 5476 anno::as
1269 5438 1315 5478 ρι
1362 5443 1592 5506 sumptus
1639 5426 1865 5506 accipere
1903 5462 2026 5497 C013.

444 5484 761 5568 masculini
795 5486 893 5568 legi
918 5491 1106 5568 dignus
1137 5503 1219 5568 est
1248 5484 1866 5565 commentariusJ-agobvi

446 5549 694 5641 ξιιοιςιςιξιμΣ
709 5549 1087 5641 ’ξιριζρρθρῧυῇ
1109 5564 1259 5633 cujus
1278 5549 1450 5625 exstat
1478 5549 2023 5641 carttien'deléltris‘t'o

445 5621 794 5709 l.l'|,lill1ll0lll.-
817 5626 913 5682 SS.
935 5621 2026 5709 Patrtjnt,'ntincuparivsolcl'sgliolaliiizu‘;

446 5690 732 5782 firmantis.
780 5696 834 5782 lu
869 5699 987 5752 cod.
1024 5690 1294 5782 Tlteodos.

445 5767 695 5831 minatur,
750 5767 885 5821 alter
921 5775 1137 5841 Consul,
1186 5767 2021 5859 alterIniagistcr'vpewdilui'nui’n

2138 3215 2295 3284 gladii
2325 3216 2411 3284 jus
2437 3216 2733 3285 habebant,
2767 3221 3020 3275 reddendi
3058 3225 3161 3295 33
3183 3226 3317 3295 juris
3339 3228 3390 3281 in
3424 3229 3717 3298 provinciis

2139 3313 2388 3367 facultate
2423 3315 2779 3383 potiebantur.
2812 3316 3129 3373 Rectoribus
3159 3323 3448 3391 provincia:
3476 3341 3571 3380 seu
3599 3341 3718 3397 pro-

2136 3404 2430 3459 vinciarum
2463 3408 2768 3475 superiores
2794 3420 2946 3463 erant
2970 3410 3281 3484 vicarii,qui
3314 3431 3410 3485 pro
3451 3417 3719 3484 prmfcctis

2139 3500 2315 3565 p'nres
2348 3499 2649 3566 provincias
2677 3500 3142 3557 administrabant.
3178 3506 3311 3561 Toto
3356 3508 3450 3563 illo
3483 3520 3719 3580 tempore
3750 3580 3751 3583 η

2141 3591 2509 3659 Hispaniarum
2534 3591 2715 3646 nullus
2733 3606 2953 3662 apparet
2971 3597 3270 3664 praefectus,
3297 3598 3392 3653 sed
3413 3610 3529 3655 erat
3546 3612 3716 3657 tamen

2138 3682 2396 3747 vicarius,
2442 3681 2510 3736 de
2536 3698 2641 3751 quo
2680 3685 2873 3753 passim
2916 3686 2965 3757 in
2994 3687 3180 3743 codice
3231 3690 3461 3757 Theod.,
3507 3694 3592 3746 cui
3636 3694 3717 3749 in-

2137 3776 2471 3832 scribebatur
2520 3776 2637 3833 PP.
2683 3780 3093 3851 Hispaniarum,
3146 3786 3195 3841 id
3241 3799 3325 3843 est
3371 3788 3710 3861 Prometheo

2142 3866 2541 3937 Hispaniarum;
2564 3873 2862 3939 appellatur
2887 3876 3046 3930 etiam
3075 3879 3149 3930 vir
3170 3879 3477 3937 clarissimus
3506 3884 3617 3955 lege
3650 3868 3704 3939 4.

2135 3960 2201 4015 de
2226 3961 2446 4016 Custod.
2481 3978 2622 4018 reor.
2656 3965 2783 4019 Erat
2810 3977 2988 4023 autezn
3020 3972 3263 4041 qumdam
3311 3975 3543 4047 dignitas
3566 3958 3710 4048 .qutn

2136 4052 2412 4109 dicebatur
2463 4057 2779 4124 proximatns
2809 4099 2826 4126 ,
2884 4060 3046 4116 honor
3097 4068 3348 4135 proximi,
3404 4074 3716 4141 proxinmtu’s

2135 4146 2397 4213 splendor,
2447 4164 2551 4216 quo
2606 4166 2701 4218 per
2728 4152 2970 4208 ordinem
3001 4159 3296 4229 meritoque
3326 4164 3713 4234 stipendiorum

2135 4239 2514 4295 ascendebant.
2570 4238 2834 4301 Videlicet
2886 4260 3002 4315 post
3032 4252 3311 4321 magistros
3357 4252 3713 4327 scrinioruin,

2134 4331 2224 4398 qui
2258 4331 2309 4386 in
2338 4334 2503 4390 tribus
2536 4336 2808 4404 prioribus
2838 4342 3047 4397 scriniis
3080 4345 3409 4415 militabant,
3461 4351 3717 4406 succede-

2136 4424 2263 4477 bant
2287 4426 2374 4479 alii
2397 4467 2410 4491 ,
2462 4427 2541 4481 his
2572 4430 2819 4496 proximi,
2865 4434 2954 4500 qui
2994 4438 3212 4504 prosinti
3241 4441 3547 4517 scriniorum
3574 4442 3717 4498 diee-

2137 4516 2345 4571 bantur.
2381 4518 2465 4584 lli,
2506 4520 2749 4591 deposita
2776 4525 2990 4590 m'litia,
3024 4544 3116 4583 seu
3145 4542 3263 4599 post
3292 4516 3594 4607 depositum
3626 4553 3715 4592 πο
3746 4546 3749 4549 ’

2136 4620 2266 4675 tum,
2308 4613 2602 4669 clarissimis
2634 4619 3073 4687 aggregabanthr,
3121 4624 3333 4679 vicariis
3359 4630 3717 4698 exaequaban-

2136 4711 2237 4769 tur,
2289 4704 2353 4756 ad
2396 4708 2706 4762 comitatum
2754 4712 3008 4781 principis
3052 4715 3168 4770 sine
3211 4700 3492 4776 evectione
3533 4722 3716 4780 venire

2137 4803 2385 4861 poterant
2412 4795 2503 4865 (b).

2132 4958 2321 5044 gallia:
2366 4960 2565 5015 Confer
2591 4962 2714 5017 Ant.
2747 4965 3114 5041 Zirardinum,
3150 4988 3269 5044 pag.
3302 4976 3404 5034 168
3445 4981 3496 5035 in
3524 4981 3711 5042 Novel.

2133 5029 2335 5083 'l‘hcod.
3102 5029 3114 5041 ’
3151 5029 3163 5042 '
3218 5029 3249 5077 "~

2204 5100 2279 5166 (ὑ)
2320 5100 2499 5182 Χξὶόρτί
2537 5113 2708 5170 potest
2730 5108 2832 5182 lib.
2858 5118 2907 5164 vi
2936 5114 3056 5166 cod.
3081 5115 3283 5171 Tlteod.
3318 5128 3430 5174 toto
3462 5124 3611 5180 titulo
3638 5126 3712 5182 26

2130 5170 2193 5250 de
2216 5173 2480 5251 proximis,
2530 5184 2659 5255 etc_.,
2690 5178 2777 5233 ubi
2823 5180 2922 5258 leg.
2963 5182 3018 5249 9.,
3050 5184 3169 5238 data
3201 5170 3341 5242 anno
3367 5191 3489 5258 581,
3522 5170 3713 5248 Elaris:

2128 5241 2284 5319 simas
2312 5244 2444 5324 viros
2476 5248 2731 5325 proximos
2758 5241 3083 5332 scrinioru'rn,
3122 5268 3167 5309 et
3203 5241 3713 5332 magistros’disposi-

2129 5313 2322 5401 (ianum
2349 5315 2651 5401 vicariorum
2683 5320 2849 5401 ordini
2879 5313 3193 5393 capulantns,
3225 5313 3401 5395 ct‘ieg.
3421 5313 3536 5390 71“:
3576 5313 3708 5401 ipsis

2131 5396 2248 5461 vero
2281 5384 2585 5455 (proximis)
2629 5391 2858 5442 ci’niendi
2886 5384 2952 5446 ad
2992 5384 3285 5453 comitatum
3314 5384 3711 5461 liberam'licrcn-

2132 5461 2272 5512 tiam,
2299 5466 2695 5536 perpetuamque
2720 5472 3041 5544 prtcstanrus,
3086 5484 3177 5522 nec
3203 5472 3255 5523 in
3283 5488 3455 5527 eorum
3482 5481 3709 5544 personis

2128 5535 2411 5615 clxspectart
2450 5538 2719 5615 augusta-in
2759 5535 3080 5615 principimus
3109 5542 3425 5615 jussiunem;
3464 5535 3581 5615 quae
3624 5551 3707 5604 lex

2128 5591 2247 5685 data
2290 5604 2372 5676 est
2401 5591 2543 5676 anno
2583 5599 2731 5683 407..
2754 5591 3031 5685 Comitatus
3058 5591 3707 5685 esi,iiba‘ﬁiiiicé'ﬁé'eiii

2054 5702 2057 5706 .
2131 5662 2257 5725 stit;
2281 5666 2451 5753 iussio
2483 5683 2611 5753 vero
2654 5672 2907 5753 principis
2938 5687 3020 5753 cs_t_
3047 5662 3283 5753 cjngdeiu
3310 5662 3711 5753 Eiicéioiiat'ae

2129 5748 2229 5813 qua
2256 5744 2338 5788 tit.
2370 5736 2474 5813 ἓξ
2496 5738 2625 5813 legis
2653 5742 2705 5807 5,
2737 5736 2944 5800 scilicet
2987 5736 3199 5805 licéntia
3244 5736 3711 5813 veniendi—adeo:

2129 5804 2382 5862 uitatum.
2415 5804 2763 5879 Rigaltiusad
2793 5818 2949 5885 epist.
2984 5818 3050 5884 2-1
3077 5804 3704 5902 5.(ῖγῃιῖῖξιίῧῗὺιῆνειῖιῖξ
