4142 6350
296 338 394 395 601

1688 344 2048 402 PROLEGOM
2059 349 2211 407 ENA.

3464 372 3566 428 θυι).

368 456 455 512 5i.
497 454 575 511 Ex
606 455 691 511 his
727 470 951 528 arguere
1004 473 1289 529 possumus
1327 460 1673 518 Prudentium
1717 462 1880 519 fuisse
1911 468 1962 525 Α
1989 476 2077 522 aut
2097 469 2331 542 denique
2357 474 2624 545 Massiliae,
2654 479 2699 533 si
2734 479 2982 537 Massilia:
3010 482 3273 554 legeretur
3303 501 3397 557 pro
3427 488 3567 548 Mus.

296 549 381 607 bis
430 552 715 620 prmsidem
768 551 1051 620 provincia:
1099 552 1538 621 Tarraconensis,
1590 555 1690 610 nisi
1742 556 1881 611 forte

298 645 457 714 hujus
489 645 777 713 provinciae
799 646 985 709 semel,
1012 657 1065 701 et
1092 646 1314 702 alterius
1342 648 1505 702 semei
1537 663 1758 719 praeses,
1786 665 1881 705 seu
1956 670 1961 679 π

298 747 478 794 rector
508 740 694 804 fuerit;
723 738 873 808 cujus
898 740 1134 795 muneris
1158 740 1381 810 proinde
1401 750 1517 796 erat
1538 742 1882 797 moderamine

298 835 467 905 legum
504 836 672 904 frenos
703 834 948 888 nobilium
977 836 1177 889 urbium
1214 852 1409 906 regere,
1443 836 1585 891 bonis
1619 841 1715 909 jus
1742 838 1885 891 civile

296 925 533 992 reddere,
574 941 685 980 reos
709 926 981 979 criminum
1015 934 1221 980 terrere.
1264 927 1495 983 Evectus
1535 926 1659 983 inde
1694 939 1775 982 est
1816 928 1882 983 ad

295 1017 632 1086 superiorem
665 1017 865 1073 militia:
902 1019 1148 1089 gradum,
1192 1019 1444 1074 nimirum
1477 1021 1672 1075 militia:
1700 1020 1881 1087 civilis,

294 1113 561 1182 palatinte,
606 1121 697 1167 aut
735 1114 1063 1182 prwsidialis,
1093 1129 1197 1168 non
1231 1114 1442 1181 bellicte,
1471 1115 1762 1181 castrensis,
1794 1124 1885 1169 aut

297 1208 574 1262 cohortalis
602 1223 620 1262 :
650 1222 770 1262 nam
812 1208 846 1262 ii
876 1208 964 1278 qui
996 1208 1184 1264 ofﬁciis
1203 1209 1718 1278 jnrecousultormn,
1746 1224 1883 1278 prm-

296 1299 493 1362 sidum,
524 1309 792 1355 rectorum
814 1310 867 1356 et
891 1301 1145 1356 similium
1170 1300 1485 1371 funguntur,
1509 1302 1661 1371 vulgo
1686 1302 1737 1356 in
1759 1302 1880 1357 cod.

298 1393 502 1450 'Ilteod.
543 1396 780 1458 militare,
826 1404 879 1449 et
924 1396 993 1448 ad
1039 1395 1323 1467 superiores
1365 1396 1573 1449 militias
1613 1396 1885 1450 ascendere

297 1486 568 1542 dicuntur.
596 1488 643 1542 is
666 1497 840 1542 autem
866 1489 1063 1558 gradus
1086 1490 1289 1544 militia:
1311 1490 1481 1543 civilis
1510 1488 1605 1543 fuit
1628 1498 1718 1542 aut
1745 1488 1885 1543 vica-

296 1577 376 1632 ria
418 1588 656 1648 potestas
699 1580 753 1633 in
795 1580 1095 1649 lIiSpaniis,
1143 1593 1235 1635 aut
1267 1581 1356 1650 jus
1395 1581 1678 1635 comitatus
1728 1580 1883 1650 piimi

297 1670 523 1739 ordinis,
577 1681 669 1727 aut
712 1658 942 1741 denique
985 1674 1154 1728 honor
1199 1675 1517 1741 proximatus
1561 1674 1717 1727 simul
1763 1689 1882 1728 cum

297 1763 607 1815 evocatoria
639 1763 916 1831 principis,
946 1780 1040 1817 seu
1064 1765 1298 1834 jussione
1330 1773 1573 1833 augusta,
1610 1764 1691 1818 vel
1722 1764 1888 1819 facu'l-

1986 562 2149 629 salire,
2184 573 2273 617 ant
2302 564 2531 623 Mesalia'
2558 571 2609 625 in
2638 586 2818 639 versu,

2049 653 2264 705 Oblitum
2286 661 2470 709 veteris
2494 662 2733 713 Messalae
2752 666 2964 716 consulis
2986 680 3214 731 arguens.

1986 737 2088 793 Sed
2121 754 2240 793 cum
2277 740 2384 810 jam
2430 758 2554 799 vera
2590 746 2769 816 lectio,
2814 759 2868 804 et
2909 752 3198 821 explicatio
3238 755 3354 825 ejus
3387 774 3573 816 versus

1987 831 2219 888 stabilita
2260 833 2441 901 fuerit,
2477 846 2531 892 et
2560 838 2927 917 dempnstrata
2963 858 3126 914 supra
3161 863 3308 902 num.
3344 851 3432 915 59,
3467 868 3573 908 non

1988 938 2068 982 cst
2095 928 2298 984 diutius
2324 931 2377 986 in
2404 932 2591 987 eodem
2620 947 2934 1004 argumento
2958 940 3369 999 immorandum.
3395 946 3575 1013 Quan-

1990 1034 2146 1089 quam
2178 1020 2388 1078 infirma
2417 1026 2765 1093 qnormndam
2800 1037 2883 1083 cst
2913 1031 3067 1100 ratio,
3101 1033 3189 1102 qui
3223 1034 3570 1093 Prudentium

1990 1123 2185 1185 negant
2213 1117 2491 1173 consulem
2518 1118 2704 1186 luisse,
2728 1122 2852 1192 quia
2876 1124 2928 1178 in
2957 1125 3247 1184 Occidente
3270 1131 3397 1186 nulli
3420 1143 3576 1189 erant

1988 1208 2236 1262 conSuIes
2278 1208 2380 1264 nisi
2422 1210 2624 1279 Roma,
2670 1228 2801 1283 quos
2838 1226 3053 1273 secutus
3090 1233 3212 1275 esse
3259 1222 3469 1278 videtur
3496 1226 3569 1282 cl.

1992 1300 2305 1356 Emmanuel
2336 1301 2612 1359 Martinius
2636 1305 2726 1361 lib.
2759 1322 2818 1374 ιι,
2848 1308 3005 1378 epist.
3032 1310 3123 1379 55,
3148 1312 3236 1380 qui
3263 1326 3449 1384 aperte
3476 1317 3573 1373 do-

1989 1402 2077 1448 cet
2109 1403 2258 1449 cxtra
2293 1396 2513 1451 Romam
2537 1400 2785 1455 consules
2815 1418 2919 1457 non
2951 1403 3132 1460 fuisse.
3167 1406 3272 1461 Eos
3302 1409 3573 1466 Ausonius

1989 1487 2205 1554 refellit,
2226 1491 2466 1545 carmine
2488 1491 2554 1546 de
2577 1492 2877 1562 Burdigala,
2905 1506 2965 1551 ut
2995 1497 3236 1568 plerique
3256 1512 3569 1571 exponunt:

2050 1578 2480 1656 iiiecmatrimestl:
2509 1585 2690 1656 patrias
2714 1586 2803 1633 sed
2822 1585 2969 1656 Roma
2993 1596 3279 1656 supervenit
3299 1607 3487 1656 omnes,

2052 1641 2560 1715 QiligOIBIII‘diK-ali-llli,
2591 1645 2783 1715 Romam
2800 1647 2953 1715 colo;
2969 1641 3087 1715 civis
3108 1654 3155 1701 in
3180 1641 3272 1703 hac?
3290 1641 3417 1715 sum,

2054 1702 2227 1751 Consul
2255 1706 2302 1752 in
2327 1702 2575 1754 amhahus.
2598 1705 2744 1757 (luna:
2766 1709 2861 1771 hic,
2890 1711 2955 1759 ibi
2979 1712 3099 1760 sella
3123 1702 3320 1766 curulis.

2063 1784 2151 1839 59..
2178 1785 2281 1840 Alii
2315 1787 2661 1843 Prudentium
2692 1793 2964 1860 praetorio,
2991 1802 3085 1849 aut
3107 1795 3232 1851 Urbi
3266 1799 3572 1868 praEfectum

298 1860 405 1908 tate
455 1853 745 1908 accedendi
794 1854 859 1909 ad
909 1856 1219 1909 comitatuin
1268 1856 1547 1926 principis.
1610 1857 1687 1910 Eo
1739 1860 1880 1914 enim

1989 1878 2111 1937 inde
2138 1881 2430 1950 arguebant
2461 1880 2644 1945 fuisse,
2675 1884 2816 1953 quod
2845 1900 3037 1941 eumue
3060 1904 3284 1946 pnoxmo
3314 1908 3573 1949 prior-lusa

298 1955 540 2015 speetant
581 1946 855 2001 Prudentii
910 1948 1092 2015 verba,
1136 1948 1276 2019 quod
1330 1964 1359 2003 a
1406 1949 1644 2020 principe
1688 1962 1883 2006 evectus

299 2038 495 2091 militiw
508 2054 601 2109 gra
610 2038 694 2104 du,
702 2038 878 2107 jussus
895 2040 1050 2109 fuerit
1064 2043 1423 2108 propiusstare
1436 2042 1613 2096 ordine
1627 2044 1878 2110 prosimo.

297 2126 397 2181 Ubi
429 2138 623 2195 prmter
650 2130 926 2193 iussionem
965 2132 1211 2199 principis
1245 2132 1370 2186 ordo
1400 2134 1667 2202 proximus
1697 2136 1877 2202 expri-

294 2219 478 2283 mitur,
511 2218 735 2288 qui’non
767 2222 903 2276 alius
932 2237 1052 2277 esse
1084 2222 1295 2277 videtur
1335 2224 1432 2278 nisi
1462 2228 1588 2280 ordo
1617 2226 1879 2293 proxima-

294 2320 395 2365 tus.
428 2310 543 2365 Non
575 2322 657 2367 est
690 2313 850 2382 igitur
885 2329 982 2369 cur
1017 2315 1083 2370 de
1118 2314 1399 2371 consulatu
1433 2318 1706 2374 Prudentii
1734 2320 1878 2390 cogi-

295 2414 490 2471 temus,
519 2414 611 2460 aut
636 2408 886 2476 praetorio
910 2408 1217 2477 prmfectum
1253 2410 1416 2466 fuisse
1447 2411 1729 2482 tingamus,
1752 2430 1880 2484 quo-

294 2513 412 2553 rum
442 2515 720 2555 munerum
753 2501 955 2555 nullum
983 2512 1066 2557 est
1097 2503 1179 2557 vel
1213 2503 1542 2559 levissimum
1572 2506 1874 2574 vestigium.

296 2589 635 2662 Ludewigius
662 2588 912 2659 afﬁrmat,
956 2603 1075 2663 post
1107 2595 1296 2649 Aldunt
1330 2594 1444 2651 fere
1482 2611 1669 2650 omnes
1705 2597 1879 2653 virum

295 2684 631 2740 consularem
661 2696 870 2754 poetam
898 2695 1136 2741 nostrum
1166 2686 1274 2759 34
1295 2688 1501 2753 dicere;
1531 2688 1623 2743 sed
1654 2706 1758 2758 quo
1788 2690 1880 2746 ille

296 2785 543 2847 tempore
571 2778 863 2845 scribebat,
895 2780 1008 2835 fere
1036 2782 1211 2836 nullus
1237 2782 1288 2837 id
1316 2782 1521 2837 dicebat
1543 2799 1556 2848 ;
1581 2799 1701 2838 cum
1728 2784 1877 2838 multi

293 2870 400 2942 jam
445 2872 946 2929 animadvertissent
990 2884 1109 2943 post
1157 2876 1442 2941 Alciatnm,
1493 2886 1643 2930 notas
1685 2876 1747 2930 ν.
1788 2876 1873 2943 (3.,

293 2982 415 3035 quas
444 2966 564 3023 dua:
592 2967 785 3022 littera!
821 2966 1096 3022 Prudentii
1130 2969 1332 3024 nomini
1364 2969 1740 3037 subjiciuntur,
1772 2986 1875 3025 non

294 3060 458 3112 virum
486 3058 826 3123 consulerent,
861 3059 955 3113 sed
986 3061 1150 3113 virum
1181 3060 1523 3115 clarissimum
1554 3062 1876 3131 s’gnificare.

293 3152 475 3221 Neque
516 3154 659 3207 etiim
697 3153 974 3209 Prudentii
1003 3170 1117 3208 mvo
1158 3164 1275 3209 erat
1321 3156 1373 3209 in
1420 3172 1518 3210 usu
1566 3157 1747 3210 titulus
1786 3152 1899 3211 viii

296 3244 599 3299 consularis.
644 3245 719 3299 Ex
762 3244 974 3300 Valerio
1014 3245 1189 3300 Probo
1226 3247 1292 3301 de
1326 3246 1478 3301 Notis
1518 3249 1877 3303 Romanorum
1909 3234 1953 3296 Ο

296 3336 731 3404 interpretandis,
785 3346 838 3393 et
880 3337 997 3392 aliis
1044 3345 1209 3406 patet,
1264 3337 1322 3393 V.
1370 3336 1429 3392 C.
1480 3338 1743 3393 indicasse
1789 3349 1878 3393 aut

294 3427 466 3482 virum
490 3428 847 3493 consularem,
872 3438 961 3483 aut
980 3430 1149 3485 virum
1173 3430 1550 3495 clarissimum,
1569 3438 1660 3483 aut
1680 3430 1879 3500 quinta:

294 3522 555 3578 cohortis.
587 3523 826 3578 Militiam
862 3522 1134 3579 Prudentii
1164 3539 1270 3577 non
1304 3523 1466 3578 fuisse
1499 3523 1740 3579 bellicam
1768 3524 1875 3592 jam

293 3604 544 3681 vidimus,
578 3615 719 3686 quod
744 3625 921 3669 autem
946 3616 1061 3684 ejus
1088 3608 1325 3685 tempore
1358 3615 1544 3670 titulus
1569 3615 1661 3668 viri
1684 3630 1878 3670 consu-

292 3707 393 3763 lari
426 3723 530 3762 non
554 3716 697 3763 esset
719 3707 772 3761 in
799 3722 918 3773 usu,
944 3718 1149 3763 nonest
1176 3707 1526 3778 undecunque
1555 3722 1739 3763 verum
1775 3707 1876 3777 (a).

293 3801 374 3856 Ex
411 3815 544 3855 mss.
586 3801 878 3865 codicibus.
916 3811 971 3857 et
1001 3817 1064 3858 ex
1096 3803 1371 3858 Breviario
1404 3804 1879 3872 Caesaraugustam)

292 3895 585 3967 colligitur,
607 3904 729 3950 ante
753 3895 948 3951 Aldutn
978 3912 1095 3951 eam
1114 3897 1417 3965 opinionem
1436 3897 1543 3965 jam
1563 3896 1874 3963 invaluisse,

294 3998 353 4043 ut
384 3987 704 4045 Prudentius
734 3989 943 4057 consul,
976 3998 1067 4043 aut
1097 3991 1177 4044 vir
1204 3990 1506 4045 consularis
1535 3991 1874 4055 crederetur;

292 4080 558 4152 siquidem
586 4081 853 4152 Tamayus
879 4081 945 4135 de
976 4080 1172 4150 \‘argas
1204 4082 1255 4134 in
1283 4081 1601 4137 Defensione
1627 4083 1878 4137 Mariana:

292 4174 485 4243 refert,
527 4174 579 4229 in
608 4173 786 4230 officio
817 4174 985 4230 veteri
1013 4173 1494 4245 Caesaraugustam
1525 4176 1779 4230 lectiones
1808 4177 1875 4230 18

292 4274 590 4337 martyrum
630 4266 853 4322 indicari
892 4266 1237 4336 depromptas
1266 4285 1328 4322 ea:
1358 4269 1562 4322 Aurelio
1595 4268 1878 4322 Prudentia

293 4359 403 4412 viro
436 4358 698 4411 consulari
733 4352 1213 4429 Caesaraugustam.
1248 4362 1289 4414 A
1325 4360 1564 4430 Dungalo
1600 4361 1795 4415 saeculo
1825 4376 1879 4415 Ix

295 4437 687 4507 eir'consularis
717 4452 1013 4519 dicebatur,
1048 4462 1106 4507 ut
1128 4452 1310 4508 videre
1330 4438 1540 4523 poteris
1569 4453 1701 4508 infra
1730 4469 1875 4507 num.

294 4544 423 4613 243,
455 4552 511 4625 ct
540 4546 607 4601 ab
634 4545 789 4602 lsone
818 4548 868 4602 in
897 4546 1091 4617 glossis
1112 4547 1179 4601 ad
1213 4548 1416 4617 prcefat.
1444 4549 1721 4604 Prudentii
1752 4564 1880 4604 con-

295 4639 506 4694 sulatus
546 4639 804 4694 astruitur
832 4639 896 4694 ad
929 4654 1143 4695 versum
1178 4641 1265 4695 17.
1308 4640 1557 4699 Nonnulli
1598 4643 1883 4701 existima-
1909 4638 1963 4699 D

296 4742 423 4787 run:
466 4730 819 4788 Prudentium
855 4738 1185 4792 consulatum
1227 4740 1457 4809 gessisse
1506 4758 1611 4799 non
1670 4744 1880 4816 Romae,

296 4825 395 4882 sed
424 4827 706 4895 Massalize,
735 4838 825 4883 aut
848 4828 1005 4884 Saliae
1029 4831 1079 4885 in
1111 4831 1385 4903 HiSpania,
1418 4838 1639 4896 urbibus
1668 4843 1882 4919 ignotis,

295 5007 421 5087 dam
432 5009 673 5087 proximi
702 5009 842 5087 clero
862 5007 1137 5087 dicuntur,
1166 5025 1272 5065 non
1306 5012 1446 5087 male
1472 5016 1693 5087 colligit,
1718 5019 1881 5079 fuisse

296 5080 353 5133 in
390 5081 635 5157 ‘Ecclesia
694 5082 1042 5152 proximatum
1089 5081 1225 5135 clero
1248 5082 1504 5153 ,simiiem
1562 5080 1881 5157 proiittiatui

293 5165 637 5207 SCI'IDIOI'UIII.
715 5180 721 5185 '

372 5223 553 5303 (a)‘l£_x
576 5224 697 5278 cod.
716 5223 944 5303 Theod.,
977 5223 1070 5278 lib.
1097 5240 1153 5303 nt
1180 5225 1242 5279 de
1270 5223 1401 5303 lion.
1437 5234 1731 5303 proscript.,
1756 5252 1884 5291 con-

294 5304 409 5372 stat
456 5294 624 5372 fuisse
652 5298 905 5372 quosdam
945 5297 1234 5372 consulares
1262 5294 1456 5372 dictos,
1499 5312 1554 5356 et
1582 5294 1793 5372 quidem
1826 5309 1877 5362 in

298 5364 557 5433 Hispania
585 5367 933 5422 Caelestinum
962 5382 1049 5420 an.
1083 5368 1206 5421 557.
1250 5364 1505 5425 Solebant
1543 5364 1719 5429 autem
1758 5397 1880 5432 eou-

292 5435 499 5490 sulures
527 5448 617 5490 aut
643 5438 936 5492 exconsules
981 5439 1261 5507 appellari,
1296 5456 1398 5495 non
1426 5445 1519 5496 viri
1559 5450 1876 5504 consulares.

292 5506 436 5561 Illud
469 5524 600 5585 vero
631 5510 1121 5585 estcertissimun,
1156 5524 1247 5585 eas
1292 5524 1444 5585 uetas
1474 5520 1770 5585 saepissime
1804 5521 1885 5573 in-

293 5580 664 5661 linerevirum
694 5582 1050 5645 clarissimum,
1081 5592 1133 5636 et
1156 5582 1424 5661 interdum
1448 5580 1649 5661 apponi
1692 5592 1756 5643 iis
1792 5592 1883 5661 qui

290 5650 638 5731 consulatum
659 5663 929 5731 gererent,
947 5654 1267 5731 utconsuies
1296 5655 1389 5731 viri
1410 5650 1681 5731 clarissimi
1705 5650 1902 5731 appel:

290 5724 541 5802 larentur
562 5764 577 5789 ,
609 5724 750 5793 quod
783 5725 964 5802 multis
1006 5726 1442 5802 inscriptionibus
1469 5730 1710 5800 jurisquc
1739 5724 1883 5802 legi-

292 5794 400 5877 bus
428 5794 611 5877 pesset
631 5797 985 5877 comprobari.
1024 5797 1097 5852 De
1125 5794 1481 5875 stimulat-ilius
1509 5794 1655 5877 plura
1680 5794 1903 5877 Guid'us,

292 5864 619 5923 Pancirolus
647 5867 703 5923 in
729 5864 893 5924 Notit.
922 5868 1029 5939 dig.
1210 5872 1211 5875 ‘
1458 5880 1461 5881 ν
1509 5864 1523 5877 '
1570 5892 1573 5895 -

1988 1975 2227 2045 principe
2257 1986 2564 2046 assumptus
2588 1978 2692 2050 35
2713 1981 3031 2046 constiterit,
3060 1983 3204 2052 quod
3235 1998 3391 2041 secus
3416 1986 3575 2043 intel-

1986 2067 2255 2136 iigmdum
2288 2083 2407 2123 esse
2437 2076 2559 2122 ante
2590 2069 2975 2127 demonstravi.
3012 2074 3348 2146 Ludewigius
3388 2087 3572 2135 osten-

1983 2158 2113 2213 dere
2159 2171 2415 2225 conatur,
2474 2160 2671 2214 nullam
2729 2162 2913 2218 Roma:
2963 2164 3272 2236 dignitatem
3322 2166 3574 2227 habuisse

1986 2250 2372 2309 Prudentium.
2418 2251 2537 2318 quia
2586 2266 2748 2306 senex
2792 2254 3078 2309 admodum
3129 2258 3351 2313 Romam
3394 2260 3569 2330 venit,

1984 2353 2374 2413 proptereaque
2419 2344 2470 2398 in
2509 2360 2773 2399 summam
2810 2341 3218 2405 adniirationem
3259 2352 3407 2409 urbis
3447 2361 3573 2409 ante

1985 2439 2071 2493 vix
2103 2440 2228 2490 visa:
2252 2440 2452 2490 tractus
2483 2447 2585 2502 est,
2619 2452 2684 2491 ex
2715 2438 2957 2494 Cassiani
2982 2442 3180 2511 hymno
3211 2461 3224 2495 :

2137 2526 2266 2589 Sylla
2287 2525 2439 2575 forum
2462 2528 2644 2576 'statuit
2667 2528 2919 2579 Cornelius
2949 2547 2958 2580 :
2999 2532 3092 2583 hoc
3117 2534 3221 2585 itali
3248 2534 3429 2586 Urbem

2204 2590 2385 2638 Vocant
2409 2590 2468 2636 ab
2488 2590 2591 2650 ipso
2611 2591 2874 2641 conditoris
2894 2597 3104 2643 nomine.

2135 2650 2227 2723 Hi9
2247 2652 2382 2711 mihi,
2405 2664 2519 2723 cunt
2540 2660 2762 2723 peterem
2789 2660 2862 2715 te,
2890 2660 3285 2723 rerumAmaxima
3310 2659 3480 2723 Roma,

2194 2714 2320 2773 Spes
2345 2719 2421 2762 est
2444 2713 2627 2772 oborta,
2656 2728 2697 2776 [)l
2712 2713 2942 2779 osperum
2965 2718 3207 2770 Christum
3226 2720 3348 2771 fore.

2054 2783 2121 2839 Ει
2150 2784 2281 2838 infra
2317 2803 2329 2836 :

2138 2864 2361 2945 Aid‘ittius
2383 2866 2635 2945 consultus
2655 2867 2752 2945 ait:
2778 2867 2917 2945 quod
2942 2875 3199 2945 prospicis,
3222 2872 3419 2945 hospes,

2198 2926 2302 2976 Non
2326 2934 2400 2977 est
2422 2928 2597 2992 inanis,
2620 2936 2705 2977 aut
2732 2930 2874 2979 anilis
2897 2926 3071 2981 fabula?

1982 3010 2246 3066 Prmterea
2306 3027 2410 3066 non
2469 3011 2998 3073 adeoIPrudentius
3062 3032 3183 3071 cum
3246 3018 3570 3090 Symmache

1991 3102 2169 3171 (quem
2194 3114 2492 3171 apostatam
2525 3104 2653 3158 dicit
2673 3104 3032 3177 Ludewigius,
3056 3109 3283 3167 fortasse
3306 3129 3368 3168 ex
3386 3114 3572 3170 dicen-

1986 3194 2066 3247 dis
2087 3194 2151 3247 ad
2182 3209 2321 3248 vers.
2356 3195 2461 3249 tibi)
2495 3196 2714 3264 Apoth.)
2740 3200 3066 3255 contendere
3092 3204 3295 3258 veritus
3321 3190 3507 3272 esset,
3529 3207 3572 3262 si

1985 3286 2295 3353 dignitatem
2339 3287 2389 3341 in
2444 3286 2588 3343 Urbe
2633 3289 2985 3357 obtinuisset;
3034 3297 3276 3363 quamvis
3325 3298 3465 3351 enim
3515 3297 3569 3353 S.

1986 3377 2303 3431 Ambrosius
2336 3379 2543 3432 veniam
2576 3395 2793 3449 quoque
2815 3385 3064 3438 sermonis
3117 3386 3285 3455 asperi
3317 3387 3569 3456 postulet,

1986 3479 2169 3524 contra
2214 3469 2596 3541 Symmachum
2649 3471 3016 3541 disputaturus
3042 3517 3056 3543 ,
3099 3487 3275 3531 tamen
3302 3480 3415 3547 ipse
3445 3479 3573 3533 Am-
3616 3492 3625 3503 ’

1986 3561 2220 3626 brosius,
2246 3561 2372 3616 licet
2397 3562 2808 3619 Mediolanensis
2832 3566 3137 3636 episcopus,
3172 3570 3328 3639 longe
3357 3572 3574 3626 inferior

1985 3661 2099 3707 erat
2128 3652 2449 3723 Symmacho
2479 3695 2495 3720 ,
2526 3658 2639 3709 viro
2672 3657 2980 3725 consulari,
3012 3659 3175 3715 Urbis
3204 3663 3487 3731 praefecto,
3520 3672 3572 3719 et

1985 3747 2425 3802 caeremoniarum
2468 3748 2736 3817 pontifice.
2780 3750 3065 3809 Concludit
3114 3753 3453 3826 Ludewigius
3498 3756 3573 3810 vi-

1983 3836 2099 3892 deri
2143 3834 2491 3892 Prudentium
2535 3854 2714 3895 rerum
2747 3856 3013 3898 summam
3044 3846 3096 3899 in
3135 3846 3387 3916 llispania
3418 3889 3432 3913 ,
3466 3863 3572 3903 non

1986 3930 2190 3998 Romze,
2228 3931 2452 4002 potitum
2478 3972 2493 3998 ,
2525 3948 2588 3990 ac
2615 3933 2838 4004 proinde
2861 3936 3173 4005 prefectum
3201 3939 3572 4010 Hispaniarum

1984 4021 2169 4079 fuisse.
2496 4030 2505 4044 '

2052 4116 2140 4170 55.
2195 4115 2352 4170 Plura
2396 4117 2448 4169 in
2493 4117 2575 4169 his
2605 4117 2907 4187 displicent.
2944 4121 3183 4175 Primum
3219 4123 3568 4179 Prudentium

1984 4205 2269 4277 admodum
2317 4222 2501 4262 senem
2554 4208 2778 4264 Romam
2811 4212 3023 4267 venisse
3070 4227 3175 4266 non
3208 4213 3371 4282 liquet
3407 4231 3421 4268 :
3454 4231 3572 4270 nam

1983 4297 2103 4367 quis
2132 4313 2326 4352 annum
2373 4299 2613 4354 invenire
2646 4301 2841 4368 poterit
2870 4342 2885 4365 ,
2920 4318 3024 4371 quo
3054 4304 3112 4357 S.
3138 4303 3454 4357 Cassianum
3488 4303 3572 4358 iu-

1984 4390 2144 4445 visit‘l
2170 4391 2288 4461 quis
2313 4406 2553 4448 asserere
2582 4392 2776 4448 audeat
2816 4402 2940 4450 tunc
2972 4397 3200 4466 primum
3229 4406 3319 4451 aut
3351 4397 3572 4454 Romam

1985 4480 2221 4553 petiisse,
2252 4494 2340 4538 aut
2369 4485 2540 4539 l'ormn
2575 4483 2808 4541 Cornelii
2841 4486 3073 4543 vidisse?
3100 4488 3252 4555 Quod
3283 4505 3413 4543 vero
3440 4490 3575 4545 Pru-

1985 4576 2196 4631 dentius
2243 4592 2361 4632 cum
2407 4577 2732 4648 Symmacho
2777 4580 3105 4636 contendere
3151 4584 3354 4637 veritus
3383 4582 3490 4652 sit,
3524 4583 3574 4641 id

1989 4667 2161 4723 solum
2186 4669 2419 4740 pertinet
2445 4669 2510 4724 ad
2556 4669 2886 4741 singularem
2917 4672 3189 4727 Prudentii
3223 4674 3575 4741 modestiam,

1989 4761 2081 4835 qui
2139 4761 2451 4833 Symmachi
2480 4762 2841 4837 eloquentiam
2888 4780 3000 4821 suae
3047 4765 3205 4836 longe
3235 4767 3576 4837 praeponebat

1996 4856 2091 4927 (ὁ).
2127 4855 2344 4911 Falsum
2372 4856 2499 4911 item
2531 4865 2615 4913 est
2641 4898 2657 4926 ,
2689 4857 3073 4929 Symmachum
3098 4898 3114 4925 ,
3150 4873 3274 4913 cum
3305 4874 3334 4913 a
3364 4859 3423 4914 S.
3455 4861 3578 4914 Am-

2063 5027 2139 5100 (b)
2170 5029 2225 5083 in
2258 5027 2467 5098 praefat.
2506 5029 2597 5085 lib.
2626 5044 2664 5084 ιι
2694 5029 2903 5087 advers.
2938 5030 3176 5102 Symm.:

2242 5204 2360 5271 Sum
2386 5205 2529 5271 illane
2556 5210 2873 5271 temerarius,

2244 5268 2336 5324 Qui
2361 5268 2511 5316 noctis
2534 5270 2647 5318 mihi
2674 5268 2908 5328 conscius,

2242 5330 2393 5395 Quam
2419 5334 2531 5379 vita:
2550 5334 2597 5395 in
2615 5334 2835 5383 tenebris
2856 5344 2969 5395 ago,

2239 5392 2358 5453 l'ttm
2378 5395 2443 5442 im
2463 5394 2672 5445 credere
2693 5392 2917 5444 iiut-tibus
2956 5392 2975 5415 ’λ

2238 5454 2381 5503 'l‘anti
2408 5469 2499 5503 nou
2523 5459 2718 5505 timeam
2741 5459 2828 5506 viri
2853 5472 2865 5506 :

2242 5518 2348 5570 Uuo
2373 5530 2499 5567 nunc
2524 5530 2667 5567 nemo
2701 5520 2927 5567 disertior

2236 5576 2480 5641 EXSultat,
2499 5580 2673 5641 fremit,
2700 5582 2900 5634 intonat.

2242 5639 2510 5703 V'eutisque
2537 5639 2719 5703 eloquii
2749 5647 2904 5689 tumet.
2935 5652 2945 5686 :

2240 5704 2326 5752 [ιιι
2351 5702 2568 5751 mersare
2591 5702 2868 5750 facillimum
2894 5708 2971 5749 est

2238 5764 2518 5815 'J'ractandaa
2540 5764 2793 5813 indocilem
2814 5766 2949 5823 ratis,

2240 5826 2299 5873 Νι
2329 5836 2398 5884 ιιι,
2424 5828 2613 5876 tjhrisze
2638 5833 2833 5885 potens,
2858 5837 3051 5877 manum

2244 5888 2433 5939 Dextro
2474 5889 2669 5939 numine
2692 5890 2931 5948 porrigas.
