4142 6350
569 275 672 332 803

1979 270 2432 330 PRUDENTIUS.

3740 287 3842 364 eos

496 421 501 427 -
567 388 857 447 brosioest
878 396 1212 462 oppugnatus
1232 427 1246 454 ,
1275 401 1367 443 eos
1399 399 1584 442 omnes
1611 385 1844 443 honores
1871 386 2034 442 fuisse
2063 403 2153 443 as—
2179 397 2228 464 Α
2257 391 2393 446 libri
2423 389 2846 450 Cathemerinon
2889 395 3065 466 potius
3104 397 3352 458 omnibus
3390 401 3645 472 operibus
3669 445 3683 470 ,
3727 420 3843 476 qua:

568 497 830 552 secutum,
857 487 946 557 qui
980 500 1084 539 non
1119 484 1278 538 fuerit
1322 493 1447 538 ante
1496 498 1694 538 annum
1726 484 1825 540 5'91
1853 485 2035 540 consul
2064 500 2150 540 re-

568 582 863 637 nuntiatus.
899 578 1276 635 Prtefccturam
1309 593 1440 633 vero
1489 579 1862 656 Hispaniarum
1913 581 2154 636 Pruden-

570 673 644 727 tio
674 672 836 726 fuisse
867 685 1178 726 concessam
1211 686 1315 726 non
1342 671 1617 727 admittam
1640 713 1655 740 ,
1685 673 1787 727 nisi
1816 672 2154 745 Ludewigius

567 763 824 816 vicariam
857 762 1093 832 pnefecti
1124 763 1471 836 dignitatem,
1497 781 1616 836 quae
1649 775 1774 820 tunc
1805 766 1856 821 in
1886 767 2155 837 Hispaniis

567 855 798 924 vigebat,
833 854 957 910 velit
990 854 1233 926 intelligi.
1265 855 1398 910 illud
1431 857 1659 913 libenter
1687 861 1956 915 assentiar
1981 859 2156 916 Lude-

566 946 746 1014 wigio,
773 947 1024 1003 Vossium
1069 949 1333 1020 aliosque,
1365 951 1455 1020 qui
1494 951 1843 1007 Prudentium
1874 954 2154 1010 consulem

566 1037 848 1094 suffectum
874 1081 890 1107 ,
921 1054 1027 1094 non
1058 1040 1389 1096 ordinarium
1414 1081 1427 1106 ,
1454 1044 1562 1116 36
1585 1044 1788 1112 dicunt,
1822 1046 1967 1100 nullo
1999 1045 2154 1102 inniti

565 1129 936 1186 fundamento.
973 1132 1029 1187 In
1057 1135 1338 1188 annalibus
1370 1138 1584 1204 quidem
1616 1139 1894 1192 consulum
1925 1154 2029 1194 non
2059 1153 2157 1196 no-

567 1223 824 1279 tabantur
868 1239 1055 1280 eorum
1088 1226 1302 1280 nomina
1345 1227 1435 1298 qui
1475 1229 1594 1283 loco
1637 1229 1875 1286 defunCti
1919 1233 2156 1287 consulis

568 1315 1008 1383 sufﬁciebantur,
1041 1317 1134 1372 sed
1162 1361 1177 1386 ,
1210 1327 1266 1372 ut
1307 1318 1587 1375 credamus
1619 1321 1848 1392 aliquem
1875 1323 2152 1378 suffectum

567 1409 736 1466 fuisse
764 1411 1038 1466 consulem
1060 1452 1075 1478 ,
1104 1395 1396 1483 probabilis
1428 1414 1562 1470 ratio
1592 1413 1860 1471 afferenda
1904 1427 2008 1472 est.
2036 1418 2154 1485 Quo

566 1512 747 1560 autem
776 1519 916 1560 anno
947 1506 1268 1562 Prudentius
1298 1509 1522 1563 Romam
1552 1511 1786 1578 venerit,
1809 1521 1863 1566 et
1893 1527 1959 1566 an
1985 1517 2154 1569 semel

569 1606 807 1665 tantum,
860 1599 994 1652 nihil
1037 1598 1204 1654 habeo
1235 1601 1571 1670 exploratum
1600 1644 1614 1668 ,
1656 1618 1830 1674 neque
1869 1604 2024 1660 video
2051 1621 2152 1676 qua

565 1690 770 1744 ratione
802 1689 1052 1746 Nicolaus
1084 1691 1347 1747 Antonius
1369 1708 1490 1747 eum
1534 1694 1719 1748 Rointe
1755 1694 1997 1750 advocati
2037 1715 2152 1753 mu-

563 1795 663 1836 nus
707 1784 1017 1839 exercuisse
1045 1829 1057 1851 ,
1088 1784 1266 1854 ibique
1296 1801 1462 1856 usque
1504 1786 1568 1840 ad
1598 1787 1817 1843 Honorii
1849 1801 1901 1844 et
1937 1790 2150 1846 Arcadii
2181 1781 2228 1841 B

562 1876 845 1947 imperium
909 1881 1269 1948 permansisse
1325 1881 1750 1938 existimaverit:
1808 1885 1896 1954 qui
1954 1888 2152 1954 pariter

562 1968 764 2039 colligit
825 1969 1268 2026 Prudentium'in
1320 1972 1463 2030 Urbe
1508 1989 1649 2028 anno
1691 1974 1795 2042 405
1829 1986 2150 2044 prmscntem

563 2058 723 2114 fuisse
745 2099 759 2124 ,
788 2059 912 2128 quia
943 2061 1310 2129 praafationem
1340 2077 1404 2137 eo
1435 2078 1575 2117 anno
1606 2063 1872 2131 scribens,
1899 2065 2028 2120 nihil
2057 2066 2152 2120 ad-

562 2149 669 2206 huc
698 2152 765 2206 de
792 2153 1034 2208 discessu
1061 2168 1158 2207 suo
1179 2153 1248 2208 ab
1268 2154 1428 2218 Urbe,
1453 2156 1593 2225 quod
1618 2171 1917 2225 opportune
1940 2158 2145 2225 debuit,

565 2243 892 2314 subjecerit,
945 2262 1064 2316 quae
1114 2246 1436 2321 conjectura:
1491 2249 1643 2303 \alde
1691 2250 1973 2306 imbecilla:
2021 2252 2147 2306 mihi

564 2349 686 2391 eSSe
725 2337 992 2393 videntur.
1035 2339 1226 2393 Riscus
1259 2339 1506 2409 opinatur
1555 2342 1903 2399 Prudentium
1955 2347 2150 2400 militia?

515 2479 520 2485 .
563 2429 725 2498 gradu
756 2441 974 2484 evectum
1003 2431 1168 2487 fuisse
1193 2447 1222 2486 a
1248 2432 1550 2489 Theodosio
1579 2435 1722 2492 inter
1751 2437 2018 2506 palatinos
2049 2438 2146 2492 adi-

563 2521 932 2588 missionales;
972 2523 1038 2578 de
1075 2524 1265 2593 quibus
1297 2525 1465 2581 codex
1494 2527 1763 2584 Theodos.
1822 2539 1874 2585 et
1917 2530 2148 2587 Jacobns

559 2611 828 2668 Gutherus
859 2613 947 2669 lib.
982 2609 1038 2670 tu
1067 2615 1133 2671 de
1161 2615 1362 2672 Ofﬁciis
1386 2618 1577 2674 domus
1609 2629 1868 2688 angusta),
1902 2637 1964 2676 ac
1992 2622 2146 2679 lateri

558 2704 817 2774 principis
867 2705 1160 2761 adhaesisse
1207 2723 1350 2762 anno
1382 2710 1485 2764 588
1509 2750 1522 2775 ,
1554 2726 1660 2777 quo
1705 2711 2062 2783 Symmachus
2093 2715 2143 2768 in

563 2799 819 2868 panegyri
863 2813 1043 2858 coram
1088 2799 1392 2861 Theodosio
1422 2803 1670 2858 Victorias
1719 2820 1866 2859 aram
1899 2805 2148 2861 dissimu-

558 2887 734 2943 lanter
766 2891 1091 2958 postulavit,
1141 2899 1194 2945 et
1218 2892 1461 2959 protinus
1487 2895 1659 2949 exsilii
1693 2911 1850 2966 pinna
1892 2898 2144 2954 inuitatus

560 2990 664 3045 est,
720 2997 856 3038 nova
901 2983 1076 3038 edicta
1128 2983 1476 3054 prodierunt,
1528 2989 1719 3058 quibus
1767 2991 1954 3060 religio
1994 2993 2147 3047 Chri-

558 3074 731 3128 stiana
763 3077 1199 3144 promovebatur,
1225 3089 1276 3132 et
1306 3079 1526 3135 miriﬁca
1556 3083 1748 3138 exinde
1779 3085 2142 3142 Romanorum

558 3167 794 3221 omnium
829 3169 998 3238 pietas
1027 3179 1212 3225 exorta
1246 3178 1366 3235 est,
1401 3171 1469 3227 de
1501 3188 1604 3244 qua
1636 3173 1956 3230 Prudentius
1989 3177 2082 3233 lib.
2130 3165 2222 3234 ιϐ

557 3259 816 3315 adversus
843 3260 1150 3331 Symmaeh.
1185 3305 1199 3326 ,
1233 3262 1443 3318 Talibus
1475 3265 1672 3334 edictis,
1703 3275 1807 3321 etc.
1839 3267 1910 3322 Ea
1941 3269 2144 3338 princi-

557 3352 638 3422 pis
668 3353 892 3408 consilia
944 3355 1290 3420 Prudentium
1333 3358 1450 3413 sine
1480 3359 1587 3412 ulla
1623 3359 1957 3418 dubitatione
1986 3363 2143 3433 adju-

557 3447 702 3502 visse
727 3448 920 3506 Riscus
950 3450 1271 3517 arbitratur,
1315 3467 1377 3506 ac
1411 3454 1637 3522 probare
1665 3456 1959 3511 contendit.

628 3539 718 3593 54.
753 3540 1044 3597 Difﬁculter
1075 3543 1191 3598 haec
1233 3558 1352 3599 cum
1384 3547 1492 3600 vita
1542 3549 1976 3618 temporibusque
2007 3549 2141 3605 Pru-

557 3630 722 3686 dentii
749 3633 1026 3692 coluerent
1062 3651 1076 3690 :
1132 3650 1252 3690 nam
1297 3636 1341 3690 is
1384 3653 1524 3690 anno
1557 3638 1661 3693 588
1703 3639 1934 3696 habebat
1972 3643 2144 3697 aetatis

554 3740 749 3780 annum
776 3726 846 3780 40
867 3769 880 3793 ,
915 3736 968 3782 et
995 3743 1118 3782 cum
1153 3738 1271 3797 post
1295 3729 1534 3798 juvenile
1563 3742 1774 3801 tempus
1806 3749 1864 3788 se
1888 3735 2142 3803 jurecon-

554 3819 752 3872 sultum
784 3818 980 3889 egisse,
1012 3829 1066 3875 et
1094 3821 1287 3877 deinde
1317 3822 1399 3877 bis
1428 3822 1606 3878 frenos
1642 3825 1897 3880 nobilium
1932 3822 2144 3882 urbium

553 3910 762 3965 rexisse
816 3921 1244 3979 commemoret,
1291 3915 1431 3983 quod
1482 3914 1628 3970 addit
1657 3957 1670 3980 ,
1701 3918 1902 3971 tandem
1948 3920 2143 3975 militia:

552 4005 721 4072 gradu
749 4041 766 4069 ,
799 3985 1012 4058 videtur
1042 4004 1279 4061 indicare
1309 4006 1478 4061 virum
1513 4009 1630 4077 plus
1658 4025 1815 4079 quam
1847 4012 2141 4084 quadrage-

551 4094 780 4148 narium.
809 4093 924 4148 Etsi
947 4105 1124 4150 autem
1155 4098 1253 4152 ista
1281 4097 1394 4152 ﬁeri
1424 4101 1661 4168 potuisse
1690 4102 1927 4168 evincas,
1964 4113 2138 4160 tamen

549 4199 736 4241 revera
770 4185 906 4242 facta
935 4186 1097 4242 fuisse
1124 4203 1228 4243 non
1253 4191 1620 4259 persuadebis.
1650 4192 1838 4250 Simile
1867 4204 1969 4263 est,
1998 4197 2137 4267 quod

549 4277 692 4332 idem
721 4279 911 4345 tradit,
948 4280 1295 4336 Prudentium
1325 4297 1466 4338 anno
1495 4284 1619 4350 405,
1654 4300 1774 4339 cum
1808 4301 1866 4341 se
1901 4290 2141 4344 muneri-

549 4367 651 4424 bus
675 4369 1012 4435 abdicasset,
1041 4371 1155 4427 Deo
1182 4381 1490 4428 vacaturum
1520 4375 1572 4429 in
1617 4376 1923 4446 Hispaniam
1953 4395 2134 4436 seces-

549 4461 726 4524 sisse,
768 4463 908 4517 unde
956 4463 1178 4519 Romam
1225 4458 1400 4521 redire
1450 4478 1698 4532 coactus,
1741 4471 2050 4527 Cassianum
2082 4484 2136 4530 et

2253 492 2382 538 tunc
2417 484 2666 550 vulgabat
2695 529 2707 550 ,
2740 490 3027 558 congruit,
3054 500 3111 546 ut
3135 506 3208 558 ex
3243 493 3492 572 pluribus
3518 504 3652 552 vett.
3683 499 3840 554 codd.

2256 577 2442 650 liquet.
2474 580 2728 646 Quamvis
2771 590 2949 638 autem
3000 584 3070 644 ita
3121 600 3240 641 sese
3285 586 3352 642 ad
3405 602 3556 646 sacra
3604 593 3846 647 carmina

2257 672 2532 744 pangendo
2561 674 2756 729 excitet
2785 693 2798 729 :

2413 786 2560 850 atqui
2581 786 2676 836 ﬁne
2696 787 2789 837 sub
2813 788 3001 850 ultimo,

2412 847 2664 916 Peccatrix
2693 851 2846 916 anima
2873 847 3125 916 stultitiam
3145 861 3314 916 exuat,

2410 909 2595 959 Saltem
2619 924 2738 961 voce
2763 912 2920 962 Deum
2944 915 3280 976 concelebret,
3298 909 3349 967 "si
3375 919 3568 970 meritis
3591 922 3781 984 nequit,

2257 1057 2362 1130 37
2394 1066 2572 1115 tamen
2600 1075 2662 1116 ea
2703 1048 2810 1118 non
2839 1072 2965 1119 sunt
3006 1067 3168 1121 verba
3203 1076 3328 1124 tunc
3360 1085 3554 1126 canere
3587 1072 3850 1143 incipien-

2260 1153 2347 1211 tis.
2379 1151 2468 1206 sed
2498 1153 2762 1224 afﬁgentis
2790 1156 3116 1214 carminibus
3139 1159 3247 1228 jam
3273 1161 3426 1217 factis
3452 1163 3846 1236 praefationem,

2258 1257 2378 1314 qum
2409 1243 2678 1300 interdum
2707 1254 2828 1316 post
2856 1247 3156 1305 absolutum
3194 1266 3330 1322 opus
3357 1256 3738 1312 conscribitur.

2330 1337 2420 1391 55.
2474 1335 2656 1407 Itaque
2703 1338 2871 1394 libros
2900 1350 3082 1396 contra
3107 1343 3489 1414 Symmachum
3512 1347 3698 1403 Roma:
3725 1365 3849 1407 eum

2260 1438 2390 1498 puto
2435 1433 2855 1500 composuisse:
2909 1433 3095 1489 Roma:
3148 1435 3274 1491 item
3325 1438 3580 1508 hymnum
3634 1441 3703 1498 de
3749 1443 3850 1502 SS.

2258 1522 2516 1590 apostolis
2538 1523 2700 1579 Petro
2729 1533 2783 1579 et
2809 1524 3010 1592 Paulo,
3037 1527 3189 1598 cujus
3219 1542 3302 1591 est
3324 1530 3444 1588 finis
3477 1551 3489 1585 :

2411 1657 2530 1738 litae
2551 1659 2864 1738 didicissesat
2883 1670 2958 1736 est
2983 1661 3147 1738 Boiam
3163 1666 3248 1716 tibi
3277 1679 3288 1715 :
3310 1674 3364 1717 tu
3383 1669 3576 1720 domum
3595 1684 3852 1738 reversus,

2470 1721 2613 1772 Diem
2649 1723 2878 1774 bifestum
2901 1726 2970 1776 sic
2994 1726 3142 1786 colas,
3171 1737 3440 1784 memento.

2261 1841 2536 1914 Calagurri
2567 1857 2840 1905 exaratum
2868 1851 3122 1922 hymnum
3154 1853 3252 1910 SS.
3278 1865 3570 1929 martyrum
3601 1860 3850 1918 llemete-

2255 1937 2316 1991 rii
2347 1953 2393 1992 et
2417 1938 2692 1996 Celedonii
2722 1943 2949 2000 innuunt
2969 1962 3158 2002 versus
3190 1968 3201 2001 :

2378 2077 2482 2128 Hoc
2506 2079 2682 2129 bonum
2709 2081 2926 2140 Salvator
2945 2085 3069 2148 ipse,
3090 2099 3185 2149 quo
3209 2086 3443 2152 fruamur,
3475 2093 3725 2154 praestitit,

2251 2212 2306 2259 et
2336 2204 2544 2276 reliqui.
2571 2207 2822 2264 Emerita:
2847 2221 3059 2279 poetam
3091 2216 3333 2270 nostrum
3374 2219 3644 2275 exstitisse
3671 2222 3849 2278 credi-

2252 2295 2444 2363 derim,
2477 2313 2596 2354 cum
2621 2301 2678 2356 S.
2707 2302 2968 2359 Eulaliam
2994 2307 3271 2363 celebrans
3295 2311 3522 2366 cecinit:

2375 2432 2462 2482 Ast
2488 2447 2582 2495 ego
2605 2447 2736 2486 serta
2762 2439 2910 2488 choro
2933 2442 2980 2489 in
3007 2443 3168 2494 medio

2375 2495 2534 2566 '_l:e_i_tta
2559 2496 2709 2566 feram
2732 2503 2857 2566 pede
2876 2503 3127 2566 dactylico,

2376 2556 2523 2623 Yilia,
2565 2556 2794 2623 marcida,
2816 2562 2936 2613 festa
2958 2556 3139 2616 tamen:

2377 2620 2898 2688 Sicveneraricr'ossa
2925 2625 3065 2688 libet,

2375 2682 2578 2732 Ossibus
2599 2684 2719 2733 altar
2747 2694 2796 2736 et
2818 2682 3115 2752 impositum.

2252 2785 2671 2860 Ctesaraugustae
2736 2795 2992 2866 hymnum
3040 2800 3107 2854 de
3155 2799 3221 2855 18
3272 2803 3599 2877 martyribus
3651 2806 3846 2870 factum

2252 2893 2413 2934 nemo
2441 2886 2739 2954 negaverit.
2777 2888 2891 2956 Qua
2919 2889 2984 2945 de
3011 2907 3168 2947 causa
3197 2935 3211 2959 ,
3243 2901 3298 2949 et
3317 2895 3406 2950 ubi
3437 2894 3495 2951 S.
3525 2896 3842 2956 Cassianum

2253 2972 2646 3045 prmdicaverit,
2681 2980 2794 3050 ipse
2818 2981 2982 3038 refert
3006 3001 3020 3037 :

2466 3089 2602 3159 Tunc
2624 3107 2795 3146 arcana
2825 3099 2919 3148 mei
2942 3111 3215 3159 percenseo
3239 3105 3410 3151 cuncta
3439 3101 3621 3153 laboris
3650 3120 3661 3154 :

2531 3155 2669 3206 Tunc
2693 3161 2821 3220 quod
2848 3155 3093 3221 petebam,
3120 3163 3244 3221 quod
3272 3165 3522 3223 timebam,
3549 3179 3802 3217 murmuro
3826 3180 3840 3216 ε

2462 3215 2655 3292 Et_p_ost
2679 3215 2815 3292 terga
2837 3215 3031 3292 domum
3054 3215 3200 3272 dubia
3226 3227 3319 3274 sub
3342 3235 3475 3292 sorte
3504 3215 3749 3292 relictam,

2529 3282 2590 3330 Et
2611 3295 2699 3343 spe
2739 3283 2883 3333 futuri
2911 3286 3034 3334 forte
3060 3293 3314 3335 nutantem
3342 3289 3468 3338 boni.

2465 3342 2664 3417 Audior,
2693 3345 2873 3394 Urbem
2900 3347 3263 3417 adeo,l_de)ttris
3285 3353 3591 3417 successibus
3615 3361 3747 3417 utor,

2525 3407 2730 3456 Domum
2754 3416 2998 3468 revertor,
3029 3407 3315 3462 Cassianum
3331 3414 3557 3475 praedico.

2237 3553 2304 3608 -S.
2354 3553 2700 3610 Laurentium
2752 3566 2807 3611 et
2837 3557 3180 3630 Hippolytum
3214 3559 3266 3616 in
3301 3560 3555 3634 Hispania
3577 3608 3591 3633 ,
3631 3573 3689 3621 ut
3713 3577 3840 3624 ante

2248 3649 2513 3714 diximus,
2549 3651 2780 3706 laudavit
2809 3653 2908 3723 (a).
2945 3653 3143 3710 Verum
3177 3655 3244 3712 de
3281 3656 3555 3715 Prudentii
3581 3661 3842 3731 operibus

2246 3739 2555 3811 singillatim
2584 3741 2753 3798 fusius
2779 3742 3040 3801 disseram
3068 3760 3188 3818 cap.
3220 3762 3338 3820 seq.

2315 3839 2423 3908 38
2575 3839 2690 3906 Quo
2704 3856 2866 3909 anno,
2893 3851 2948 3897 et
2978 3842 3192 3900 ubinam
3216 3845 3431 3917 obierit,
3450 3847 3707 3901 incertum
3725 3856 3835 3904 est.

2247 3929 2353 3986 Sed
2383 3917 2563 3987 nescio
2585 3975 2598 3998 ,
2633 3949 2738 4002 quo
2770 3933 2878 3990 fato
2901 3935 3175 4002 Prudentii
3201 3939 3305 3994 vita
3336 3939 3687 4010 plurimorum
3717 3955 3841 3996 sus-

2246 4023 2550 4094 picionibus
2578 4034 2632 4081 et
2658 4027 2984 4098 conjecturis
3024 4029 3095 4086 ita
3123 4040 3204 4088 est
3254 4033 3521 4103 implicata
3546 4074 3562 4101 ,
3586 4042 3646 4090 ut
3674 4035 3837 4092 etiam

2245 4117 2334 4173 tibi
2369 4117 2500 4173 nihil
2531 4121 2752 4176 omnino
2781 4122 2904 4177 sciri
2932 4132 3022 4178 aut
3044 4123 3257 4181 deﬁniri
3284 4136 3479 4200 potest,
3505 4139 3689 4184 nostra
3718 4145 3840 4186 ora-

2244 4209 2318 4264 tio
2349 4211 2647 4268 consistere
2688 4213 2881 4270 debeat
2911 4215 3322 4290 aliquantisper,
3352 4235 3442 4288 ne,
3473 4236 3598 4293 quae
3626 4224 3696 4278 ab
3720 4224 3842 4279 aliis

2245 4303 2613 4377 proferuntur,
2676 4308 2971 4378 probabilia
3022 4326 3144 4367 esse
3193 4323 3244 4369 et
3291 4329 3321 4368 a
3377 4316 3535 4372 nobis
3595 4319 3840 4389 ignorata

2240 4397 2521 4470 quisquam
2554 4401 2847 4458 existimet.
2875 4401 3038 4460 Aiunt
3059 4406 3304 4461 nonnulli
3331 4407 3608 4474 Prudentii
3631 4411 3840 4470 obitum

2240 4491 2527 4560 contigisse
2557 4503 2684 4548 ante
2729 4508 2927 4550 annum
2959 4495 3095 4564 415,
3143 4513 3250 4570 quo
3285 4499 3472 4556 Stilico
3517 4504 3840 4572 proditionis

2387 4552 2412 4560 -
3080 4552 3094 4564 ,
3153 4552 3174 4570 τ
3207 4552 3238 4554 η
3517 4552 3837 4572 την-.-.η-

552 4552 896 4623 ιιίριιοιγιιιιη
944 4565 1210 4625 martyres
1242 4558 1439 4626 00'0";
1481 4576 1614 4627 ‘tllOS
1655 4562 1846 4618 ilel‘llm
1889 4581 2136 4623 reversus
2163 4561 2217 4621 Ι)
2243 4594 2429 4650 poenas
2455 4581 2618 4637 subiit
2647 4601 2660 4638 :
2695 4585 2795 4638 nisi
2828 4586 2968 4641 enim
2995 4586 3106 4656 jam
3138 4596 3264 4644 tunc
3290 4589 3615 4666 Prudentius
3648 4595 3837 4652 deces-

552 4644 603 4666 2..
634 4643 936 4666 ῘΙΣΑ-ιμηεᾼ...
988 4647 1269 4666 ,-ι-ι,.---ᾉυ.
1333 4649 1430 4666 Πημ
1482 4664 1489 4666 .
1542 4652 1574 4666 0,
1593 4652 1624 4666 ,ι
1784 4654 1822 4666 ἢ
1912 4655 1924 4666 ι
2027 4659 2060 4666 ,ν

552 4644 605 4699 in
633 4643 940 4714 Hispaniam
982 4647 1294 4703 celebravit.
1329 4649 1441 4719 Ego
1471 4652 1719 4707 existimo
1745 4693 1759 4716 ,
1784 4654 2129 4714 Prudentium
2163 4671 2167 4675 ‘

551 4750 694 4790 anno
737 4735 842 4792 404
871 4739 1085 4794 circiter
1124 4740 1388 4796 adversus
1426 4740 1806 4812 Symmachum
1831 4749 2130 4822 scripsisse,

551 4839 694 4882 anno
722 4825 828 4884 405
871 4846 967 4886 sua
995 4833 1234 4888 carmina
1263 4832 1500 4891 edidisse
1533 4853 1548 4889 :
1581 4851 1700 4905 quae
1731 4837 1982 4894 nimirum
2009 4853 2133 4901 ante

549 4917 886 4991 diversisque
934 4925 1260 4994 temporibus
1295 4928 1678 4998 composuerit.
1711 4930 1960 4989 Praefatio
1983 4941 2127 4994 enim

547 5052 746 5144 confer
775 5056 932 5139 etiam
961 5059 1238 5144 epistolam
1286 5062 1350 5116 17
1381 5064 1602 5144 Ausonii
1634 5065 1697 5119 ad
1725 5065 2123 5144 Symmachum,

545 5126 636 5182 ubi
665 5129 936 5184 Ausonius
958 5147 982 5213 ,ε
1018 5130 1296 5202 Quisquam
1337 5151 1400 5188 ne
1427 5135 1498 5186 ita
1528 5136 1683 5203 nitet,
1717 5126 1783 5192 ut.
1809 5141 1898 5194 tibi
1925 5126 2131 5213 compa,-

550 5209 690 5252 ratus
710 5216 812 5254 non
844 5201 1068 5255 sordeat.

622 5270 698 5353 (α)
733 5269 786 5326 In
820 5271 1250 5354 hymnoveroS.
1285 5259 1553 5354 Hippolyti
1582 5280 1814 5354 notanda
1849 5293 1931 5340 est
1962 5287 2131 5354 pietas

546 5344 685 5396 sacri
718 5343 911 5410 poetae,
942 5343 1030 5414 qui
1053 5345 1129 5399 sic
1147 5343 1788 5407 Valerianum'antistitem
1813 5343 2126 5427 alloquitur;

610 5476 658 5525 Si
675 5477 817 5552 bene
843 5484 1172 5552 commemini,
1198 5485 1311 5552 colit
1338 5486 1462 5537 hunc
1484 5490 1810 5550 pulcherrima
1835 5494 1983 5544 Roma

672 5541 831 5610 idibus
848 5543 1052 5612 Augusti
1078 5548 1279 5602 mensis,
1306 5556 1359 5598 ut
1381 5541 1638 5612 ipsa'vocat

609 5598 777 5686 Prisco
798 5598 1088 5686 moreidiern
1113 5622 1123 5656 :
1151 5598 1299 5686 quem
1325 5617 1374 5659 te
1401 5598 1812 5686 quoqueTsancte
1846 5622 2097 5686 magister,

671 5663 840 5714 Annon
869 5667 988 5716 festa
1013 5669 1142 5717 inter
1164 5663 1478 5723 dinumerare
1502 5663 1669 5725 vicliin.

608 5724 783 5803 Crede,
805 5725 1096 5803 salutigeros
1114 5732 1242 5782 feret
1262 5735 1340 5803 hic
1361 5724 1706 5803 venerantibus
1725 5749 1877 5803 ortus,

671 5787 812 5837 Lucis
835 5787 1084 5840 honorata:
1108 5798 1309 5855 praemia
1344 5801 1628 5853 restituens.

2240 4672 2439 4741 sisset,
2471 4673 2653 4731 laudes
2681 4676 2952 4733 Stiliconis
2978 4693 3045 4734 ex
3076 4680 3168 4734 lib.
3204 4697 3240 4738 tt
3281 4682 3541 4740 adversus
3589 4687 3839 4760 Symma-

2237 4763 2398 4819 chum
2426 4781 2585 4821 versu
2615 4766 2720 4823 695
2745 4777 2800 4823 et
2828 4784 2980 4841 seqq.
3010 4789 3022 4824 :
3054 4770 3289 4828 Tentavit
3313 4774 3543 4842 Geticus,
3570 4790 3704 4847 elc.,
3737 4781 3832 4838 de-

2237 4855 2475 4915 levisset.
2508 4860 2643 4929 Quid
2691 4861 2790 4918 hac
2830 4863 3140 4934 conjectura
3181 4866 3482 4924 inﬁrmius?
3511 4870 3675 4937 Quasi
3707 4890 3834 4930 vero

2237 4952 2292 5007 in
2313 4954 2632 5024 scriptorum
2659 4955 2851 5013 fuisset
2879 4967 3146 5028 potestate
3162 4960 3358 5018 librum
3381 4964 3553 5032 semel
3573 4967 3832 5032 emissum

2297 5087 2705 5156 Int_gr_solemnes
2715 5093 2954 5156 Cypriani,
2974 5094 3052 5144 vel
3073 5094 3327 5154 Celedonl.

2358 5150 2660 5216 Eulalimque
2682 5150 2810 5218 dies,
2847 5150 3011 5206 currat
3032 5164 3085 5208 et
3108 5159 3198 5209 iste
3220 5150 3327 5209 tibi.

2235 5234 2293 5318 l_n
2317 5235 2644 5318 Breviarium
2679 5238 3125 5318 lsidorianumS.
3159 5244 3489 5318 Hippolytus
3524 5250 3826 5318 immissus,

2238 5306 2463 5390 fortasse
2493 5309 2751 5390 originem
2754 5313 2932 5390 trahit
2954 5330 3017 5369 ex
3047 5313 3130 5390 his
3153 5306 3425 5390 Prudeniii
3451 5306 3726 5390 precibus.
3748 5306 3829 5380 Ex.

2239 5376 2389 5456 festis
2415 5376 2688 5456 Cypriani,
2710 5381 2809 5439 ss.
2844 5384 3130 5456 Hemetcrii
3155 5397 3208 5442 et
3233 5376 3694 5456 Celedonii,et‘S.
3711 5376 3832 5450 Εἶιῖ

2244 5447 2386 5503 latim
2408 5447 2748 5532 alii'arguunt
2769 5455 3098 5532 mentionem
3129 5473 3250 5532 esse
3271 5459 3338 5515 de
3351 5447 3605 5532 episcopo
3617 5447 3831 5524 Caes—ar-

2239 5529 2534 5596 augnstano
2557 5563 2572 5588 ,
2603 5527 2723 5593 quia
2767 5525 2820 5579 hi
2862 5538 2985 5581 sunt
3019 5531 3187 5583 sancti
3236 5525 3402 5586 exteri
3431 5576 3444 5596 ,
3487 5525 3564 5588 uti
3613 5548 3736 5592 erat
3763 5539 3824 5595 S.

2241 5588 2584 5674 Hippolytus,
2619 5588 2899 5674 procujus
2938 5598 3072 5674 festo
3102 5601 3322 5670 rogabat
3352 5588 3829 5674 Prudentiusaalii

2237 5671 2422 5715 contra
2471 5663 2928 5750 Calagurritanam
2975 5663 3230 5750 (limcesin
3276 5687 3612 5750 agnoscunt,
3668 5663 3829 5750 cujus—

2237 5742 2393 5786 erant
2444 5739 2651 5809 patroni
2681 5739 2779 5795 SS.
2830 5741 3166 5799 flemcterius
3208 5756 3263 5801 et
3304 5739 3621 5807 Celedonius
3651 5768 3663 5803 :
3691 5739 3827 5809 mihi

2233 5813 2478 5861 neutrum
2506 5807 2690 5877 liquet.
