4142 6350
305 350 410 406 605

1679 345 2204 404 PROLEGOMENA.

3485 347 3590 408 606

302 478 553 522 revocare
587 463 688 536 (a).
719 462 884 520 Multo
904 475 1034 518 vero
1058 462 1224 531 magis
1253 458 1602 528 rejicientlum
1633 465 1712 512 est
1735 457 1878 527 quod
1908 458 1960 520 Α
2055 457 2145 513 58.
2179 457 2420 512 Bivarius
2453 464 2638 514 contra
2667 457 2875 529 regulas
2897 456 3162 529 prosodiae
3190 456 3293 514 hoc
3313 456 3434 513 loco
3457 469 3586 512 scu-

300 559 374 611 ait
405 555 600 625 Ioseph
631 555 931 626 Rudriguez
953 553 1019 609 de
1033 553 1218 610 Castro
1248 551 1350 607 loc.
1383 550 1498 617 cit.,
1539 549 1884 605 Prudentium

299 652 367 706 tle
397 650 766 720 conjuratione
803 649 1078 708 Stiliconis
1121 649 1252 704 nihil
1283 645 1582 710 audivisse,
1619 643 1740 714 quia
1772 642 1888 713 ejus

300 762 406 800 non
439 745 702 802 meminit.
751 743 947 800 Contra
982 753 1128 800 recte
1155 743 1366 798 videtur
1402 739 1644 809 judicare
1665 737 1884 802 'Biscus,

298 841 386 910 qui
415 838 690 896 Prudentii
718 839 942 896 virtutes
969 853 1034 893 es
1069 838 1186 905 ejus
1216 833 1467 904 operibus
1490 832 1717 902 colligit,
1741 829 1885 900 quod

298 945 457 1000 parce
489 930 677 1000 pieque
705 930 919 995 vixerit,
943 927 1086 999 quod
1111 926 1278 984 semel
1312 933 1512 980 tantum
1539 923 1590 978 in
1623 921 1708 976 die
1735 935 1885 976 man-

293 1025 592 1086 ducaverit.
639 1023 770 1091 Vide
814 1023 930 1092 ejus
979 1022 1209 1091 hymnos
1237 1019 1366 1074 Ante
1396 1017 1584 1082 cibum,
1635 1015 1884 1085 Jejunan-

295 1117 445 1180 tium,
475 1117 716 1186 aliosque
747 1124 859 1174 tum
890 1114 1010 1170 libri
1031 1109 1476 1175 Cathemerinmn,
1507 1115 1618 1170 tum
1649 1105 1882 1197 Periste-

295 1209 517 1279 ριιειηωη
541 1208 639 1282 (ι).

366 1303 454 1358 57.
495 1301 760 1363 Hactenus
792 1297 1048 1364 nonnulla
1079 1295 1342 1366 explicata
1386 1301 1512 1352 sunt
1536 1306 1654 1362 quae
1682 1288 1883 1361 liquido

293 1403 585 1462 constant,
644 1392 751 1448 alia
795 1407 914 1462 qua:
965 1392 1018 1450 in
1068 1387 1441 1445 controversia
1498 1394 1621 1440 sunt
1665 1385 1878 1455 posita,

294 1487 448 1556 plura
477 1501 595 1557 qua:
627 1487 679 1540 in
727 1483 1074 1553 conjecturis.
1107 1483 1310 1537 Cietera
1341 1524 1355 1546 ,
1398 1496 1515 1549 quze
1553 1488 1704 1534 certo
1758 1486 1882 1532 sunt

294 1583 519 1646 conlicta
543 1623 562 1649 ,
584 1595 886 1652 quanquam
912 1594 1087 1635 minus
1113 1587 1195 1633 cst
1218 1577 1578 1632 necessariqu
1598 1619 1612 1642 ,
1638 1589 1775 1644 opus
1797 1584 1880 1630 ta-

294 1691 415 1732 men
439 1660 856 1738 estdeclarare;
889 1685 997 1728 tum
1021 1688 1088 1726 ne
1122 1673 1239 1740 quis
1254 1672 1514 1740 ejusmodi
1548 1669 1881 1724 nar-rationes

293 1779 387 1824 aut
413 1785 480 1826 es
505 1769 688 1828 Dextri
718 1767 1018 1832 Chronico,
1051 1777 1139 1822 aut
1171 1780 1234 1824 es
1267 1766 1345 1822 eis
1368 1765 1456 1835 qui
1485 1763 1614 1818 illud
1643 1770 1770 1819 sunt
1799 1777 1881 1816 se-

1997 556 2080 610 tus
2103 548 2274 604 videri
2299 549 2763 608 voluit..l:lltimum
2788 566 3009 620 operum
3027 550 3302 607 Prudentii
3324 551 3402 607 ait
3422 549 3588 606 fuisse

1997 640 2354 708 Enchiridion,
2408 643 2460 696 in
2490 643 2644 712 cujus
2674 645 2988 715 praefatione
3039 643 3117 716 (1)
3166 647 3466 716 suspicatur
3509 648 3588 702 lc-

1990 739 2217 807 gendum
2253 755 2264 789 :
2300 737 2382 794 Mr:
2430 755 2678 794 HATBRNO
2718 755 2769 795 IN
2813 755 2973 796 nuto
3013 755 3112 810 pro
3146 739 3233 796 Me
3275 751 3489 811 paterno
3530 744 3584 796 in

1990 833 2142 898 atrio,
2181 847 2285 888 non
2316 831 2523 901 videns,
2552 848 2673 890 cum
2703 843 2915 904 paterna
2944 844 3088 889 recte
3138 835 3431 904 procedere
3456 850 3594 890 ατη-ι.

1993 943 2139 995 meo,
2173 942 2279 982 non
2304 942 2432 981 vero
2460 942 2582 984 cum
2607 937 2854 992 materno.
2883 926 2986 983 Sed
3019 929 3256 997 putabat,
3282 928 3353 982 ita
3383 930 3582 984 contir-

1989 1017 2144 1082 mari,
2166 1018 2376 1089 quodin
2393 1017 2582 1074 Cltristi
2605 1019 2784 1080 matris
2798 1017 2975 1088 templi
2996 1020 3182 1088 angulo
3199 1018 3420 1090 degeret,
3437 1031 3491 1076 ut
3507 1019 3580 1076 ait

1990 1112 2210 1168 Dexter.
2245 1111 2323 1167 Ac
2345 1112 2466 1166 vide
2490 1111 2874 1181 ineptissimam
2899 1111 3418 1182 interpretationem.
3447 1113 3578 1168 Pru-

1987 1202 2200 1260 dentius
2213 1218 2273 1258 se
2288 1202 2427 1258 inter
2445 1215 2570 1256 vasa
2588 1203 2710 1258 vilia
2721 1203 2912 1262 domus
2929 1202 3021 1258 Dei
3042 1217 3355 1271 recensens,
3371 1203 3570 1275 inquit:

2234 1318 2312 1369 le
2337 1325 2539 1379 paterno
2564 1321 2610 1367 in
2631 1320 2755 1368 atrio

2300 1380 2361 1429 lit
2385 1381 2656 1432 oh5uletum
2684 1383 2985 1433 vasculum...

2296 1444 2522 1504 Sinitque
2549 1446 2758 1506 partem
2783 1445 2945 1506 anguli
2972 1455 3193 1493 manere.

2234 1505 2408 1554 Munus
2433 1518 2550 1554 ecce
2589 1504 2738 1554 fictile

2297 1567 2478 1616 luimus
2501 1569 2624 1617 intra
2650 1570 2836 1630 regiam
2863 1569 3049 1619 salutis.

1991 1676 2126 1742 Quid
2152 1684 2248 1741 est,
2277 1676 2489 1742 reponit
2519 1675 2782 1740 Bivarius,
2830 1693 3012 1732 munus
3056 1676 3185 1731 inire
3216 1677 3350 1732 intra
3384 1676 3574 1747 regiam

1985 1769 2184 1832 salutis,
2210 1769 2309 1822 nisi
2328 1769 2461 1824 intra
2488 1768 2699 1821 domum
2725 1767 2820 1822 Dei
2844 1770 3096 1824 scribere?
3123 1770 3177 1823 in
3207 1771 3354 1838 cujus
3379 1770 3574 1842 angulo

295 1861 405 1916 cuti
433 1901 446 1927 ,
473 1859 692 1930 adoptet
715 1899 730 1925 ,
784 1857 928 1928 quod
959 1866 1090 1927 puto
1139 1857 1333 1912 fecisse
1381 1854 1796 1911 Chamillardum
1828 1855 1880 1911 in
1913 1849 1959 1910 B
1986 1879 2039 1916 se
2079 1877 2278 1918 manere
2299 1861 2536 1930 afﬁrmat.
2579 1860 2815 1916 Pertinet
2843 1862 3002 1916 etiam
3034 1861 3098 1915 ad
3131 1875 3228 1932 pos
3256 1861 3397 1932 quod
3427 1861 3574 1917 Dex-

298 1955 448 2020 brevi
500 1964 553 2010 et
604 1971 793 2022 parum
837 1963 1084 2010 accurata
1140 1954 1255 2009 Vita
1309 1954 1620 2019 Prudentii,
1676 1963 1785 2008 tum
1829 1962 1882 2008 ut

298 2055 477 2118 pateat
501 2049 693 2116 quibus
716 2047 1056 2116 opinionibus
1077 2057 1167 2102 aut
1189 2047 1513 2115 conjecturis
1535 2046 1879 2111 adhaeserint,

296 2137 406 2208 39
443 2137 534 2206 qui
565 2138 832 2196 similibus
872 2138 1174 2194 ﬁctionibus
1207 2138 1539 2192 inveniendis
1581 2148 1706 2192 sunt
1735 2139 1882 2192 dele-

297 2229 423 2282 ctati
453 2246 466 2278 :
501 2243 622 2282 nam
653 2228 920 2298 quaidam,
966 2238 1220 2299 quantum
1248 2237 1494 2299 poterant
1519 2239 1571 2284 et
1605 2228 1876 2294 sciebant,

242 2380 244 2382 _
294 2319 697 2375 accommodate
735 2320 799 2374 ait
845 2334 1003 2375 veras
1035 2320 1288 2378 historias
1311 2321 1872 2378 comminiscebautur.

295 2413 454 2481 igitur
480 2412 629 2468 Flav.
656 2412 853 2468 Lucius
875 2414 1070 2469 Derter
1091 2429 1211 2470 cum
1243 2414 1516 2470 Fraucisci
1543 2415 1715 2468 Birar.
1734 2429 1881 2468 cotu-

295 2507 558 2562 mentario
580 2506 645 2560 ad
671 2521 866 2561 annum
899 2507 1097 2562 Christi
1121 2507 1226 2563 588
1249 2510 1327 2564 sic
1358 2506 1518 2562 habet
1545 2523 1556 2560 :
1586 2505 1762 2561 Floret
1788 2503 1876 2560 Fl.

294 2597 611 2662 Prudentius
639 2609 787 2671 patre
836 2599 1330 2670 Cwsaraugustano,
1380 2612 1540 2654 matre
1585 2600 1880 2672 Calagurri-

295 2701 415 2746 taua
441 2703 592 2748 natus
614 2690 788 2758 (Salia
809 2691 1038 2762 consule)
1058 2693 1476 2764 Cmaraugustce.
1507 2693 1712 2752 Nomen
1744 2692 1878 2746 FLA-

295 2799 366 2842 vu
399 2793 556 2854 atque
584 2786 687 2840 alia
711 2786 926 2841 inventa
955 2797 1099 2853 sunt,
1131 2788 1230 2842 nisi
1264 2789 1404 2858 quod
1437 2796 1590 2842 natus
1618 2796 1701 2842 est
1733 2787 1879 2843 Salia

291 2877 511 2934 consule
541 2878 635 2949 (ε).
668 2879 797 2935 item
821 2881 885 2934 ad
909 2895 1107 2935 annum
1133 2881 1236 2936 588
1264 2899 1276 2936 :
1307 2881 1644 2948 Prudentius,
1682 2880 1877 2948 Toleto,

293 2967 534 3024 Corduba
555 3011 570 3037 ,
600 2987 659 3024 ac
679 2969 1076 3046 Cttsaraugusta
1098 2975 1150 3027 in
1184 2973 1440 3043 Hispania
1463 2977 1664 3044 egregie
1699 2975 1880 3046 guber-

294 3062 430 3118 natis
449 3102 463 3127 ,
491 3065 549 3133 [it
569 3064 677 3119 dua:
700 3105 714 3130 ,
745 3074 791 3118 et
820 3066 1030 3121 habetur
1071 3077 1240 3121 orator
1279 3068 1632 3122 celeberrimus
1658 3079 1706 3120 et
1733 3077 1879 3137 poeta

294 3156 562 3223 miriﬁcus.
593 3158 740 3216 Anno
767 3158 874 3214 400
900 3161 1026 3228 petit
1055 3159 1269 3214 Romam
1299 3161 1404 3230 (ά).
1434 3160 1712 3214 Postremo
1742 3157 1876 3213 Pru-

1991 1967 2074 2012 tcr
2097 1959 2162 2011 ad
2196 1971 2390 2010 annum
2422 1956 2524 2010 450
2569 1955 2728 2010 refert
2772 1974 2784 2007 :
2836 1955 2916 2009 'Ad
2959 1955 3290 2010 Valerianum
3329 1955 3418 2024 (al.
3470 1954 3576 2010 Va-

1987 2051 2165 2104 lerium
2191 2048 2509 2118 episcopum)
2552 2045 3070 2119 Ca'saraugustamtm
3109 2047 3280 2100 scribit
3320 2046 3567 2117 Cyrillus.

1989 2142 2110 2195 Vult
2153 2143 2293 2195 enim
2346 2150 2737 2196 commentator
2788 2142 3027 2198 Bivarius
3055 2187 3067 2209 ,
3124 2142 3264 2197 hunc
3305 2157 3427 2196 esse
3470 2142 3571 2196 Va—

1985 2232 2248 2290 lerianum
2278 2233 2571 2290 antistitem
2594 2274 2608 2297 ,
2642 2247 2798 2303 quem
2841 2233 2892 2288 in
2934 2233 3218 2305 llippolyto
3250 2232 3572 2290 Prudentius

1983 2327 2289 2407 alloquitur.
2329 2327 2543 2382 Dubitat
2569 2336 2745 2384 autem
2801 2343 2865 2382 an
2907 2329 2951 2382 is
2983 2329 3095 2397 ipse
3131 2328 3288 2384 fuerit
3337 2329 3574 2388 Valeria-

1986 2434 2085 2474 nus
2116 2419 2276 2474 lcouii
2306 2418 2414 2492 40
2445 2420 2658 2487 pracsul,
2689 2419 2771 2474 cui
2807 2419 2862 2474 S.
2909 2416 3139 2490 Cyrillus
3178 2421 3570 2476 Alexandrinus

1984 2527 2108 2569 suas
2137 2497 2394 2584 exeges'cs
2441 2513 2656 2566 dicavit.
2710 2512 2886 2582 Nugas
2942 2521 2992 2567 et
3036 2513 3241 2567 somnia
3295 2515 3407 2568 haec
3455 2528 3573 2568 esse

1984 2604 2178 2674 aliquis
2226 2613 2493 2675 opponet,
2551 2603 2749 2670 fateor;
2801 2602 2894 2657 scd
2953 2602 3053 2657 hoc
3098 2604 3268 2673 ipsum
3329 2605 3568 2659 animad-

1986 2695 2299 2752 vertendum
2336 2695 2452 2764 fuit,
2489 2703 2545 2748 ut
2568 2703 2691 2750 ante
2718 2694 2849 2762 dixi,
2882 2709 2949 2748 ne
2988 2709 3111 2749 vera
3143 2705 3234 2749 aut
3282 2695 3573 2766 probabilia

1985 2801 2104 2842 esse
2133 2786 2272 2840 alius
2300 2787 2568 2854 opinetur.
2607 2784 2683 2839 Ex
2719 2784 2802 2840 his
2845 2784 3214 2855 similibusque
3240 2785 3451 2854 scriptis
3481 2801 3574 2839 uo-

1984 2891 2096 2934 stro
2121 2877 2296 2932 adhuc
2327 2876 2524 2931 smculo
2554 2875 2718 2930 vitam
2752 2874 3026 2932 Prudentii
3066 2874 3289 2931 Carolus
3317 2877 3569 2948 Augusti~

1985 2992 2084 3030 nus
2113 2974 2379 3030 Ansaldus
2421 2972 2475 3026 in
2526 2971 2730 3044 praefat.
2780 2971 3015 3028 versiou.
3049 2971 3214 3027 Italic.
3248 2971 3434 3025 libror.
3471 2972 3567 3024 ad-

1986 3084 2173 3124 versus
2212 3064 2522 3137 Symmach.
2575 3063 2812 3134 digessit,
2855 3064 2965 3140 qui,
3019 3073 3294 3140 postquam
3345 3064 3574 3117 asseruit

1987 3160 2214 3230 primtuu
2245 3157 2468 3226 gradum
2499 3152 2618 3225 post
2668 3139 3044 3223 imperatorem
3092 3154 3144 3208 in
3197 3154 3432 3209 exercitu
3483 3155 3574 3209 ha-

292 3247 464 3310 dentii
485 3249 689 3305 obitum
719 3252 1119 3310 cemmentitius
1141 3252 1344 3308 Dexter
1361 3251 1655 3307 euarratad
1679 3266 1878 3305 annum
1909 3242 1954 3312 C
1989 3251 2190 3314 buisse,
2225 3249 2306 3303 bis
2335 3257 2615 3315 prcetorem
2644 3245 2832 3311 fuisse,
2869 3246 3015 3300 addit
3055 3262 3175 3304 eum
3215 3262 3356 3304 anno
3401 3249 3574 3303 astatis

290 3341 399 3397 4⁸24
430 3359 442 3396 :
475 3341 790 3398 Prudentius
835 3345 998 3399 Roma
1048 3347 1490 3418 Caesaraugustam
1545 3346 1762 3409 rediens,
1811 3346 1878 3398 ad

290 3434 464 3487 sudem
512 3434 1028 3507 Ctesaraugustanam
1060 3438 1120 3494 S.
1156 3437 1343 3492 Maria:
1371 3440 1552 3510 plenus
1582 3439 1800 3503 dierum,
1832 3448 1881 3490 et

291 3525 575 3581 illustrium
604 3545 816 3597 Operam
841 3571 856 3597 ,
887 3541 1001 3601 post
1048 3532 1238 3585 multas
1279 3548 1478 3603 pugnas
1507 3548 1618 3584 cum
1649 3531 1882 3585 omnibus

290 3617 542 3674 lta'reticis
565 3623 644 3675 sui
676 3625 919 3692 temporis
956 3623 1156 3678 habitas
1181 3667 1195 3691 ,
1230 3624 1506 3695 tranquille
1537 3627 1751 3678 moritur
1782 3625 1876 3693 (ε).

291 3711 573 3783 Templum
605 3715 662 3769 Β.
696 3714 930 3785 Virginis
958 3720 1018 3771 de
1044 3717 1293 3772 Columna
1322 3717 1576 3773 innuitur.

362 3831 441 3904 (a)
472 3831 586 3909 Non
614 3832 958 3909 itacredebat
979 3834 1249 3909 Horatius,
1277 3839 1388 3908 qui,
1418 3838 1573 3909 epist.
1599 3839 1687 3899 20,
1721 3837 1813 3894 lib.
1843 3851 1880 3903 ι,

291 3901 381 3959 his
408 3901 582 3960 verbis
616 3903 808 3972 hbi'utn
837 3921 989 3960 suum
1013 3901 1306 3978 alloquitur
1332 3929 1343 3962 :

352 4062 700 4130 Yertumnum,
726 4063 1018 4130 Ianumque.
1041 4065 1191 4126 liber,
1211 4074 1434 4129 spectare
1461 4068 1640 4117 videris
1668 4084 1676 4117 :

350 4124 631 4191 Scilicetut
657 4124 848 4188 prostes
855 4127 1115 4191 ﬁosionun
1143 4124 1336 4191 puniit-e
1360 4130 1584 4189 mundus,

352 4188 510 4252 Odisti
536 4182 790 4252 clave-agt
816 4182 954 4250 9113
990 4182 1157 4252 εἰεὶιιιί
1176 4193 1368 4252 pudico,

355 4250 532 4316 [faucis
552 4250 742 4316 ostendi
765 4252 944 4316 gemis,
974 4256 1025 4300 et
1045 4250 1315 4316 communia
1354 4253 1538 4316 laudas,

353 4310 459 4377 lion
486 4310 808 4377 itagnutritus':
845 4312 959 4377 fuge
981 4327 1076 4374 quo
1099 4314 1359 4365 discedere
1380 4310 1535 4377 gestis
1560 4330 1572 4364 :

351 4373 460 4424 Non
487 4375 581 4423 erit
604 4375 779 4422 eruisse
796 4375 985 4423 reditus
1002 4373 1112 4424 tibi.

361 4517 809 4597 (b)Nouhtameu
862 4521 1063 4597 idcirco
1108 4535 1326 4579 sanctus
1377 4536 1455 4580 est
1505 4526 1871 4597 appellandus.

288 4590 945 4664 AntoniusBaymundus
993 4593 1213 4664 Pasqual
1241 4637 1254 4658 ,
1292 4597 1493 4651 ordinis
1521 4590 1746 4653 t'Li'sterc.
1771 4641 1785 4664 ,
1822 4599 1873 4653 in

1986 3343 2053 3397 48
2079 3341 2278 3396 militiae
2318 3340 2512 3394 fessum
2533 3383 2547 3407 ,
2610 3338 2828 3393 domum
2879 3337 3100 3393 rediisse
3131 3381 3144 3404 ,
3195 3354 3336 3394 almo
3364 3340 3433 3394 50
3467 3356 3576 3396 cm-

1987 3436 2131 3505 pissc
2183 3447 2370 3487 versus
2417 3446 2784 3500 componere,
2828 3446 2969 3484 anno
2993 3429 3189 3486 Christi
3227 3431 3331 3486 Mli
3381 3433 3572 3487 librum

1987 3525 2409 3582 Cathemeriném
2452 3523 2763 3592 evulgasse,
2818 3531 3004 3576 contra
3049 3522 3427 3593 Symmachum
3474 3525 3576 3579 sub

1990 3620 2136 3674 initia
2177 3616 2385 3686 imperii
2439 3616 2657 3671 llonorii
2688 3625 2753 3677 .et
2797 3615 3010 3671 Arcadii
3055 3615 3188 3672 duos
3227 3617 3462 3672 edidisse
3513 3619 3576 3672 li-

1991 3712 2140 3765 bros.
2196 3709 2371 3778 Fingit
2422 3718 2678 3778 pra-terea
2723 3723 2863 3762 anno
2901 3708 2970 3763 60
3005 3708 3174 3764 artatis
3221 3709 3442 3765 Romam
3485 3727 3574 3766 rc-

1991 3828 2491 3882 d'éclaircissements
2537 3827 2569 3882 ὰ
2611 3826 2852 3884 l'ltistoire
2895 3828 3033 3884 dele
3084 3828 3248 3882 sainte
3300 3829 3462 3882 larme
3511 3831 3575 3884 de

2000 3900 2272 3960 Venddme,
2301 3899 2385 3952 ubi
2420 3904 2492 3951 ait
2520 3917 2530 3950 :
2567 3897 2636 3952 Le
2663 3899 2797 3954 saittt
2817 3901 2960 3968 poéte
2987 3899 3276 3962 Prudence.
3310 3899 3403 3954 Hic
3430 3911 3574 3957 certe

1991 3971 2140 4025 locus
2195 3969 2476 4040 Maliillouii
2509 3971 2794 4040 Antonium
2827 3969 3196 4040 ltuymuudum
3227 3969 3449 4040 Patsqual
3480 3975 3574 4025 de-

1989 4046 2149 4109 cepit.
2187 4041 2408 4092 l‘usseut
2459 4039 2572 4092 hmc
2614 4039 2794 4106 aliquo
2824 4039 2978 4107 paeto
3009 4042 3261 4095 sustineri
3287 4039 3354 4094 ex
3381 4057 3569 4098 eorum

1991 4110 2254 4165 sententia
2279 4112 2365 4179 qui
2388 4111 2732 4163 Prudentium
2756 4110 2894 4163 hunc
2918 4120 3124 4177 poetam
3144 4111 3387 4163 etuudeiu
3410 4112 3571 4165 fuisse

1991 4183 2175 4234 volunt
2201 4196 2320 4234 cum
2344 4181 2400 4235 S.
2424 4180 2708 4234 I’rudentio
2726 4182 2954 4246 praesule
2979 4181 3376 4242 Turiasouensi,
3409 4197 3569 4251 quam

1990 4251 2175 4305 falsam
2208 4266 2325 4305 esse
2355 4260 2478 4304 ante
2501 4252 2681 4304 monui
2716 4265 2862 4303 num.
2892 4252 2981 4306 45.

2061 4322 2134 4394 (c)
2162 4322 2402 4376 Bivarius
2444 4324 2495 4374 in
2541 4321 2844 4394 Comment.
2890 4321 2964 4376 ait
3006 4329 3152 4394 recte
3207 4328 3236 4374 ιι
3282 4320 3572 4394 Prudentio

1987 4392 2446 4462 Caésaraugustam
2493 4401 2548 4446 et
2575 4392 2902 4461 Calagurrim
2933 4393 3110 4448 vocari
3161 4408 3310 4448 suam
3355 4408 3418 4447 ex
3471 4392 3571 4447 hoc

1988 4466 2106 4519 loco
2135 4465 2341 4528 Dextri,
2367 4465 2725 4518 Tarraconem
2769 4478 2918 4532 vero,
2954 4465 3075 4535 quia
3100 4464 3213 4531 ejus
3261 4464 3352 4518 fuit
3381 4464 3571 4532 guber-

1983 4545 2157 4591 uutor.

2054 4609 2137 4676 (tl)
2171 4608 2408 4663 Bivarius
2435 4608 2488 4662 in
2525 4606 2830 4663 Comment.
2873 4608 3008 4662 hanc
3053 4607 3318 4661 lictiouem
3367 4608 3568 4662 contir—

289 4677 493 4748 opere:
529 4657 948 4748 Illustracionngal
967 4657 1256 4748 portentosa
1285 4669 1517 4748 fttttOt‘_dt’_
1543 4687 1599 4722 stt
1631 4657 1877 4748 Ιιξτᾷιέςς-
1905 4671 1956 4730 Ι)
1987 4657 2136 4734 miiEé

292 4734 496 4806 Léstial,
519 4748 622 4806 icon
658 4750 754 4799 que
769 4735 1058 4806 _distittguib
1095 4736 1261 4790 Maria
1283 4734 1601 4793 sanctissima
1626 4746 1675 4793 at
1713 4741 1776 4796 Ρ.
1801 4734 1872 4797 ’8.

289 4802 709 4882 ξαπανᾴρλ-ρισ.
885 4802 1159 4882 ΙαόῙὶςίηα
1188 4811 1252 4862 de
1284 4809 1596 4882 Dalgnacio
1643 4814 1806 4874 Sarra
1846 4831 1876 4882 ιι

288 4874 458 4941 Frau,
489 4875 626 4929 I782
651 4914 667 4940 ,
697 4875 867 4938 ili-8.,
900 4887 957 4930 ut
977 4879 1169 4948 opinor
1204 4882 1252 4933 in
1290 4874 1629 4936 urbe'l’alma
1668 4874 1877 4948 .\l:tjori"-

286 4959 399 5010 cm,
429 4961 548 5016 pag.
588 4948 678 5001 ill
711 4990 724 5011 ,
773 4962 988 5016 propos.
1020 4953 1053 5001 ‘2
1079 4989 1094 5014 ,
1127 4965 1310 5004 versus
1352 4968 1415 5006 ex
1449 4954 1706 5007 Cassiano
1739 4956 1875 5008 Pru-

287 5017 458 5072 dentii
492 5019 630 5086 apud
663 5017 1022 5072 Mabillonium
1052 5023 1289 5089 allegans
1317 5064 1328 5083 ,
1361 5037 1588 5077 sanctum
1641 5025 1877 5079 Pruden-

287 5089 420 5141 tium
472 5099 657 5156 aperte
687 5099 858 5142 vocat.
913 5091 964 5142 In
1009 5092 1451 5159 Ephemcridibus
1485 5097 1739 5150 Romanis
1784 5100 1875 5150 tle-

285 5159 526 5214 cembris
553 5159 588 5212 2
619 5160 740 5213 anui
778 5161 914 5215 Πδϐ
946 5161 1174 5227 excidit,
1221 5173 1276 5217 ut
1309 5165 1626 5221 Prudentius
1657 5177 1874 5222 Sanctus

286 5231 696 5305 appellaretur,
735 5229 857 5284 dum
911 5234 1257 5289 auunuliatur
1298 5239 1614 5304 opusculum
1671 5255 1869 5305 meum,

284 5300 594 5378 [iym_nodia
624 5299 910 5378 Hispaniae
937 5347 949 5370 ,
981 5305 1032 5358 in
1064 5321 1168 5374 quo
1195 5299 1346 5378 certe
1383 5323 1650 5378 nunquam
1678 5310 1722 5364 is
1756 5299 1877 5366 titu;

284 5372 376 5426 lus
417 5372 708 5426 Prudentio
735 5382 920 5428 nostro
948 5372 1235 5445 affingitur.
1282 5377 1335 5432 lu
1383 5372 1602 5434 mssIad
1632 5397 1777 5434 num.
1810 5383 1876 5436 96

279 5447 454 5520 semel
490 5452 694 5520 tantum
733 5461 888 5520 nam
924 5462 1113 5500 ll0lll8l|
1149 5449 1438 5503 Prudentio
1464 5452 1766 5520 appositum
1798 5454 1876 5507 in-

281 5513 502 5590 dicatur
525 5517 689 5590 ,ηιιιίΔ
715 5516 1110 5590 θιὶειηιᾲεαιιειιιδ
1161 5521 1355 5576 dicitur
1383 5538 1410 5574 a
1445 5513 1675 5590 quodam
1711 5525 1875 5579 inter-

281 5597 438 5664 pretc
466 5584 650 5664 Italico
679 5585 940 5664 hymni
967 5588 1202 5645 Cassiani
1229 5609 1372 5648 uutu.
1407 5584 1528 5664 lit,
1559 5606 1610 5648 et
1639 5610 1665 5646 ο
1700 5596 1758 5649 Ρ.
1790 5597 1875 5652 Li-

275 5657 438 5733 ber-io
477 5671 506 5710 a
535 5657 659 5733 Jesu
701 5668 829 5733 toni.
874 5661 895 5733 _l
941 5675 1006 5714 cx
1051 5665 1378 5732 posthutuis,
1415 5657 1526 5720 col:
1551 5667 1674 5729 76.3,
1708 5677 1780 5733 et,
1816 5683 1872 5723 ut

277 5729 521 5794 videtur,
557 5745 583 5780 a
615 5729 921 5783 Mabillonio
953 5734 1002 5785 iu
1036 5729 1230 5802 opere:
1266 5736 1534 5792 illémoires
1557 5755 1687 5808 pour
1713 5729 1871 5794 ser'vir

359 5825 440 5900 (l)
470 5824 637 5900 idest
671 5826 722 5880 iu
751 5826 851 5882 ode
878 5825 1125 5882 lmtnolat
1159 5827 1298 5897 Deo,
1330 5846 1448 5899 quae
1490 5832 1541 5885 iu
1593 5831 1689 5885 hac
1733 5835 1866 5889 Are-

272 5898 391 5958 vali
416 5898 652 5957 editione
679 5907 1007 5966 praenotatur
1031 5901 1232 5970 Epilogi
1259 5898 1408 5957 titulo
1431 5904 1728 5974 legiturque
1747 5922 1866 5975 pag.

1986 4760 2080 4812 tat,
2099 4749 2199 4804 Ter
2220 4753 2387 4818 legum
2414 4750 2758 4803 moderamine
2782 4766 2875 4816 pro
2892 4749 2980 4802 Bis
3003 4750 3169 4819 legum
3193 4748 3570 4813 moderamine;

1983 4822 2228 4876 similiter
2259 4826 2307 4874 iu
2345 4824 2543 4876 Dextro
2572 4836 2770 4875 excuso
2793 4820 3214 4886 Caesaraugusta:
3245 4820 3522 4888 legendum
3555 4839 3566 4873 :

1953 4895 2130 4952 _.»tnno
2158 4894 2226 4947 40
2253 4893 2470 4958 (nempe
2514 4890 2710 4960 :etatis)
2754 4893 2873 4960 petit
2913 4891 3142 4944 Romam.
3192 4891 3386 4945 Scribit
3427 4892 3569 4946 enim

1985 4963 2182 5017 Dexter
2211 4964 2275 5016 ad
2307 4979 2501 5016 ulmum
2533 4962 2659 5015 596.
2695 4961 3008 5016 Prudentius
3050 4961 3240 5030 lyricus
3275 4973 3422 5028 poeta
3464 4963 3572 5015 Cte-

1981 5043 2381 5102 saraugustanus
2410 5031 2587 5086 Roma:
2613 5033 2805 5085 scribit.
2849 5034 2996 5100 Quod
3039 5034 3178 5088 idem
3209 5031 3450 5086 Bivarius
3476 5049 3570 5086 ex-

1988 5105 2148 5170 plicat
2178 5104 2246 5158 de
2295 5104 2428 5158 lihro
2479 5104 2915 5174 PryClIOITIBChlIB
2947 5123 2960 5157 :
2990 5107 3139 5172 quasi
3189 5104 3273 5156 hic
3310 5102 3444 5174 liber
3494 5104 3572 5172 ly-

1976 5175 2086 5228 rica
2115 5176 2338 5228 carmine
2362 5175 2429 5228 sit
2455 5172 2780 5241 compositus
2809 5193 2820 5226 :
2857 5191 2978 5229 nam
3015 5176 3179 5229 libros
3205 5184 3387 5227 contra
3416 5172 3572 5241 Syru-

1981 5246 2233 5300 machnm
2266 5255 2445 5301 tuetur
2475 5248 2702 5312 Scri-ptos
2725 5261 2867 5301 anno
2898 5248 3001 5301 £07
3036 5257 3150 5310 post
3182 5244 3458 5297 victoriam
3504 5245 3571 5297 de

1983 5317 2285 5387 llatlagaiso
2328 5317 2581 5386 Gctisque
2611 5317 2831 5372 relatam
2865 5333 3006 5370 anno
3033 5317 3158 5378 406,
3195 5312 3424 5387 Arcadio
3445 5323 3572 5387 vict

1965 5383 2168 5447 .Probo
2198 5403 2361 5454 coss.,
2406 5398 2461 5442 ut
2495 5383 2714 5456 exponit
2761 5391 2812 5442 in
2856 5389 3156 5441 Comment.
3189 5383 3253 5456 ad
3309 5398 3396 5456 an.
3443 5383 3566 5456 M7.

2060 5461 2139 5528 (ρ)
2183 5453 2580 5514 Commi-litum
2609 5458 3040 5514 Pseudo-Juliani
3094 5453 3565 5528 archipresbyteri,

1989 5524 2130 5606 quod
2168 5531 2488 5606 Prudentius
2533 5530 2820 5606 episcopus
2863 5529 3370 5606 Casaraugustauus
3415 5524 3572 5606 fuerit

1984 5595 2051 5655 ab
2075 5618 2218 5658 anno
2249 5603 2353 5660 MO
2374 5605 2440 5656 atl
2470 5595 2672 5656 anu—um
2704 5595 2772 5655 i2
2787 5599 2830 5664 ι,
2859 5600 2975 5654 fuse
3015 5596 3207 5650 refellit
3238 5595 3354 5650 Nic.
3403 5602 3570 5650 Anto-

1983 5679 2106 5727 nius
2139 5677 2188 5728 in
2224 5675 2358 5728 Bibl.
2392 5685 2500 5728 Vel.
2541 5674 2688 5740 llisp.
2725 5672 2873 5726 Alias
2910 5667 3140 5737 ineptias
3177 5667 3322 5738 leges
3353 5669 3406 5722 in
3437 5683 3566 5723 mss.

1982 5747 2297 5814 quibusdam
2332 5747 2524 5811 Vatic.,
2561 5761 2678 5811 cap.
2711 5744 2765 5797 4.
3223 5761 3226 5768 ι

1976 5835 2135 5901 ἂῖἳῖί,
2172 5837 2223 5892 in
2251 5838 2528 5892 nonnullis
2561 5843 2736 5891 autem
2769 5833 3128 5891 Dittochaeum
3171 5835 3283 5890 sive
3329 5831 3570 5890 Encbiri-

1962 5910 2108 5964 -diou
2140 5911 2190 5963 in
2224 5909 2552 5977 prccfationis
2581 5909 2750 5962 vicem
2785 5907 3061 5976 prtccedit.
3088 5907 3242 5963 EDIT.
