  <div class='ocr_page' id='page_1' title='image "/cluster/home/n/w/nwhite01/storage/ocr_20150623/59/hvd.32044015471626/310.png"; bbox 0 0 4142 6350; ppageno 0'>
   <div class='ocr_carea' id='block_1_1' title="bbox 277 926 294 956">
    <p class='ocr_par' dir='ltr' id='par_1_1' title="bbox 277 926 294 956">
     <span class='ocr_line' id='line_1_1' title="bbox 277 926 294 956; baseline 0 0"><span class='ocrx_word' id='word_1_1' title='bbox 277 926 294 956; x_wconf 72' lang='lat' dir='ltr'><strong><em>t’</em></strong></span> 
     </span>
    </p>
   </div>
   <div class='ocr_carea' id='block_1_2' title="bbox 280 1014 288 1063">
    <p class='ocr_par' dir='ltr' id='par_1_2' title="bbox 280 1014 288 1063">
     <span class='ocr_line' id='line_1_2' title="bbox 280 1014 288 1063; baseline 0 0"><span class='ocrx_word' id='word_1_2' title='bbox 280 1014 288 1063; x_wconf 77' lang='lat' dir='ltr'><strong><em>i</em></strong></span> 
     </span>
    </p>
   </div>
   <div class='ocr_carea' id='block_1_3' title="bbox 322 349 424 407">
    <p class='ocr_par' dir='ltr' id='par_1_3' title="bbox 322 349 424 407">
     <span class='ocr_line' id='line_1_3' title="bbox 322 349 424 407; baseline -0.02 0"><span class='ocrx_word' id='word_1_3' title='bbox 322 349 424 407; x_wconf 80' lang='grc'><strong><em>609</em></strong></span> 
     </span>
    </p>
   </div>
   <div class='ocr_carea' id='block_1_4' title="bbox 1714 340 2247 402">
    <p class='ocr_par' dir='ltr' id='par_1_4' title="bbox 1714 340 2247 402">
     <span class='ocr_line' id='line_1_4' title="bbox 1714 340 2247 402; baseline -0.002 -2"><span class='ocrx_word' id='word_1_4' title='bbox 1714 340 2247 402; x_wconf 77' lang='lat' dir='ltr'><strong><em>PROLEGOMENA.</em></strong></span> 
     </span>
    </p>
   </div>
   <div class='ocr_carea' id='block_1_5' title="bbox 3499 347 3603 408">
    <p class='ocr_par' dir='ltr' id='par_1_5' title="bbox 3499 347 3603 408">
     <span class='ocr_line' id='line_1_5' title="bbox 3499 347 3603 408; baseline 0 -1"><span class='ocrx_word' id='word_1_5' title='bbox 3499 347 3603 408; x_wconf 86' lang='grc'><strong><em>610</em></strong></span> 
     </span>
    </p>
   </div>
   <div class='ocr_carea' id='block_1_6' title="bbox 322 456 3605 539">
    <p class='ocr_par' dir='ltr' id='par_1_6' title="bbox 322 456 3605 539">
     <span class='ocr_line' id='line_1_6' title="bbox 322 456 3605 539; baseline 0.001 -21"><span class='ocrx_word' id='word_1_6' title='bbox 322 483 434 519; x_wconf 89' lang='lat' dir='ltr'><strong><em>runt</em></strong></span> <span class='ocrx_word' id='word_1_7' title='bbox 464 463 819 520; x_wconf 72' lang='lat' dir='ltr'><strong><em>Hexaemeron</em></strong></span> <span class='ocrx_word' id='word_1_8' title='bbox 852 466 917 520; x_wconf 86' lang='lat' dir='ltr'><strong><em>de</em></strong></span> <span class='ocrx_word' id='word_1_9' title='bbox 938 466 1115 521; x_wconf 86' lang='lat' dir='ltr'><strong><em>mundi</em></strong></span> <span class='ocrx_word' id='word_1_10' title='bbox 1153 465 1367 539; x_wconf 82' lang='lat' dir='ltr'><strong><em>fabrica.</em></strong></span> <span class='ocrx_word' id='word_1_11' title='bbox 1418 463 1720 535; x_wconf 72' lang='lat' dir='ltr'><strong><em>Composuit</em></strong></span> <span class='ocrx_word' id='word_1_12' title='bbox 1771 473 1819 518; x_wconf 90' lang='lat' dir='ltr'><strong><em>et</em></strong></span> <span class='ocrx_word' id='word_1_13' title='bbox 1851 464 1916 518; x_wconf 87' lang='lat' dir='ltr'><strong><em>li-</em></strong></span> <span class='ocrx_word' id='word_1_14' title='bbox 1942 463 1999 524; x_wconf 76' lang='grc' dir='ltr'>Α</span> <span class='ocrx_word' id='word_1_15' title='bbox 2021 456 2332 533; x_wconf 72' lang='lat' dir='ltr'><strong><em>Scripsisse;</em></strong></span> <span class='ocrx_word' id='word_1_16' title='bbox 2374 478 2439 520; x_wconf 90' lang='lat' dir='ltr'><strong><em>ac</em></strong></span> <span class='ocrx_word' id='word_1_17' title='bbox 2490 464 2715 521; x_wconf 81' lang='lat' dir='ltr'><strong><em>fortasse</em></strong></span> <span class='ocrx_word' id='word_1_18' title='bbox 2749 465 3074 522; x_wconf 82' lang='lat' dir='ltr'><strong><em>Trithemius</em></strong></span> <span class='ocrx_word' id='word_1_19' title='bbox 3107 464 3354 521; x_wconf 87' lang='lat' dir='ltr'><strong><em>idoneum</em></strong></span> <span class='ocrx_word' id='word_1_20' title='bbox 3414 474 3605 522; x_wconf 83' lang='lat' dir='ltr'><strong><em>testem</em></strong></span> 
     </span>
    </p>
   </div>
   <div class='ocr_carea' id='block_1_7' title="bbox 325 557 1906 631">
    <p class='ocr_par' dir='ltr' id='par_1_7' title="bbox 325 557 1906 631">
     <span class='ocr_line' id='line_1_7' title="bbox 325 557 1906 631; baseline 0.001 -19"><span class='ocrx_word' id='word_1_21' title='bbox 325 557 501 626; x_wconf 80' lang='lat' dir='ltr'><strong><em>bellas,</em></strong></span> <span class='ocrx_word' id='word_1_22' title='bbox 523 574 649 629; x_wconf 76' lang='lat' dir='ltr'><strong><em>quos</em></strong></span> <span class='ocrx_word' id='word_1_23' title='bbox 666 557 842 614; x_wconf 66' lang='lat' dir='ltr'><strong><em>Graece</em></strong></span> <span class='ocrx_word' id='word_1_24' title='bbox 863 560 1191 627; x_wconf 66' lang='lat' dir='ltr'><strong><em>pretilttlavit</em></strong></span> <span class='ocrx_word' id='word_1_25' title='bbox 1205 560 1537 624; x_wconf 73' lang='grc' dir='ltr'><strong><em>’Λποθίωσρς,</em></strong></span> <span class='ocrx_word' id='word_1_26' title='bbox 1552 562 1906 631; x_wconf 76' lang='grc' dir='ltr'><strong><em>Ψυχομαχία,</em></strong></span> 
     </span>
    </p>
   </div>
   <div class='ocr_carea' id='block_1_8' title="bbox 325 653 1915 731">
    <p class='ocr_par' dir='ltr' id='par_1_8' title="bbox 325 653 1915 731">
     <span class='ocr_line' id='line_1_8' title="bbox 325 653 1915 731; baseline 0 -24"><span class='ocrx_word' id='word_1_27' title='bbox 325 656 725 731; x_wconf 78' lang='grc' dir='ltr'><strong><em>Ἀμαρτιγένεια,</em></strong></span> <span class='ocrx_word' id='word_1_28' title='bbox 754 654 810 708; x_wconf 89' lang='lat' dir='ltr'><strong><em>id</em></strong></span> <span class='ocrx_word' id='word_1_29' title='bbox 835 665 908 710; x_wconf 83' lang='lat' dir='ltr'><strong><em>est</em></strong></span> <span class='ocrx_word' id='word_1_30' title='bbox 937 655 1000 709; x_wconf 89' lang='lat' dir='ltr'><strong><em>de</em></strong></span> <span class='ocrx_word' id='word_1_31' title='bbox 1052 654 1352 720; x_wconf 83' lang='lat' dir='ltr'><strong><em>Divinitate,</em></strong></span> <span class='ocrx_word' id='word_1_32' title='bbox 1394 654 1458 707; x_wconf 86' lang='lat' dir='ltr'><strong><em>de</em></strong></span> <span class='ocrx_word' id='word_1_33' title='bbox 1500 653 1915 725; x_wconf 88' lang='lat' dir='ltr'><strong><em>Compuqnantia</em></strong></span> 
     </span>
    </p>
   </div>
   <div class='ocr_carea' id='block_1_9' title="bbox 325 744 1917 817">
    <p class='ocr_par' dir='ltr' id='par_1_9' title="bbox 325 744 1917 817">
     <span class='ocr_line' id='line_1_9' title="bbox 325 744 1917 817; baseline 0 -20"><span class='ocrx_word' id='word_1_34' title='bbox 325 746 503 814; x_wconf 68' lang='lat' dir='ltr'><strong><em>animi,</em></strong></span> <span class='ocrx_word' id='word_1_35' title='bbox 540 745 604 800; x_wconf 88' lang='lat' dir='ltr'><strong><em>de</em></strong></span> <span class='ocrx_word' id='word_1_36' title='bbox 654 744 866 817; x_wconf 76' lang='lat' dir='ltr'><strong><em>Origine</em></strong></span> <span class='ocrx_word' id='word_1_37' title='bbox 912 754 1257 815; x_wconf 75' lang='lat' dir='ltr'><strong><em>peccatorum.</em></strong></span> <span class='ocrx_word' id='word_1_38' title='bbox 1305 744 1454 800; x_wconf 78' lang='lat' dir='ltr'><strong><em>Fecit</em></strong></span> <span class='ocrx_word' id='word_1_39' title='bbox 1512 755 1559 800; x_wconf 89' lang='lat' dir='ltr'><strong><em>et</em></strong></span> <span class='ocrx_word' id='word_1_40' title='bbox 1606 746 1661 799; x_wconf 89' lang='lat' dir='ltr'><strong><em>in</em></strong></span> <span class='ocrx_word' id='word_1_41' title='bbox 1709 745 1917 799; x_wconf 88' lang='lat' dir='ltr'><strong><em>laudem</em></strong></span> 
     </span>
    </p>
   </div>
   <div class='ocr_carea' id='block_1_10' title="bbox 325 836 1914 909">
    <p class='ocr_par' dir='ltr' id='par_1_10' title="bbox 325 836 1914 909">
     <span class='ocr_line' id='line_1_10' title="bbox 325 836 1914 909; baseline 0.003 -22"><span class='ocrx_word' id='word_1_42' title='bbox 325 846 611 906; x_wconf 76' lang='lat' dir='ltr'><strong><em>martyrum</em></strong></span> <span class='ocrx_word' id='word_1_43' title='bbox 655 837 844 891; x_wconf 84' lang='lat' dir='ltr'><strong><em>librum</em></strong></span> <span class='ocrx_word' id='word_1_44' title='bbox 889 854 1071 907; x_wconf 89' lang='lat' dir='ltr'><strong><em>unum,</em></strong></span> <span class='ocrx_word' id='word_1_45' title='bbox 1125 846 1171 893; x_wconf 86' lang='lat' dir='ltr'><strong><em>et</em></strong></span> <span class='ocrx_word' id='word_1_46' title='bbox 1213 836 1431 891; x_wconf 90' lang='lat' dir='ltr'><strong><em>alterum</em></strong></span> <span class='ocrx_word' id='word_1_47' title='bbox 1475 837 1722 893; x_wconf 87' lang='lat' dir='ltr'><strong><em>adversus</em></strong></span> <span class='ocrx_word' id='word_1_48' title='bbox 1752 837 1914 909; x_wconf 81' lang='lat' dir='ltr'><strong><em>Sym-</em></strong></span> 
     </span>
    </p>
   </div>
   <div class='ocr_carea' id='block_1_11' title="bbox 326 912 1937 985">
    <p class='ocr_par' dir='ltr' id='par_1_11' title="bbox 326 912 1937 985">
     <span class='ocr_line' id='line_1_11' title="bbox 326 912 1937 985; baseline 0.003 -5"><span class='ocrx_word' id='word_1_49' title='bbox 326 931 588 985; x_wconf 79' lang='lat' dir='ltr'><strong><em>machum.</em></strong></span> <span class='ocrx_word' id='word_1_50' title='bbox 1930 912 1937 919; x_wconf 56' lang='grc'><strong>’</strong></span> 
     </span>
    </p>
   </div>
   <div class='ocr_carea' id='block_1_12' title="bbox 402 1023 1920 1096">
    <p class='ocr_par' dir='ltr' id='par_1_12' title="bbox 402 1023 1920 1096">
     <span class='ocr_line' id='line_1_12' title="bbox 402 1023 1920 1096; baseline 0.001 -19"><span class='ocrx_word' id='word_1_51' title='bbox 402 1023 492 1079; x_wconf 75' lang='lat'><strong><em>62.</em></strong></span> <span class='ocrx_word' id='word_1_52' title='bbox 520 1023 755 1096; x_wconf 80' lang='lat' dir='ltr'><strong>Longior</strong></span> <span class='ocrx_word' id='word_1_53' title='bbox 804 1034 887 1081; x_wconf 87' lang='lat' dir='ltr'><strong><em>est</em></strong></span> <span class='ocrx_word' id='word_1_54' title='bbox 934 1024 1281 1092; x_wconf 86' lang='lat' dir='ltr'><strong><em>Trithemius,</em></strong></span> <span class='ocrx_word' id='word_1_55' title='bbox 1340 1024 1432 1095; x_wconf 87' lang='lat' dir='ltr'><strong>qui</strong></span> <span class='ocrx_word' id='word_1_56' title='bbox 1482 1025 1677 1081; x_wconf 86' lang='lat' dir='ltr'><strong><em>mullos</em></strong></span> <span class='ocrx_word' id='word_1_57' title='bbox 1705 1024 1920 1082; x_wconf 88' lang='lat' dir='ltr'><strong>codices</strong></span> 
     </span>
    </p>
   </div>
   <div class='ocr_carea' id='block_1_13' title="bbox 332 1115 1919 1191">
    <p class='ocr_par' dir='ltr' id='par_1_13' title="bbox 332 1115 1919 1191">
     <span class='ocr_line' id='line_1_13' title="bbox 332 1115 1919 1191; baseline 0.001 -21"><span class='ocrx_word' id='word_1_58' title='bbox 332 1115 663 1187; x_wconf 75' lang='lat' dir='ltr'><strong><em>inspexerat,</em></strong></span> <span class='ocrx_word' id='word_1_59' title='bbox 688 1126 744 1174; x_wconf 90' lang='lat' dir='ltr'><strong><em>et</em></strong></span> <span class='ocrx_word' id='word_1_60' title='bbox 769 1133 913 1191; x_wconf 56' lang='lat' dir='ltr'><strong><em>saepe</em></strong></span> <span class='ocrx_word' id='word_1_61' title='bbox 942 1134 1006 1174; x_wconf 89' lang='lat' dir='ltr'><strong><em>ex</em></strong></span> <span class='ocrx_word' id='word_1_62' title='bbox 1040 1134 1146 1174; x_wconf 91' lang='lat' dir='ltr'><strong><em>uno</em></strong></span> <span class='ocrx_word' id='word_1_63' title='bbox 1182 1132 1347 1188; x_wconf 83' lang='lat' dir='ltr'><strong><em>opere</em></strong></span> <span class='ocrx_word' id='word_1_64' title='bbox 1400 1119 1552 1188; x_wconf 90' lang='lat' dir='ltr'><strong><em>plura</em></strong></span> <span class='ocrx_word' id='word_1_65' title='bbox 1594 1116 1738 1183; x_wconf 82' lang='lat' dir='ltr'><strong><em>fecit,</em></strong></span> <span class='ocrx_word' id='word_1_66' title='bbox 1781 1127 1835 1173; x_wconf 88' lang='lat' dir='ltr'><strong><em>et</em></strong></span> <span class='ocrx_word' id='word_1_67' title='bbox 1866 1117 1919 1172; x_wconf 92' lang='lat' dir='ltr'><strong><em>in</em></strong></span> 
     </span>
    </p>
   </div>
   <div class='ocr_carea' id='block_1_14' title="bbox 330 1208 1924 1282">
    <p class='ocr_par' dir='ltr' id='par_1_14' title="bbox 330 1208 1924 1282">
     <span class='ocr_line' id='line_1_14' title="bbox 330 1208 1924 1282; baseline -0.001 -18"><span class='ocrx_word' id='word_1_68' title='bbox 330 1208 580 1266; x_wconf 89' lang='lat' dir='ltr'><strong><em>diversos</em></strong></span> <span class='ocrx_word' id='word_1_69' title='bbox 608 1211 792 1266; x_wconf 89' lang='lat' dir='ltr'><strong><em>titulos</em></strong></span> <span class='ocrx_word' id='word_1_70' title='bbox 819 1210 1081 1266; x_wconf 84' lang='lat' dir='ltr'><strong><em>distinxit.</em></strong></span> <span class='ocrx_word' id='word_1_71' title='bbox 1113 1211 1202 1269; x_wconf 90' lang='lat' dir='ltr'><strong><em>Sic</em></strong></span> <span class='ocrx_word' id='word_1_72' title='bbox 1231 1212 1376 1267; x_wconf 90' lang='lat' dir='ltr'><strong><em>cnim</em></strong></span> <span class='ocrx_word' id='word_1_73' title='bbox 1413 1212 1488 1265; x_wconf 87' lang='lat' dir='ltr'><strong><em>ait</em></strong></span> <span class='ocrx_word' id='word_1_74' title='bbox 1517 1225 1637 1282; x_wconf 90' lang='lat' dir='ltr'><strong><em>cap.</em></strong></span> <span class='ocrx_word' id='word_1_75' title='bbox 1671 1212 1739 1266; x_wconf 85' lang='lat'><strong><em>90</em></strong></span> <span class='ocrx_word' id='word_1_76' title='bbox 1764 1226 1778 1265; x_wconf 87' lang='lat'><strong><em>:</em></strong></span> <span class='ocrx_word' id='word_1_77' title='bbox 1812 1211 1924 1264; x_wconf 78' lang='lat' dir='ltr'><strong><em>Au-</em></strong></span> 
     </span>
    </p>
   </div>
   <div class='ocr_carea' id='block_1_15' title="bbox 333 1300 1925 1373">
    <p class='ocr_par' dir='ltr' id='par_1_15' title="bbox 333 1300 1925 1373">
     <span class='ocr_line' id='line_1_15' title="bbox 333 1300 1925 1373; baseline 0.001 -19"><span class='ocrx_word' id='word_1_78' title='bbox 333 1300 492 1356; x_wconf 86' lang='lat' dir='ltr'><strong><em>relius</em></strong></span> <span class='ocrx_word' id='word_1_79' title='bbox 521 1300 754 1357; x_wconf 83' lang='lat' dir='ltr'><strong><em>Clemens</em></strong></span> <span class='ocrx_word' id='word_1_80' title='bbox 804 1301 1146 1370; x_wconf 75' lang='lat' dir='ltr'><strong><em>Prudentius,</em></strong></span> <span class='ocrx_word' id='word_1_81' title='bbox 1180 1314 1326 1373; x_wconf 88' lang='lat' dir='ltr'><strong><em>poeta</em></strong></span> <span class='ocrx_word' id='word_1_82' title='bbox 1378 1301 1721 1373; x_wconf 84' lang='lat' dir='ltr'><strong><em>Christianus,</em></strong></span> <span class='ocrx_word' id='word_1_83' title='bbox 1748 1302 1825 1356; x_wconf 85' lang='lat' dir='ltr'><strong><em>vir</em></strong></span> <span class='ocrx_word' id='word_1_84' title='bbox 1872 1302 1925 1356; x_wconf 91' lang='lat' dir='ltr'><strong><em>in</em></strong></span> 
     </span>
    </p>
   </div>
   <div class='ocr_carea' id='block_1_16' title="bbox 335 1388 1923 1471">
    <p class='ocr_par' dir='ltr' id='par_1_16' title="bbox 335 1388 1923 1471">
     <span class='ocr_line' id='line_1_16' title="bbox 335 1388 1923 1471; baseline -0.001 -23"><span class='ocrx_word' id='word_1_85' title='bbox 335 1394 665 1449; x_wconf 64' lang='lat' dir='ltr'><strong><em>«cauteribus</em></strong></span> <span class='ocrx_word' id='word_1_86' title='bbox 718 1395 899 1449; x_wconf 77' lang='lat' dir='ltr'><strong>litteris</strong></span> <span class='ocrx_word' id='word_1_87' title='bbox 939 1397 1186 1462; x_wconf 89' lang='lat' dir='ltr'><strong><em>eruditus,</em></strong></span> <span class='ocrx_word' id='word_1_88' title='bbox 1229 1406 1275 1449; x_wconf 92' lang='lat' dir='ltr'><strong><em>et</em></strong></span> <span class='ocrx_word' id='word_1_89' title='bbox 1318 1396 1369 1471; x_wconf 87' lang='lat' dir='ltr'><strong><em>in</em></strong></span> <span class='ocrx_word' id='word_1_90' title='bbox 1398 1396 1583 1449; x_wconf 87' lang='lat' dir='ltr'><strong><em>divinis</em></strong></span> <span class='ocrx_word' id='word_1_91' title='bbox 1634 1388 1923 1465; x_wconf 78' lang='lat' dir='ltr'><strong><em>Scripturis</em></strong></span> 
     </span>
    </p>
   </div>
   <div class='ocr_carea' id='block_1_17' title="bbox 336 1486 1927 1559">
    <p class='ocr_par' dir='ltr' id='par_1_17' title="bbox 336 1486 1927 1559">
     <span class='ocr_line' id='line_1_17' title="bbox 336 1486 1927 1559; baseline 0.002 -21"><span class='ocrx_word' id='word_1_92' title='bbox 336 1486 458 1539; x_wconf 86' lang='lat' dir='ltr'><strong><em>satis</em></strong></span> <span class='ocrx_word' id='word_1_93' title='bbox 490 1486 699 1555; x_wconf 87' lang='lat' dir='ltr'><strong><em>peritus,</em></strong></span> <span class='ocrx_word' id='word_1_94' title='bbox 724 1496 886 1541; x_wconf 89' lang='lat' dir='ltr'><strong><em>metro</em></strong></span> <span class='ocrx_word' id='word_1_95' title='bbox 914 1488 1163 1541; x_wconf 75' lang='lat' dir='ltr'><strong><em>excellens</em></strong></span> <span class='ocrx_word' id='word_1_96' title='bbox 1191 1497 1235 1541; x_wconf 91' lang='lat' dir='ltr'><strong><em>et</em></strong></span> <span class='ocrx_word' id='word_1_97' title='bbox 1268 1503 1420 1559; x_wconf 85' lang='lat' dir='ltr'><strong><em>prosa</em></strong></span> <span class='ocrx_word' id='word_1_98' title='bbox 1443 1505 1531 1557; x_wconf 88' lang='lat' dir='ltr'><strong><em>per</em></strong></span> <span class='ocrx_word' id='word_1_99' title='bbox 1562 1488 1927 1559; x_wconf 78' lang='lat' dir='ltr'><strong><em>quinquaginta</em></strong></span> 
     </span>
    </p>
   </div>
   <div class='ocr_carea' id='block_1_18' title="bbox 336 1581 1931 1649">
    <p class='ocr_par' dir='ltr' id='par_1_18' title="bbox 336 1581 1931 1649">
     <span class='ocr_line' id='line_1_18' title="bbox 336 1581 1931 1649; baseline 0.003 -18"><span class='ocrx_word' id='word_1_100' title='bbox 336 1587 524 1649; x_wconf 83' lang='lat' dir='ltr'><strong><em>septem</em></strong></span> <span class='ocrx_word' id='word_1_101' title='bbox 554 1588 742 1647; x_wconf 68' lang='lat' dir='ltr'><strong><em>jannos</em></strong></span> <span class='ocrx_word' id='word_1_102' title='bbox 781 1581 959 1635; x_wconf 85' lang='lat' dir='ltr'><strong><em>mundi</em></strong></span> <span class='ocrx_word' id='word_1_103' title='bbox 988 1581 1247 1637; x_wconf 82' lang='lat' dir='ltr'><strong><em>amoribus</em></strong></span> <span class='ocrx_word' id='word_1_104' title='bbox 1276 1591 1521 1649; x_wconf 88' lang='lat' dir='ltr'><strong><em>retentus,</em></strong></span> <span class='ocrx_word' id='word_1_105' title='bbox 1553 1583 1715 1635; x_wconf 88' lang='lat' dir='ltr'><strong><em>multa</em></strong></span> <span class='ocrx_word' id='word_1_106' title='bbox 1756 1591 1931 1649; x_wconf 88' lang='lat' dir='ltr'><strong><em>poeta-</em></strong></span> 
     </span>
    </p>
   </div>
   <div class='ocr_carea' id='block_1_19' title="bbox 338 1678 1932 1748">
    <p class='ocr_par' dir='ltr' id='par_1_19' title="bbox 338 1678 1932 1748">
     <span class='ocr_line' id='line_1_19' title="bbox 338 1678 1932 1748; baseline 0 -18"><span class='ocrx_word' id='word_1_107' title='bbox 338 1693 455 1730; x_wconf 87' lang='lat' dir='ltr'><strong><em>rum</em></strong></span> <span class='ocrx_word' id='word_1_108' title='bbox 482 1678 730 1748; x_wconf 84' lang='lat' dir='ltr'><strong><em>opuscula</em></strong></span> <span class='ocrx_word' id='word_1_109' title='bbox 757 1678 875 1748; x_wconf 85' lang='lat' dir='ltr'><strong><em>legit</em></strong></span> <span class='ocrx_word' id='word_1_110' title='bbox 903 1686 947 1731; x_wconf 89' lang='lat' dir='ltr'><strong><em>et</em></strong></span> <span class='ocrx_word' id='word_1_111' title='bbox 980 1680 1235 1747; x_wconf 76' lang='lat' dir='ltr'><strong><em>exposuit,</em></strong></span> <span class='ocrx_word' id='word_1_112' title='bbox 1278 1694 1337 1730; x_wconf 90' lang='lat' dir='ltr'><strong><em>ac</em></strong></span> <span class='ocrx_word' id='word_1_113' title='bbox 1383 1679 1445 1732; x_wconf 87' lang='lat' dir='ltr'><strong><em>de</em></strong></span> <span class='ocrx_word' id='word_1_114' title='bbox 1481 1695 1573 1732; x_wconf 83' lang='lat' dir='ltr'><strong><em>sua</em></strong></span> <span class='ocrx_word' id='word_1_115' title='bbox 1602 1695 1728 1732; x_wconf 81' lang='lat' dir='ltr'><strong><em>vena</em></strong></span> <span class='ocrx_word' id='word_1_116' title='bbox 1770 1680 1932 1731; x_wconf 89' lang='lat' dir='ltr'><strong><em>multa</em></strong></span> 
     </span>
    </p>
   </div>
   <div class='ocr_carea' id='block_1_20' title="bbox 342 1768 1936 1841">
    <p class='ocr_par' dir='ltr' id='par_1_20' title="bbox 342 1768 1936 1841">
     <span class='ocr_line' id='line_1_20' title="bbox 342 1768 1936 1841; baseline 0 -18"><span class='ocrx_word' id='word_1_117' title='bbox 342 1768 449 1841; x_wconf 54' lang='lat'><strong><em>5,3</em></strong></span> <span class='ocrx_word' id='word_1_118' title='bbox 476 1770 737 1839; x_wconf 83' lang='lat' dir='ltr'><strong><em>profunda</em></strong></span> <span class='ocrx_word' id='word_1_119' title='bbox 765 1779 999 1838; x_wconf 81' lang='lat' dir='ltr'><strong><em>poemata</em></strong></span> <span class='ocrx_word' id='word_1_120' title='bbox 1030 1772 1251 1840; x_wconf 81' lang='lat' dir='ltr'><strong><em>scripsit.</em></strong></span> <span class='ocrx_word' id='word_1_121' title='bbox 1282 1769 1515 1825; x_wconf 89' lang='lat' dir='ltr'><strong><em>Tandem</em></strong></span> <span class='ocrx_word' id='word_1_122' title='bbox 1556 1786 1671 1823; x_wconf 80' lang='lat' dir='ltr'><strong><em>vero</em></strong></span> <span class='ocrx_word' id='word_1_123' title='bbox 1699 1770 1754 1824; x_wconf 91' lang='lat' dir='ltr'><strong><em>in</em></strong></span> <span class='ocrx_word' id='word_1_124' title='bbox 1794 1785 1936 1823; x_wconf 88' lang='lat' dir='ltr'><strong><em>sene-</em></strong></span> 
     </span>
    </p>
   </div>
   <div class='ocr_carea' id='block_1_21' title="bbox 2020 558 3605 631">
    <p class='ocr_par' dir='ltr' id='par_1_21' title="bbox 2020 558 3605 631">
     <span class='ocr_line' id='line_1_21' title="bbox 2020 558 3605 631; baseline 0.002 -19"><span class='ocrx_word' id='word_1_125' title='bbox 2020 558 2252 629; x_wconf 86' lang='lat' dir='ltr'><strong><em>aliquem</em></strong></span> <span class='ocrx_word' id='word_1_126' title='bbox 2296 558 2501 614; x_wconf 78' lang='lat' dir='ltr'><strong><em>habuit.</em></strong></span> <span class='ocrx_word' id='word_1_127' title='bbox 2554 559 2722 616; x_wconf 88' lang='lat' dir='ltr'><strong><em>Nobis</em></strong></span> <span class='ocrx_word' id='word_1_128' title='bbox 2770 559 2987 631; x_wconf 84' lang='lat' dir='ltr'><strong><em>quidem</em></strong></span> <span class='ocrx_word' id='word_1_129' title='bbox 3034 560 3257 615; x_wconf 87' lang='lat' dir='ltr'><strong><em>idoneus</em></strong></span> <span class='ocrx_word' id='word_1_130' title='bbox 3307 561 3458 615; x_wconf 87' lang='lat' dir='ltr'><strong><em>testis</em></strong></span> <span class='ocrx_word' id='word_1_131' title='bbox 3498 575 3605 615; x_wconf 81' lang='lat' dir='ltr'><strong><em>non</em></strong></span> 
     </span>
    </p>
   </div>
   <div class='ocr_carea' id='block_1_22' title="bbox 2025 650 3610 724">
    <p class='ocr_par' dir='ltr' id='par_1_22' title="bbox 2025 650 3610 724">
     <span class='ocr_line' id='line_1_22' title="bbox 2025 650 3610 724; baseline 0.001 -18"><span class='ocrx_word' id='word_1_132' title='bbox 2025 660 2108 707; x_wconf 88' lang='lat' dir='ltr'><strong><em>est</em></strong></span> <span class='ocrx_word' id='word_1_133' title='bbox 2135 650 2466 707; x_wconf 89' lang='lat' dir='ltr'><strong><em>Trithemius</em></strong></span> <span class='ocrx_word' id='word_1_134' title='bbox 2491 652 2586 724; x_wconf 88' lang='lat' dir='ltr'><strong><em>(c).</em></strong></span> <span class='ocrx_word' id='word_1_135' title='bbox 2631 651 2711 707; x_wconf 75' lang='lat' dir='ltr'><strong><em>Au</em></strong></span> <span class='ocrx_word' id='word_1_136' title='bbox 2760 652 3116 717; x_wconf 78' lang='lat' dir='ltr'><strong><em>Trithemius,</em></strong></span> <span class='ocrx_word' id='word_1_137' title='bbox 3149 661 3205 707; x_wconf 92' lang='lat' dir='ltr'><strong><em>ut</em></strong></span> <span class='ocrx_word' id='word_1_138' title='bbox 3248 666 3313 708; x_wconf 80' lang='lat' dir='ltr'><strong><em>ex</em></strong></span> <span class='ocrx_word' id='word_1_139' title='bbox 3345 667 3451 707; x_wconf 90' lang='lat' dir='ltr'><strong><em>uno</em></strong></span> <span class='ocrx_word' id='word_1_140' title='bbox 3477 652 3610 707; x_wconf 78' lang='lat' dir='ltr'><strong><em>Pru-</em></strong></span> 
     </span>
    </p>
   </div>
   <div class='ocr_carea' id='block_1_23' title="bbox 2022 743 3612 816">
    <p class='ocr_par' dir='ltr' id='par_1_23' title="bbox 2022 743 3612 816">
     <span class='ocr_line' id='line_1_23' title="bbox 2022 743 3612 816; baseline 0 -16"><span class='ocrx_word' id='word_1_141' title='bbox 2022 743 2189 800; x_wconf 88' lang='lat' dir='ltr'><strong><em>dentii</em></strong></span> <span class='ocrx_word' id='word_1_142' title='bbox 2217 759 2380 815; x_wconf 90' lang='lat' dir='ltr'><strong><em>opere</em></strong></span> <span class='ocrx_word' id='word_1_143' title='bbox 2419 744 2529 816; x_wconf 63' lang='grc' dir='ltr'><strong>Μ</strong></span> <span class='ocrx_word' id='word_1_144' title='bbox 2557 744 2707 816; x_wconf 89' lang='lat' dir='ltr'><strong><em>plura</em></strong></span> <span class='ocrx_word' id='word_1_145' title='bbox 2753 746 3185 816; x_wconf 87' lang='lat' dir='ltr'><strong><em>lecitopuscula,</em></strong></span> <span class='ocrx_word' id='word_1_146' title='bbox 3228 746 3297 800; x_wconf 89' lang='lat' dir='ltr'><strong><em>ita</em></strong></span> <span class='ocrx_word' id='word_1_147' title='bbox 3329 756 3514 801; x_wconf 87' lang='lat' dir='ltr'><strong><em>contra</em></strong></span> <span class='ocrx_word' id='word_1_148' title='bbox 3543 760 3612 801; x_wconf 90' lang='lat' dir='ltr'><strong><em>ex</em></strong></span> 
     </span>
    </p>
   </div>
   <div class='ocr_carea' id='block_1_24' title="bbox 2025 836 3610 909">
    <p class='ocr_par' dir='ltr' id='par_1_24' title="bbox 2025 836 3610 909">
     <span class='ocr_line' id='line_1_24' title="bbox 2025 836 3610 909; baseline -0.001 -17"><span class='ocrx_word' id='word_1_149' title='bbox 2025 838 2266 909; x_wconf 84' lang='lat' dir='ltr'><strong><em>pluribus</em></strong></span> <span class='ocrx_word' id='word_1_150' title='bbox 2296 837 2603 893; x_wconf 86' lang='lat' dir='ltr'><strong><em>Prudentiis</em></strong></span> <span class='ocrx_word' id='word_1_151' title='bbox 2646 854 2808 895; x_wconf 92' lang='lat' dir='ltr'><strong><em>unum</em></strong></span> <span class='ocrx_word' id='word_1_152' title='bbox 2843 838 3151 909; x_wconf 76' lang='lat' dir='ltr'><strong><em>compegit?</em></strong></span> <span class='ocrx_word' id='word_1_153' title='bbox 3180 836 3374 893; x_wconf 85' lang='lat' dir='ltr'><strong><em>Libros</em></strong></span> <span class='ocrx_word' id='word_1_154' title='bbox 3416 851 3511 893; x_wconf 87' lang='lat' dir='ltr'><strong><em>sex</em></strong></span> <span class='ocrx_word' id='word_1_155' title='bbox 3554 838 3610 891; x_wconf 88' lang='lat' dir='ltr'><strong><em>in</em></strong></span> 
     </span>
    </p>
   </div>
   <div class='ocr_carea' id='block_1_25' title="bbox 2024 931 3610 1004">
    <p class='ocr_par' dir='ltr' id='par_1_25' title="bbox 2024 931 3610 1004">
     <span class='ocr_line' id='line_1_25' title="bbox 2024 931 3610 1004; baseline -0.002 -16"><span class='ocrx_word' id='word_1_156' title='bbox 2024 931 2394 988; x_wconf 79' lang='lat' dir='ltr'><strong><em>Hexaemeron</em></strong></span> <span class='ocrx_word' id='word_1_157' title='bbox 2445 933 2717 1004; x_wconf 74' lang='lat' dir='ltr'><strong><em>conjicere</em></strong></span> <span class='ocrx_word' id='word_1_158' title='bbox 2759 946 3046 1003; x_wconf 85' lang='lat' dir='ltr'><strong><em>possumus</em></strong></span> <span class='ocrx_word' id='word_1_159' title='bbox 3084 945 3223 987; x_wconf 81' lang='lat' dir='ltr'><strong><em>esse</em></strong></span> <span class='ocrx_word' id='word_1_160' title='bbox 3255 931 3387 987; x_wconf 90' lang='lat' dir='ltr'><strong><em>illud</em></strong></span> <span class='ocrx_word' id='word_1_161' title='bbox 3432 932 3610 1002; x_wconf 90' lang='lat' dir='ltr'><strong><em>ipsum</em></strong></span> 
     </span>
    </p>
   </div>
   <div class='ocr_carea' id='block_1_26' title="bbox 2024 1020 3613 1097">
    <p class='ocr_par' dir='ltr' id='par_1_26' title="bbox 2024 1020 3613 1097">
     <span class='ocr_line' id='line_1_26' title="bbox 2024 1020 3613 1097; baseline -0.002 -15"><span class='ocrx_word' id='word_1_162' title='bbox 2024 1042 2161 1097; x_wconf 79' lang='lat' dir='ltr'><strong><em>Opus</em></strong></span> <span class='ocrx_word' id='word_1_163' title='bbox 2191 1026 2334 1097; x_wconf 86' lang='lat' dir='ltr'><strong><em>quod</em></strong></span> <span class='ocrx_word' id='word_1_164' title='bbox 2374 1025 2555 1081; x_wconf 84' lang='lat' dir='ltr'><strong><em>laudat</em></strong></span> <span class='ocrx_word' id='word_1_165' title='bbox 2598 1020 2931 1081; x_wconf 81' lang='lat' dir='ltr'><strong><em>Gennadius.</em></strong></span> <span class='ocrx_word' id='word_1_166' title='bbox 2978 1024 3217 1081; x_wconf 82' lang='lat' dir='ltr'><strong><em>Tandem</em></strong></span> <span class='ocrx_word' id='word_1_167' title='bbox 3272 1024 3613 1079; x_wconf 84' lang='lat' dir='ltr'><strong><em>animadver-</em></strong></span> 
     </span>
    </p>
   </div>
   <div class='ocr_carea' id='block_1_27' title="bbox 2028 1108 3616 1188">
    <p class='ocr_par' dir='ltr' id='par_1_27' title="bbox 2028 1108 3616 1188">
     <span class='ocr_line' id='line_1_27' title="bbox 2028 1108 3616 1188; baseline -0.001 -15"><span class='ocrx_word' id='word_1_168' title='bbox 2028 1127 2133 1173; x_wconf 85' lang='lat' dir='ltr'><strong><em>tam</em></strong></span> <span class='ocrx_word' id='word_1_169' title='bbox 2184 1117 2532 1176; x_wconf 80' lang='lat' dir='ltr'><strong><em>Prudentium</em></strong></span> <span class='ocrx_word' id='word_1_170' title='bbox 2574 1118 2752 1188; x_wconf 84' lang='lat' dir='ltr'><strong><em>potius</em></strong></span> <span class='ocrx_word' id='word_1_171' title='bbox 2800 1116 3088 1173; x_wconf 90' lang='lat' dir='ltr'><strong><em>dicendum</em></strong></span> <span class='ocrx_word' id='word_1_172' title='bbox 3158 1118 3416 1172; x_wconf 82' lang='lat' dir='ltr'><strong><em>claruisse</em></strong></span> <span class='ocrx_word' id='word_1_173' title='bbox 3470 1108 3616 1171; x_wconf 87' lang='lat' dir='ltr'><strong><em>anno</em></strong></span> 
     </span>
    </p>
   </div>
   <div class='ocr_carea' id='block_1_28' title="bbox 2031 1208 3625 1284">
    <p class='ocr_par' dir='ltr' id='par_1_28' title="bbox 2031 1208 3625 1284">
     <span class='ocr_line' id='line_1_28' title="bbox 2031 1208 3625 1284; baseline -0.004 -15"><span class='ocrx_word' id='word_1_174' title='bbox 2031 1213 2250 1269; x_wconf 85' lang='lat' dir='ltr'><strong><em>circiter</em></strong></span> <span class='ocrx_word' id='word_1_175' title='bbox 2277 1212 2383 1268; x_wconf 69' lang='grc'><strong><em>400</em></strong></span> <span class='ocrx_word' id='word_1_176' title='bbox 2431 1228 2590 1284; x_wconf 84' lang='lat' dir='ltr'><strong><em>quam</em></strong></span> <span class='ocrx_word' id='word_1_177' title='bbox 2636 1213 2763 1279; x_wconf 77' lang='lat'><strong><em>580,</em></strong></span> <span class='ocrx_word' id='word_1_178' title='bbox 2802 1211 2945 1282; x_wconf 82' lang='lat' dir='ltr'><strong><em>quod</em></strong></span> <span class='ocrx_word' id='word_1_179' title='bbox 2992 1220 3147 1267; x_wconf 84' lang='lat' dir='ltr'><strong><em>antea</em></strong></span> <span class='ocrx_word' id='word_1_180' title='bbox 3189 1218 3469 1265; x_wconf 72' lang='lat' dir='ltr'><strong><em>notaverat</em></strong></span> <span class='ocrx_word' id='word_1_181' title='bbox 3499 1208 3625 1263; x_wconf 64' lang='lat' dir='ltr'><strong><em>BaiJ</em></strong></span> 
     </span>
    </p>
   </div>
   <div class='ocr_carea' id='block_1_29' title="bbox 2028 1302 3620 1373">
    <p class='ocr_par' dir='ltr' id='par_1_29' title="bbox 2028 1302 3620 1373">
     <span class='ocr_line' id='line_1_29' title="bbox 2028 1302 3620 1373; baseline -0.001 -15"><span class='ocrx_word' id='word_1_182' title='bbox 2028 1302 2133 1359; x_wconf 92' lang='lat' dir='ltr'><strong><em>lius</em></strong></span> <span class='ocrx_word' id='word_1_183' title='bbox 2174 1304 2225 1358; x_wconf 90' lang='lat' dir='ltr'><strong><em>in</em></strong></span> <span class='ocrx_word' id='word_1_184' title='bbox 2270 1302 2499 1359; x_wconf 90' lang='lat' dir='ltr'><strong><em>Diction.</em></strong></span> <span class='ocrx_word' id='word_1_185' title='bbox 2557 1304 2703 1369; x_wconf 90' lang='lat' dir='ltr'><strong><em>crit.,</em></strong></span> <span class='ocrx_word' id='word_1_186' title='bbox 2753 1303 3157 1373; x_wconf 89' lang='lat' dir='ltr'><strong><em>reprehendens</em></strong></span> <span class='ocrx_word' id='word_1_187' title='bbox 3207 1313 3314 1356; x_wconf 89' lang='lat' dir='ltr'><strong><em>tam</em></strong></span> <span class='ocrx_word' id='word_1_188' title='bbox 3362 1314 3489 1363; x_wconf 86' lang='lat' dir='ltr'><strong><em>eos,</em></strong></span> <span class='ocrx_word' id='word_1_189' title='bbox 3529 1302 3620 1370; x_wconf 87' lang='lat' dir='ltr'><strong><em>qui</em></strong></span> 
     </span>
    </p>
   </div>
   <div class='ocr_carea' id='block_1_30' title="bbox 2030 1394 3621 1469">
    <p class='ocr_par' dir='ltr' id='par_1_30' title="bbox 2030 1394 3621 1469">
     <span class='ocr_line' id='line_1_30' title="bbox 2030 1394 3621 1469; baseline -0.004 -16"><span class='ocrx_word' id='word_1_190' title='bbox 2030 1413 2172 1453; x_wconf 89' lang='lat' dir='ltr'><strong><em>anno</em></strong></span> <span class='ocrx_word' id='word_1_191' title='bbox 2204 1397 2307 1454; x_wconf 77' lang='lat'><strong><em>580</em></strong></span> <span class='ocrx_word' id='word_1_192' title='bbox 2336 1413 2495 1469; x_wconf 89' lang='lat' dir='ltr'><strong><em>quam</em></strong></span> <span class='ocrx_word' id='word_1_193' title='bbox 2534 1412 2626 1454; x_wconf 87' lang='lat' dir='ltr'><strong><em>eos</em></strong></span> <span class='ocrx_word' id='word_1_194' title='bbox 2674 1398 2763 1467; x_wconf 90' lang='lat' dir='ltr'><strong><em>qui</em></strong></span> <span class='ocrx_word' id='word_1_195' title='bbox 2796 1411 2938 1450; x_wconf 90' lang='lat' dir='ltr'><strong><em>anno</em></strong></span> <span class='ocrx_word' id='word_1_196' title='bbox 2959 1397 3063 1451; x_wconf 68' lang='grc'><strong><em>450</em></strong></span> <span class='ocrx_word' id='word_1_197' title='bbox 3092 1395 3353 1451; x_wconf 81' lang='lat' dir='ltr'><strong><em>claruisse</em></strong></span> <span class='ocrx_word' id='word_1_198' title='bbox 3383 1394 3621 1448; x_wconf 78' lang='lat' dir='ltr'><strong><em>afﬁrma--</em></strong></span> 
     </span>
    </p>
   </div>
   <div class='ocr_carea' id='block_1_31' title="bbox 2033 1485 3622 1560">
    <p class='ocr_par' dir='ltr' id='par_1_31' title="bbox 2033 1485 3622 1560">
     <span class='ocr_line' id='line_1_31' title="bbox 2033 1485 3622 1560; baseline -0.005 -14"><span class='ocrx_word' id='word_1_199' title='bbox 2033 1502 2157 1546; x_wconf 87' lang='lat' dir='ltr'><strong><em>runt</em></strong></span> <span class='ocrx_word' id='word_1_200' title='bbox 2183 1507 2195 1543; x_wconf 86' lang='lat'><strong>:</strong></span> <span class='ocrx_word' id='word_1_201' title='bbox 2222 1490 2366 1560; x_wconf 79' lang='lat' dir='ltr'><strong><em>quod</em></strong></span> <span class='ocrx_word' id='word_1_202' title='bbox 2398 1500 2731 1559; x_wconf 85' lang='lat' dir='ltr'><strong><em>postremum</em></strong></span> <span class='ocrx_word' id='word_1_203' title='bbox 2759 1489 2956 1558; x_wconf 79' lang='lat' dir='ltr'><strong><em>legitur</em></strong></span> <span class='ocrx_word' id='word_1_204' title='bbox 2987 1489 3039 1542; x_wconf 91' lang='lat' dir='ltr'><strong><em>in</em></strong></span> <span class='ocrx_word' id='word_1_205' title='bbox 3074 1486 3403 1543; x_wconf 83' lang='lat' dir='ltr'><strong><em>Bibliotheca</em></strong></span> <span class='ocrx_word' id='word_1_206' title='bbox 3437 1485 3622 1555; x_wconf 82' lang='lat' dir='ltr'><strong><em>llispa-</em></strong></span> 
     </span>
    </p>
   </div>
   <div class='ocr_carea' id='block_1_32' title="bbox 2037 1579 3251 1653">
    <p class='ocr_par' dir='ltr' id='par_1_32' title="bbox 2037 1579 3251 1653">
     <span class='ocr_line' id='line_1_32' title="bbox 2037 1579 3251 1653; baseline -0.007 -13"><span class='ocrx_word' id='word_1_207' title='bbox 2037 1585 2179 1653; x_wconf 86' lang='lat' dir='ltr'><strong><em>nica,</em></strong></span> <span class='ocrx_word' id='word_1_208' title='bbox 2213 1600 2332 1652; x_wconf 81' lang='lat' dir='ltr'><strong><em>quae</em></strong></span> <span class='ocrx_word' id='word_1_209' title='bbox 2356 1583 2587 1637; x_wconf 63' lang='lat' dir='ltr'><strong><em>Andreas</em></strong></span> <span class='ocrx_word' id='word_1_210' title='bbox 2614 1581 2839 1638; x_wconf 87' lang='lat' dir='ltr'><strong><em>Schotto</em></strong></span> <span class='ocrx_word' id='word_1_211' title='bbox 2867 1580 3118 1635; x_wconf 86' lang='lat' dir='ltr'><strong><em>tribuitur</em></strong></span> <span class='ocrx_word' id='word_1_212' title='bbox 3147 1579 3251 1650; x_wconf 88' lang='lat' dir='ltr'><strong><em>(d).</em></strong></span> 
     </span>
    </p>
   </div>
   <div class='ocr_carea' id='block_1_33' title="bbox 2108 1670 3623 1741">
    <p class='ocr_par' dir='ltr' id='par_1_33' title="bbox 2108 1670 3623 1741">
     <span class='ocr_line' id='line_1_33' title="bbox 2108 1670 3623 1741; baseline -0.006 -9"><span class='ocrx_word' id='word_1_213' title='bbox 2108 1676 2196 1732; x_wconf 68' lang='grc'>64.</span> <span class='ocrx_word' id='word_1_214' title='bbox 2224 1674 2426 1730; x_wconf 61' lang='lat' dir='ltr'><strong><em>Praeter</em></strong></span> <span class='ocrx_word' id='word_1_215' title='bbox 2458 1674 2543 1728; x_wconf 91' lang='lat' dir='ltr'><strong><em>illa</em></strong></span> <span class='ocrx_word' id='word_1_216' title='bbox 2566 1673 2743 1735; x_wconf 84' lang='lat' dir='ltr'><strong><em>omnia</em></strong></span> <span class='ocrx_word' id='word_1_217' title='bbox 2771 1670 3314 1741; x_wconf 79' lang='lat' dir='ltr'><strong><em>Prudentiiopuscula</em></strong></span> <span class='ocrx_word' id='word_1_218' title='bbox 3333 1710 3348 1735; x_wconf 95' lang='lat'><strong><em>,</em></strong></span> <span class='ocrx_word' id='word_1_219' title='bbox 3380 1685 3499 1740; x_wconf 76' lang='lat' dir='ltr'><strong><em>qua:</em></strong></span> <span class='ocrx_word' id='word_1_220' title='bbox 3529 1684 3623 1724; x_wconf 81' lang='lat' dir='ltr'><strong><em>ex-</em></strong></span> 
     </span>
    </p>
   </div>
   <div class='ocr_carea' id='block_1_34' title="bbox 2039 1765 3623 1838">
    <p class='ocr_par' dir='ltr' id='par_1_34' title="bbox 2039 1765 3623 1838">
     <span class='ocr_line' id='line_1_34' title="bbox 2039 1765 3623 1838; baseline -0.005 -12"><span class='ocrx_word' id='word_1_221' title='bbox 2039 1780 2201 1838; x_wconf 84' lang='lat' dir='ltr'><strong><em>stant,</em></strong></span> <span class='ocrx_word' id='word_1_222' title='bbox 2234 1781 2288 1825; x_wconf 91' lang='lat' dir='ltr'><strong><em>et</em></strong></span> <span class='ocrx_word' id='word_1_223' title='bbox 2313 1770 2505 1825; x_wconf 78' lang='lat' dir='ltr'><strong><em>librum</em></strong></span> <span class='ocrx_word' id='word_1_224' title='bbox 2537 1768 2590 1823; x_wconf 91' lang='lat' dir='ltr'><strong><em>in</em></strong></span> <span class='ocrx_word' id='word_1_225' title='bbox 2631 1768 3025 1833; x_wconf 79' lang='lat' dir='ltr'><strong><em>Hexaemeron,</em></strong></span> <span class='ocrx_word' id='word_1_226' title='bbox 3061 1768 3127 1821; x_wconf 91' lang='lat' dir='ltr'><strong><em>de</em></strong></span> <span class='ocrx_word' id='word_1_227' title='bbox 3157 1783 3262 1836; x_wconf 90' lang='lat' dir='ltr'><strong><em>quo</em></strong></span> <span class='ocrx_word' id='word_1_228' title='bbox 3294 1782 3463 1836; x_wconf 87' lang='lat' dir='ltr'><strong><em>nuper</em></strong></span> <span class='ocrx_word' id='word_1_229' title='bbox 3491 1765 3623 1831; x_wconf 90' lang='lat' dir='ltr'><strong><em>dixi,</em></strong></span> 
     </span>
    </p>
   </div>
   <div class='ocr_carea' id='block_1_35' title="bbox 344 1854 3627 1932">
    <p class='ocr_par' dir='ltr' id='par_1_35' title="bbox 344 1854 3627 1932">
     <span class='ocr_line' id='line_1_35' title="bbox 344 1854 3627 1932; baseline -0.001 -19"><span class='ocrx_word' id='word_1_230' title='bbox 344 1868 497 1924; x_wconf 87' lang='lat' dir='ltr'><strong><em>ctute,</em></strong></span> <span class='ocrx_word' id='word_1_231' title='bbox 524 1861 733 1930; x_wconf 86' lang='lat' dir='ltr'><strong><em>repulsa</em></strong></span> <span class='ocrx_word' id='word_1_232' title='bbox 755 1862 933 1913; x_wconf 87' lang='lat' dir='ltr'><strong><em>mundi</em></strong></span> <span class='ocrx_word' id='word_1_233' title='bbox 963 1862 1204 1927; x_wconf 86' lang='lat' dir='ltr'><strong><em>vanitate,</em></strong></span> <span class='ocrx_word' id='word_1_234' title='bbox 1238 1860 1304 1915; x_wconf 91' lang='lat' dir='ltr'><strong><em>ad</em></strong></span> <span class='ocrx_word' id='word_1_235' title='bbox 1352 1878 1526 1915; x_wconf 85' lang='lat' dir='ltr'><strong><em>sacras</em></strong></span> <span class='ocrx_word' id='word_1_236' title='bbox 1558 1861 1857 1932; x_wconf 86' lang='lat' dir='ltr'><strong><em>Scripturas</em></strong></span> <span class='ocrx_word' id='word_1_237' title='bbox 1883 1877 1935 1915; x_wconf 89' lang='lat' dir='ltr'><strong><em>se</em></strong></span> <span class='ocrx_word' id='word_1_238' title='bbox 1964 1854 2013 1915; x_wconf 88' lang='grc' dir='ltr'><strong>Β</strong></span> <span class='ocrx_word' id='word_1_239' title='bbox 2042 1863 2148 1919; x_wconf 88' lang='lat' dir='ltr'><strong><em>duo</em></strong></span> <span class='ocrx_word' id='word_1_240' title='bbox 2176 1863 2263 1917; x_wconf 87' lang='lat' dir='ltr'><strong><em>alii</em></strong></span> <span class='ocrx_word' id='word_1_241' title='bbox 2295 1862 2417 1917; x_wconf 86' lang='lat' dir='ltr'><strong><em>libri</em></strong></span> <span class='ocrx_word' id='word_1_242' title='bbox 2444 1863 2511 1918; x_wconf 89' lang='lat' dir='ltr'><strong><em>de</em></strong></span> <span class='ocrx_word' id='word_1_243' title='bbox 2548 1861 2605 1915; x_wconf 85' lang='lat' dir='ltr'><strong><em>S.</em></strong></span> <span class='ocrx_word' id='word_1_244' title='bbox 2651 1860 2912 1915; x_wconf 85' lang='lat' dir='ltr'><strong><em>Trinitate</em></strong></span> <span class='ocrx_word' id='word_1_245' title='bbox 2942 1876 2972 1913; x_wconf 89' lang='lat' dir='ltr'><strong><em>a</em></strong></span> <span class='ocrx_word' id='word_1_246' title='bbox 3001 1858 3298 1914; x_wconf 84' lang='lat' dir='ltr'><strong><em>Trithemio</em></strong></span> <span class='ocrx_word' id='word_1_247' title='bbox 3324 1871 3627 1912; x_wconf 85' lang='lat' dir='ltr'><strong><em>memoran-</em></strong></span> 
     </span>
    </p>
   </div>
   <div class='ocr_carea' id='block_1_36' title="bbox 348 1948 1935 2024">
    <p class='ocr_par' dir='ltr' id='par_1_36' title="bbox 348 1948 1935 2024">
     <span class='ocr_line' id='line_1_36' title="bbox 348 1948 1935 2024; baseline 0.001 -19"><span class='ocrx_word' id='word_1_248' title='bbox 348 1952 587 2019; x_wconf 88' lang='lat' dir='ltr'><strong><em>contulit,</em></strong></span> <span class='ocrx_word' id='word_1_249' title='bbox 612 1961 658 2005; x_wconf 90' lang='lat' dir='ltr'><strong><em>et</em></strong></span> <span class='ocrx_word' id='word_1_250' title='bbox 675 1953 900 2006; x_wconf 87' lang='lat' dir='ltr'><strong><em>carmine</em></strong></span> <span class='ocrx_word' id='word_1_251' title='bbox 913 1970 974 2007; x_wconf 86' lang='lat' dir='ltr'><strong><em>ac</em></strong></span> <span class='ocrx_word' id='word_1_252' title='bbox 995 1970 1149 2023; x_wconf 88' lang='lat' dir='ltr'><strong><em>prosa</em></strong></span> <span class='ocrx_word' id='word_1_253' title='bbox 1172 1948 1333 2006; x_wconf 61' lang='lat' dir='ltr'><strong><em>multa</em></strong></span> <span class='ocrx_word' id='word_1_254' title='bbox 1351 1955 1614 2024; x_wconf 86' lang='lat' dir='ltr'><strong><em>utriusque</em></strong></span> <span class='ocrx_word' id='word_1_255' title='bbox 1626 1952 1935 2008; x_wconf 82' lang='lat' dir='ltr'><strong><em>Testamenti</em></strong></span> 
     </span>
    </p>
   </div>
   <div class='ocr_carea' id='block_1_37' title="bbox 348 2044 1935 2115">
    <p class='ocr_par' dir='ltr' id='par_1_37' title="bbox 348 2044 1935 2115">
     <span class='ocr_line' id='line_1_37' title="bbox 348 2044 1935 2115; baseline 0.003 -19"><span class='ocrx_word' id='word_1_256' title='bbox 348 2044 555 2097; x_wconf 84' lang='lat' dir='ltr'><strong><em>obtrusa</em></strong></span> <span class='ocrx_word' id='word_1_257' title='bbox 580 2044 832 2111; x_wconf 72' lang='lat' dir='ltr'><strong><em>exposuit.</em></strong></span> <span class='ocrx_word' id='word_1_258' title='bbox 868 2044 1089 2115; x_wconf 87' lang='lat' dir='ltr'><strong><em>Scripsit</em></strong></span> <span class='ocrx_word' id='word_1_259' title='bbox 1119 2055 1285 2100; x_wconf 88' lang='lat' dir='ltr'><strong><em>autem</em></strong></span> <span class='ocrx_word' id='word_1_260' title='bbox 1314 2046 1478 2099; x_wconf 90' lang='lat' dir='ltr'><strong><em>multa</em></strong></span> <span class='ocrx_word' id='word_1_261' title='bbox 1502 2048 1753 2113; x_wconf 64' lang='lat' dir='ltr'><strong><em>praeclara</em></strong></span> <span class='ocrx_word' id='word_1_262' title='bbox 1783 2062 1935 2114; x_wconf 82' lang='lat' dir='ltr'><strong><em>opus-</em></strong></span> 
     </span>
    </p>
   </div>
   <div class='ocr_carea' id='block_1_38' title="bbox 348 2132 1932 2209">
    <p class='ocr_par' dir='ltr' id='par_1_38' title="bbox 348 2132 1932 2209">
     <span class='ocr_line' id='line_1_38' title="bbox 348 2132 1932 2209; baseline 0.004 -23"><span class='ocrx_word' id='word_1_263' title='bbox 348 2135 482 2187; x_wconf 87' lang='lat' dir='ltr'><strong><em>cula.</em></strong></span> <span class='ocrx_word' id='word_1_264' title='bbox 512 2132 588 2187; x_wconf 89' lang='lat' dir='ltr'><strong><em>De</em></strong></span> <span class='ocrx_word' id='word_1_265' title='bbox 609 2135 791 2203; x_wconf 86' lang='lat' dir='ltr'><strong><em>quibus</em></strong></span> <span class='ocrx_word' id='word_1_266' title='bbox 823 2152 1059 2189; x_wconf 85' lang='lat' dir='ltr'><strong><em>mensura</em></strong></span> <span class='ocrx_word' id='word_1_267' title='bbox 1073 2140 1223 2191; x_wconf 88' lang='lat' dir='ltr'><strong><em>metri</em></strong></span> <span class='ocrx_word' id='word_1_268' title='bbox 1235 2140 1375 2206; x_wconf 71' lang='lat' dir='ltr'><strong><em>facta</em></strong></span> <span class='ocrx_word' id='word_1_269' title='bbox 1398 2138 1563 2208; x_wconf 89' lang='lat' dir='ltr'><strong><em>reperi</em></strong></span> <span class='ocrx_word' id='word_1_270' title='bbox 1588 2137 1813 2209; x_wconf 85' lang='lat' dir='ltr'><strong><em>subjecta</em></strong></span> <span class='ocrx_word' id='word_1_271' title='bbox 1833 2138 1932 2209; x_wconf 90' lang='lat' dir='ltr'><strong><em>(a).</em></strong></span> 
     </span>
    </p>
   </div>
   <div class='ocr_carea' id='block_1_39' title="bbox 346 2217 1937 2301">
    <p class='ocr_par' dir='ltr' id='par_1_39' title="bbox 346 2217 1937 2301">
     <span class='ocr_line' id='line_1_39' title="bbox 346 2217 1937 2301; baseline 0.003 -23"><span class='ocrx_word' id='word_1_272' title='bbox 346 2223 614 2295; x_wconf 81' lang='lat' dir='ltr'><strong><em>Epistolas</em></strong></span> <span class='ocrx_word' id='word_1_273' title='bbox 641 2227 793 2281; x_wconf 87' lang='lat' dir='ltr'><strong><em>etiam</em></strong></span> <span class='ocrx_word' id='word_1_274' title='bbox 819 2228 1021 2298; x_wconf 84' lang='lat' dir='ltr'><strong><em>scripsit</em></strong></span> <span class='ocrx_word' id='word_1_275' title='bbox 1051 2245 1155 2296; x_wconf 81' lang='lat' dir='ltr'><strong><em>non</em></strong></span> <span class='ocrx_word' id='word_1_276' title='bbox 1188 2217 1421 2298; x_wconf 45' lang='lat' dir='ltr'><strong><em>paucasr</em></strong></span> <span class='ocrx_word' id='word_1_277' title='bbox 1441 2229 1557 2283; x_wconf 81' lang='lat' dir='ltr'><strong><em>Alia</em></strong></span> <span class='ocrx_word' id='word_1_278' title='bbox 1583 2246 1783 2301; x_wconf 88' lang='lat' dir='ltr'><strong><em>quoque</em></strong></span> <span class='ocrx_word' id='word_1_279' title='bbox 1812 2245 1937 2283; x_wconf 90' lang='lat' dir='ltr'><strong><em>non-</em></strong></span> 
     </span>
    </p>
   </div>
   <div class='ocr_carea' id='block_1_40' title="bbox 346 2316 1935 2387">
    <p class='ocr_par' dir='ltr' id='par_1_40' title="bbox 346 2316 1935 2387">
     <span class='ocr_line' id='line_1_40' title="bbox 346 2316 1935 2387; baseline 0.004 -18"><span class='ocrx_word' id='word_1_280' title='bbox 346 2317 492 2371; x_wconf 76' lang='lat' dir='ltr'><strong><em>nulla</em></strong></span> <span class='ocrx_word' id='word_1_281' title='bbox 510 2316 671 2371; x_wconf 84' lang='lat' dir='ltr'><strong><em>edidit</em></strong></span> <span class='ocrx_word' id='word_1_282' title='bbox 698 2334 813 2387; x_wconf 70' lang='lat' dir='ltr'><strong><em>qua:</em></strong></span> <span class='ocrx_word' id='word_1_283' title='bbox 833 2319 902 2372; x_wconf 90' lang='lat' dir='ltr'><strong><em>ad</em></strong></span> <span class='ocrx_word' id='word_1_284' title='bbox 925 2336 1106 2374; x_wconf 85' lang='lat' dir='ltr'><strong><em>manus</em></strong></span> <span class='ocrx_word' id='word_1_285' title='bbox 1137 2329 1337 2374; x_wconf 89' lang='lat' dir='ltr'><strong><em>nostras</em></strong></span> <span class='ocrx_word' id='word_1_286' title='bbox 1380 2337 1482 2374; x_wconf 89' lang='lat' dir='ltr'><strong><em>non</em></strong></span> <span class='ocrx_word' id='word_1_287' title='bbox 1517 2329 1780 2375; x_wconf 84' lang='lat' dir='ltr'><strong><em>venerunt.</em></strong></span> <span class='ocrx_word' id='word_1_288' title='bbox 1813 2319 1935 2376; x_wconf 82' lang='lat' dir='ltr'><strong><em>Clu-</em></strong></span> 
     </span>
    </p>
   </div>
   <div class='ocr_carea' id='block_1_41' title="bbox 347 2408 1862 2484">
    <p class='ocr_par' dir='ltr' id='par_1_41' title="bbox 347 2408 1862 2484">
     <span class='ocr_line' id='line_1_41' title="bbox 347 2408 1862 2484; baseline 0.007 -25"><span class='ocrx_word' id='word_1_289' title='bbox 347 2409 452 2462; x_wconf 88' lang='lat' dir='ltr'><strong><em>ruit</em></strong></span> <span class='ocrx_word' id='word_1_290' title='bbox 472 2409 561 2464; x_wconf 84' lang='lat' dir='ltr'><strong><em>sub</em></strong></span> <span class='ocrx_word' id='word_1_291' title='bbox 590 2408 837 2465; x_wconf 81' lang='lat' dir='ltr'><strong><em>Gratiano</em></strong></span> <span class='ocrx_word' id='word_1_292' title='bbox 865 2413 1195 2483; x_wconf 87' lang='lat' dir='ltr'><strong><em>imperatore.</em></strong></span> <span class='ocrx_word' id='word_1_293' title='bbox 1219 2413 1369 2468; x_wconf 79' lang='lat' dir='ltr'><strong><em>Anno</em></strong></span> <span class='ocrx_word' id='word_1_294' title='bbox 1393 2413 1602 2469; x_wconf 85' lang='lat' dir='ltr'><strong><em>Domini</em></strong></span> <span class='ocrx_word' id='word_1_295' title='bbox 1621 2415 1727 2472; x_wconf 83' lang='grc'><strong><em>580</em></strong></span> <span class='ocrx_word' id='word_1_296' title='bbox 1761 2416 1862 2484; x_wconf 86' lang='lat' dir='ltr'><strong><em>(b).</em></strong></span> 
     </span>
    </p>
   </div>
   <div class='ocr_carea' id='block_1_42' title="bbox 315 2502 1940 2565">
    <p class='ocr_par' dir='ltr' id='par_1_42' title="bbox 315 2502 1940 2565">
     <span class='ocr_line' id='line_1_42' title="bbox 315 2502 1940 2565; baseline 0.004 -7"><span class='ocrx_word' id='word_1_297' title='bbox 315 2514 327 2525; x_wconf 86' lang='lat'><strong>&#39;</strong></span> <span class='ocrx_word' id='word_1_298' title='bbox 425 2502 517 2559; x_wconf 81' lang='grc'><strong><em>65.</em></strong></span> <span class='ocrx_word' id='word_1_299' title='bbox 570 2504 647 2559; x_wconf 87' lang='lat' dir='ltr'><strong><em>Ex</em></strong></span> <span class='ocrx_word' id='word_1_300' title='bbox 688 2504 917 2562; x_wconf 84' lang='lat' dir='ltr'><strong><em>Fabricii</em></strong></span> <span class='ocrx_word' id='word_1_301' title='bbox 964 2508 1333 2563; x_wconf 90' lang='lat' dir='ltr'><strong><em>notationibus</em></strong></span> <span class='ocrx_word' id='word_1_302' title='bbox 1395 2508 1608 2564; x_wconf 90' lang='lat' dir='ltr'><strong><em>obvium</em></strong></span> <span class='ocrx_word' id='word_1_303' title='bbox 1656 2520 1739 2565; x_wconf 87' lang='lat' dir='ltr'><strong><em>est</em></strong></span> <span class='ocrx_word' id='word_1_304' title='bbox 1768 2510 1940 2565; x_wconf 82' lang='lat' dir='ltr'><strong><em>cuivis</em></strong></span> 
     </span>
    </p>
   </div>
   <div class='ocr_carea' id='block_1_43' title="bbox 353 2600 1943 2670">
    <p class='ocr_par' dir='ltr' id='par_1_43' title="bbox 353 2600 1943 2670">
     <span class='ocr_line' id='line_1_43' title="bbox 353 2600 1943 2670; baseline 0.005 -17"><span class='ocrx_word' id='word_1_305' title='bbox 353 2612 674 2669; x_wconf 77' lang='lat' dir='ltr'><strong><em>agnoscere,</em></strong></span> <span class='ocrx_word' id='word_1_306' title='bbox 700 2616 857 2670; x_wconf 87' lang='lat' dir='ltr'><strong><em>quam</em></strong></span> <span class='ocrx_word' id='word_1_307' title='bbox 902 2600 1135 2657; x_wconf 80' lang='lat' dir='ltr'><strong><em>liberalis</em></strong></span> <span class='ocrx_word' id='word_1_308' title='bbox 1163 2601 1325 2658; x_wconf 81' lang='lat' dir='ltr'><strong><em>fuerit</em></strong></span> <span class='ocrx_word' id='word_1_309' title='bbox 1350 2602 1681 2659; x_wconf 90' lang='lat' dir='ltr'><strong><em>Trithemius</em></strong></span> <span class='ocrx_word' id='word_1_310' title='bbox 1720 2607 1771 2659; x_wconf 91' lang='lat' dir='ltr'><strong><em>in</em></strong></span> <span class='ocrx_word' id='word_1_311' title='bbox 1807 2602 1943 2660; x_wconf 91' lang='lat' dir='ltr'><strong><em>Pru-</em></strong></span> 
     </span>
    </p>
   </div>
   <div class='ocr_carea' id='block_1_44' title="bbox 352 2691 1941 2766">
    <p class='ocr_par' dir='ltr' id='par_1_44' title="bbox 352 2691 1941 2766">
     <span class='ocr_line' id='line_1_44' title="bbox 352 2691 1941 2766; baseline 0.002 -18"><span class='ocrx_word' id='word_1_312' title='bbox 352 2691 520 2748; x_wconf 85' lang='lat' dir='ltr'><strong><em>dentii</em></strong></span> <span class='ocrx_word' id='word_1_313' title='bbox 552 2693 815 2763; x_wconf 86' lang='lat' dir='ltr'><strong><em>poematis</em></strong></span> <span class='ocrx_word' id='word_1_314' title='bbox 839 2694 1279 2765; x_wconf 85' lang='lat' dir='ltr'><strong><em>multiplicandis.</em></strong></span> <span class='ocrx_word' id='word_1_315' title='bbox 1313 2695 1485 2751; x_wconf 84' lang='lat' dir='ltr'><strong><em>Pauca</em></strong></span> <span class='ocrx_word' id='word_1_316' title='bbox 1510 2711 1608 2751; x_wconf 89' lang='lat' dir='ltr'><strong><em>nos</em></strong></span> <span class='ocrx_word' id='word_1_317' title='bbox 1635 2695 1833 2752; x_wconf 87' lang='lat' dir='ltr'><strong><em>addere</em></strong></span> <span class='ocrx_word' id='word_1_318' title='bbox 1853 2697 1941 2766; x_wconf 88' lang='lat' dir='ltr'><strong><em>ju-</em></strong></span> 
     </span>
    </p>
   </div>
   <div class='ocr_carea' id='block_1_45' title="bbox 352 2785 1939 2858">
    <p class='ocr_par' dir='ltr' id='par_1_45' title="bbox 352 2785 1939 2858">
     <span class='ocr_line' id='line_1_45' title="bbox 352 2785 1939 2858; baseline 0.003 -19"><span class='ocrx_word' id='word_1_319' title='bbox 352 2794 465 2839; x_wconf 87' lang='lat' dir='ltr'><strong><em>vat.</em></strong></span> <span class='ocrx_word' id='word_1_320' title='bbox 496 2785 647 2851; x_wconf 86' lang='lat' dir='ltr'><strong><em>Quod</em></strong></span> <span class='ocrx_word' id='word_1_321' title='bbox 673 2785 947 2841; x_wconf 87' lang='lat' dir='ltr'><strong><em>Fabricius</em></strong></span> <span class='ocrx_word' id='word_1_322' title='bbox 987 2788 1080 2852; x_wconf 87' lang='lat' dir='ltr'><strong><em>ait,</em></strong></span> <span class='ocrx_word' id='word_1_323' title='bbox 1114 2804 1142 2841; x_wconf 87' lang='lat' dir='ltr'><strong><em>a</em></strong></span> <span class='ocrx_word' id='word_1_324' title='bbox 1185 2804 1244 2843; x_wconf 88' lang='lat' dir='ltr'><strong><em>se</em></strong></span> <span class='ocrx_word' id='word_1_325' title='bbox 1289 2803 1393 2843; x_wconf 90' lang='lat' dir='ltr'><strong><em>non</em></strong></span> <span class='ocrx_word' id='word_1_326' title='bbox 1432 2798 1704 2858; x_wconf 85' lang='lat' dir='ltr'><strong><em>repertum</em></strong></span> <span class='ocrx_word' id='word_1_327' title='bbox 1745 2789 1939 2844; x_wconf 90' lang='lat' dir='ltr'><strong><em>librum</em></strong></span> 
     </span>
    </p>
   </div>
   <div class='ocr_carea' id='block_1_46' title="bbox 352 2876 1938 2951">
    <p class='ocr_par' dir='ltr' id='par_1_46' title="bbox 352 2876 1938 2951">
     <span class='ocr_line' id='line_1_46' title="bbox 352 2876 1938 2951; baseline 0.003 -18"><span class='ocrx_word' id='word_1_328' title='bbox 352 2876 427 2933; x_wconf 85' lang='lat' dir='ltr'><strong><em>de</em></strong></span> <span class='ocrx_word' id='word_1_329' title='bbox 473 2877 889 2935; x_wconf 86' lang='lat' dir='ltr'><strong><em>Resurrectione</em></strong></span> <span class='ocrx_word' id='word_1_330' title='bbox 930 2881 1151 2951; x_wconf 88' lang='lat' dir='ltr'><strong><em>carnis,</em></strong></span> <span class='ocrx_word' id='word_1_331' title='bbox 1189 2881 1353 2937; x_wconf 88' lang='lat' dir='ltr'><strong><em>Posco</em></strong></span> <span class='ocrx_word' id='word_1_332' title='bbox 1400 2898 1567 2937; x_wconf 88' lang='lat' dir='ltr'><strong><em>meum</em></strong></span> <span class='ocrx_word' id='word_1_333' title='bbox 1615 2885 1670 2937; x_wconf 83' lang='lat' dir='ltr'><strong><em>in</em></strong></span> <span class='ocrx_word' id='word_1_334' title='bbox 1715 2882 1938 2950; x_wconf 83' lang='lat' dir='ltr'><strong><em>Christo,</em></strong></span> 
     </span>
    </p>
   </div>
   <div class='ocr_carea' id='block_1_47' title="bbox 356 2972 1942 3038">
    <p class='ocr_par' dir='ltr' id='par_1_47' title="bbox 356 2972 1942 3038">
     <span class='ocr_line' id='line_1_47' title="bbox 356 2972 1942 3038; baseline 0.006 -11"><span class='ocrx_word' id='word_1_335' title='bbox 356 2972 613 3028; x_wconf 88' lang='lat' dir='ltr'><strong><em>mendum</em></strong></span> <span class='ocrx_word' id='word_1_336' title='bbox 653 2974 707 3029; x_wconf 89' lang='lat' dir='ltr'><strong><em>in</em></strong></span> <span class='ocrx_word' id='word_1_337' title='bbox 748 2974 1048 3031; x_wconf 89' lang='lat' dir='ltr'><strong><em>Trithemio</em></strong></span> <span class='ocrx_word' id='word_1_338' title='bbox 1080 2992 1187 3032; x_wconf 92' lang='lat' dir='ltr'><strong><em>non</em></strong></span> <span class='ocrx_word' id='word_1_339' title='bbox 1223 2979 1645 3035; x_wconf 86' lang='lat' dir='ltr'><strong><em>animadvertit:</em></strong></span> <span class='ocrx_word' id='word_1_340' title='bbox 1679 2989 1761 3035; x_wconf 89' lang='lat' dir='ltr'><strong><em>est</em></strong></span> <span class='ocrx_word' id='word_1_341' title='bbox 1799 2981 1942 3038; x_wconf 87' lang='lat' dir='ltr'><strong><em>enim</em></strong></span> 
     </span>
    </p>
   </div>
   <div class='ocr_carea' id='block_1_48' title="bbox 358 3065 1947 3146">
    <p class='ocr_par' dir='ltr' id='par_1_48' title="bbox 358 3065 1947 3146">
     <span class='ocr_line' id='line_1_48' title="bbox 358 3065 1947 3146; baseline 0.006 -24"><span class='ocrx_word' id='word_1_342' title='bbox 358 3065 643 3137; x_wconf 76' lang='lat' dir='ltr'><strong><em>legendum</em></strong></span> <span class='ocrx_word' id='word_1_343' title='bbox 675 3085 691 3125; x_wconf 84' lang='lat'><strong>:</strong></span> <span class='ocrx_word' id='word_1_344' title='bbox 720 3068 893 3124; x_wconf 87' lang='lat' dir='ltr'><strong><em>Nosco</em></strong></span> <span class='ocrx_word' id='word_1_345' title='bbox 936 3087 1101 3125; x_wconf 89' lang='lat' dir='ltr'><strong><em>meum</em></strong></span> <span class='ocrx_word' id='word_1_346' title='bbox 1131 3072 1185 3125; x_wconf 81' lang='lat' dir='ltr'><strong><em>in</em></strong></span> <span class='ocrx_word' id='word_1_347' title='bbox 1226 3073 1448 3139; x_wconf 81' lang='lat' dir='ltr'><strong><em>Cliris&#39;o,</em></strong></span> <span class='ocrx_word' id='word_1_348' title='bbox 1497 3076 1589 3146; x_wconf 90' lang='lat' dir='ltr'><strong><em>qui</em></strong></span> <span class='ocrx_word' id='word_1_349' title='bbox 1636 3091 1823 3132; x_wconf 80' lang='lat' dir='ltr'><strong><em>versus</em></strong></span> <span class='ocrx_word' id='word_1_350' title='bbox 1864 3086 1947 3132; x_wconf 89' lang='lat' dir='ltr'><strong><em>est</em></strong></span> 
     </span>
    </p>
   </div>
   <div class='ocr_carea' id='block_1_49' title="bbox 359 3160 1947 3240">
    <p class='ocr_par' dir='ltr' id='par_1_49' title="bbox 359 3160 1947 3240">
     <span class='ocr_line' id='line_1_49' title="bbox 359 3160 1947 3240; baseline 0.008 -26"><span class='ocrx_word' id='word_1_351' title='bbox 359 3160 494 3215; x_wconf 79' lang='grc'><strong>1151</strong></span> <span class='ocrx_word' id='word_1_352' title='bbox 522 3162 651 3217; x_wconf 88' lang='lat' dir='ltr'><strong><em>edit.</em></strong></span> <span class='ocrx_word' id='word_1_353' title='bbox 675 3162 896 3229; x_wconf 86' lang='lat' dir='ltr'><strong><em>Weitz.,</em></strong></span> <span class='ocrx_word' id='word_1_354' title='bbox 930 3174 984 3219; x_wconf 93' lang='lat' dir='ltr'><strong><em>et</em></strong></span> <span class='ocrx_word' id='word_1_355' title='bbox 1014 3164 1155 3219; x_wconf 83' lang='grc'><strong><em>1065</em></strong></span> <span class='ocrx_word' id='word_1_356' title='bbox 1183 3175 1381 3221; x_wconf 72' lang='lat' dir='ltr'><strong><em>nostra:</em></strong></span> <span class='ocrx_word' id='word_1_357' title='bbox 1412 3166 1542 3222; x_wconf 88' lang='lat' dir='ltr'><strong><em>edit.</em></strong></span> <span class='ocrx_word' id='word_1_358' title='bbox 1579 3168 1629 3222; x_wconf 94' lang='lat' dir='ltr'><strong><em>in</em></strong></span> <span class='ocrx_word' id='word_1_359' title='bbox 1663 3170 1768 3225; x_wconf 91' lang='lat' dir='ltr'><strong><em>line</em></strong></span> <span class='ocrx_word' id='word_1_360' title='bbox 1804 3170 1947 3240; x_wconf 86' lang='lat' dir='ltr'><strong><em>Apo-</em></strong></span> 
     </span>
    </p>
   </div>
   <div class='ocr_carea' id='block_1_50' title="bbox 2045 1948 3625 2025">
    <p class='ocr_par' dir='ltr' id='par_1_50' title="bbox 2045 1948 3625 2025">
     <span class='ocr_line' id='line_1_50' title="bbox 2045 1948 3625 2025; baseline -0.006 -14"><span class='ocrx_word' id='word_1_361' title='bbox 2045 1966 2150 2022; x_wconf 90' lang='lat' dir='ltr'><strong><em>tur,</em></strong></span> <span class='ocrx_word' id='word_1_362' title='bbox 2195 1953 2338 2025; x_wconf 87' lang='lat' dir='ltr'><strong><em>quod</em></strong></span> <span class='ocrx_word' id='word_1_363' title='bbox 2390 1953 2667 2023; x_wconf 84' lang='lat' dir='ltr'><strong><em>Philippus</em></strong></span> <span class='ocrx_word' id='word_1_364' title='bbox 2716 1952 3091 2021; x_wconf 77' lang='lat' dir='ltr'><strong><em>Bergomensis</em></strong></span> <span class='ocrx_word' id='word_1_365' title='bbox 3136 1948 3391 2004; x_wconf 90' lang='lat' dir='ltr'><strong><em>Chronici</em></strong></span> <span class='ocrx_word' id='word_1_366' title='bbox 3430 1949 3525 2004; x_wconf 80' lang='lat' dir='ltr'><strong><em>lib.</em></strong></span> <span class='ocrx_word' id='word_1_367' title='bbox 3572 1962 3625 2003; x_wconf 87' lang='lat' dir='ltr'><strong><em>Ix</em></strong></span> 
     </span>
    </p>
   </div>
   <div class='ocr_carea' id='block_1_51' title="bbox 2041 2042 3625 2109">
    <p class='ocr_par' dir='ltr' id='par_1_51' title="bbox 2041 2042 3625 2109">
     <span class='ocr_line' id='line_1_51' title="bbox 2041 2042 3625 2109; baseline -0.008 -5"><span class='ocrx_word' id='word_1_368' title='bbox 2041 2051 2141 2104; x_wconf 89' lang='lat' dir='ltr'><strong><em>sub</em></strong></span> <span class='ocrx_word' id='word_1_369' title='bbox 2188 2065 2329 2103; x_wconf 89' lang='lat' dir='ltr'><strong><em>anno</em></strong></span> <span class='ocrx_word' id='word_1_370' title='bbox 2368 2047 2566 2103; x_wconf 87' lang='lat' dir='ltr'><strong><em>Christi</em></strong></span> <span class='ocrx_word' id='word_1_371' title='bbox 2609 2046 2713 2101; x_wconf 74' lang='grc'><strong><em>400</em></strong></span> <span class='ocrx_word' id='word_1_372' title='bbox 2768 2048 3089 2100; x_wconf 88' lang='lat' dir='ltr'><strong><em>conlirmat:</em></strong></span> <span class='ocrx_word' id='word_1_373' title='bbox 3118 2042 3260 2097; x_wconf 89' lang='lat' dir='ltr'><strong><em>Duos</em></strong></span> <span class='ocrx_word' id='word_1_374' title='bbox 3312 2044 3518 2109; x_wconf 68' lang='lat' dir='ltr'><strong><em>insuper</em></strong></span> <span class='ocrx_word' id='word_1_375' title='bbox 3563 2042 3625 2093; x_wconf 79' lang='lat' dir='ltr'><strong><em>de</em></strong></span> 
     </span>
    </p>
   </div>
   <div class='ocr_carea' id='block_1_52' title="bbox 2041 2133 3617 2211">
    <p class='ocr_par' dir='ltr' id='par_1_52' title="bbox 2041 2133 3617 2211">
     <span class='ocr_line' id='line_1_52' title="bbox 2041 2133 3617 2211; baseline -0.006 -16"><span class='ocrx_word' id='word_1_376' title='bbox 2041 2140 2293 2196; x_wconf 84' lang='lat' dir='ltr'><strong><em>Trinitate</em></strong></span> <span class='ocrx_word' id='word_1_377' title='bbox 2319 2141 2521 2211; x_wconf 71' lang='lat' dir='ltr'><strong><em>scripsit</em></strong></span> <span class='ocrx_word' id='word_1_378' title='bbox 2550 2140 2726 2204; x_wconf 84' lang='lat' dir='ltr'><strong><em>libros,</em></strong></span> <span class='ocrx_word' id='word_1_379' title='bbox 2758 2152 2989 2207; x_wconf 85' lang='lat' dir='ltr'><strong><em>quorum</em></strong></span> <span class='ocrx_word' id='word_1_380' title='bbox 3020 2150 3159 2191; x_wconf 87' lang='lat' dir='ltr'><strong><em>unus</em></strong></span> <span class='ocrx_word' id='word_1_381' title='bbox 3195 2136 3299 2190; x_wconf 86' lang='lat' dir='ltr'><strong><em>erit</em></strong></span> <span class='ocrx_word' id='word_1_382' title='bbox 3330 2133 3571 2204; x_wconf 71' lang='lat' dir='ltr'><strong><em>prmlatio</em></strong></span> <span class='ocrx_word' id='word_1_383' title='bbox 3595 2133 3617 2186; x_wconf 85' lang='lat' dir='ltr'><strong><em>l</em></strong></span> 
     </span>
    </p>
   </div>
   <div class='ocr_carea' id='block_1_53' title="bbox 2044 2226 3624 2303">
    <p class='ocr_par' dir='ltr' id='par_1_53' title="bbox 2044 2226 3624 2303">
     <span class='ocr_line' id='line_1_53' title="bbox 2044 2226 3624 2303; baseline -0.006 -14"><span class='ocrx_word' id='word_1_384' title='bbox 2044 2234 2440 2303; x_wconf 81' lang='lat' dir='ltr'><strong><em>Apotheoscos,</em></strong></span> <span class='ocrx_word' id='word_1_385' title='bbox 2470 2248 2589 2303; x_wconf 67' lang='lat' dir='ltr'><strong><em>quas</em></strong></span> <span class='ocrx_word' id='word_1_386' title='bbox 2628 2230 2847 2286; x_wconf 88' lang='lat' dir='ltr'><strong><em>inscribi</em></strong></span> <span class='ocrx_word' id='word_1_387' title='bbox 2878 2231 3017 2285; x_wconf 84' lang='lat' dir='ltr'><strong><em>solet</em></strong></span> <span class='ocrx_word' id='word_1_388' title='bbox 3047 2248 3059 2282; x_wconf 90' lang='lat'><strong>:</strong></span> <span class='ocrx_word' id='word_1_389' title='bbox 3096 2228 3290 2283; x_wconf 81' lang='lat' dir='ltr'><strong><em>Versus</em></strong></span> <span class='ocrx_word' id='word_1_390' title='bbox 3326 2229 3389 2282; x_wconf 86' lang='lat' dir='ltr'><strong><em>de</em></strong></span> <span class='ocrx_word' id='word_1_391' title='bbox 3426 2227 3488 2282; x_wconf 91' lang='lat' dir='ltr'><strong><em>S.</em></strong></span> <span class='ocrx_word' id='word_1_392' title='bbox 3519 2226 3624 2280; x_wconf 81' lang='lat' dir='ltr'><strong><em>Tri-</em></strong></span> 
     </span>
    </p>
   </div>
   <div class='ocr_carea' id='block_1_54' title="bbox 2042 2322 3624 2394">
    <p class='ocr_par' dir='ltr' id='par_1_54' title="bbox 2042 2322 3624 2394">
     <span class='ocr_line' id='line_1_54' title="bbox 2042 2322 3624 2394; baseline -0.006 -12"><span class='ocrx_word' id='word_1_393' title='bbox 2042 2330 2234 2393; x_wconf 87' lang='lat' dir='ltr'><strong><em>nitate;</em></strong></span> <span class='ocrx_word' id='word_1_394' title='bbox 2274 2329 2411 2382; x_wconf 81' lang='lat' dir='ltr'><strong><em>alter</em></strong></span> <span class='ocrx_word' id='word_1_395' title='bbox 2456 2326 2681 2387; x_wconf 79' lang='lat' dir='ltr'><strong><em>fortasse</em></strong></span> <span class='ocrx_word' id='word_1_396' title='bbox 2725 2335 2807 2380; x_wconf 87' lang='lat' dir='ltr'><strong><em>est</em></strong></span> <span class='ocrx_word' id='word_1_397' title='bbox 2848 2324 3020 2394; x_wconf 84' lang='lat' dir='ltr'><strong><em>aliqua</em></strong></span> <span class='ocrx_word' id='word_1_398' title='bbox 3064 2322 3323 2392; x_wconf 87' lang='lat' dir='ltr'><strong><em>particula</em></strong></span> <span class='ocrx_word' id='word_1_399' title='bbox 3366 2322 3624 2375; x_wconf 89' lang='lat' dir='ltr'><strong><em>librorum</em></strong></span> 
     </span>
    </p>
   </div>
   <div class='ocr_carea' id='block_1_55' title="bbox 2043 2412 3630 2495">
    <p class='ocr_par' dir='ltr' id='par_1_55' title="bbox 2043 2412 3630 2495">
     <span class='ocr_line' id='line_1_55' title="bbox 2043 2412 3630 2495; baseline -0.008 -16"><span class='ocrx_word' id='word_1_400' title='bbox 2043 2439 2177 2495; x_wconf 89' lang='lat' dir='ltr'><strong><em>quos</em></strong></span> <span class='ocrx_word' id='word_1_401' title='bbox 2210 2422 2487 2477; x_wconf 82' lang='lat' dir='ltr'><strong><em>habemus.</em></strong></span> <span class='ocrx_word' id='word_1_402' title='bbox 2533 2420 2781 2475; x_wconf 86' lang='lat' dir='ltr'><strong><em>Nicolaus</em></strong></span> <span class='ocrx_word' id='word_1_403' title='bbox 2814 2420 3076 2474; x_wconf 85' lang='lat' dir='ltr'><strong><em>Antonius</em></strong></span> <span class='ocrx_word' id='word_1_404' title='bbox 3104 2427 3250 2487; x_wconf 90' lang='lat' dir='ltr'><strong><em>putat</em></strong></span> <span class='ocrx_word' id='word_1_405' title='bbox 3285 2414 3511 2486; x_wconf 89' lang='lat' dir='ltr'><strong><em>periisse</em></strong></span> <span class='ocrx_word' id='word_1_406' title='bbox 3539 2412 3630 2467; x_wconf 83' lang='lat' dir='ltr'><strong><em>In-</em></strong></span> 
     </span>
    </p>
   </div>
   <div class='ocr_carea' id='block_1_56' title="bbox 2044 2510 3629 2584">
    <p class='ocr_par' dir='ltr' id='par_1_56' title="bbox 2044 2510 3629 2584">
     <span class='ocr_line' id='line_1_56' title="bbox 2044 2510 3629 2584; baseline -0.008 -12"><span class='ocrx_word' id='word_1_407' title='bbox 2044 2520 2334 2573; x_wconf 76' lang='lat' dir='ltr'><strong><em>vitatorium</em></strong></span> <span class='ocrx_word' id='word_1_408' title='bbox 2365 2517 2549 2570; x_wconf 79' lang='lat' dir='ltr'><strong><em>librum</em></strong></span> <span class='ocrx_word' id='word_1_409' title='bbox 2580 2516 2647 2568; x_wconf 85' lang='lat' dir='ltr'><strong><em>ad</em></strong></span> <span class='ocrx_word' id='word_1_410' title='bbox 2692 2514 3034 2584; x_wconf 72' lang='lat' dir='ltr'><strong><em>martyrium;</em></strong></span> <span class='ocrx_word' id='word_1_411' title='bbox 3075 2512 3192 2578; x_wconf 85' lang='lat' dir='ltr'><strong><em>sed,</em></strong></span> <span class='ocrx_word' id='word_1_412' title='bbox 3242 2520 3298 2565; x_wconf 92' lang='lat' dir='ltr'><strong><em>ut</em></strong></span> <span class='ocrx_word' id='word_1_413' title='bbox 3325 2510 3432 2565; x_wconf 87' lang='lat' dir='ltr'><strong><em>dixi</em></strong></span> <span class='ocrx_word' id='word_1_414' title='bbox 3478 2524 3629 2561; x_wconf 87' lang='lat' dir='ltr'><strong><em>num.</em></strong></span> 
     </span>
    </p>
   </div>
   <div class='ocr_carea' id='block_1_57' title="bbox 2046 2599 3629 2676">
    <p class='ocr_par' dir='ltr' id='par_1_57' title="bbox 2046 2599 3629 2676">
     <span class='ocr_line' id='line_1_57' title="bbox 2046 2599 3629 2676; baseline -0.008 -11"><span class='ocrx_word' id='word_1_415' title='bbox 2046 2612 2135 2676; x_wconf 82' lang='grc'><strong><em>60,</em></strong></span> <span class='ocrx_word' id='word_1_416' title='bbox 2169 2627 2231 2665; x_wconf 89' lang='lat' dir='ltr'><strong><em>ea</em></strong></span> <span class='ocrx_word' id='word_1_417' title='bbox 2266 2614 2425 2664; x_wconf 79' lang='lat' dir='ltr'><strong><em>verba</em></strong></span> <span class='ocrx_word' id='word_1_418' title='bbox 2476 2624 2578 2663; x_wconf 92' lang='lat' dir='ltr'><strong><em>non</em></strong></span> <span class='ocrx_word' id='word_1_419' title='bbox 2612 2606 2862 2661; x_wconf 78' lang='lat' dir='ltr'><strong><em>videntur</em></strong></span> <span class='ocrx_word' id='word_1_420' title='bbox 2912 2614 3059 2659; x_wconf 91' lang='lat' dir='ltr'><strong><em>certo</em></strong></span> <span class='ocrx_word' id='word_1_421' title='bbox 3108 2618 3229 2658; x_wconf 79' lang='lat' dir='ltr'><strong><em>esse</em></strong></span> <span class='ocrx_word' id='word_1_422' title='bbox 3259 2599 3541 2664; x_wconf 85' lang='lat' dir='ltr'><strong><em>Gennadii,</em></strong></span> <span class='ocrx_word' id='word_1_423' title='bbox 3573 2606 3629 2654; x_wconf 93' lang='lat' dir='ltr'><strong><em>ct</em></strong></span> 
     </span>
    </p>
   </div>
   <div class='ocr_carea' id='block_1_58' title="bbox 2046 2694 3628 2776">
    <p class='ocr_par' dir='ltr' id='par_1_58' title="bbox 2046 2694 3628 2776">
     <span class='ocr_line' id='line_1_58' title="bbox 2046 2694 3628 2776; baseline -0.008 -17"><span class='ocrx_word' id='word_1_424' title='bbox 2046 2705 2292 2776; x_wconf 85' lang='lat' dir='ltr'><strong><em>quamvis</em></strong></span> <span class='ocrx_word' id='word_1_425' title='bbox 2322 2702 2448 2767; x_wconf 86' lang='lat' dir='ltr'><strong><em>sint,</em></strong></span> <span class='ocrx_word' id='word_1_426' title='bbox 2488 2718 2592 2756; x_wconf 89' lang='lat' dir='ltr'><strong><em>non</em></strong></span> <span class='ocrx_word' id='word_1_427' title='bbox 2634 2700 2801 2770; x_wconf 87' lang='lat' dir='ltr'><strong><em>liquet</em></strong></span> <span class='ocrx_word' id='word_1_428' title='bbox 2831 2715 2898 2753; x_wconf 91' lang='lat' dir='ltr'><strong><em>an</em></strong></span> <span class='ocrx_word' id='word_1_429' title='bbox 2929 2696 3156 2752; x_wconf 89' lang='lat' dir='ltr'><strong><em>voluerit</em></strong></span> <span class='ocrx_word' id='word_1_430' title='bbox 3196 2711 3318 2751; x_wconf 90' lang='lat' dir='ltr'><strong><em>eum</em></strong></span> <span class='ocrx_word' id='word_1_431' title='bbox 3362 2694 3555 2749; x_wconf 88' lang='lat' dir='ltr'><strong><em>librum</em></strong></span> <span class='ocrx_word' id='word_1_432' title='bbox 3597 2708 3628 2746; x_wconf 86' lang='lat' dir='ltr'><strong><em>a</em></strong></span> 
     </span>
    </p>
   </div>
   <div class='ocr_carea' id='block_1_59' title="bbox 2049 2785 3632 2865">
    <p class='ocr_par' dir='ltr' id='par_1_59' title="bbox 2049 2785 3632 2865">
     <span class='ocr_line' id='line_1_59' title="bbox 2049 2785 3632 2865; baseline -0.006 -12"><span class='ocrx_word' id='word_1_433' title='bbox 2049 2798 2186 2854; x_wconf 89' lang='lat' dir='ltr'><strong><em>libro</em></strong></span> <span class='ocrx_word' id='word_1_434' title='bbox 2234 2795 2667 2865; x_wconf 70' lang='lat' dir='ltr'><strong><em>PcriStephanwn</em></strong></span> <span class='ocrx_word' id='word_1_435' title='bbox 2715 2793 3044 2859; x_wconf 76' lang='lat' dir='ltr'><strong><em>distinguere</em></strong></span> <span class='ocrx_word' id='word_1_436' title='bbox 3077 2809 3088 2843; x_wconf 87' lang='lat'><strong>:</strong></span> <span class='ocrx_word' id='word_1_437' title='bbox 3124 2790 3375 2844; x_wconf 80' lang='lat' dir='ltr'><strong><em>nimirum</em></strong></span> <span class='ocrx_word' id='word_1_438' title='bbox 3427 2787 3549 2857; x_wconf 83' lang='lat' dir='ltr'><strong><em>quia</em></strong></span> <span class='ocrx_word' id='word_1_439' title='bbox 3579 2785 3632 2865; x_wconf 84' lang='lat' dir='ltr'><strong><em>in</em></strong></span> 
     </span>
    </p>
   </div>
   <div class='ocr_carea' id='block_1_60' title="bbox 2050 2881 3635 2957">
    <p class='ocr_par' dir='ltr' id='par_1_60' title="bbox 2050 2881 3635 2957">
     <span class='ocr_line' id='line_1_60' title="bbox 2050 2881 3635 2957; baseline -0.008 -12"><span class='ocrx_word' id='word_1_440' title='bbox 2050 2891 2151 2946; x_wconf 92' lang='lat' dir='ltr'><strong><em>hoc</em></strong></span> <span class='ocrx_word' id='word_1_441' title='bbox 2181 2890 2315 2945; x_wconf 93' lang='lat' dir='ltr'><strong><em>libro</em></strong></span> <span class='ocrx_word' id='word_1_442' title='bbox 2339 2889 2675 2945; x_wconf 86' lang='lat' dir='ltr'><strong><em>hortationes</em></strong></span> <span class='ocrx_word' id='word_1_443' title='bbox 2703 2884 2769 2940; x_wconf 89' lang='lat' dir='ltr'><strong><em>ad</em></strong></span> <span class='ocrx_word' id='word_1_444' title='bbox 2798 2884 3112 2957; x_wconf 79' lang='lat' dir='ltr'><strong><em>martyrium</em></strong></span> <span class='ocrx_word' id='word_1_445' title='bbox 3144 2882 3243 2936; x_wconf 86' lang='lat' dir='ltr'><strong><em>sub</em></strong></span> <span class='ocrx_word' id='word_1_446' title='bbox 3274 2881 3497 2935; x_wconf 90' lang='lat' dir='ltr'><strong><em>aliorum</em></strong></span> <span class='ocrx_word' id='word_1_447' title='bbox 3540 2890 3635 2933; x_wconf 85' lang='lat' dir='ltr'><strong><em>no-</em></strong></span> 
     </span>
    </p>
   </div>
   <div class='ocr_carea' id='block_1_61' title="bbox 2050 2970 3635 3039">
    <p class='ocr_par' dir='ltr' id='par_1_61' title="bbox 2050 2970 3635 3039">
     <span class='ocr_line' id='line_1_61' title="bbox 2050 2970 3635 3039; baseline -0.008 -1"><span class='ocrx_word' id='word_1_448' title='bbox 2050 2984 2286 3039; x_wconf 88' lang='lat' dir='ltr'><strong><em>minibus</em></strong></span> <span class='ocrx_word' id='word_1_449' title='bbox 2314 2983 2674 3037; x_wconf 87' lang='lat' dir='ltr'><strong><em>continentur.</em></strong></span> <span class='ocrx_word' id='word_1_450' title='bbox 2708 2978 2823 3033; x_wconf 83' lang='lat' dir='ltr'><strong><em>Non</em></strong></span> <span class='ocrx_word' id='word_1_451' title='bbox 2854 2977 2996 3032; x_wconf 91' lang='lat' dir='ltr'><strong><em>enim</em></strong></span> <span class='ocrx_word' id='word_1_452' title='bbox 3037 2976 3141 3029; x_wconf 87' lang='lat' dir='ltr'><strong><em>ulla</em></strong></span> <span class='ocrx_word' id='word_1_453' title='bbox 3187 2988 3344 3028; x_wconf 81' lang='lat' dir='ltr'><strong><em>causa</em></strong></span> <span class='ocrx_word' id='word_1_454' title='bbox 3371 2972 3537 3027; x_wconf 84' lang='lat' dir='ltr'><strong><em>fuisse</em></strong></span> <span class='ocrx_word' id='word_1_455' title='bbox 3565 2970 3635 3026; x_wconf 90' lang='lat' dir='ltr'><strong><em>vi-</em></strong></span> 
     </span>
    </p>
   </div>
   <div class='ocr_carea' id='block_1_62' title="bbox 2052 3063 3637 3145">
    <p class='ocr_par' dir='ltr' id='par_1_62' title="bbox 2052 3063 3637 3145">
     <span class='ocr_line' id='line_1_62' title="bbox 2052 3063 3637 3145; baseline -0.01 -12"><span class='ocrx_word' id='word_1_456' title='bbox 2052 3076 2229 3144; x_wconf 84' lang='lat' dir='ltr'><strong><em>detur,</em></strong></span> <span class='ocrx_word' id='word_1_457' title='bbox 2260 3078 2371 3145; x_wconf 65' lang='lat' dir='ltr'><strong><em>jcur</em></strong></span> <span class='ocrx_word' id='word_1_458' title='bbox 2408 3073 2728 3128; x_wconf 88' lang='lat' dir='ltr'><strong><em>Prudentius</em></strong></span> <span class='ocrx_word' id='word_1_459' title='bbox 2758 3086 2855 3125; x_wconf 89' lang='lat' dir='ltr'><strong><em>sua</em></strong></span> <span class='ocrx_word' id='word_1_460' title='bbox 2899 3077 3054 3125; x_wconf 63' lang='lat' dir='ltr'><strong><em>aetate</em></strong></span> <span class='ocrx_word' id='word_1_461' title='bbox 3098 3068 3210 3121; x_wconf 86' lang='lat' dir='ltr'><strong><em>sive</em></strong></span> <span class='ocrx_word' id='word_1_462' title='bbox 3242 3066 3492 3132; x_wconf 86' lang='lat' dir='ltr'><strong><em>aliorum,</em></strong></span> <span class='ocrx_word' id='word_1_463' title='bbox 3522 3063 3637 3118; x_wconf 87' lang='lat' dir='ltr'><strong><em>sive</em></strong></span> 
     </span>
    </p>
   </div>
   <div class='ocr_carea' id='block_1_63' title="bbox 2054 3156 3633 3232">
    <p class='ocr_par' dir='ltr' id='par_1_63' title="bbox 2054 3156 3633 3232">
     <span class='ocr_line' id='line_1_63' title="bbox 2054 3156 3633 3232; baseline -0.011 -4"><span class='ocrx_word' id='word_1_464' title='bbox 2054 3187 2152 3229; x_wconf 79' lang='lat' dir='ltr'><strong><em>suo</em></strong></span> <span class='ocrx_word' id='word_1_465' title='bbox 2191 3170 2410 3225; x_wconf 90' lang='lat' dir='ltr'><strong><em>nomine</em></strong></span> <span class='ocrx_word' id='word_1_466' title='bbox 2455 3167 2789 3222; x_wconf 83' lang='lat' dir='ltr'><strong><em>Christianos</em></strong></span> <span class='ocrx_word' id='word_1_467' title='bbox 2828 3165 2895 3218; x_wconf 89' lang='lat' dir='ltr'><strong><em>ad</em></strong></span> <span class='ocrx_word' id='word_1_468' title='bbox 2925 3164 3243 3232; x_wconf 87' lang='lat' dir='ltr'><strong><em>martyrium</em></strong></span> <span class='ocrx_word' id='word_1_469' title='bbox 3273 3159 3543 3214; x_wconf 79' lang='lat' dir='ltr'><strong><em>invitaret.</em></strong></span> <span class='ocrx_word' id='word_1_470' title='bbox 3580 3156 3633 3211; x_wconf 93' lang='lat' dir='ltr'><strong><em>ln</em></strong></span> 
     </span>
    </p>
   </div>
   <div class='ocr_carea' id='block_1_64' title="bbox 362 3238 3637 3328">
    <p class='ocr_par' dir='ltr' id='par_1_64' title="bbox 362 3238 3637 3328">
     <span class='ocr_line' id='line_1_64' title="bbox 362 3238 3637 3328; baseline -0.002 -20"><span class='ocrx_word' id='word_1_471' title='bbox 362 3254 633 3323; x_wconf 87' lang='lat' dir='ltr'><strong><em>theoseos,</em></strong></span> <span class='ocrx_word' id='word_1_472' title='bbox 659 3256 752 3310; x_wconf 90' lang='lat' dir='ltr'><strong><em>ubi</em></strong></span> <span class='ocrx_word' id='word_1_473' title='bbox 785 3256 1082 3327; x_wconf 76' lang='lat' dir='ltr'><strong><em>prteligitur</em></strong></span> <span class='ocrx_word' id='word_1_474' title='bbox 1106 3259 1313 3328; x_wconf 85' lang='lat' dir='ltr'><strong><em>titulus,</em></strong></span> <span class='ocrx_word' id='word_1_475' title='bbox 1343 3259 1419 3314; x_wconf 87' lang='lat' dir='ltr'><strong><em>De</em></strong></span> <span class='ocrx_word' id='word_1_476' title='bbox 1445 3264 1812 3317; x_wconf 83' lang='lat' dir='ltr'><strong><em>resurrectione</em></strong></span> <span class='ocrx_word' id='word_1_477' title='bbox 1834 3238 1946 3319; x_wconf 60' lang='lat' dir='ltr'><strong><em>caro</em></strong></span> <span class='ocrx_word' id='word_1_478' title='bbox 1973 3238 2021 3301; x_wconf 61' lang='grc' dir='ltr'><strong>(ἶ</strong></span> <span class='ocrx_word' id='word_1_479' title='bbox 2056 3265 2385 3322; x_wconf 82' lang='lat' dir='ltr'><strong><em>Bibliotheca</em></strong></span> <span class='ocrx_word' id='word_1_480' title='bbox 2418 3260 2863 3314; x_wconf 82' lang='lat' dir='ltr'><strong><em>bibliothecarum</em></strong></span> <span class='ocrx_word' id='word_1_481' title='bbox 2906 3271 3035 3311; x_wconf 91' lang='lat' dir='ltr'><strong><em>mss.</em></strong></span> <span class='ocrx_word' id='word_1_482' title='bbox 3068 3254 3226 3309; x_wconf 80' lang='lat' dir='ltr'><strong><em>codd.</em></strong></span> <span class='ocrx_word' id='word_1_483' title='bbox 3263 3249 3637 3307; x_wconf 82' lang='lat' dir='ltr'><strong><em>Montlauconii</em></strong></span> 
     </span>
    </p>
   </div>
   <div class='ocr_carea' id='block_1_65' title="bbox 361 3346 1948 3423">
    <p class='ocr_par' dir='ltr' id='par_1_65' title="bbox 361 3346 1948 3423">
     <span class='ocr_line' id='line_1_65' title="bbox 361 3346 1948 3423; baseline 0.009 -24"><span class='ocrx_word' id='word_1_484' title='bbox 361 3346 444 3401; x_wconf 87' lang='lat' dir='ltr'><strong><em>nis</em></strong></span> <span class='ocrx_word' id='word_1_485' title='bbox 482 3347 739 3404; x_wconf 69' lang='lat' dir='ltr'><strong><em>humatur.</em></strong></span> <span class='ocrx_word' id='word_1_486' title='bbox 785 3349 1117 3423; x_wconf 83' lang='lat' dir='ltr'><strong><em>Trithemius</em></strong></span> <span class='ocrx_word' id='word_1_487' title='bbox 1170 3352 1329 3408; x_wconf 89' lang='lat' dir='ltr'><strong><em>tradit</em></strong></span> <span class='ocrx_word' id='word_1_488' title='bbox 1380 3354 1729 3413; x_wconf 85' lang='lat' dir='ltr'><strong><em>Prudentium</em></strong></span> <span class='ocrx_word' id='word_1_489' title='bbox 1783 3361 1948 3415; x_wconf 89' lang='lat' dir='ltr'><strong><em>multa</em></strong></span> 
     </span>
    </p>
   </div>
   <div class='ocr_carea' id='block_1_66' title="bbox 363 3445 1951 3516">
    <p class='ocr_par' dir='ltr' id='par_1_66' title="bbox 363 3445 1951 3516">
     <span class='ocr_line' id='line_1_66' title="bbox 363 3445 1951 3516; baseline 0.007 -20"><span class='ocrx_word' id='word_1_490' title='bbox 363 3450 643 3511; x_wconf 86' lang='lat' dir='ltr'><strong><em>poetarum</em></strong></span> <span class='ocrx_word' id='word_1_491' title='bbox 694 3445 948 3513; x_wconf 84' lang='lat' dir='ltr'><strong><em>opuscula</em></strong></span> <span class='ocrx_word' id='word_1_492' title='bbox 1005 3447 1220 3516; x_wconf 80' lang='lat' dir='ltr'><strong><em>legisse,</em></strong></span> <span class='ocrx_word' id='word_1_493' title='bbox 1252 3464 1316 3504; x_wconf 88' lang='lat' dir='ltr'><strong><em>ac</em></strong></span> <span class='ocrx_word' id='word_1_494' title='bbox 1357 3449 1424 3504; x_wconf 92' lang='lat' dir='ltr'><strong><em>de</em></strong></span> <span class='ocrx_word' id='word_1_495' title='bbox 1469 3466 1561 3505; x_wconf 88' lang='lat' dir='ltr'><strong><em>sua</em></strong></span> <span class='ocrx_word' id='word_1_496' title='bbox 1597 3467 1731 3506; x_wconf 87' lang='lat' dir='ltr'><strong><em>vena</em></strong></span> <span class='ocrx_word' id='word_1_497' title='bbox 1786 3454 1951 3507; x_wconf 90' lang='lat' dir='ltr'><strong><em>multa</em></strong></span> 
     </span>
    </p>
   </div>
   <div class='ocr_carea' id='block_1_67' title="bbox 364 3534 1953 3611">
    <p class='ocr_par' dir='ltr' id='par_1_67' title="bbox 364 3534 1953 3611">
     <span class='ocr_line' id='line_1_67' title="bbox 364 3534 1953 3611; baseline 0.01 -26"><span class='ocrx_word' id='word_1_498' title='bbox 364 3534 627 3603; x_wconf 80' lang='lat' dir='ltr'><strong><em>profunda</em></strong></span> <span class='ocrx_word' id='word_1_499' title='bbox 679 3547 926 3606; x_wconf 86' lang='lat' dir='ltr'><strong><em>poemata</em></strong></span> <span class='ocrx_word' id='word_1_500' title='bbox 978 3539 1279 3609; x_wconf 90' lang='lat' dir='ltr'><strong><em>scripsisse,</em></strong></span> <span class='ocrx_word' id='word_1_501' title='bbox 1326 3550 1613 3611; x_wconf 88' lang='lat' dir='ltr'><strong><em>antequam</em></strong></span> <span class='ocrx_word' id='word_1_502' title='bbox 1662 3544 1727 3599; x_wconf 90' lang='lat' dir='ltr'><strong><em>ad</em></strong></span> <span class='ocrx_word' id='word_1_503' title='bbox 1769 3559 1953 3601; x_wconf 88' lang='lat' dir='ltr'><strong><em>sacras</em></strong></span> 
     </span>
    </p>
   </div>
   <div class='ocr_carea' id='block_1_68' title="bbox 370 3626 1952 3705">
    <p class='ocr_par' dir='ltr' id='par_1_68' title="bbox 370 3626 1952 3705">
     <span class='ocr_line' id='line_1_68' title="bbox 370 3626 1952 3705; baseline 0.009 -23"><span class='ocrx_word' id='word_1_504' title='bbox 370 3626 678 3699; x_wconf 88' lang='lat' dir='ltr'><strong><em>Scripturas</em></strong></span> <span class='ocrx_word' id='word_1_505' title='bbox 705 3644 764 3687; x_wconf 88' lang='lat' dir='ltr'><strong><em>se</em></strong></span> <span class='ocrx_word' id='word_1_506' title='bbox 805 3633 1147 3700; x_wconf 90' lang='lat' dir='ltr'><strong><em>contulisset,</em></strong></span> <span class='ocrx_word' id='word_1_507' title='bbox 1180 3644 1441 3705; x_wconf 70' lang='lat' dir='ltr'><strong><em>prteterea</em></strong></span> <span class='ocrx_word' id='word_1_508' title='bbox 1485 3652 1593 3693; x_wconf 92' lang='lat' dir='ltr'><strong><em>non</em></strong></span> <span class='ocrx_word' id='word_1_509' title='bbox 1624 3638 1797 3693; x_wconf 89' lang='lat' dir='ltr'><strong><em>solum</em></strong></span> <span class='ocrx_word' id='word_1_510' title='bbox 1830 3655 1952 3695; x_wconf 89' lang='lat' dir='ltr'><strong><em>car-</em></strong></span> 
     </span>
    </p>
   </div>
   <div class='ocr_carea' id='block_1_69' title="bbox 364 3718 1953 3799">
    <p class='ocr_par' dir='ltr' id='par_1_69' title="bbox 364 3718 1953 3799">
     <span class='ocr_line' id='line_1_69' title="bbox 364 3718 1953 3799; baseline 0.007 -22"><span class='ocrx_word' id='word_1_511' title='bbox 364 3718 533 3787; x_wconf 82' lang='lat' dir='ltr'><strong><em>mine,</em></strong></span> <span class='ocrx_word' id='word_1_512' title='bbox 573 3720 669 3776; x_wconf 87' lang='lat' dir='ltr'><strong><em>sed</em></strong></span> <span class='ocrx_word' id='word_1_513' title='bbox 708 3724 867 3777; x_wconf 89' lang='lat' dir='ltr'><strong><em>etiam</em></strong></span> <span class='ocrx_word' id='word_1_514' title='bbox 897 3739 1056 3795; x_wconf 87' lang='lat' dir='ltr'><strong><em>prosa</em></strong></span> <span class='ocrx_word' id='word_1_515' title='bbox 1101 3726 1267 3783; x_wconf 90' lang='lat' dir='ltr'><strong><em>multa</em></strong></span> <span class='ocrx_word' id='word_1_516' title='bbox 1305 3730 1585 3799; x_wconf 91' lang='lat' dir='ltr'><strong><em>utriusque</em></strong></span> <span class='ocrx_word' id='word_1_517' title='bbox 1623 3731 1953 3788; x_wconf 88' lang='lat' dir='ltr'><strong><em>Testamcnti</em></strong></span> 
     </span>
    </p>
   </div>
   <div class='ocr_carea' id='block_1_70' title="bbox 366 3812 1951 3898">
    <p class='ocr_par' dir='ltr' id='par_1_70' title="bbox 366 3812 1951 3898">
     <span class='ocr_line' id='line_1_70' title="bbox 366 3812 1951 3898; baseline 0.011 -30"><span class='ocrx_word' id='word_1_518' title='bbox 366 3812 593 3871; x_wconf 87' lang='lat' dir='ltr'><strong><em>obtrusa</em></strong></span> <span class='ocrx_word' id='word_1_519' title='bbox 640 3818 996 3887; x_wconf 85' lang='lat' dir='ltr'><strong><em>exposuisse,</em></strong></span> <span class='ocrx_word' id='word_1_520' title='bbox 1047 3818 1302 3890; x_wconf 86' lang='lat' dir='ltr'><strong><em>epistolas</em></strong></span> <span class='ocrx_word' id='word_1_521' title='bbox 1345 3838 1557 3895; x_wconf 87' lang='lat' dir='ltr'><strong><em>quoque</em></strong></span> <span class='ocrx_word' id='word_1_522' title='bbox 1600 3841 1705 3882; x_wconf 90' lang='lat' dir='ltr'><strong><em>non</em></strong></span> <span class='ocrx_word' id='word_1_523' title='bbox 1754 3843 1951 3898; x_wconf 87' lang='lat' dir='ltr'><strong><em>paucas</em></strong></span> 
     </span>
    </p>
   </div>
   <div class='ocr_carea' id='block_1_71' title="bbox 453 4015 1960 4093">
    <p class='ocr_par' dir='ltr' id='par_1_71' title="bbox 453 4015 1960 4093">
     <span class='ocr_line' id='line_1_71' title="bbox 453 4015 1960 4093; baseline 0.011 -24"><span class='ocrx_word' id='word_1_524' title='bbox 453 4016 534 4089; x_wconf 91' lang='lat' dir='ltr'><strong><em>(a)</em></strong></span> <span class='ocrx_word' id='word_1_525' title='bbox 560 4015 685 4093; x_wconf 57' lang='lat' dir='ltr'><strong><em>llaec</em></strong></span> <span class='ocrx_word' id='word_1_526' title='bbox 716 4016 803 4071; x_wconf 92' lang='lat' dir='ltr'><strong><em>ille</em></strong></span> <span class='ocrx_word' id='word_1_527' title='bbox 838 4027 1121 4093; x_wconf 64' lang='lat' dir='ltr'><strong><em>recensu:</em></strong></span> <span class='ocrx_word' id='word_1_528' title='bbox 1151 4030 1334 4093; x_wconf 81' lang='lat' dir='ltr'><strong><em>contra</em></strong></span> <span class='ocrx_word' id='word_1_529' title='bbox 1369 4022 1750 4093; x_wconf 84' lang='lat' dir='ltr'><strong><em>Symmachum</em></strong></span> <span class='ocrx_word' id='word_1_530' title='bbox 1784 4027 1960 4084; x_wconf 87' lang='lat' dir='ltr'><strong><em>idolo-</em></strong></span> 
     </span>
    </p>
   </div>
   <div class='ocr_carea' id='block_1_72' title="bbox 368 4086 1959 4168">
    <p class='ocr_par' dir='ltr' id='par_1_72' title="bbox 368 4086 1959 4168">
     <span class='ocr_line' id='line_1_72' title="bbox 368 4086 1959 4168; baseline 0.003 -25"><span class='ocrx_word' id='word_1_531' title='bbox 368 4086 562 4168; x_wconf 84' lang='lat' dir='ltr'><strong><em>latram</em></strong></span> <span class='ocrx_word' id='word_1_532' title='bbox 593 4088 689 4168; x_wconf 64' lang='lat' dir='ltr'><strong><em>lib.</em></strong></span> <span class='ocrx_word' id='word_1_533' title='bbox 722 4104 807 4168; x_wconf 65' lang='lat' dir='ltr'><em>n77:</em></span> <span class='ocrx_word' id='word_1_534' title='bbox 842 4086 1046 4168; x_wconf 65' lang='lat' dir='ltr'><strong><em>Paulus</em></strong></span> <span class='ocrx_word' id='word_1_535' title='bbox 1085 4106 1252 4168; x_wconf 63' lang='lat' dir='ltr'><strong><em>prlego</em></strong></span> <span class='ocrx_word' id='word_1_536' title='bbox 1289 4086 1427 4168; x_wconf 56' lang='lat' dir='ltr'><strong><em>_7l)ei,&#39;</em></strong></span> <span class='ocrx_word' id='word_1_537' title='bbox 1463 4103 1578 4168; x_wconf 91' lang='lat' dir='ltr'><strong><em>etc._</em></strong></span> <span class='ocrx_word' id='word_1_538' title='bbox 1600 4096 1675 4151; x_wconf 92' lang='lat' dir='ltr'><strong><em>De</em></strong></span> <span class='ocrx_word' id='word_1_539' title='bbox 1720 4097 1959 4168; x_wconf 90' lang='lat' dir='ltr'><strong><em>Compu-</em></strong></span> 
     </span>
    </p>
   </div>
   <div class='ocr_carea' id='block_1_73' title="bbox 406 4158 1960 4283">
    <p class='ocr_par' dir='ltr' id='par_1_73' title="bbox 406 4158 1960 4283">
     <span class='ocr_line' id='line_1_73' title="bbox 406 4158 1960 4283; baseline 0.008 -70"><span class='ocrx_word' id='word_1_540' title='bbox 406 4158 695 4283; x_wconf 55' lang='lat' dir='ltr'><strong><em>nantiaéa)</em></strong></span> <span class='ocrx_word' id='word_1_541' title='bbox 743 4160 876 4223; x_wconf 60' lang='lat' dir='ltr'><strong><em>lib.,|</em></strong></span> <span class='ocrx_word' id='word_1_542' title='bbox 912 4180 923 4210; x_wconf 78' lang='grc' dir='ltr'><strong><em>τ</em></strong></span> <span class='ocrx_word' id='word_1_543' title='bbox 959 4158 1129 4217; x_wconf 70' lang='lat' dir='ltr'><strong><em>Senex</em></strong></span> <span class='ocrx_word' id='word_1_544' title='bbox 1174 4162 1365 4231; x_wconf 73' lang='lat' dir='ltr'><strong><em>ﬁdelis,</em></strong></span> <span class='ocrx_word' id='word_1_545' title='bbox 1403 4158 1508 4219; x_wconf 83' lang='lat' dir='ltr'><strong><em>etc.</em></strong></span> <span class='ocrx_word' id='word_1_546' title='bbox 1555 4166 1629 4219; x_wconf 91' lang='lat' dir='ltr'><strong><em>De</em></strong></span> <span class='ocrx_word' id='word_1_547' title='bbox 1671 4158 1960 4233; x_wconf 74' lang='lat' dir='ltr'><strong><em>Divittilate</em></strong></span> 
     </span>
     <span class='ocr_line' id='line_1_74' title="bbox 406 4229 1957 4283; baseline 0.001 -1"><span class='ocrx_word' id='word_1_548' title='bbox 406 4229 465 4283; x_wconf 76' lang='lat' dir='ltr'><strong><em>ib.</em></strong></span> <span class='ocrx_word' id='word_1_549' title='bbox 502 4248 517 4283; x_wconf 85' lang='grc' dir='ltr'>ι</span> <span class='ocrx_word' id='word_1_550' title='bbox 553 4246 567 4283; x_wconf 85' lang='lat'><strong>:</strong></span> <span class='ocrx_word' id='word_1_551' title='bbox 649 4240 693 4283; x_wconf 86' lang='lat' dir='ltr'><strong><em>st</em></strong></span> <span class='ocrx_word' id='word_1_552' title='bbox 725 4233 821 4283; x_wconf 89' lang='lat' dir='ltr'><strong><em>tria</em></strong></span> <span class='ocrx_word' id='word_1_553' title='bbox 848 4249 1047 4283; x_wconf 83' lang='lat' dir='ltr'><strong><em>summa</em></strong></span> <span class='ocrx_word' id='word_1_554' title='bbox 1076 4231 1215 4283; x_wconf 85' lang='lat' dir='ltr'><strong><em>Deus</em></strong></span> <span class='ocrx_word' id='word_1_555' title='bbox 1243 4234 1337 4283; x_wconf 84' lang='lat' dir='ltr'><strong><em>(bl.</em></strong></span> <span class='ocrx_word' id='word_1_556' title='bbox 1371 4233 1565 4283; x_wconf 85' lang='lat' dir='ltr'><strong><em>Contra</em></strong></span> <span class='ocrx_word' id='word_1_557' title='bbox 1599 4238 1957 4283; x_wconf 72' lang='lat' dir='ltr'><strong><em>Patrinncain-</em></strong></span> 
     </span>
    </p>
   </div>
   <div class='ocr_carea' id='block_1_74' title="bbox 394 4229 1957 4307">
    <p class='ocr_par' dir='ltr' id='par_1_74' title="bbox 394 4229 1957 4307">
     <span class='ocr_line' id='line_1_75' title="bbox 394 4229 1957 4307; baseline 0.007 -22"><span class='ocrx_word' id='word_1_558' title='bbox 394 4229 465 4285; x_wconf 88' lang='lat' dir='ltr'><strong><em>ib.</em></strong></span> <span class='ocrx_word' id='word_1_559' title='bbox 502 4248 517 4307; x_wconf 55' lang='lat'><em>17</em></span> <span class='ocrx_word' id='word_1_560' title='bbox 553 4246 567 4307; x_wconf 70' lang='grc' dir='ltr'><strong><em>ς</em></strong></span> <span class='ocrx_word' id='word_1_561' title='bbox 598 4229 693 4307; x_wconf 49' lang='grc' dir='ltr'><strong><em>ᾔει</em></strong></span> <span class='ocrx_word' id='word_1_562' title='bbox 725 4233 821 4285; x_wconf 90' lang='lat' dir='ltr'><strong><em>tria</em></strong></span> <span class='ocrx_word' id='word_1_563' title='bbox 831 4249 1047 4307; x_wconf 53' lang='lat' dir='ltr'><strong><em>summa</em></strong></span> <span class='ocrx_word' id='word_1_564' title='bbox 1076 4229 1215 4287; x_wconf 86' lang='lat' dir='ltr'><strong><em>Deus</em></strong></span> <span class='ocrx_word' id='word_1_565' title='bbox 1243 4234 1337 4305; x_wconf 84' lang='lat' dir='ltr'><strong><em>(b).</em></strong></span> <span class='ocrx_word' id='word_1_566' title='bbox 1371 4233 1567 4307; x_wconf 77' lang='lat' dir='ltr'><strong><em>contra</em></strong></span> <span class='ocrx_word' id='word_1_567' title='bbox 1597 4229 1957 4307; x_wconf 64' lang='lat' dir='ltr'><strong><em>Patripassia:</em></strong></span> 
     </span>
    </p>
   </div>
   <div class='ocr_carea' id='block_1_75' title="bbox 370 4301 1961 4372">
    <p class='ocr_par' dir='ltr' id='par_1_75' title="bbox 370 4301 1961 4372">
     <span class='ocr_line' id='line_1_76' title="bbox 370 4301 1961 4372; baseline 0.01 -17"><span class='ocrx_word' id='word_1_568' title='bbox 370 4315 471 4355; x_wconf 89' lang='lat' dir='ltr'><strong><em>nos</em></strong></span> <span class='ocrx_word' id='word_1_569' title='bbox 500 4301 571 4372; x_wconf 91' lang='lat' dir='ltr'><strong><em>(c)</em></strong></span> <span class='ocrx_word' id='word_1_570' title='bbox 598 4302 689 4355; x_wconf 93' lang='lat' dir='ltr'><strong><em>lib.</em></strong></span> <span class='ocrx_word' id='word_1_571' title='bbox 725 4319 738 4356; x_wconf 94' lang='lat' dir='ltr'>I</span> <span class='ocrx_word' id='word_1_572' title='bbox 772 4319 783 4354; x_wconf 89' lang='lat'><strong>:</strong></span> <span class='ocrx_word' id='word_1_573' title='bbox 825 4302 1056 4357; x_wconf 83' lang='lat' dir='ltr'><strong><em>Plurima</em></strong></span> <span class='ocrx_word' id='word_1_574' title='bbox 1083 4314 1222 4369; x_wconf 87' lang='lat' dir='ltr'><strong><em>sunt,</em></strong></span> <span class='ocrx_word' id='word_1_575' title='bbox 1254 4301 1369 4359; x_wconf 80' lang='lat' dir='ltr'><strong><em>etc.</em></strong></span> <span class='ocrx_word' id='word_1_576' title='bbox 1400 4306 1597 4363; x_wconf 86' lang='lat' dir='ltr'><strong><em>Contra</em></strong></span> <span class='ocrx_word' id='word_1_577' title='bbox 1625 4301 1961 4371; x_wconf 81' lang='lat' dir='ltr'><strong><em>Sabelliones</em></strong></span> 
     </span>
    </p>
   </div>
   <div class='ocr_carea' id='block_1_76' title="bbox 374 4373 1955 4496">
    <p class='ocr_par' dir='ltr' id='par_1_76' title="bbox 374 4373 1955 4496">
     <span class='ocr_line' id='line_1_77' title="bbox 374 4373 1955 4496; baseline 0.009 -70"><span class='ocrx_word' id='word_1_578' title='bbox 374 4373 504 4455; x_wconf 68' lang='lat' dir='ltr'><strong><em>(sic)</em></strong></span> <span class='ocrx_word' id='word_1_579' title='bbox 537 4373 632 4496; x_wconf 62' lang='lat' dir='ltr'><strong><em>(ll),</em></strong></span> <span class='ocrx_word' id='word_1_580' title='bbox 652 4373 743 4427; x_wconf 92' lang='lat' dir='ltr'><strong><em>lib.</em></strong></span> <span class='ocrx_word' id='word_1_581' title='bbox 770 4389 790 4457; x_wconf 54' lang='lat'><em>71</em></span> <span class='ocrx_word' id='word_1_582' title='bbox 817 4391 830 4426; x_wconf 89' lang='lat'><strong>:</strong></span> <span class='ocrx_word' id='word_1_583' title='bbox 857 4374 988 4457; x_wconf 78' lang='lat' dir='ltr'><strong><em>Cede</em></strong></span> <span class='ocrx_word' id='word_1_584' title='bbox 1017 4376 1387 4445; x_wconf 82' lang='lat' dir='ltr'><strong><em>pr0pltanntor.</em></strong></span> <span class='ocrx_word' id='word_1_585' title='bbox 1415 4377 1616 4433; x_wconf 79' lang='lat' dir='ltr'><strong><em>Contra</em></strong></span> <span class='ocrx_word' id='word_1_586' title='bbox 1645 4381 1861 4436; x_wconf 70' lang='lat' dir='ltr'><strong><em>Judazus</em></strong></span> <span class='ocrx_word' id='word_1_587' title='bbox 1882 4384 1955 4459; x_wconf 83' lang='grc' dir='ltr'><strong><em>(ε)</em></strong></span> 
     </span>
     <span class='ocr_line' id='line_1_78' title="bbox 374 4443 1955 4496; baseline 0 0"><span class='ocrx_word' id='word_1_588' title='bbox 374 4444 469 4496; x_wconf 88' lang='lat' dir='ltr'><strong><em>ltb.</em></strong></span> <span class='ocrx_word' id='word_1_589' title='bbox 500 4460 555 4496; x_wconf 86' lang='lat' dir='ltr'><strong><em>t:</em></strong></span> <span class='ocrx_word' id='word_1_590' title='bbox 641 4460 710 4496; x_wconf 75' lang='lat' dir='ltr'><strong><em>rec</em></strong></span> <span class='ocrx_word' id='word_1_591' title='bbox 738 4462 782 4496; x_wconf 76' lang='grc' dir='ltr'><strong><em>δι</em></strong></span> <span class='ocrx_word' id='word_1_592' title='bbox 808 4443 1078 4496; x_wconf 72' lang='lat' dir='ltr'><strong><em>Iudaicos.</em></strong></span> <span class='ocrx_word' id='word_1_593' title='bbox 1122 4456 1226 4496; x_wconf 86' lang='lat' dir='ltr'><strong><em>etc.</em></strong></span> <span class='ocrx_word' id='word_1_594' title='bbox 1271 4446 1469 4496; x_wconf 87' lang='lat' dir='ltr'><strong><em>Contra</em></strong></span> <span class='ocrx_word' id='word_1_595' title='bbox 1515 4450 1955 4496; x_wconf 69' lang='lat' dir='ltr'><strong><em>Hnmnnoinnitnc</em></strong></span> 
     </span>
    </p>
   </div>
   <div class='ocr_carea' id='block_1_77' title="bbox 373 4443 1962 4513">
    <p class='ocr_par' dir='ltr' id='par_1_77' title="bbox 373 4443 1962 4513">
     <span class='ocr_line' id='line_1_79' title="bbox 373 4443 1962 4513; baseline 0.01 -16"><span class='ocrx_word' id='word_1_596' title='bbox 373 4444 469 4497; x_wconf 89' lang='lat' dir='ltr'><strong><em>lib.</em></strong></span> <span class='ocrx_word' id='word_1_597' title='bbox 500 4460 514 4496; x_wconf 81' lang='grc' dir='ltr'>ι</span> <span class='ocrx_word' id='word_1_598' title='bbox 543 4460 555 4494; x_wconf 91' lang='lat'><strong>:</strong></span> <span class='ocrx_word' id='word_1_599' title='bbox 588 4443 710 4496; x_wconf 67' lang='lat' dir='ltr'><strong><em>Haec</em></strong></span> <span class='ocrx_word' id='word_1_600' title='bbox 738 4446 782 4498; x_wconf 88' lang='lat' dir='ltr'><strong><em>si</em></strong></span> <span class='ocrx_word' id='word_1_601' title='bbox 808 4443 1078 4512; x_wconf 72' lang='lat' dir='ltr'><strong><em>Iudaicos,</em></strong></span> <span class='ocrx_word' id='word_1_602' title='bbox 1122 4456 1226 4500; x_wconf 88' lang='lat' dir='ltr'><strong><em>etc.</em></strong></span> <span class='ocrx_word' id='word_1_603' title='bbox 1271 4446 1469 4503; x_wconf 88' lang='lat' dir='ltr'><strong><em>Contra</em></strong></span> <span class='ocrx_word' id='word_1_604' title='bbox 1515 4443 1962 4513; x_wconf 68' lang='lat' dir='ltr'><strong><em>llomuiicionilas</em></strong></span> 
     </span>
    </p>
   </div>
   <div class='ocr_carea' id='block_1_78' title="bbox 376 4513 1962 4585">
    <p class='ocr_par' dir='ltr' id='par_1_78' title="bbox 376 4513 1962 4585">
     <span class='ocr_line' id='line_1_80' title="bbox 376 4513 1962 4585; baseline 0.008 -16"><span class='ocrx_word' id='word_1_605' title='bbox 376 4514 471 4569; x_wconf 87' lang='lat' dir='ltr'><strong><em>lib.</em></strong></span> <span class='ocrx_word' id='word_1_606' title='bbox 500 4530 515 4567; x_wconf 85' lang='grc' dir='ltr'><strong><em>ι</em></strong></span> <span class='ocrx_word' id='word_1_607' title='bbox 543 4530 557 4567; x_wconf 90' lang='lat'><strong>:</strong></span> <span class='ocrx_word' id='word_1_608' title='bbox 587 4513 723 4585; x_wconf 83' lang='lat' dir='ltr'><strong><em>Sunt</em></strong></span> <span class='ocrx_word' id='word_1_609' title='bbox 745 4518 831 4585; x_wconf 87' lang='lat' dir='ltr'><strong><em>qui</em></strong></span> <span class='ocrx_word' id='word_1_610' title='bbox 859 4516 1103 4585; x_wconf 73' lang='lat' dir='ltr'><strong><em>Iudaico,</em></strong></span> <span class='ocrx_word' id='word_1_611' title='bbox 1137 4527 1241 4571; x_wconf 92' lang='lat' dir='ltr'><strong><em>etc.</em></strong></span> <span class='ocrx_word' id='word_1_612' title='bbox 1266 4521 1463 4573; x_wconf 78' lang='lat' dir='ltr'><strong><em>Contra</em></strong></span> <span class='ocrx_word' id='word_1_613' title='bbox 1497 4520 1962 4585; x_wconf 87' lang='lat' dir='ltr'><strong><em>Phantasmaticos</em></strong></span> 
     </span>
    </p>
   </div>
   <div class='ocr_carea' id='block_1_79' title="bbox 374 4584 1966 4663">
    <p class='ocr_par' dir='ltr' id='par_1_79' title="bbox 374 4584 1966 4663">
     <span class='ocr_line' id='line_1_81' title="bbox 374 4584 1966 4663; baseline 0.008 -24"><span class='ocrx_word' id='word_1_614' title='bbox 374 4585 470 4639; x_wconf 86' lang='lat' dir='ltr'><strong><em>lib.</em></strong></span> <span class='ocrx_word' id='word_1_615' title='bbox 503 4584 678 4663; x_wconf 37' lang='lat' dir='ltr'><strong><em>tgnEst</em></strong></span> <span class='ocrx_word' id='word_1_616' title='bbox 712 4584 881 4663; x_wconf 75' lang='lat' dir='ltr'><strong><em>opera:</em></strong></span> <span class='ocrx_word' id='word_1_617' title='bbox 917 4590 1163 4663; x_wconf 73' lang='lat' dir='ltr'><strong><em>pretium,</em></strong></span> <span class='ocrx_word' id='word_1_618' title='bbox 1207 4599 1311 4645; x_wconf 88' lang='lat' dir='ltr'><strong><em>elc.</em></strong></span> <span class='ocrx_word' id='word_1_619' title='bbox 1348 4591 1421 4645; x_wconf 85' lang='lat' dir='ltr'><strong><em>De</em></strong></span> <span class='ocrx_word' id='word_1_620' title='bbox 1450 4591 1666 4661; x_wconf 82' lang='lat' dir='ltr'><strong><em>Origine</em></strong></span> <span class='ocrx_word' id='word_1_621' title='bbox 1715 4584 1966 4663; x_wconf 50' lang='lat' dir='ltr'><strong><em>peccato;-</em></strong></span> 
     </span>
    </p>
   </div>
   <div class='ocr_carea' id='block_1_80' title="bbox 376 4656 1965 4727">
    <p class='ocr_par' dir='ltr' id='par_1_80' title="bbox 376 4656 1965 4727">
     <span class='ocr_line' id='line_1_82' title="bbox 376 4656 1965 4727; baseline 0.008 -16"><span class='ocrx_word' id='word_1_622' title='bbox 376 4671 500 4711; x_wconf 82' lang='lat' dir='ltr'><strong><em>rum</em></strong></span> <span class='ocrx_word' id='word_1_623' title='bbox 530 4656 596 4727; x_wconf 80' lang='grc' dir='ltr'><strong><em>(Ῑ)</em></strong></span> <span class='ocrx_word' id='word_1_624' title='bbox 628 4658 717 4710; x_wconf 90' lang='lat' dir='ltr'><strong><em>lib.</em></strong></span> <span class='ocrx_word' id='word_1_625' title='bbox 751 4673 791 4723; x_wconf 88' lang='grc' dir='ltr'><strong><em>ι,</em></strong></span> <span class='ocrx_word' id='word_1_626' title='bbox 821 4659 870 4712; x_wconf 91' lang='lat' dir='ltr'><strong><em>in</em></strong></span> <span class='ocrx_word' id='word_1_627' title='bbox 917 4656 1253 4714; x_wconf 85' lang='lat' dir='ltr'><strong><em>Hexameron</em></strong></span> <span class='ocrx_word' id='word_1_628' title='bbox 1286 4663 1374 4715; x_wconf 87' lang='lat' dir='ltr'><strong><em>lib.</em></strong></span> <span class='ocrx_word' id='word_1_629' title='bbox 1408 4678 1480 4727; x_wconf 70' lang='grc' dir='ltr'><strong><em>γι,</em></strong></span> <span class='ocrx_word' id='word_1_630' title='bbox 1510 4656 1576 4719; x_wconf 76' lang='lat' dir='ltr'><strong><em>de</em></strong></span> <span class='ocrx_word' id='word_1_631' title='bbox 1619 4656 1814 4720; x_wconf 73' lang='lat' dir='ltr'><strong><em>Sancta</em></strong></span> <span class='ocrx_word' id='word_1_632' title='bbox 1847 4667 1965 4724; x_wconf 86' lang='lat' dir='ltr'><strong><em>Tri-</em></strong></span> 
     </span>
    </p>
   </div>
   <div class='ocr_carea' id='block_1_81' title="bbox 379 4727 1965 4799">
    <p class='ocr_par' dir='ltr' id='par_1_81' title="bbox 379 4727 1965 4799">
     <span class='ocr_line' id='line_1_83' title="bbox 379 4727 1965 4799; baseline 0.009 -18"><span class='ocrx_word' id='word_1_633' title='bbox 379 4727 550 4783; x_wconf 88' lang='lat' dir='ltr'><strong><em>nitate</em></strong></span> <span class='ocrx_word' id='word_1_634' title='bbox 602 4728 694 4782; x_wconf 91' lang='lat' dir='ltr'><strong><em>lib.</em></strong></span> <span class='ocrx_word' id='word_1_635' title='bbox 740 4744 795 4792; x_wconf 88' lang='lat' dir='ltr'><strong><em>ll,</em></strong></span> <span class='ocrx_word' id='word_1_636' title='bbox 847 4729 1175 4799; x_wconf 73' lang='lat' dir='ltr'><strong><em>llymnorum</em></strong></span> <span class='ocrx_word' id='word_1_637' title='bbox 1229 4731 1561 4788; x_wconf 89' lang='lat' dir='ltr'><strong><em>diversorum</em></strong></span> <span class='ocrx_word' id='word_1_638' title='bbox 1612 4737 1703 4791; x_wconf 91' lang='lat' dir='ltr'><strong><em>lib.</em></strong></span> <span class='ocrx_word' id='word_1_639' title='bbox 1732 4753 1767 4791; x_wconf 91' lang='lat' dir='ltr'><strong><em>ll</em></strong></span> <span class='ocrx_word' id='word_1_640' title='bbox 1797 4754 1811 4790; x_wconf 90' lang='lat'><strong>:</strong></span> <span class='ocrx_word' id='word_1_641' title='bbox 1846 4741 1965 4796; x_wconf 84' lang='lat' dir='ltr'><strong><em>Ales</em></strong></span> 
     </span>
    </p>
   </div>
   <div class='ocr_carea' id='block_1_82' title="bbox 376 4799 876 4871">
    <p class='ocr_par' dir='ltr' id='par_1_82' title="bbox 376 4799 876 4871">
     <span class='ocr_line' id='line_1_84' title="bbox 376 4799 876 4871; baseline 0.002 -19"><span class='ocrx_word' id='word_1_642' title='bbox 376 4799 480 4852; x_wconf 84' lang='lat' dir='ltr'><strong><em>diei</em></strong></span> <span class='ocrx_word' id='word_1_643' title='bbox 520 4800 731 4853; x_wconf 85' lang='lat' dir='ltr'><strong><em>nuntius</em></strong></span> <span class='ocrx_word' id='word_1_644' title='bbox 776 4800 876 4871; x_wconf 84' lang='lat' dir='ltr'><strong><em>(g).</em></strong></span> 
     </span>
    </p>
   </div>
   <div class='ocr_carea' id='block_1_83' title="bbox 934 4801 2027 4867">
    <p class='ocr_par' dir='ltr' id='par_1_83' title="bbox 934 4801 2027 4867">
     <span class='ocr_line' id='line_1_85' title="bbox 934 4801 2027 4867; baseline 0.013 -13"><span class='ocrx_word' id='word_1_645' title='bbox 934 4801 1141 4856; x_wconf 88' lang='lat' dir='ltr'><strong><em>Laudes</em></strong></span> <span class='ocrx_word' id='word_1_646' title='bbox 1185 4802 1241 4856; x_wconf 88' lang='lat' dir='ltr'><strong><em>S.</em></strong></span> <span class='ocrx_word' id='word_1_647' title='bbox 1294 4803 1553 4859; x_wconf 82' lang='lat' dir='ltr'><strong><em>Vincentii</em></strong></span> <span class='ocrx_word' id='word_1_648' title='bbox 1606 4808 1695 4861; x_wconf 91' lang='lat' dir='ltr'><strong><em>lib.</em></strong></span> <span class='ocrx_word' id='word_1_649' title='bbox 1723 4824 1737 4862; x_wconf 91' lang='grc' dir='ltr'>ι</span> <span class='ocrx_word' id='word_1_650' title='bbox 1765 4826 1776 4861; x_wconf 89' lang='lat'><strong>:</strong></span> <span class='ocrx_word' id='word_1_651' title='bbox 1810 4809 1965 4867; x_wconf 84' lang='lat' dir='ltr'><strong><em>Beate</em></strong></span> <span class='ocrx_word' id='word_1_652' title='bbox 1996 4812 2027 4867; x_wconf 59' lang='lat'>;</span> 
     </span>
    </p>
   </div>
   <div class='ocr_carea' id='block_1_84' title="bbox 2061 3342 3631 3416">
    <p class='ocr_par' dir='ltr' id='par_1_84' title="bbox 2061 3342 3631 3416">
     <span class='ocr_line' id='line_1_86' title="bbox 2061 3342 3631 3416; baseline -0.016 0"><span class='ocrx_word' id='word_1_653' title='bbox 2061 3376 2129 3416; x_wconf 87' lang='lat' dir='ltr'><strong><em>ex</em></strong></span> <span class='ocrx_word' id='word_1_654' title='bbox 2172 3358 2303 3414; x_wconf 86' lang='lat' dir='ltr'><strong><em>bibl.</em></strong></span> <span class='ocrx_word' id='word_1_655' title='bbox 2345 3352 2619 3410; x_wconf 85' lang='lat' dir='ltr'><strong><em>Casinensi</em></strong></span> <span class='ocrx_word' id='word_1_656' title='bbox 2670 3348 2917 3403; x_wconf 81' lang='lat' dir='ltr'><strong><em>laudatur</em></strong></span> <span class='ocrx_word' id='word_1_657' title='bbox 2954 3345 3125 3402; x_wconf 84' lang='lat' dir='ltr'><strong><em>codex</em></strong></span> <span class='ocrx_word' id='word_1_658' title='bbox 3161 3344 3264 3397; x_wconf 64' lang='lat'><strong><em>2&#39;27</em></strong></span> <span class='ocrx_word' id='word_1_659' title='bbox 3300 3342 3585 3410; x_wconf 88' lang='lat' dir='ltr'><strong><em>inscriptus</em></strong></span> <span class='ocrx_word' id='word_1_660' title='bbox 3620 3354 3631 3389; x_wconf 91' lang='lat'>:</span> 
     </span>
    </p>
   </div>
   <div class='ocr_carea' id='block_1_85' title="bbox 2063 3433 3643 3515">
    <p class='ocr_par' dir='ltr' id='par_1_85' title="bbox 2063 3433 3643 3515">
     <span class='ocr_line' id='line_1_87' title="bbox 2063 3433 3643 3515; baseline -0.016 -5"><span class='ocrx_word' id='word_1_661' title='bbox 2063 3456 2306 3511; x_wconf 64' lang='lat' dir='ltr'><strong><em>Carm‘na</em></strong></span> <span class='ocrx_word' id='word_1_662' title='bbox 2336 3448 2403 3505; x_wconf 89' lang='lat' dir='ltr'><strong><em>D.</em></strong></span> <span class='ocrx_word' id='word_1_663' title='bbox 2436 3444 2699 3515; x_wconf 84' lang='lat' dir='ltr'><strong><em>Prosperi,</em></strong></span> <span class='ocrx_word' id='word_1_664' title='bbox 2727 3451 2831 3497; x_wconf 90' lang='lat' dir='ltr'><strong><em>etc.</em></strong></span> <span class='ocrx_word' id='word_1_665' title='bbox 2880 3438 3152 3494; x_wconf 84' lang='lat' dir='ltr'><strong><em>Prudentii</em></strong></span> <span class='ocrx_word' id='word_1_666' title='bbox 3193 3438 3317 3491; x_wconf 86' lang='lat' dir='ltr'><strong><em>liber</em></strong></span> <span class='ocrx_word' id='word_1_667' title='bbox 3345 3436 3407 3490; x_wconf 88' lang='lat' dir='ltr'><strong><em>de</em></strong></span> <span class='ocrx_word' id='word_1_668' title='bbox 3432 3433 3643 3488; x_wconf 88' lang='lat' dir='ltr'><strong><em>Colum-</em></strong></span> 
     </span>
    </p>
   </div>
   <div class='ocr_carea' id='block_1_86' title="bbox 2065 3525 3643 3616">
    <p class='ocr_par' dir='ltr' id='par_1_86' title="bbox 2065 3525 3643 3616">
     <span class='ocr_line' id='line_1_88' title="bbox 2065 3525 3643 3616; baseline -0.017 -10"><span class='ocrx_word' id='word_1_669' title='bbox 2065 3552 2161 3606; x_wconf 87' lang='lat' dir='ltr'><strong><em>bis.</em></strong></span> <span class='ocrx_word' id='word_1_670' title='bbox 2193 3547 2370 3602; x_wconf 73' lang='lat' dir='ltr'><strong><em>Fnccti</em></strong></span> <span class='ocrx_word' id='word_1_671' title='bbox 2397 3554 2557 3616; x_wconf 75' lang='lat' dir='ltr'><strong><em>poeta:</em></strong></span> <span class='ocrx_word' id='word_1_672' title='bbox 2578 3538 2827 3603; x_wconf 85' lang='lat' dir='ltr'><strong><em>carmina,</em></strong></span> <span class='ocrx_word' id='word_1_673' title='bbox 2857 3545 2964 3591; x_wconf 85' lang='lat' dir='ltr'><strong><em>etc.</em></strong></span> <span class='ocrx_word' id='word_1_674' title='bbox 3003 3534 3083 3589; x_wconf 83' lang='lat' dir='ltr'><strong><em>An</em></strong></span> <span class='ocrx_word' id='word_1_675' title='bbox 3120 3530 3400 3601; x_wconf 82' lang='lat' dir='ltr'><strong><em>legendum</em></strong></span> <span class='ocrx_word' id='word_1_676' title='bbox 3441 3527 3544 3582; x_wconf 87' lang='lat' dir='ltr'><strong><em>erit</em></strong></span> <span class='ocrx_word' id='word_1_677' title='bbox 3576 3525 3643 3579; x_wconf 90' lang='lat' dir='ltr'><strong><em>li-</em></strong></span> 
     </span>
    </p>
   </div>
   <div class='ocr_carea' id='block_1_87' title="bbox 2063 3616 3643 3700">
    <p class='ocr_par' dir='ltr' id='par_1_87' title="bbox 2063 3616 3643 3700">
     <span class='ocr_line' id='line_1_89' title="bbox 2063 3616 3643 3700; baseline -0.019 0"><span class='ocrx_word' id='word_1_678' title='bbox 2063 3644 2159 3700; x_wconf 88' lang='lat' dir='ltr'><strong><em>ber</em></strong></span> <span class='ocrx_word' id='word_1_679' title='bbox 2188 3643 2249 3696; x_wconf 91' lang='lat' dir='ltr'><strong><em>de</em></strong></span> <span class='ocrx_word' id='word_1_680' title='bbox 2289 3635 2540 3695; x_wconf 79' lang='lat' dir='ltr'><strong><em>Coronis?</em></strong></span> <span class='ocrx_word' id='word_1_681' title='bbox 2568 3633 2682 3688; x_wconf 83' lang='lat' dir='ltr'><strong><em>Non</em></strong></span> <span class='ocrx_word' id='word_1_682' title='bbox 2712 3628 2869 3685; x_wconf 83' lang='lat' dir='ltr'><strong><em>valde</em></strong></span> <span class='ocrx_word' id='word_1_683' title='bbox 2898 3626 3207 3690; x_wconf 72' lang='lat' dir='ltr'><strong><em>dissentiet,</em></strong></span> <span class='ocrx_word' id='word_1_684' title='bbox 3238 3622 3327 3692; x_wconf 85' lang='lat' dir='ltr'><strong><em>qui</em></strong></span> <span class='ocrx_word' id='word_1_685' title='bbox 3377 3616 3643 3689; x_wconf 64' lang='lat' dir='ltr'><strong><em>ejusmodi</em></strong></span> 
     </span>
    </p>
   </div>
   <div class='ocr_carea' id='block_1_88' title="bbox 2065 3715 3646 3795">
    <p class='ocr_par' dir='ltr' id='par_1_88' title="bbox 2065 3715 3646 3795">
     <span class='ocr_line' id='line_1_90' title="bbox 2065 3715 3646 3795; baseline -0.018 0"><span class='ocrx_word' id='word_1_686' title='bbox 2065 3750 2278 3795; x_wconf 90' lang='lat' dir='ltr'><strong><em>errores</em></strong></span> <span class='ocrx_word' id='word_1_687' title='bbox 2310 3734 2362 3787; x_wconf 93' lang='lat' dir='ltr'><strong><em>in</em></strong></span> <span class='ocrx_word' id='word_1_688' title='bbox 2392 3744 2456 3785; x_wconf 94' lang='lat' dir='ltr'><strong><em>eo</em></strong></span> <span class='ocrx_word' id='word_1_689' title='bbox 2485 3723 2862 3783; x_wconf 79' lang='lat' dir='ltr'><strong><em>llloutlauconii</em></strong></span> <span class='ocrx_word' id='word_1_690' title='bbox 2888 3734 3053 3791; x_wconf 88' lang='lat' dir='ltr'><strong><em>opere</em></strong></span> <span class='ocrx_word' id='word_1_691' title='bbox 3076 3715 3273 3788; x_wconf 73' lang='lat' dir='ltr'><strong><em>passim</em></strong></span> <span class='ocrx_word' id='word_1_692' title='bbox 3304 3720 3646 3769; x_wconf 83' lang='lat' dir='ltr'><strong><em>occurrentes</em></strong></span> 
     </span>
    </p>
   </div>
   <div class='ocr_carea' id='block_1_89' title="bbox 2064 3801 3647 3885">
    <p class='ocr_par' dir='ltr' id='par_1_89' title="bbox 2064 3801 3647 3885">
     <span class='ocr_line' id='line_1_91' title="bbox 2064 3801 3647 3885; baseline -0.018 0"><span class='ocrx_word' id='word_1_693' title='bbox 2064 3823 2525 3885; x_wconf 81' lang='lat' dir='ltr'><strong><em>animadverterit.</em></strong></span> <span class='ocrx_word' id='word_1_694' title='bbox 2577 3817 2685 3875; x_wconf 86' lang='lat' dir='ltr'><strong><em>Sed</em></strong></span> <span class='ocrx_word' id='word_1_695' title='bbox 2735 3830 2857 3873; x_wconf 89' lang='lat' dir='ltr'><strong><em>cum</em></strong></span> <span class='ocrx_word' id='word_1_696' title='bbox 2902 3808 3257 3868; x_wconf 67' lang='lat' dir='ltr'><strong><em>Dittochasum</em></strong></span> <span class='ocrx_word' id='word_1_697' title='bbox 3302 3806 3358 3862; x_wconf 91' lang='lat' dir='ltr'><strong><em>in</em></strong></span> <span class='ocrx_word' id='word_1_698' title='bbox 3404 3801 3647 3876; x_wconf 85' lang='lat' dir='ltr'><strong><em>pluribus</em></strong></span> 
     </span>
    </p>
   </div>
   <div class='ocr_carea' id='block_1_90' title="bbox 2069 4008 3647 4095">
    <p class='ocr_par' dir='ltr' id='par_1_90' title="bbox 2069 4008 3647 4095">
     <span class='ocr_line' id='line_1_92' title="bbox 2069 4008 3647 4095; baseline -0.018 -11"><span class='ocrx_word' id='word_1_699' title='bbox 2069 4039 2148 4095; x_wconf 74' lang='lat' dir='ltr'><strong><em>tra</em></strong></span> <span class='ocrx_word' id='word_1_700' title='bbox 2176 4017 2472 4089; x_wconf 53' lang='lat' dir='ltr'><strong><em>Unionita&#39;s,</em></strong></span> <span class='ocrx_word' id='word_1_701' title='bbox 2503 4036 2645 4077; x_wconf 89' lang='lat' dir='ltr'><strong><em>vers.</em></strong></span> <span class='ocrx_word' id='word_1_702' title='bbox 2684 4018 2782 4095; x_wconf 66' lang='lat'><strong><em>1778</em></strong></span> <span class='ocrx_word' id='word_1_703' title='bbox 2812 4015 3009 4095; x_wconf 78' lang='lat' dir='ltr'><strong><em>Apoth.</em></strong></span> <span class='ocrx_word' id='word_1_704' title='bbox 3041 4013 3111 4095; x_wconf 67' lang='grc' dir='ltr'><strong><em>(ς)</em></strong></span> <span class='ocrx_word' id='word_1_705' title='bbox 3145 4008 3480 4095; x_wconf 74' lang='lat' dir='ltr'><strong><em>Apotheseos</em></strong></span> <span class='ocrx_word' id='word_1_706' title='bbox 3500 4014 3647 4095; x_wconf 51' lang='lat' dir='ltr'><strong><em>vers:</em></strong></span> 
     </span>
    </p>
   </div>
   <div class='ocr_carea' id='block_1_91' title="bbox 2066 4086 3650 4171">
    <p class='ocr_par' dir='ltr' id='par_1_91' title="bbox 2066 4086 3650 4171">
     <span class='ocr_line' id='line_1_93' title="bbox 2066 4086 3650 4171; baseline -0.009 -16"><span class='ocrx_word' id='word_1_707' title='bbox 2066 4086 2191 4155; x_wconf 64' lang='lat' dir='ltr'><strong><em>seu.</em></strong></span> <span class='ocrx_word' id='word_1_708' title='bbox 2219 4100 2295 4171; x_wconf 60' lang='grc' dir='ltr'><strong><em>(Γ)</em></strong></span> <span class='ocrx_word' id='word_1_709' title='bbox 2314 4099 2426 4171; x_wconf 78' lang='lat' dir='ltr'><strong><em>Non</em></strong></span> <span class='ocrx_word' id='word_1_710' title='bbox 2452 4086 2659 4149; x_wconf 84' lang='lat' dir='ltr'><strong><em>videtur</em></strong></span> <span class='ocrx_word' id='word_1_711' title='bbox 2678 4091 2924 4171; x_wconf 66' lang='lat' dir='ltr'><strong><em>diversus</em></strong></span> <span class='ocrx_word' id='word_1_712' title='bbox 2943 4088 3016 4171; x_wconf 53' lang='lat' dir='ltr'><strong><em>an</em></strong></span> <span class='ocrx_word' id='word_1_713' title='bbox 3045 4086 3650 4171; x_wconf 43' lang='lat' dir='ltr'><strong><em>uaniarlgisgq&#39;ggnqqﬂn</em></strong></span> 
     </span>
    </p>
   </div>
   <div class='ocr_carea' id='block_1_92' title="bbox 2068 4148 3653 4228">
    <p class='ocr_par' dir='ltr' id='par_1_92' title="bbox 2068 4148 3653 4228">
     <span class='ocr_line' id='line_1_94' title="bbox 2068 4148 3653 4228; baseline -0.018 -2"><span class='ocrx_word' id='word_1_714' title='bbox 2068 4148 2426 4225; x_wconf 51' lang='lat' dir='ltr'><strong><em>ita-inhiat};</em></strong></span> <span class='ocrx_word' id='word_1_715' title='bbox 2451 4170 2853 4219; x_wconf 89' lang='lat' dir='ltr'><strong><em>commemorat.</em></strong></span> <span class='ocrx_word' id='word_1_716' title='bbox 2883 4155 2963 4227; x_wconf 85' lang='lat' dir='ltr'><strong><em>(g)</em></strong></span> <span class='ocrx_word' id='word_1_717' title='bbox 2986 4157 3197 4228; x_wconf 84' lang='lat' dir='ltr'><strong><em>lni_tium</em></strong></span> <span class='ocrx_word' id='word_1_718' title='bbox 3228 4151 3348 4205; x_wconf 89' lang='lat' dir='ltr'><strong><em>libri</em></strong></span> <span class='ocrx_word' id='word_1_719' title='bbox 3366 4148 3653 4228; x_wconf 68' lang='lat' dir='ltr'><strong><em>Catheme-</em></strong></span> 
     </span>
    </p>
   </div>
   <div class='ocr_carea' id='block_1_93' title="bbox 2068 4216 3654 4309">
    <p class='ocr_par' dir='ltr' id='par_1_93' title="bbox 2068 4216 3654 4309">
     <span class='ocr_line' id='line_1_95' title="bbox 2068 4216 3654 4309; baseline -0.009 -13"><span class='ocrx_word' id='word_1_720' title='bbox 2068 4216 2727 4309; x_wconf 46' lang='lat' dir='ltr'><strong><em>nihil?(hiemantes</em></strong></span> <span class='ocrx_word' id='word_1_721' title='bbox 2746 4216 3027 4309; x_wconf 57' lang='lat' dir='ltr'><strong><em>utriusque</em></strong></span> <span class='ocrx_word' id='word_1_722' title='bbox 3047 4218 3377 4309; x_wconf 61' lang='lat' dir='ltr'><strong><em>Testamentj</em></strong></span> <span class='ocrx_word' id='word_1_723' title='bbox 3391 4258 3405 4272; x_wconf 92' lang='lat'><strong><em>.</em></strong></span> <span class='ocrx_word' id='word_1_724' title='bbox 3420 4216 3654 4309; x_wconf 41' lang='grc' dir='ltr'><strong><em>ΨΑ]ξὲ-</em></strong></span> 
     </span>
    </p>
   </div>
   <div class='ocr_carea' id='block_1_94' title="bbox 2069 4298 3650 4372">
    <p class='ocr_par' dir='ltr' id='par_1_94' title="bbox 2069 4298 3650 4372">
     <span class='ocr_line' id='line_1_96' title="bbox 2069 4298 3650 4372; baseline -0.019 -6"><span class='ocrx_word' id='word_1_725' title='bbox 2069 4298 2497 4367; x_wconf 58' lang='lat' dir='ltr'><strong><em>tbeoseos&#39;vers.</em></strong></span> <span class='ocrx_word' id='word_1_726' title='bbox 2524 4304 2651 4357; x_wconf 75' lang='grc'><strong>785.</strong></span> <span class='ocrx_word' id='word_1_727' title='bbox 2686 4302 2763 4372; x_wconf 75' lang='lat' dir='ltr'><strong><em>(lt)</em></strong></span> <span class='ocrx_word' id='word_1_728' title='bbox 2814 4299 2944 4372; x_wconf 83' lang='lat' dir='ltr'><strong><em>lluc_</em></strong></span> <span class='ocrx_word' id='word_1_729' title='bbox 2971 4299 3021 4350; x_wconf 91' lang='lat' dir='ltr'><strong><em>in</em></strong></span> <span class='ocrx_word' id='word_1_730' title='bbox 3061 4298 3223 4372; x_wconf 78' lang='lat' dir='ltr'><strong><em>editis</em></strong></span> <span class='ocrx_word' id='word_1_731' title='bbox 3252 4306 3381 4372; x_wconf 54' lang='lat' dir='ltr'><strong><em>non</em></strong></span> <span class='ocrx_word' id='word_1_732' title='bbox 3420 4300 3650 4372; x_wconf 73' lang='lat' dir='ltr'><strong><em>reperto.</em></strong></span> 
     </span>
    </p>
   </div>
   <div class='ocr_carea' id='block_1_95' title="bbox 2070 4362 3656 4455">
    <p class='ocr_par' dir='ltr' id='par_1_95' title="bbox 2070 4362 3656 4455">
     <span class='ocr_line' id='line_1_97' title="bbox 2070 4362 3656 4455; baseline -0.009 -18"><span class='ocrx_word' id='word_1_733' title='bbox 2070 4362 2390 4455; x_wconf 50' lang='lat' dir='ltr'><strong><em>itfiuium</em></strong></span> <span class='ocrx_word' id='word_1_734' title='bbox 2415 4377 2597 4455; x_wconf 79' lang='lat' dir='ltr'><strong><em>hymni</em></strong></span> <span class='ocrx_word' id='word_1_735' title='bbox 2628 4374 2648 4425; x_wconf 22' lang='lat' dir='ltr'><strong><em>rt</em></strong></span> <span class='ocrx_word' id='word_1_736' title='bbox 2683 4362 3289 4455; x_wconf 51' lang='lat' dir='ltr'><strong><em>Peris_t7ephanw7n:L(7tt7t7)_</em></strong></span> <span class='ocrx_word' id='word_1_737' title='bbox 3318 4362 3656 4455; x_wconf 40' lang='grc' dir='ltr'><strong><em>ῡ-ᾳμίίιιεξιξξξ·</em></strong></span> 
     </span>
    </p>
   </div>
   <div class='ocr_carea' id='block_1_96' title="bbox 2070 4427 3717 4513">
    <p class='ocr_par' dir='ltr' id='par_1_96' title="bbox 2070 4427 3717 4513">
     <span class='ocr_line' id='line_1_98' title="bbox 2070 4427 3717 4513; baseline -0.016 -4"><span class='ocrx_word' id='word_1_738' title='bbox 2070 4427 2656 4509; x_wconf 26' lang='lat' dir='ltr'><strong><em>ia&#39;te&#39;vis&#39;io&#39;n&#39;isvauimaa</em></strong></span> <span class='ocrx_word' id='word_1_739' title='bbox 2683 4427 2735 4499; x_wconf 89' lang='lat' dir='ltr'><strong><em>in</em></strong></span> <span class='ocrx_word' id='word_1_740' title='bbox 2783 4427 2940 4497; x_wconf 82' lang='lat' dir='ltr'><strong><em>editis</em></strong></span> <span class='ocrx_word' id='word_1_741' title='bbox 2958 4427 3310 4513; x_wconf 64' lang='lat' dir='ltr'><strong><em>inscribitur,</em></strong></span> <span class='ocrx_word' id='word_1_742' title='bbox 3352 4427 3656 4513; x_wconf 54' lang='lat' dir='ltr'><strong><em>vers.&quot;867.</em></strong></span> <span class='ocrx_word' id='word_1_743' title='bbox 3712 4465 3717 4471; x_wconf 83' lang='lat'><strong><em>.</em></strong></span> 
     </span>
    </p>
   </div>
   <div class='ocr_carea' id='block_1_97' title="bbox 2070 4499 3655 4591">
    <p class='ocr_par' dir='ltr' id='par_1_97' title="bbox 2070 4499 3655 4591">
     <span class='ocr_line' id='line_1_99' title="bbox 2070 4499 3655 4591; baseline -0.018 -11"><span class='ocrx_word' id='word_1_744' title='bbox 2464 4499 2898 4591; x_wconf 67' lang='lat' dir='ltr'><strong><em>Przel&#39;atio,</em></strong></span> <span class='ocrx_word' id='word_1_745' title='bbox 2957 4508 3321 4591; x_wconf 71' lang='lat' dir='ltr'><strong><em>Hamartigeu.</em></strong></span> <span class='ocrx_word' id='word_1_746' title='bbox 3359 4499 3655 4591; x_wconf 28' lang='lat'><strong><em>7(0),}???</em></strong></span> 
     </span>
    </p>
   </div>
   <div class='ocr_carea' id='block_1_98' title="bbox 2070 4570 3660 4663">
    <p class='ocr_par' dir='ltr' id='par_1_98' title="bbox 2070 4570 3660 4663">
     <span class='ocr_line' id='line_1_100' title="bbox 2070 4570 3660 4663; baseline -0.018 -13"><span class='ocrx_word' id='word_1_747' title='bbox 2070 4570 2601 4663; x_wconf 58' lang='lat' dir='ltr'><strong><em>iiii&#39;,&#39;&quot;i|}iit{:ini§¢h.</em></strong></span> <span class='ocrx_word' id='word_1_748' title='bbox 2654 4570 2735 4658; x_wconf 9' lang='grc' dir='ltr'><strong><em>(γρ)</em></strong></span> <span class='ocrx_word' id='word_1_749' title='bbox 2765 4570 3127 4663; x_wconf 66' lang='lat' dir='ltr'><strong><em>llamartigen.</em></strong></span> <span class='ocrx_word' id='word_1_750' title='bbox 3175 4570 3315 4663; x_wconf 50' lang='lat' dir='ltr'><strong><em>vers.</em></strong></span> <span class='ocrx_word' id='word_1_751' title='bbox 3432 4570 3660 4663; x_wconf 41' lang='lat' dir='ltr'><strong><em>£97m:-</em></strong></span> 
     </span>
    </p>
   </div>
   <div class='ocr_carea' id='block_1_99' title="bbox 2072 4642 3660 4724">
    <p class='ocr_par' dir='ltr' id='par_1_99' title="bbox 2072 4642 3660 4724">
     <span class='ocr_line' id='line_1_101' title="bbox 2072 4642 3660 4724; baseline -0.017 -2"><span class='ocrx_word' id='word_1_752' title='bbox 2235 4642 2615 4721; x_wconf 32' lang='lat' dir='ltr'><strong><em>ili—editi‘svohoc</em></strong></span> <span class='ocrx_word' id='word_1_753' title='bbox 2644 4642 2747 4724; x_wconf 43' lang='lat' dir='ltr'><strong><em>onst],</em></strong></span> <span class='ocrx_word' id='word_1_754' title='bbox 2779 4642 3033 4709; x_wconf 63' lang='lat' dir='ltr'><strong><em>Immolal</em></strong></span> <span class='ocrx_word' id='word_1_755' title='bbox 3064 4651 3178 4705; x_wconf 89' lang='lat' dir='ltr'><strong><em>Deo</em></strong></span> <span class='ocrx_word' id='word_1_756' title='bbox 3209 4648 3383 4714; x_wconf 82' lang='lat' dir='ltr'><strong><em>Patri,</em></strong></span> <span class='ocrx_word' id='word_1_757' title='bbox 3424 4642 3577 4709; x_wconf 73' lang='lat' dir='ltr'><strong><em>Pius,</em></strong></span> <span class='ocrx_word' id='word_1_758' title='bbox 3604 4642 3660 4710; x_wconf 65' lang='grc' dir='ltr'><strong><em>βε</em></strong></span> 
     </span>
    </p>
   </div>
   <div class='ocr_carea' id='block_1_100' title="bbox 2070 4732 3663 4802">
    <p class='ocr_par' dir='ltr' id='par_1_100' title="bbox 2070 4732 3663 4802">
     <span class='ocr_line' id='line_1_102' title="bbox 2070 4732 3663 4802; baseline 0.003 -9"><span class='ocrx_word' id='word_1_759' title='bbox 2070 4740 2219 4802; x_wconf 87' lang='lat' dir='ltr'><strong><em>delis,</em></strong></span> <span class='ocrx_word' id='word_1_760' title='bbox 2252 4739 2516 4800; x_wconf 88' lang='lat' dir='ltr'><strong><em>innocens,</em></strong></span> <span class='ocrx_word' id='word_1_761' title='bbox 2553 4732 2817 4802; x_wconf 84' lang='lat' dir='ltr'><strong><em>pudicus.7</em></strong></span> <span class='ocrx_word' id='word_1_762' title='bbox 3114 4793 3181 4802; x_wconf 58' lang='grc' dir='ltr'>Μ</span> <span class='ocrx_word' id='word_1_763' title='bbox 3212 4790 3226 4802; x_wconf 86' lang='lat'>_</span> <span class='ocrx_word' id='word_1_764' title='bbox 3382 4788 3394 4800; x_wconf 88' lang='grc'><em>,</em></span> <span class='ocrx_word' id='word_1_765' title='bbox 3505 4796 3544 4802; x_wconf 21' lang='grc' dir='ltr'><strong><em>,ί</em></strong></span> <span class='ocrx_word' id='word_1_766' title='bbox 3591 4785 3625 4802; x_wconf 23' lang='grc' dir='ltr'>Α.</span> <span class='ocrx_word' id='word_1_767' title='bbox 3658 4782 3663 4787; x_wconf 66' lang='grc' dir='ltr'>ς</span> 
     </span>
    </p>
   </div>
   <div class='ocr_carea' id='block_1_101' title="bbox 2146 4790 3659 4880">
    <p class='ocr_par' dir='ltr' id='par_1_101' title="bbox 2146 4790 3659 4880">
     <span class='ocr_line' id='line_1_103' title="bbox 2146 4790 3659 4880; baseline -0.015 -18"><span class='ocrx_word' id='word_1_768' title='bbox 2248 4790 2381 4864; x_wconf 79' lang='lat' dir='ltr'><strong><em>Vide</em></strong></span> <span class='ocrx_word' id='word_1_769' title='bbox 2425 4790 2716 4862; x_wconf 81' lang='lat' dir='ltr'><strong><em>comment.</em></strong></span> <span class='ocrx_word' id='word_1_770' title='bbox 2754 4799 2820 4855; x_wconf 91' lang='lat' dir='ltr'><strong><em>ad</em></strong></span> <span class='ocrx_word' id='word_1_771' title='bbox 2861 4811 3074 4854; x_wconf 87' lang='lat' dir='ltr'><strong><em>versum</em></strong></span> <span class='ocrx_word' id='word_1_772' title='bbox 3114 4793 3183 4848; x_wconf 74' lang='lat'><strong><em>26</em></strong></span> <span class='ocrx_word' id='word_1_773' title='bbox 3212 4790 3399 4863; x_wconf 88' lang='lat' dir='ltr'><strong><em>hymni</em></strong></span> <span class='ocrx_word' id='word_1_774' title='bbox 3429 4796 3553 4844; x_wconf 87' lang='lat' dir='ltr'><strong><em>ante</em></strong></span> <span class='ocrx_word' id='word_1_775' title='bbox 3579 4790 3659 4841; x_wconf 86' lang='lat' dir='ltr'><strong><em>ci-</em></strong></span> 
     </span>
    </p>
   </div>
   <div class='ocr_carea' id='block_1_102' title="bbox 379 4858 2239 4951">
    <p class='ocr_par' dir='ltr' id='par_1_102' title="bbox 379 4858 2239 4951">
     <span class='ocr_line' id='line_1_104' title="bbox 379 4858 2239 4951; baseline 0.006 -28"><span class='ocrx_word' id='word_1_776' title='bbox 379 4879 597 4951; x_wconf 75' lang='lat' dir='ltr'><strong><em>martyr,</em></strong></span> <span class='ocrx_word' id='word_1_777' title='bbox 632 4858 1207 4951; x_wconf 44' lang='lat' dir='ltr'><strong><em>prosp‘e&#39;r&#39;a._LautleshS.</em></strong></span> <span class='ocrx_word' id='word_1_778' title='bbox 1235 4873 1502 4951; x_wconf 80' lang='lat' dir='ltr'><strong><em>Laurentii</em></strong></span> <span class='ocrx_word' id='word_1_779' title='bbox 1522 4858 1548 4929; x_wconf 18' lang='lat' dir='ltr'><strong><em>il</em></strong></span> <span class='ocrx_word' id='word_1_780' title='bbox 1574 4858 1962 4951; x_wconf 56' lang='grc' dir='ltr'><strong><em>δι’ἷίληῖεξιῖἰᾶ</em></strong></span> <span class='ocrx_word' id='word_1_781' title='bbox 1994 4858 2044 4918; x_wconf 81' lang='grc' dir='ltr'><strong>Ῑ)</strong></span> <span class='ocrx_word' id='word_1_782' title='bbox 2069 4858 2239 4937; x_wconf 55' lang='lat' dir='ltr'><strong><em>bunt]:</em></strong></span> 
     </span>
    </p>
   </div>
   <div class='ocr_carea' id='block_1_103' title="bbox 380 4944 1957 5017">
    <p class='ocr_par' dir='ltr' id='par_1_103' title="bbox 380 4944 1957 5017">
     <span class='ocr_line' id='line_1_105' title="bbox 380 4944 1957 5017; baseline 0.009 -23"><span class='ocrx_word' id='word_1_783' title='bbox 380 4947 623 5017; x_wconf 73' lang='lat' dir='ltr'><strong><em>fanorum</em></strong></span> <span class='ocrx_word' id='word_1_784' title='bbox 647 4958 849 5017; x_wconf 71' lang='lat' dir='ltr'><strong><em>parens.</em></strong></span> <span class='ocrx_word' id='word_1_785' title='bbox 896 4944 1101 5017; x_wconf 82' lang='lat' dir='ltr'><strong><em>Laudes</em></strong></span> <span class='ocrx_word' id='word_1_786' title='bbox 1129 4944 1350 5017; x_wconf 84' lang='lat' dir='ltr'><strong><em>Romani</em></strong></span> <span class='ocrx_word' id='word_1_787' title='bbox 1383 4955 1567 5001; x_wconf 87' lang='lat' dir='ltr'><strong><em>contra</em></strong></span> <span class='ocrx_word' id='word_1_788' title='bbox 1609 4950 1838 5017; x_wconf 81' lang='lat' dir='ltr'><strong><em>gentiles</em></strong></span> <span class='ocrx_word' id='word_1_789' title='bbox 1866 4944 1957 5010; x_wconf 83' lang='lat' dir='ltr'><strong><em>lib.</em></strong></span> 
     </span>
    </p>
   </div>
   <div class='ocr_carea' id='block_1_104' title="bbox 381 5013 1959 5092">
    <p class='ocr_par' dir='ltr' id='par_1_104' title="bbox 381 5013 1959 5092">
     <span class='ocr_line' id='line_1_106' title="bbox 381 5013 1959 5092; baseline 0.01 -27"><span class='ocrx_word' id='word_1_790' title='bbox 381 5028 437 5092; x_wconf 55' lang='lat' dir='ltr'><strong><em>In:</em></strong></span> <span class='ocrx_word' id='word_1_791' title='bbox 470 5013 913 5092; x_wconf 67' lang='lat' dir='ltr'><strong><em>Romanec&#39;hristi</em></strong></span> <span class='ocrx_word' id='word_1_792' title='bbox 939 5016 1107 5092; x_wconf 56' lang='lat' dir='ltr'><strong><em>fortis,</em></strong></span> <span class='ocrx_word' id='word_1_793' title='bbox 1137 5023 1249 5092; x_wconf 78' lang='lat' dir='ltr'><strong><em>etc.</em></strong></span> <span class='ocrx_word' id='word_1_794' title='bbox 1280 5013 1635 5092; x_wconf 72' lang='lat' dir='ltr'><strong><em>llistorizirurn</em></strong></span> <span class='ocrx_word' id='word_1_795' title='bbox 1664 5019 1744 5092; x_wconf 80' lang='lat' dir='ltr'><strong><em>(lt)</em></strong></span> <span class='ocrx_word' id='word_1_796' title='bbox 1778 5022 1868 5077; x_wconf 93' lang='lat' dir='ltr'><strong><em>lib.</em></strong></span> <span class='ocrx_word' id='word_1_797' title='bbox 1897 5039 1913 5077; x_wconf 85' lang='grc' dir='ltr'><strong>ι</strong></span> <span class='ocrx_word' id='word_1_798' title='bbox 1945 5044 1959 5081; x_wconf 91' lang='lat'><strong>:</strong></span> 
     </span>
    </p>
   </div>
   <div class='ocr_carea' id='block_1_105' title="bbox 385 5083 1964 5148">
    <p class='ocr_par' dir='ltr' id='par_1_105' title="bbox 385 5083 1964 5148">
     <span class='ocr_line' id='line_1_107' title="bbox 385 5083 1964 5148; baseline 0.007 -11"><span class='ocrx_word' id='word_1_799' title='bbox 385 5083 495 5138; x_wconf 79' lang='lat' dir='ltr'><strong><em>Eva</em></strong></span> <span class='ocrx_word' id='word_1_800' title='bbox 524 5084 756 5138; x_wconf 85' lang='lat' dir='ltr'><strong><em>columba</em></strong></span> <span class='ocrx_word' id='word_1_801' title='bbox 794 5086 908 5148; x_wconf 58' lang='lat' dir='ltr'><strong><em>fuit.</em></strong></span> <span class='ocrx_word' id='word_1_802' title='bbox 942 5083 1016 5139; x_wconf 84' lang='lat' dir='ltr'><strong><em>De</em></strong></span> <span class='ocrx_word' id='word_1_803' title='bbox 1063 5087 1256 5139; x_wconf 69' lang='lat' dir='ltr'><strong><em>anima:</em></strong></span> <span class='ocrx_word' id='word_1_804' title='bbox 1286 5087 1480 5142; x_wconf 82' lang='lat' dir='ltr'><strong><em>Natura</em></strong></span> <span class='ocrx_word' id='word_1_805' title='bbox 1521 5091 1613 5143; x_wconf 87' lang='lat' dir='ltr'><strong><em>lib.</em></strong></span> <span class='ocrx_word' id='word_1_806' title='bbox 1643 5083 1699 5145; x_wconf 48' lang='lat'><strong><em>1‘:</em></strong></span> <span class='ocrx_word' id='word_1_807' title='bbox 1725 5083 1964 5148; x_wconf 72' lang='lat' dir='ltr'><strong><em>Occurrit</em></strong></span> 
     </span>
    </p>
   </div>
   <div class='ocr_carea' id='block_1_106' title="bbox 380 5156 1963 5227">
    <p class='ocr_par' dir='ltr' id='par_1_106' title="bbox 380 5156 1963 5227">
     <span class='ocr_line' id='line_1_108' title="bbox 380 5156 1963 5227; baseline 0.008 -20"><span class='ocrx_word' id='word_1_808' title='bbox 380 5156 625 5209; x_wconf 88' lang='lat' dir='ltr'><strong><em>dubitans</em></strong></span> <span class='ocrx_word' id='word_1_809' title='bbox 657 5158 741 5227; x_wconf 52' lang='grc' dir='ltr'><strong><em>(εχ.</em></strong></span> <span class='ocrx_word' id='word_1_810' title='bbox 783 5156 857 5211; x_wconf 88' lang='lat' dir='ltr'><strong><em>De</em></strong></span> <span class='ocrx_word' id='word_1_811' title='bbox 899 5158 1315 5227; x_wconf 80' lang='lat' dir='ltr'><strong><em>Resurrectione</em></strong></span> <span class='ocrx_word' id='word_1_812' title='bbox 1367 5162 1544 5215; x_wconf 80' lang='lat' dir='ltr'><strong><em>carnis</em></strong></span> <span class='ocrx_word' id='word_1_813' title='bbox 1583 5160 1674 5216; x_wconf 87' lang='lat' dir='ltr'><strong><em>lib.</em></strong></span> <span class='ocrx_word' id='word_1_814' title='bbox 1708 5178 1763 5217; x_wconf 90' lang='lat' dir='ltr'><strong><em>t:</em></strong></span> <span class='ocrx_word' id='word_1_815' title='bbox 1797 5164 1963 5219; x_wconf 88' lang='lat' dir='ltr'><strong><em>Posco</em></strong></span> 
     </span>
    </p>
   </div>
   <div class='ocr_carea' id='block_1_107' title="bbox 380 5226 1966 5303">
    <p class='ocr_par' dir='ltr' id='par_1_107' title="bbox 380 5226 1966 5303">
     <span class='ocr_line' id='line_1_109' title="bbox 380 5226 1966 5303; baseline 0.008 -25"><span class='ocrx_word' id='word_1_816' title='bbox 380 5243 551 5279; x_wconf 79' lang='lat' dir='ltr'><strong><em>meum</em></strong></span> <span class='ocrx_word' id='word_1_817' title='bbox 601 5230 653 5303; x_wconf 80' lang='lat' dir='ltr'><strong><em>in</em></strong></span> <span class='ocrx_word' id='word_1_818' title='bbox 693 5226 898 5303; x_wconf 63' lang='lat' dir='ltr'><strong><em>Christo</em></strong></span> <span class='ocrx_word' id='word_1_819' title='bbox 918 5228 1019 5303; x_wconf 58' lang='lat' dir='ltr'><strong><em>llr).</em></strong></span> <span class='ocrx_word' id='word_1_820' title='bbox 1068 5229 1142 5283; x_wconf 88' lang='lat' dir='ltr'><strong><em>De</em></strong></span> <span class='ocrx_word' id='word_1_821' title='bbox 1172 5228 1497 5303; x_wconf 85' lang='lat' dir='ltr'><strong><em>Martyribus</em></strong></span> <span class='ocrx_word' id='word_1_822' title='bbox 1523 5233 1612 5285; x_wconf 89' lang='lat' dir='ltr'><strong><em>lib.</em></strong></span> <span class='ocrx_word' id='word_1_823' title='bbox 1658 5249 1711 5303; x_wconf 69' lang='lat' dir='ltr'><strong><em>t7:</em></strong></span> <span class='ocrx_word' id='word_1_824' title='bbox 1756 5236 1966 5303; x_wconf 83' lang='lat' dir='ltr'><strong><em>Scripta</em></strong></span> 
     </span>
    </p>
   </div>
   <div class='ocr_carea' id='block_1_108' title="bbox 381 5299 1967 5376">
    <p class='ocr_par' dir='ltr' id='par_1_108' title="bbox 381 5299 1967 5376">
     <span class='ocr_line' id='line_1_110' title="bbox 381 5299 1967 5376; baseline 0.006 -27"><span class='ocrx_word' id='word_1_825' title='bbox 381 5309 501 5351; x_wconf 84' lang='lat' dir='ltr'><strong><em>sunt</em></strong></span> <span class='ocrx_word' id='word_1_826' title='bbox 532 5299 658 5376; x_wconf 65' lang='lat' dir='ltr'><strong><em>calo</em></strong></span> <span class='ocrx_word' id='word_1_827' title='bbox 684 5299 767 5370; x_wconf 92' lang='lat' dir='ltr'><strong><em>(l).</em></strong></span> <span class='ocrx_word' id='word_1_828' title='bbox 803 5301 886 5376; x_wconf 78' lang='lat' dir='ltr'><em>7|)e</em></span> <span class='ocrx_word' id='word_1_829' title='bbox 912 5301 1061 5376; x_wconf 78' lang='lat' dir='ltr'><strong><em>Statu</em></strong></span> <span class='ocrx_word' id='word_1_830' title='bbox 1092 5302 1286 5376; x_wconf 65' lang='lat' dir='ltr'><strong><em>animm</em></strong></span> <span class='ocrx_word' id='word_1_831' title='bbox 1315 5300 1430 5376; x_wconf 42' lang='lat' dir='ltr'><strong><em>(ml</em></strong></span> <span class='ocrx_word' id='word_1_832' title='bbox 1449 5301 1540 5355; x_wconf 92' lang='lat' dir='ltr'><strong><em>lib.</em></strong></span> <span class='ocrx_word' id='word_1_833' title='bbox 1567 5319 1582 5357; x_wconf 92' lang='lat' dir='ltr'>I</span> <span class='ocrx_word' id='word_1_834' title='bbox 1609 5320 1621 5357; x_wconf 88' lang='lat'><strong>:</strong></span> <span class='ocrx_word' id='word_1_835' title='bbox 1646 5302 1801 5376; x_wconf 84' lang='lat' dir='ltr'><strong><em>Errat</em></strong></span> <span class='ocrx_word' id='word_1_836' title='bbox 1826 5299 1967 5376; x_wconf 79' lang='lat' dir='ltr'><strong><em>quis-</em></strong></span> 
     </span>
    </p>
   </div>
   <div class='ocr_carea' id='block_1_109' title="bbox 380 5369 1962 5448">
    <p class='ocr_par' dir='ltr' id='par_1_109' title="bbox 380 5369 1962 5448">
     <span class='ocr_line' id='line_1_111' title="bbox 380 5369 1962 5448; baseline 0.008 -29"><span class='ocrx_word' id='word_1_837' title='bbox 380 5385 479 5437; x_wconf 86' lang='lat' dir='ltr'><strong><em>que</em></strong></span> <span class='ocrx_word' id='word_1_838' title='bbox 508 5369 1113 5448; x_wconf 32' lang='lat' dir='ltr'><strong><em>IanimasLAmartigcu.</em></strong></span> <span class='ocrx_word' id='word_1_839' title='bbox 1164 5371 1256 5448; x_wconf 78' lang='lat' dir='ltr'><strong><em>lib.</em></strong></span> <span class='ocrx_word' id='word_1_840' title='bbox 1287 5369 1349 5424; x_wconf 29' lang='lat' dir='ltr'><strong><em>t‘:</em></strong></span> <span class='ocrx_word' id='word_1_841' title='bbox 1382 5369 1808 5448; x_wconf 73' lang='lat' dir='ltr'><strong><em>Fratrcsepltebi</em></strong></span> <span class='ocrx_word' id='word_1_842' title='bbox 1838 5369 1962 5448; x_wconf 50' lang='lat' dir='ltr'><strong><em>&#39;fos-</em></strong></span> 
     </span>
    </p>
   </div>
   <div class='ocr_carea' id='block_1_110' title="bbox 379 5440 1967 5511">
    <p class='ocr_par' dir='ltr' id='par_1_110' title="bbox 379 5440 1967 5511">
     <span class='ocr_line' id='line_1_112' title="bbox 379 5440 1967 5511; baseline 0.006 -19"><span class='ocrx_word' id='word_1_843' title='bbox 379 5456 465 5492; x_wconf 82' lang='lat' dir='ltr'><strong><em>sor</em></strong></span> <span class='ocrx_word' id='word_1_844' title='bbox 498 5440 600 5510; x_wconf 68' lang='grc' dir='ltr'><strong><em>(τι).</em></strong></span> <span class='ocrx_word' id='word_1_845' title='bbox 640 5442 713 5496; x_wconf 86' lang='lat' dir='ltr'><strong><em>De</em></strong></span> <span class='ocrx_word' id='word_1_846' title='bbox 741 5440 849 5511; x_wconf 85' lang='lat' dir='ltr'><strong><em>Spe</em></strong></span> <span class='ocrx_word' id='word_1_847' title='bbox 878 5445 1049 5498; x_wconf 84' lang='lat' dir='ltr'><strong><em>veniae</em></strong></span> <span class='ocrx_word' id='word_1_848' title='bbox 1085 5442 1405 5509; x_wconf 87' lang='lat' dir='ltr'><strong><em>orationem,</em></strong></span> <span class='ocrx_word' id='word_1_849' title='bbox 1426 5445 1539 5498; x_wconf 88' lang='lat' dir='ltr'><strong><em>sive</em></strong></span> <span class='ocrx_word' id='word_1_850' title='bbox 1571 5440 1669 5500; x_wconf 66' lang='lat' dir='ltr'><strong><em>lib.</em></strong></span> <span class='ocrx_word' id='word_1_851' title='bbox 1696 5463 1712 5500; x_wconf 89' lang='grc' dir='ltr'>ι</span> <span class='ocrx_word' id='word_1_852' title='bbox 1747 5466 1757 5499; x_wconf 90' lang='grc'>;</span> <span class='ocrx_word' id='word_1_853' title='bbox 1786 5447 1829 5500; x_wconf 88' lang='lat'><em>0</em></span> <span class='ocrx_word' id='word_1_854' title='bbox 1854 5440 1967 5503; x_wconf 65' lang='lat' dir='ltr'><strong><em>&#39;Dee</em></strong></span> 
     </span>
    </p>
   </div>
   <div class='ocr_carea' id='block_1_111' title="bbox 380 5513 1968 5583">
    <p class='ocr_par' dir='ltr' id='par_1_111' title="bbox 380 5513 1968 5583">
     <span class='ocr_line' id='line_1_113' title="bbox 380 5513 1968 5583; baseline 0.006 -19"><span class='ocrx_word' id='word_1_855' title='bbox 380 5513 741 5582; x_wconf 87' lang='lat' dir='ltr'><strong><em>cunctiparens</em></strong></span> <span class='ocrx_word' id='word_1_856' title='bbox 771 5514 871 5583; x_wconf 87' lang='grc' dir='ltr'><strong><em>(ο).</em></strong></span> <span class='ocrx_word' id='word_1_857' title='bbox 909 5516 1107 5568; x_wconf 90' lang='lat' dir='ltr'><strong><em>Contra</em></strong></span> <span class='ocrx_word' id='word_1_858' title='bbox 1154 5513 1493 5569; x_wconf 84' lang='lat' dir='ltr'><strong><em>Marcionitas</em></strong></span> <span class='ocrx_word' id='word_1_859' title='bbox 1542 5516 1634 5571; x_wconf 90' lang='lat' dir='ltr'><strong><em>lib.</em></strong></span> <span class='ocrx_word' id='word_1_860' title='bbox 1668 5533 1683 5571; x_wconf 89' lang='grc' dir='ltr'>ι</span> <span class='ocrx_word' id='word_1_861' title='bbox 1719 5520 1873 5583; x_wconf 88' lang='lat' dir='ltr'><strong><em>:Quo</em></strong></span> <span class='ocrx_word' id='word_1_862' title='bbox 1922 5530 1968 5574; x_wconf 89' lang='lat' dir='ltr'><strong><em>te</em></strong></span> 
     </span>
    </p>
   </div>
   <div class='ocr_carea' id='block_1_112' title="bbox 383 5584 1970 5729">
    <p class='ocr_par' dir='ltr' id='par_1_112' title="bbox 383 5584 1970 5729">
     <span class='ocr_line' id='line_1_114' title="bbox 384 5584 1970 5666; baseline 0.007 -32"><span class='ocrx_word' id='word_1_863' title='bbox 384 5586 677 5666; x_wconf 43' lang='lat' dir='ltr'><strong><em>praecipitat</em></strong></span> <span class='ocrx_word' id='word_1_864' title='bbox 708 5585 873 5639; x_wconf 87' lang='lat' dir='ltr'><strong><em>rabies</em></strong></span> <span class='ocrx_word' id='word_1_865' title='bbox 904 5584 1000 5657; x_wconf 88' lang='lat' dir='ltr'><strong><em>(p).</em></strong></span> <span class='ocrx_word' id='word_1_866' title='bbox 1044 5584 1471 5654; x_wconf 87' lang='lat' dir='ltr'><strong><em>Peristephanon</em></strong></span> <span class='ocrx_word' id='word_1_867' title='bbox 1503 5586 1598 5642; x_wconf 92' lang='lat' dir='ltr'><strong><em>lib.</em></strong></span> <span class='ocrx_word' id='word_1_868' title='bbox 1634 5606 1649 5643; x_wconf 81' lang='grc' dir='ltr'>ι</span> <span class='ocrx_word' id='word_1_869' title='bbox 1678 5606 1690 5642; x_wconf 92' lang='lat'>:</span> <span class='ocrx_word' id='word_1_870' title='bbox 1724 5587 1872 5654; x_wconf 88' lang='lat' dir='ltr'><strong><em>Pius,</em></strong></span> <span class='ocrx_word' id='word_1_871' title='bbox 1904 5592 1970 5659; x_wconf 77' lang='lat' dir='ltr'><strong><em>ﬁ-</em></strong></span> 
     </span>
     <span class='ocr_line' id='line_1_115' title="bbox 383 5654 1153 5729; baseline 0.013 -24"><span class='ocrx_word' id='word_1_872' title='bbox 383 5654 537 5729; x_wconf 76' lang='lat' dir='ltr'><strong><em>delis,</em></strong></span> <span class='ocrx_word' id='word_1_873' title='bbox 571 5656 931 5729; x_wconf 58' lang='lat' dir='ltr'><strong><em>innocens(q).</em></strong></span> <span class='ocrx_word' id='word_1_874' title='bbox 982 5728 985 5729; x_wconf 79' lang='lat'><strong><em>7</em></strong></span> <span class='ocrx_word' id='word_1_875' title='bbox 1030 5728 1033 5729; x_wconf 79' lang='lat'><strong><em>7</em></strong></span> <span class='ocrx_word' id='word_1_876' title='bbox 1150 5728 1153 5729; x_wconf 78' lang='lat'><strong><em>7</em></strong></span> 
     </span>
    </p>
   </div>
   <div class='ocr_carea' id='block_1_113' title="bbox 334 5671 931 5721">
    <p class='ocr_par' dir='ltr' id='par_1_113' title="bbox 334 5671 931 5721">
     <span class='ocr_line' id='line_1_116' title="bbox 334 5671 931 5721; baseline 0.012 -16"><span class='ocrx_word' id='word_1_877' title='bbox 334 5694 337 5695; x_wconf 45' lang='grc' dir='ltr'><em>ν</em></span> <span class='ocrx_word' id='word_1_878' title='bbox 383 5671 537 5721; x_wconf 86' lang='lat' dir='ltr'><strong><em>aetts,</em></strong></span> <span class='ocrx_word' id='word_1_879' title='bbox 571 5671 811 5710; x_wconf 76' lang='lat' dir='ltr'><strong><em>innocens</em></strong></span> <span class='ocrx_word' id='word_1_880' title='bbox 832 5671 905 5721; x_wconf 74' lang='grc' dir='ltr'><strong><em>(ᾳ)</em></strong></span> <span class='ocrx_word' id='word_1_881' title='bbox 918 5699 931 5712; x_wconf 94' lang='grc'><strong><em>.</em></strong></span> 
     </span>
    </p>
   </div>
   <div class='ocr_carea' id='block_1_114' title="bbox 458 5674 1965 5803">
    <p class='ocr_par' dir='ltr' id='par_1_114' title="bbox 458 5674 1965 5803">
     <span class='ocr_line' id='line_1_117' title="bbox 458 5674 931 5729; baseline 0.015 -24"><span class='ocrx_word' id='word_1_882' title='bbox 458 5674 537 5721; x_wconf 75' lang='grc' dir='ltr'><strong><em>ιη,</em></strong></span> <span class='ocrx_word' id='word_1_883' title='bbox 571 5674 811 5710; x_wconf 75' lang='lat' dir='ltr'><strong><em>innocens</em></strong></span> <span class='ocrx_word' id='word_1_884' title='bbox 832 5674 931 5729; x_wconf 57' lang='grc' dir='ltr'><strong><em>(ᾳ).</em></strong></span> 
     </span>
     <span class='ocr_line' id='line_1_118' title="bbox 458 5726 1965 5803; baseline 0.005 -25"><span class='ocrx_word' id='word_1_885' title='bbox 458 5726 539 5803; x_wconf 88' lang='lat' dir='ltr'><strong><em>(b)_</em></strong></span> <span class='ocrx_word' id='word_1_886' title='bbox 595 5726 903 5803; x_wconf 81' lang='lat' dir='ltr'><strong><em>Trithemio</em></strong></span> <span class='ocrx_word' id='word_1_887' title='bbox 950 5728 1239 5803; x_wconf 66' lang='lat' dir='ltr'><strong><em>lfabricius.</em></strong></span> <span class='ocrx_word' id='word_1_888' title='bbox 1264 5738 1419 5785; x_wconf 88' lang='lat' dir='ltr'><strong><em>notas</em></strong></span> <span class='ocrx_word' id='word_1_889' title='bbox 1460 5730 1557 5785; x_wconf 91' lang='lat' dir='ltr'><strong><em>has</em></strong></span> <span class='ocrx_word' id='word_1_890' title='bbox 1605 5731 1798 5800; x_wconf 87' lang='lat' dir='ltr'><strong><em>adjecit</em></strong></span> <span class='ocrx_word' id='word_1_891' title='bbox 1841 5732 1965 5803; x_wconf 91' lang='lat' dir='ltr'><strong><em>:(a)</em></strong></span> 
     </span>
    </p>
   </div>
   <div class='ocr_carea' id='block_1_115' title="bbox 385 5796 1968 5872">
    <p class='ocr_par' dir='ltr' id='par_1_115' title="bbox 385 5796 1968 5872">
     <span class='ocr_line' id='line_1_119' title="bbox 385 5796 1968 5872; baseline 0.006 -23"><span class='ocrx_word' id='word_1_892' title='bbox 385 5796 939 5872; x_wconf 70' lang='lat' dir='ltr'><strong><em>Psycbomacbia._(b)</em></strong></span> <span class='ocrx_word' id='word_1_893' title='bbox 964 5800 1221 5872; x_wconf 60' lang='lat' dir='ltr'><strong><em>Praelatio</em></strong></span> <span class='ocrx_word' id='word_1_894' title='bbox 1250 5803 1304 5855; x_wconf 90' lang='lat' dir='ltr'><strong><em>in</em></strong></span> <span class='ocrx_word' id='word_1_895' title='bbox 1330 5796 1685 5870; x_wconf 54' lang='lat' dir='ltr'><strong><em>Aputheosinl</em></strong></span> <span class='ocrx_word' id='word_1_896' title='bbox 1714 5805 1791 5872; x_wconf 81' lang='lat' dir='ltr'><strong><em>(c)</em></strong></span> <span class='ocrx_word' id='word_1_897' title='bbox 1818 5796 1968 5871; x_wconf 47' lang='lat' dir='ltr'><strong><em>Apol-</em></strong></span> 
     </span>
    </p>
   </div>
   <div class='ocr_carea' id='block_1_116' title="bbox 388 5868 1971 5944">
    <p class='ocr_par' dir='ltr' id='par_1_116' title="bbox 388 5868 1971 5944">
     <span class='ocr_line' id='line_1_120' title="bbox 388 5868 1971 5944; baseline 0.006 -20"><span class='ocrx_word' id='word_1_898' title='bbox 388 5868 613 5928; x_wconf 83' lang='lat' dir='ltr'><strong><em>thcosis.</em></strong></span> <span class='ocrx_word' id='word_1_899' title='bbox 637 5870 719 5944; x_wconf 79' lang='lat' dir='ltr'><strong><em>(tt)</em></strong></span> <span class='ocrx_word' id='word_1_900' title='bbox 742 5870 803 5928; x_wconf 88' lang='lat' dir='ltr'><strong><em>ln</em></strong></span> <span class='ocrx_word' id='word_1_901' title='bbox 826 5868 1182 5931; x_wconf 81' lang='lat' dir='ltr'><strong><em>Sabellianos.</em></strong></span> <span class='ocrx_word' id='word_1_902' title='bbox 1208 5871 1268 5932; x_wconf 84' lang='lat' dir='ltr'><strong><em>lu</em></strong></span> <span class='ocrx_word' id='word_1_903' title='bbox 1288 5868 1449 5933; x_wconf 76' lang='lat' dir='ltr'><strong><em>editis</em></strong></span> <span class='ocrx_word' id='word_1_904' title='bbox 1474 5868 1807 5944; x_wconf 67' lang='lat' dir='ltr'><strong><em>inscribitur,</em></strong></span> <span class='ocrx_word' id='word_1_905' title='bbox 1828 5868 1971 5934; x_wconf 80' lang='lat' dir='ltr'><strong><em>Cou-</em></strong></span> 
     </span>
    </p>
   </div>
   <div class='ocr_carea' id='block_1_117' title="bbox 2252 4959 3149 5035">
    <p class='ocr_par' dir='ltr' id='par_1_117' title="bbox 2252 4959 3149 5035">
     <span class='ocr_line' id='line_1_121' title="bbox 2252 4959 3149 5035; baseline -0.014 -14"><span class='ocrx_word' id='word_1_906' title='bbox 2252 4972 2467 5035; x_wconf 78' lang='lat' dir='ltr'><strong><em>Sperne,</em></strong></span> <span class='ocrx_word' id='word_1_907' title='bbox 2492 4980 2732 5029; x_wconf 79' lang='lat' dir='ltr'><strong><em>camoena,</em></strong></span> <span class='ocrx_word' id='word_1_908' title='bbox 2758 4959 3149 5035; x_wconf 45' lang='lat' dir='ltr'><strong><em>leveshed‘eras,</em></strong></span> 
     </span>
    </p>
   </div>
   <div class='ocr_carea' id='block_1_118' title="bbox 2316 5023 3193 5094">
    <p class='ocr_par' dir='ltr' id='par_1_118' title="bbox 2316 5023 3193 5094">
     <span class='ocr_line' id='line_1_122' title="bbox 2316 5023 3193 5094; baseline -0.016 -9"><span class='ocrx_word' id='word_1_909' title='bbox 2316 5023 2532 5094; x_wconf 81' lang='lat' dir='ltr'><strong><em>Cingere</em></strong></span> <span class='ocrx_word' id='word_1_910' title='bbox 2553 5023 2769 5092; x_wconf 77' lang='lat' dir='ltr'><strong><em>tempora</em></strong></span> <span class='ocrx_word' id='word_1_911' title='bbox 2794 5026 2939 5089; x_wconf 88' lang='lat' dir='ltr'><strong><em>queis</em></strong></span> <span class='ocrx_word' id='word_1_912' title='bbox 2956 5023 3099 5075; x_wconf 89' lang='lat' dir='ltr'><strong><em>solita</em></strong></span> <span class='ocrx_word' id='word_1_913' title='bbox 3125 5033 3193 5072; x_wconf 88' lang='lat' dir='ltr'><strong><em>es.</em></strong></span> 
     </span>
    </p>
   </div>
   <div class='ocr_carea' id='block_1_119' title="bbox 2144 5139 3665 5229">
    <p class='ocr_par' dir='ltr' id='par_1_119' title="bbox 2144 5139 3665 5229">
     <span class='ocr_line' id='line_1_123' title="bbox 2144 5139 3665 5229; baseline -0.012 -18"><span class='ocrx_word' id='word_1_914' title='bbox 2144 5159 2224 5229; x_wconf 79' lang='grc' dir='ltr'><strong><em>(ά)</em></strong></span> <span class='ocrx_word' id='word_1_915' title='bbox 2248 5158 2480 5227; x_wconf 85' lang='lat' dir='ltr'><strong><em>Prosper</em></strong></span> <span class='ocrx_word' id='word_1_916' title='bbox 2514 5154 2801 5211; x_wconf 76' lang='lat' dir='ltr'><strong><em>Marchand</em></strong></span> <span class='ocrx_word' id='word_1_917' title='bbox 2831 5154 2883 5209; x_wconf 92' lang='lat' dir='ltr'><strong><em>in</em></strong></span> <span class='ocrx_word' id='word_1_918' title='bbox 2928 5167 3025 5229; x_wconf 86' lang='lat' dir='ltr'><strong><em>suo</em></strong></span> <span class='ocrx_word' id='word_1_919' title='bbox 3049 5148 3279 5229; x_wconf 41' lang='lat' dir='ltr'><strong><em>7Diction7:</em></strong></span> <span class='ocrx_word' id='word_1_920' title='bbox 3315 5144 3470 5229; x_wconf 72' lang='lat' dir='ltr'><strong><em>artic.</em></strong></span> <span class='ocrx_word' id='word_1_921' title='bbox 3492 5139 3665 5229; x_wconf 72' lang='lat' dir='ltr'><em>77Perr77-</em></span> 
     </span>
    </p>
   </div>
   <div class='ocr_carea' id='block_1_120' title="bbox 2072 5216 3664 5304">
    <p class='ocr_par' dir='ltr' id='par_1_120' title="bbox 2072 5216 3664 5304">
     <span class='ocr_line' id='line_1_124' title="bbox 2072 5216 3664 5304; baseline -0.014 -19"><span class='ocrx_word' id='word_1_922' title='bbox 2072 5216 2275 5304; x_wconf 70' lang='lat' dir='ltr'><strong><em>grinus,</em></strong></span> <span class='ocrx_word' id='word_1_923' title='bbox 2311 5216 2656 5304; x_wconf 64' lang='lat' dir='ltr'><strong><em>peisuadere</em></strong></span> <span class='ocrx_word' id='word_1_924' title='bbox 2671 5222 3215 5304; x_wconf 68' lang='lat' dir='ltr'><strong><em>conatur__llndream</em></strong></span> <span class='ocrx_word' id='word_1_925' title='bbox 3234 5216 3525 5304; x_wconf 63' lang='lat' dir='ltr'><strong><em>7Schott7um</em></strong></span> <span class='ocrx_word' id='word_1_926' title='bbox 3541 5225 3664 5304; x_wconf 42' lang='lat' dir='ltr'><strong><em>‘urln</em></strong></span> 
     </span>
    </p>
   </div>
   <div class='ocr_carea' id='block_1_121' title="bbox 2075 5282 3663 5365">
    <p class='ocr_par' dir='ltr' id='par_1_121' title="bbox 2075 5282 3663 5365">
     <span class='ocr_line' id='line_1_125' title="bbox 2075 5282 3663 5365; baseline -0.014 -8"><span class='ocrx_word' id='word_1_927' title='bbox 2075 5282 2195 5357; x_wconf 48' lang='lat' dir='ltr'><strong><em>Esse</em></strong></span> <span class='ocrx_word' id='word_1_928' title='bbox 2218 5282 2489 5355; x_wconf 63' lang='lat' dir='ltr'><strong><em>auctorem</em></strong></span> <span class='ocrx_word' id='word_1_929' title='bbox 2523 5282 2867 5354; x_wconf 63' lang='lat' dir='ltr'><strong><em>Bibliothecic</em></strong></span> <span class='ocrx_word' id='word_1_930' title='bbox 2899 5297 3145 5365; x_wconf 68' lang='lat' dir='ltr'><strong><em>Hispanae</em></strong></span> <span class='ocrx_word' id='word_1_931' title='bbox 3166 5290 3265 5365; x_wconf 87' lang='lat' dir='ltr'><strong><em>sub</em></strong></span> <span class='ocrx_word' id='word_1_932' title='bbox 3289 5286 3506 5365; x_wconf 73' lang='lat' dir='ltr'><strong><em>nomine</em></strong></span> <span class='ocrx_word' id='word_1_933' title='bbox 3603 5282 3663 5335; x_wconf 90' lang='lat' dir='ltr'><strong><em>S.</em></strong></span> 
     </span>
    </p>
   </div>
   <div class='ocr_carea' id='block_1_122' title="bbox 2037 5353 3664 5443">
    <p class='ocr_par' dir='ltr' id='par_1_122' title="bbox 2037 5353 3664 5443">
     <span class='ocr_line' id='line_1_126' title="bbox 2037 5353 3664 5443; baseline -0.007 -17"><span class='ocrx_word' id='word_1_934' title='bbox 2037 5391 2042 5395; x_wconf 68' lang='grc'><em>’</em></span> <span class='ocrx_word' id='word_1_935' title='bbox 2078 5353 2564 5443; x_wconf 48' lang='grc' dir='ltr'><strong><em>ᾖὲνὶῳῖὶηηέξῐέλυς</em></strong></span> <span class='ocrx_word' id='word_1_936' title='bbox 2589 5374 2823 5425; x_wconf 90' lang='lat' dir='ltr'><strong><em>rationes</em></strong></span> <span class='ocrx_word' id='word_1_937' title='bbox 2847 5353 3165 5435; x_wconf 81' lang='lat' dir='ltr'><strong><em>expendam,</em></strong></span> <span class='ocrx_word' id='word_1_938' title='bbox 3194 5362 3238 5414; x_wconf 89' lang='lat' dir='ltr'><strong><em>si</em></strong></span> <span class='ocrx_word' id='word_1_939' title='bbox 3266 5356 3480 5443; x_wconf 49' lang='lat' dir='ltr'><strong><em>quando</em></strong></span> <span class='ocrx_word' id='word_1_940' title='bbox 3505 5353 3664 5443; x_wconf 43' lang='lat' dir='ltr'><strong><em>cdere</em></strong></span> 
     </span>
    </p>
   </div>
   <div class='ocr_carea' id='block_1_123' title="bbox 2075 5426 3665 5514">
    <p class='ocr_par' dir='ltr' id='par_1_123' title="bbox 2075 5426 3665 5514">
     <span class='ocr_line' id='line_1_127' title="bbox 2075 5426 3665 5514; baseline -0.014 -16"><span class='ocrx_word' id='word_1_941' title='bbox 2075 5426 2349 5510; x_wconf 58' lang='lat' dir='ltr'><strong><em>continget</em></strong></span> <span class='ocrx_word' id='word_1_942' title='bbox 2382 5426 2754 5496; x_wconf 76' lang='lat' dir='ltr'><strong><em>Bibliot/tecmn</em></strong></span> <span class='ocrx_word' id='word_1_943' title='bbox 2796 5426 3034 5514; x_wconf 69' lang='lat' dir='ltr'><strong><em>ueterem,</em></strong></span> <span class='ocrx_word' id='word_1_944' title='bbox 3079 5426 3340 5514; x_wconf 46' lang='lat' dir='ltr'><strong><em>etnnova&#39;nt</em></strong></span> <span class='ocrx_word' id='word_1_945' title='bbox 3373 5426 3665 5514; x_wconf 67' lang='lat' dir='ltr'><strong><em>Hispanam</em></strong></span> 
     </span>
    </p>
   </div>
   <div class='ocr_carea' id='block_1_124' title="bbox 2078 5501 3670 5585">
    <p class='ocr_par' dir='ltr' id='par_1_124' title="bbox 2078 5501 3670 5585">
     <span class='ocr_line' id='line_1_128' title="bbox 2078 5501 3670 5585; baseline -0.014 -16"><span class='ocrx_word' id='word_1_946' title='bbox 2078 5515 2199 5569; x_wconf 84' lang='lat' dir='ltr'><strong><em>Nic.</em></strong></span> <span class='ocrx_word' id='word_1_947' title='bbox 2234 5501 2476 5577; x_wconf 63' lang='lat' dir='ltr'><strong><em>Antonii,</em></strong></span> <span class='ocrx_word' id='word_1_948' title='bbox 2511 5531 2613 5567; x_wconf 89' lang='lat' dir='ltr'><strong><em>uno</em></strong></span> <span class='ocrx_word' id='word_1_949' title='bbox 2658 5524 2701 5566; x_wconf 87' lang='lat' dir='ltr'><strong><em>et</em></strong></span> <span class='ocrx_word' id='word_1_950' title='bbox 2749 5512 3006 5565; x_wconf 86' lang='lat' dir='ltr'><strong><em>constanti</em></strong></span> <span class='ocrx_word' id='word_1_951' title='bbox 3049 5502 3229 5585; x_wconf 75' lang='lat' dir='ltr'><strong><em>ordine</em></strong></span> <span class='ocrx_word' id='word_1_952' title='bbox 3272 5501 3565 5585; x_wconf 34' lang='lat' dir='ltr'><strong><em>digestum;</em></strong></span> 
     </span>
    </p>
   </div>
   <div class='ocr_carea' id='block_1_125' title="bbox 2075 5568 3669 5653">
    <p class='ocr_par' dir='ltr' id='par_1_125' title="bbox 2075 5568 3669 5653">
     <span class='ocr_line' id='line_1_129' title="bbox 2075 5568 3669 5653; baseline -0.013 -13"><span class='ocrx_word' id='word_1_953' title='bbox 2075 5568 2230 5653; x_wconf 81' lang='lat' dir='ltr'><strong><em>ctam,</em></strong></span> <span class='ocrx_word' id='word_1_954' title='bbox 2261 5568 2632 5649; x_wconf 75' lang='lat' dir='ltr'><strong><em>continuatam,</em></strong></span> <span class='ocrx_word' id='word_1_955' title='bbox 2660 5593 2939 5637; x_wconf 87' lang='lat' dir='ltr'><strong><em>correctam</em></strong></span> <span class='ocrx_word' id='word_1_956' title='bbox 2957 5592 3163 5653; x_wconf 76' lang='lat' dir='ltr'><strong><em>;7quani_</em></strong></span> <span class='ocrx_word' id='word_1_957' title='bbox 3178 5568 3500 5653; x_wconf 78' lang='lat' dir='ltr'><strong><em>jampridem</em></strong></span> <span class='ocrx_word' id='word_1_958' title='bbox 3528 5568 3669 5652; x_wconf 61' lang='grc' dir='ltr'><strong><em>βεγ-</em></strong></span> 
     </span>
    </p>
   </div>
   <div class='ocr_carea' id='block_1_126' title="bbox 2076 5646 3667 5722">
    <p class='ocr_par' dir='ltr' id='par_1_126' title="bbox 2076 5646 3667 5722">
     <span class='ocr_line' id='line_1_130' title="bbox 2076 5646 3667 5722; baseline -0.013 -10"><span class='ocrx_word' id='word_1_959' title='bbox 2076 5646 2306 5713; x_wconf 81' lang='lat' dir='ltr'><strong><em>mimdus</em></strong></span> <span class='ocrx_word' id='word_1_960' title='bbox 2356 5646 2647 5721; x_wconf 68' lang='lat' dir='ltr'><strong><em>Diosdado,</em></strong></span> <span class='ocrx_word' id='word_1_961' title='bbox 2701 5656 2935 5710; x_wconf 79' lang='lat' dir='ltr'><strong><em>Joannes</em></strong></span> <span class='ocrx_word' id='word_1_962' title='bbox 2971 5646 3224 5712; x_wconf 85' lang='lat' dir='ltr'><strong><em>Arevalo,</em></strong></span> <span class='ocrx_word' id='word_1_963' title='bbox 3284 5651 3340 5698; x_wconf 88' lang='lat' dir='ltr'><strong><em>et</em></strong></span> <span class='ocrx_word' id='word_1_964' title='bbox 3382 5658 3480 5722; x_wconf 74' lang='lat' dir='ltr'><strong><em>ego</em></strong></span> <span class='ocrx_word' id='word_1_965' title='bbox 3528 5646 3667 5706; x_wconf 84' lang='lat' dir='ltr'><strong><em>ipse,</em></strong></span> 
     </span>
    </p>
   </div>
   <div class='ocr_carea' id='block_1_127' title="bbox 2075 5714 3667 5798">
    <p class='ocr_par' dir='ltr' id='par_1_127' title="bbox 2075 5714 3667 5798">
     <span class='ocr_line' id='line_1_131' title="bbox 2075 5714 3667 5798; baseline -0.014 -13"><span class='ocrx_word' id='word_1_966' title='bbox 2075 5731 2285 5784; x_wconf 88' lang='lat' dir='ltr'><strong><em>collatis</em></strong></span> <span class='ocrx_word' id='word_1_967' title='bbox 2330 5728 2590 5798; x_wconf 85' lang='lat' dir='ltr'><strong><em>symbolis</em></strong></span> <span class='ocrx_word' id='word_1_968' title='bbox 2635 5714 2967 5798; x_wconf 52' lang='lat' dir='ltr'><strong><em>&#39;apparamus</em></strong></span> <span class='ocrx_word' id='word_1_969' title='bbox 3000 5739 3014 5775; x_wconf 87' lang='lat'>:</span> <span class='ocrx_word' id='word_1_970' title='bbox 3048 5732 3271 5798; x_wconf 70' lang='lat' dir='ltr'><strong><em>magnte</em></strong></span> <span class='ocrx_word' id='word_1_971' title='bbox 3303 5714 3461 5798; x_wconf 76' lang='lat' dir='ltr'><strong><em>molis</em></strong></span> <span class='ocrx_word' id='word_1_972' title='bbox 3510 5725 3667 5798; x_wconf 66' lang='lat' dir='ltr'><strong><em>opus,</em></strong></span> 
     </span>
    </p>
   </div>
   <div class='ocr_carea' id='block_1_128' title="bbox 2076 5783 3675 5869">
    <p class='ocr_par' dir='ltr' id='par_1_128' title="bbox 2076 5783 3675 5869">
     <span class='ocr_line' id='line_1_132' title="bbox 2076 5783 3675 5869; baseline -0.014 -12"><span class='ocrx_word' id='word_1_973' title='bbox 2076 5783 2176 5857; x_wconf 81' lang='lat' dir='ltr'><strong><em>nec</em></strong></span> <span class='ocrx_word' id='word_1_974' title='bbox 2207 5783 2333 5855; x_wconf 83' lang='lat' dir='ltr'><strong><em>sine</em></strong></span> <span class='ocrx_word' id='word_1_975' title='bbox 2360 5783 2577 5869; x_wconf 49' lang='lat' dir='ltr'><strong><em>&#39;magno</em></strong></span> <span class='ocrx_word' id='word_1_976' title='bbox 2621 5783 2800 5865; x_wconf 74' lang='lat' dir='ltr'><strong><em>aliquo</em></strong></span> <span class='ocrx_word' id='word_1_977' title='bbox 2848 5783 3162 5858; x_wconf 62' lang='lat' dir='ltr'><strong><em>Maecenate,</em></strong></span> <span class='ocrx_word' id='word_1_978' title='bbox 3190 5786 3515 5852; x_wconf 80' lang='lat' dir='ltr'><strong><em>veidicam,</em></strong></span> <span class='ocrx_word' id='word_1_979' title='bbox 3558 5783 3675 5836; x_wconf 84' lang='lat' dir='ltr'><strong><em>Au-</em></strong></span> 
     </span>
    </p>
   </div>
   <div class='ocr_carea' id='block_1_129' title="bbox 2074 5870 2702 5949">
    <p class='ocr_par' dir='ltr' id='par_1_129' title="bbox 2074 5870 2702 5949">
     <span class='ocr_line' id='line_1_133' title="bbox 2074 5870 2702 5949; baseline -0.016 -19"><span class='ocrx_word' id='word_1_980' title='bbox 2074 5882 2254 5949; x_wconf 66' lang='lat' dir='ltr'><strong><em>gusto,</em></strong></span> <span class='ocrx_word' id='word_1_981' title='bbox 2285 5870 2702 5944; x_wconf 82' lang='lat' dir='ltr'><strong><em>perﬁciuudum.</em></strong></span> 
     </span>
    </p>
   </div>
  </div>
