  <div class='ocr_page' id='page_1' title='image "/cluster/home/n/w/nwhite01/storage/ocr_20150623/59/hvd.32044015471626/311.png"; bbox 0 0 4142 6350; ppageno 0'>
   <div class='ocr_carea' id='block_1_1' title="bbox 415 607 2097 695">
    <p class='ocr_par' dir='ltr' id='par_1_1' title="bbox 415 607 2097 695">
     <span class='ocr_line' id='line_1_1' title="bbox 415 607 2097 695; baseline -0.012 -13"><span class='ocrx_word' id='word_1_1' title='bbox 415 637 418 639; x_wconf 73' lang='grc'><em>’</em></span> <span class='ocrx_word' id='word_1_2' title='bbox 514 634 604 682; x_wconf 87' lang='lat' dir='ltr'><strong>est</strong></span> <span class='ocrx_word' id='word_1_3' title='bbox 634 626 839 695; x_wconf 89' lang='lat' dir='ltr'><strong>primus</strong></span> <span class='ocrx_word' id='word_1_4' title='bbox 869 635 1075 683; x_wconf 78' lang='lat' dir='ltr'><strong>versus,</strong></span> <span class='ocrx_word' id='word_1_5' title='bbox 1108 617 1216 673; x_wconf 84' lang='lat' dir='ltr'><strong>Eva</strong></span> <span class='ocrx_word' id='word_1_6' title='bbox 1241 617 1478 671; x_wconf 88' lang='lat' dir='ltr'><strong>columba</strong></span> <span class='ocrx_word' id='word_1_7' title='bbox 1514 615 1635 685; x_wconf 84' lang='lat' dir='ltr'><strong>fuit,</strong></span> <span class='ocrx_word' id='word_1_8' title='bbox 1669 613 1864 669; x_wconf 88' lang='lat' dir='ltr'><strong>librum</strong></span> <span class='ocrx_word' id='word_1_9' title='bbox 1903 610 1968 665; x_wconf 82' lang='lat' dir='ltr'><strong>de</strong></span> <span class='ocrx_word' id='word_1_10' title='bbox 1997 607 2097 664; x_wconf 76' lang='lat' dir='ltr'><strong>Co-</strong></span> 
     </span>
    </p>
   </div>
   <div class='ocr_carea' id='block_1_2' title="bbox 510 304 2112 376">
    <p class='ocr_par' dir='ltr' id='par_1_2' title="bbox 510 307 2112 376">
     <span class='ocr_line' id='line_1_2' title="bbox 510 307 2112 376; baseline -0.007 -1"><span class='ocrx_word' id='word_1_11' title='bbox 510 319 610 376; x_wconf 81' lang='grc'><strong>611</strong></span> <span class='ocrx_word' id='word_1_12' title='bbox 1917 307 2112 366; x_wconf 75' lang='lat' dir='ltr'><strong>PRUDI</strong></span> 
     </span>
    </p>
   </div>
   <div class='ocr_carea' id='block_1_3' title="bbox 2219 304 3796 376">
    <p class='ocr_par' dir='ltr' id='par_1_3' title="bbox 2219 304 3796 364">
     <span class='ocr_line' id='line_1_3' title="bbox 2219 304 3796 364; baseline -0.001 0"><span class='ocrx_word' id='word_1_13' title='bbox 2219 304 2374 364; x_wconf 76' lang='lat' dir='ltr'><strong>l‘lUS.</strong></span> <span class='ocrx_word' id='word_1_14' title='bbox 3694 307 3796 364; x_wconf 73' lang='grc'><strong>619.</strong></span> 
     </span>
    </p>
   </div>
   <div class='ocr_carea' id='block_1_4' title="bbox 509 418 3794 504">
    <p class='ocr_par' dir='ltr' id='par_1_4' title="bbox 509 418 3794 504">
     <span class='ocr_line' id='line_1_4' title="bbox 509 418 3794 504; baseline -0.006 -9"><span class='ocrx_word' id='word_1_15' title='bbox 509 436 670 495; x_wconf 85' lang='lat' dir='ltr'><strong>codd.</strong></span> <span class='ocrx_word' id='word_1_16' title='bbox 705 436 874 491; x_wconf 79' lang='lat' dir='ltr'><strong>Vatic.</strong></span> <span class='ocrx_word' id='word_1_17' title='bbox 913 435 1228 504; x_wconf 81' lang='lat' dir='ltr'><strong>inscriptum</strong></span> <span class='ocrx_word' id='word_1_18' title='bbox 1276 431 1346 487; x_wconf 90' lang='lat' dir='ltr'><strong>sit</strong></span> <span class='ocrx_word' id='word_1_19' title='bbox 1387 430 1450 484; x_wconf 85' lang='lat' dir='ltr'><strong>de</strong></span> <span class='ocrx_word' id='word_1_20' title='bbox 1487 427 1757 494; x_wconf 81' lang='lat' dir='ltr'><strong>Columba,</strong></span> <span class='ocrx_word' id='word_1_21' title='bbox 1805 426 1884 482; x_wconf 96' lang='lat' dir='ltr'><strong>uti</strong></span> <span class='ocrx_word' id='word_1_22' title='bbox 1908 439 2028 496; x_wconf 85' lang='lat' dir='ltr'><strong>cap.</strong></span> <span class='ocrx_word' id='word_1_23' title='bbox 2063 424 2098 480; x_wconf 75' lang='grc'>4</span> <span class='ocrx_word' id='word_1_24' title='bbox 2124 427 2179 488; x_wconf 74' lang='grc' dir='ltr'>Α</span> <span class='ocrx_word' id='word_1_25' title='bbox 2203 422 2256 478; x_wconf 96' lang='lat' dir='ltr'><strong>id</strong></span> <span class='ocrx_word' id='word_1_26' title='bbox 2301 436 2498 504; x_wconf 84' lang='lat' dir='ltr'><strong>nomen</strong></span> <span class='ocrx_word' id='word_1_27' title='bbox 2543 422 2694 493; x_wconf 89' lang='lat' dir='ltr'><strong>operi</strong></span> <span class='ocrx_word' id='word_1_28' title='bbox 2724 433 3025 490; x_wconf 89' lang='lat' dir='ltr'><strong>congruere</strong></span> <span class='ocrx_word' id='word_1_29' title='bbox 3073 418 3410 488; x_wconf 71' lang='lat' dir='ltr'><strong>aliquatenus</strong></span> <span class='ocrx_word' id='word_1_30' title='bbox 3439 433 3621 488; x_wconf 87' lang='lat' dir='ltr'><strong>posse,</strong></span> <span class='ocrx_word' id='word_1_31' title='bbox 3673 434 3794 476; x_wconf 90' lang='lat' dir='ltr'><strong>cum</strong></span> 
     </span>
    </p>
   </div>
   <div class='ocr_carea' id='block_1_5' title="bbox 511 501 3797 596">
    <p class='ocr_par' dir='ltr' id='par_1_5' title="bbox 511 501 3797 596">
     <span class='ocr_line' id='line_1_5' title="bbox 511 501 3797 596; baseline -0.007 -8"><span class='ocrx_word' id='word_1_32' title='bbox 511 530 741 596; x_wconf 84' lang='lat' dir='ltr'><strong>docebo,</strong></span> <span class='ocrx_word' id='word_1_33' title='bbox 775 501 1112 583; x_wconf 76' lang='lat' dir='ltr'><strong>manifestum</strong></span> <span class='ocrx_word' id='word_1_34' title='bbox 1155 533 1259 592; x_wconf 89' lang='lat' dir='ltr'><strong>est,</strong></span> <span class='ocrx_word' id='word_1_35' title='bbox 1293 523 1527 594; x_wconf 85' lang='lat' dir='ltr'><strong>aliquem</strong></span> <span class='ocrx_word' id='word_1_36' title='bbox 1558 519 1916 577; x_wconf 83' lang='lat' dir='ltr'><strong>Dittocbaeum</strong></span> <span class='ocrx_word' id='word_1_37' title='bbox 1945 516 2097 586; x_wconf 84' lang='lat' dir='ltr'><strong>cujus</strong></span> <span class='ocrx_word' id='word_1_38' title='bbox 2202 501 2514 587; x_wconf 58' lang='lat' dir='ltr'><strong>diptvchum</strong></span> <span class='ocrx_word' id='word_1_39' title='bbox 2542 517 2648 571; x_wconf 87' lang='lat' dir='ltr'><strong>sint</strong></span> <span class='ocrx_word' id='word_1_40' title='bbox 2673 513 2882 570; x_wconf 68' lang='lat' dir='ltr'><strong>tabella:</strong></span> <span class='ocrx_word' id='word_1_41' title='bbox 2901 511 3165 583; x_wconf 74' lang='lat' dir='ltr'><strong>duplices;</strong></span> <span class='ocrx_word' id='word_1_42' title='bbox 3189 527 3284 568; x_wconf 89' lang='lat' dir='ltr'><strong>seu</strong></span> <span class='ocrx_word' id='word_1_43' title='bbox 3320 511 3404 567; x_wconf 83' lang='lat' dir='ltr'><strong>bis</strong></span> <span class='ocrx_word' id='word_1_44' title='bbox 3425 511 3797 585; x_wconf 56' lang='lat' dir='ltr'><strong>plicata,“</strong></span> 
     </span>
    </p>
   </div>
   <div class='ocr_carea' id='block_1_6' title="bbox 2202 606 3799 680">
    <p class='ocr_par' dir='ltr' id='par_1_6' title="bbox 2202 606 3799 680">
     <span class='ocr_line' id='line_1_6' title="bbox 2202 606 3799 680; baseline 0 -15"><span class='ocrx_word' id='word_1_45' title='bbox 2202 609 2272 666; x_wconf 83' lang='lat' dir='ltr'><strong>de</strong></span> <span class='ocrx_word' id='word_1_46' title='bbox 2295 609 2492 680; x_wconf 88' lang='lat' dir='ltr'><strong>quibus</strong></span> <span class='ocrx_word' id='word_1_47' title='bbox 2524 608 2688 666; x_wconf 87' lang='lat' dir='ltr'><strong>videri</strong></span> <span class='ocrx_word' id='word_1_48' title='bbox 2721 617 2967 678; x_wconf 90' lang='lat' dir='ltr'><strong>possunt,</strong></span> <span class='ocrx_word' id='word_1_49' title='bbox 2997 607 3088 678; x_wconf 90' lang='lat' dir='ltr'><strong>qui</strong></span> <span class='ocrx_word' id='word_1_50' title='bbox 3119 606 3187 663; x_wconf 91' lang='lat' dir='ltr'><strong>de</strong></span> <span class='ocrx_word' id='word_1_51' title='bbox 3235 607 3493 678; x_wconf 84' lang='lat' dir='ltr'><strong>diptychis</strong></span> <span class='ocrx_word' id='word_1_52' title='bbox 3531 609 3700 664; x_wconf 72' lang='lat' dir='ltr'><strong>sacris</strong></span> <span class='ocrx_word' id='word_1_53' title='bbox 3744 619 3799 665; x_wconf 87' lang='lat' dir='ltr'><strong>et</strong></span> 
     </span>
    </p>
   </div>
   <div class='ocr_carea' id='block_1_7' title="bbox 513 699 3798 775">
    <p class='ocr_par' dir='ltr' id='par_1_7' title="bbox 513 699 3798 775">
     <span class='ocr_line' id='line_1_7' title="bbox 513 699 3798 775; baseline -0.004 -3"><span class='ocrx_word' id='word_1_54' title='bbox 513 717 695 772; x_wconf 83' lang='lat' dir='ltr'><strong>lumbis</strong></span> <span class='ocrx_word' id='word_1_55' title='bbox 726 713 1125 770; x_wconf 85' lang='lat' dir='ltr'><strong>inscribendum</strong></span> <span class='ocrx_word' id='word_1_56' title='bbox 1168 710 1468 775; x_wconf 79' lang='lat' dir='ltr'><strong>censuisse,</strong></span> <span class='ocrx_word' id='word_1_57' title='bbox 1499 715 1559 764; x_wconf 86' lang='lat' dir='ltr'><strong>ut</strong></span> <span class='ocrx_word' id='word_1_58' title='bbox 1594 715 1748 763; x_wconf 89' lang='lat' dir='ltr'><strong>erant</strong></span> <span class='ocrx_word' id='word_1_59' title='bbox 1775 703 1978 761; x_wconf 85' lang='lat' dir='ltr'><strong>librarii</strong></span> <span class='ocrx_word' id='word_1_60' title='bbox 2010 717 2101 757; x_wconf 85' lang='lat' dir='ltr'><strong>ve-</strong></span> <span class='ocrx_word' id='word_1_61' title='bbox 2202 701 2447 775; x_wconf 79' lang='lat' dir='ltr'><strong>profanis</strong></span> <span class='ocrx_word' id='word_1_62' title='bbox 2481 702 2642 756; x_wconf 88' lang='lat' dir='ltr'><strong>libros</strong></span> <span class='ocrx_word' id='word_1_63' title='bbox 2674 701 2981 757; x_wconf 84' lang='lat' dir='ltr'><strong>ediderunt.</strong></span> <span class='ocrx_word' id='word_1_64' title='bbox 3011 699 3127 755; x_wconf 77' lang='lat' dir='ltr'><strong>Non</strong></span> <span class='ocrx_word' id='word_1_65' title='bbox 3169 702 3311 755; x_wconf 87' lang='lat' dir='ltr'><strong>enim</strong></span> <span class='ocrx_word' id='word_1_66' title='bbox 3342 709 3487 755; x_wconf 83' lang='lat' dir='ltr'><strong>recte</strong></span> <span class='ocrx_word' id='word_1_67' title='bbox 3532 701 3798 772; x_wconf 84' lang='lat' dir='ltr'><strong>interpre-</strong></span> 
     </span>
    </p>
   </div>
   <div class='ocr_carea' id='block_1_8' title="bbox 513 795 3793 878">
    <p class='ocr_par' dir='ltr' id='par_1_8' title="bbox 513 795 3793 878">
     <span class='ocr_line' id='line_1_8' title="bbox 513 795 3793 878; baseline -0.004 -14"><span class='ocrx_word' id='word_1_68' title='bbox 513 820 657 865; x_wconf 87' lang='lat' dir='ltr'><strong>tercs</strong></span> <span class='ocrx_word' id='word_1_69' title='bbox 689 809 1007 878; x_wconf 89' lang='lat' dir='ltr'><strong>plerumque</strong></span> <span class='ocrx_word' id='word_1_70' title='bbox 1035 805 1207 877; x_wconf 88' lang='lat' dir='ltr'><strong>ignari</strong></span> <span class='ocrx_word' id='word_1_71' title='bbox 1234 818 1386 875; x_wconf 80' lang='lat' dir='ltr'><strong>aeque</strong></span> <span class='ocrx_word' id='word_1_72' title='bbox 1414 818 1478 866; x_wconf 86' lang='lat' dir='ltr'><strong>ac</strong></span> <span class='ocrx_word' id='word_1_73' title='bbox 1515 801 1768 856; x_wconf 80' lang='lat' dir='ltr'><strong>audaces.</strong></span> <span class='ocrx_word' id='word_1_74' title='bbox 1802 798 1883 854; x_wconf 83' lang='lat' dir='ltr'><strong>Ab</strong></span> <span class='ocrx_word' id='word_1_75' title='bbox 1909 797 2100 854; x_wconf 91' lang='lat' dir='ltr'><strong>eodem</strong></span> <span class='ocrx_word' id='word_1_76' title='bbox 2205 805 2350 853; x_wconf 72' lang='lat' dir='ltr'><strong>tatur</strong></span> <span class='ocrx_word' id='word_1_77' title='bbox 2377 796 2589 862; x_wconf 70' lang='lat' dir='ltr'><strong>Biscus,</strong></span> <span class='ocrx_word' id='word_1_78' title='bbox 2609 795 2941 850; x_wconf 75' lang='lat' dir='ltr'><strong>dittochwum</strong></span> <span class='ocrx_word' id='word_1_79' title='bbox 2957 795 3095 851; x_wconf 90' lang='lat' dir='ltr'><strong>idem</strong></span> <span class='ocrx_word' id='word_1_80' title='bbox 3117 795 3232 850; x_wconf 81' lang='lat' dir='ltr'><strong>fere</strong></span> <span class='ocrx_word' id='word_1_81' title='bbox 3246 809 3368 851; x_wconf 90' lang='lat' dir='ltr'><strong>esse</strong></span> <span class='ocrx_word' id='word_1_82' title='bbox 3381 803 3446 850; x_wconf 84' lang='lat' dir='ltr'><strong>ac</strong></span> <span class='ocrx_word' id='word_1_83' title='bbox 3471 795 3793 867; x_wconf 80' lang='lat' dir='ltr'><strong>diptychum,</strong></span> 
     </span>
    </p>
   </div>
   <div class='ocr_carea' id='block_1_9' title="bbox 455 885 2104 963">
    <p class='ocr_par' dir='ltr' id='par_1_9' title="bbox 455 885 2104 963">
     <span class='ocr_line' id='line_1_9' title="bbox 455 885 2104 963; baseline -0.013 0"><span class='ocrx_word' id='word_1_84' title='bbox 455 959 460 963; x_wconf 82' lang='lat'><strong><em>,</em></strong></span> <span class='ocrx_word' id='word_1_85' title='bbox 514 900 916 958; x_wconf 79' lang='lat' dir='ltr'><strong>Montfauconio</strong></span> <span class='ocrx_word' id='word_1_86' title='bbox 965 900 1164 954; x_wconf 88' lang='lat' dir='ltr'><strong>citatur</strong></span> <span class='ocrx_word' id='word_1_87' title='bbox 1203 913 1268 954; x_wconf 84' lang='lat' dir='ltr'><strong>ex</strong></span> <span class='ocrx_word' id='word_1_88' title='bbox 1309 895 1558 953; x_wconf 89' lang='lat' dir='ltr'><strong>biblioth.</strong></span> <span class='ocrx_word' id='word_1_89' title='bbox 1591 894 1698 950; x_wconf 91' lang='lat' dir='ltr'><strong>San</strong></span> <span class='ocrx_word' id='word_1_90' title='bbox 1747 885 2104 948; x_wconf 85' lang='lat' dir='ltr'><strong>Germauensi</strong></span> 
     </span>
    </p>
   </div>
   <div class='ocr_carea' id='block_1_10' title="bbox 517 983 2104 1054">
    <p class='ocr_par' dir='ltr' id='par_1_10' title="bbox 517 983 2104 1054">
     <span class='ocr_line' id='line_1_10' title="bbox 517 983 2104 1054; baseline -0.009 -5"><span class='ocrx_word' id='word_1_91' title='bbox 517 993 692 1049; x_wconf 81' lang='lat' dir='ltr'><strong>codex</strong></span> <span class='ocrx_word' id='word_1_92' title='bbox 725 991 829 1048; x_wconf 68' lang='grc'><strong>510</strong></span> <span class='ocrx_word' id='word_1_93' title='bbox 875 993 977 1047; x_wconf 90' lang='lat' dir='ltr'><strong>hoc</strong></span> <span class='ocrx_word' id='word_1_94' title='bbox 1007 992 1160 1047; x_wconf 89' lang='lat' dir='ltr'><strong>titulo</strong></span> <span class='ocrx_word' id='word_1_95' title='bbox 1187 1008 1200 1044; x_wconf 87' lang='lat'><strong>:</strong></span> <span class='ocrx_word' id='word_1_96' title='bbox 1228 989 1502 1044; x_wconf 86' lang='lat' dir='ltr'><strong>Prudentii</strong></span> <span class='ocrx_word' id='word_1_97' title='bbox 1532 1003 1707 1042; x_wconf 84' lang='lat' dir='ltr'><strong>uersus</strong></span> <span class='ocrx_word' id='word_1_98' title='bbox 1733 993 1910 1039; x_wconf 91' lang='lat' dir='ltr'><strong>contra</strong></span> <span class='ocrx_word' id='word_1_99' title='bbox 1950 983 2104 1054; x_wconf 86' lang='lat' dir='ltr'><strong>Sym—</strong></span> 
     </span>
    </p>
   </div>
   <div class='ocr_carea' id='block_1_11' title="bbox 512 1073 2101 1154">
    <p class='ocr_par' dir='ltr' id='par_1_11' title="bbox 512 1073 2101 1154">
     <span class='ocr_line' id='line_1_11' title="bbox 512 1073 2101 1154; baseline -0.007 -15"><span class='ocrx_word' id='word_1_100' title='bbox 512 1083 822 1140; x_wconf 83' lang='lat' dir='ltr'><strong>machum...</strong></span> <span class='ocrx_word' id='word_1_101' title='bbox 857 1084 975 1138; x_wconf 84' lang='lat' dir='ltr'><strong>Alia</strong></span> <span class='ocrx_word' id='word_1_102' title='bbox 1007 1082 1255 1154; x_wconf 85' lang='lat' dir='ltr'><strong>apuscula</strong></span> <span class='ocrx_word' id='word_1_103' title='bbox 1291 1081 1498 1134; x_wconf 89' lang='lat' dir='ltr'><strong>metrica</strong></span> <span class='ocrx_word' id='word_1_104' title='bbox 1530 1077 1757 1150; x_wconf 79' lang='lat' dir='ltr'><strong>ejusdem</strong></span> <span class='ocrx_word' id='word_1_105' title='bbox 1789 1075 1850 1128; x_wconf 88' lang='lat' dir='ltr'><strong>de</strong></span> <span class='ocrx_word' id='word_1_106' title='bbox 1876 1073 2101 1128; x_wconf 83' lang='lat' dir='ltr'><strong>Oceano.</strong></span> 
     </span>
    </p>
   </div>
   <div class='ocr_carea' id='block_1_12' title="bbox 497 1164 2104 1247">
    <p class='ocr_par' dir='ltr' id='par_1_12' title="bbox 497 1164 2104 1247">
     <span class='ocr_line' id='line_1_12' title="bbox 497 1164 2104 1247; baseline -0.007 -16"><span class='ocrx_word' id='word_1_107' title='bbox 497 1176 592 1231; x_wconf 81' lang='lat' dir='ltr'><strong>De</strong></span> <span class='ocrx_word' id='word_1_108' title='bbox 615 1177 678 1233; x_wconf 91' lang='lat' dir='ltr'><strong>S.</strong></span> <span class='ocrx_word' id='word_1_109' title='bbox 726 1176 1019 1247; x_wconf 84' lang='lat' dir='ltr'><strong>Hippolyto</strong></span> <span class='ocrx_word' id='word_1_110' title='bbox 1052 1186 1298 1244; x_wconf 83' lang='lat' dir='ltr'><strong>martyre.</strong></span> <span class='ocrx_word' id='word_1_111' title='bbox 1334 1172 1466 1238; x_wconf 85' lang='lat' dir='ltr'><strong>Quis</strong></span> <span class='ocrx_word' id='word_1_112' title='bbox 1506 1170 1649 1227; x_wconf 87' lang='lat' dir='ltr'><strong>ausit</strong></span> <span class='ocrx_word' id='word_1_113' title='bbox 1690 1169 1934 1224; x_wconf 82' lang='lat' dir='ltr'><strong>divinare</strong></span> <span class='ocrx_word' id='word_1_114' title='bbox 1963 1164 2104 1236; x_wconf 88' lang='lat' dir='ltr'><strong>quod</strong></span> 
     </span>
    </p>
   </div>
   <div class='ocr_carea' id='block_1_13' title="bbox 515 1261 2108 1344">
    <p class='ocr_par' dir='ltr' id='par_1_13' title="bbox 515 1261 2108 1344">
     <span class='ocr_line' id='line_1_13' title="bbox 515 1261 2108 1344; baseline -0.008 -16"><span class='ocrx_word' id='word_1_115' title='bbox 515 1274 746 1344; x_wconf 88' lang='lat' dir='ltr'><strong>qualeve</strong></span> <span class='ocrx_word' id='word_1_116' title='bbox 782 1273 854 1327; x_wconf 92' lang='lat' dir='ltr'><strong>sit</strong></span> <span class='ocrx_word' id='word_1_117' title='bbox 907 1269 1224 1341; x_wconf 87' lang='lat' dir='ltr'><strong>opusculum</strong></span> <span class='ocrx_word' id='word_1_118' title='bbox 1275 1267 1406 1322; x_wconf 90' lang='lat' dir='ltr'><strong>illud</strong></span> <span class='ocrx_word' id='word_1_119' title='bbox 1444 1267 1508 1320; x_wconf 88' lang='lat' dir='ltr'><strong>de</strong></span> <span class='ocrx_word' id='word_1_120' title='bbox 1549 1265 1797 1320; x_wconf 86' lang='lat' dir='ltr'><strong>Oceano?</strong></span> <span class='ocrx_word' id='word_1_121' title='bbox 1842 1264 1924 1317; x_wconf 85' lang='lat' dir='ltr'><strong>An</strong></span> <span class='ocrx_word' id='word_1_122' title='bbox 1953 1261 2108 1316; x_wconf 89' lang='lat' dir='ltr'><strong>liceat</strong></span> 
     </span>
    </p>
   </div>
   <div class='ocr_carea' id='block_1_14' title="bbox 516 1358 1664 1436">
    <p class='ocr_par' dir='ltr' id='par_1_14' title="bbox 516 1358 1664 1436">
     <span class='ocr_line' id='line_1_14' title="bbox 516 1358 1664 1436; baseline -0.01 -14"><span class='ocrx_word' id='word_1_123' title='bbox 516 1367 791 1436; x_wconf 86' lang='lat' dir='ltr'><strong>conjicere</strong></span> <span class='ocrx_word' id='word_1_124' title='bbox 817 1363 1072 1419; x_wconf 89' lang='lat' dir='ltr'><strong>mendum</strong></span> <span class='ocrx_word' id='word_1_125' title='bbox 1103 1376 1222 1416; x_wconf 89' lang='lat' dir='ltr'><strong>esse</strong></span> <span class='ocrx_word' id='word_1_126' title='bbox 1257 1375 1351 1430; x_wconf 89' lang='lat' dir='ltr'><strong>pro</strong></span> <span class='ocrx_word' id='word_1_127' title='bbox 1381 1358 1664 1414; x_wconf 74' lang='lat' dir='ltr'><strong>Cassiano?</strong></span> 
     </span>
    </p>
   </div>
   <div class='ocr_carea' id='block_1_15' title="bbox 585 1445 2108 1533">
    <p class='ocr_par' dir='ltr' id='par_1_15' title="bbox 585 1445 2108 1533">
     <span class='ocr_line' id='line_1_15' title="bbox 585 1445 2108 1533; baseline -0.012 -15"><span class='ocrx_word' id='word_1_128' title='bbox 585 1462 692 1533; x_wconf 68' lang='grc'><strong>45</strong></span> <span class='ocrx_word' id='word_1_129' title='bbox 731 1461 815 1516; x_wconf 79' lang='grc'><strong>65.</strong></span> <span class='ocrx_word' id='word_1_130' title='bbox 863 1457 1140 1514; x_wconf 86' lang='lat' dir='ltr'><strong>Fidentius</strong></span> <span class='ocrx_word' id='word_1_131' title='bbox 1171 1455 1530 1525; x_wconf 82' lang='lat' dir='ltr'><strong>pronuntiabo</strong></span> <span class='ocrx_word' id='word_1_132' title='bbox 1548 1453 1615 1506; x_wconf 90' lang='lat' dir='ltr'><strong>de</strong></span> <span class='ocrx_word' id='word_1_133' title='bbox 1638 1452 1744 1504; x_wconf 93' lang='lat' dir='ltr'><strong>alio</strong></span> <span class='ocrx_word' id='word_1_134' title='bbox 1764 1447 1951 1503; x_wconf 90' lang='lat' dir='ltr'><strong>codice</strong></span> <span class='ocrx_word' id='word_1_135' title='bbox 1974 1445 2108 1500; x_wconf 86' lang='lat' dir='ltr'><strong>indi-</strong></span> 
     </span>
    </p>
   </div>
   <div class='ocr_carea' id='block_1_16' title="bbox 518 1542 2104 1621">
    <p class='ocr_par' dir='ltr' id='par_1_16' title="bbox 518 1542 2104 1621">
     <span class='ocr_line' id='line_1_16' title="bbox 518 1542 2104 1621; baseline -0.009 -14"><span class='ocrx_word' id='word_1_136' title='bbox 518 1561 640 1608; x_wconf 89' lang='lat' dir='ltr'><strong>cato</strong></span> <span class='ocrx_word' id='word_1_137' title='bbox 684 1552 822 1621; x_wconf 88' lang='lat' dir='ltr'><strong>apud</strong></span> <span class='ocrx_word' id='word_1_138' title='bbox 878 1547 1337 1604; x_wconf 82' lang='lat' dir='ltr'><strong>Montiauconium</strong></span> <span class='ocrx_word' id='word_1_139' title='bbox 1393 1560 1460 1600; x_wconf 80' lang='lat' dir='ltr'><strong>ex</strong></span> <span class='ocrx_word' id='word_1_140' title='bbox 1504 1542 1749 1598; x_wconf 90' lang='lat' dir='ltr'><strong>biblioth.</strong></span> <span class='ocrx_word' id='word_1_141' title='bbox 1775 1581 1789 1605; x_wconf 94' lang='lat'><strong>,</strong></span> <span class='ocrx_word' id='word_1_142' title='bbox 1829 1553 1925 1594; x_wconf 89' lang='lat' dir='ltr'><strong>seu</strong></span> <span class='ocrx_word' id='word_1_143' title='bbox 1976 1551 2104 1592; x_wconf 85' lang='lat' dir='ltr'><strong>mss.</strong></span> 
     </span>
    </p>
   </div>
   <div class='ocr_carea' id='block_1_17' title="bbox 514 1632 2110 1705">
    <p class='ocr_par' dir='ltr' id='par_1_17' title="bbox 514 1632 2110 1705">
     <span class='ocr_line' id='line_1_17' title="bbox 514 1632 2110 1705; baseline -0.014 -3"><span class='ocrx_word' id='word_1_144' title='bbox 514 1643 675 1702; x_wconf 76' lang='lat' dir='ltr'><strong>cadd.</strong></span> <span class='ocrx_word' id='word_1_145' title='bbox 712 1645 768 1700; x_wconf 92' lang='lat' dir='ltr'><strong>S.</strong></span> <span class='ocrx_word' id='word_1_146' title='bbox 804 1641 1016 1697; x_wconf 83' lang='lat' dir='ltr'><strong>Martini</strong></span> <span class='ocrx_word' id='word_1_147' title='bbox 1041 1639 1108 1694; x_wconf 90' lang='lat' dir='ltr'><strong>de</strong></span> <span class='ocrx_word' id='word_1_148' title='bbox 1136 1640 1290 1705; x_wconf 88' lang='lat' dir='ltr'><strong>Sees,</strong></span> <span class='ocrx_word' id='word_1_149' title='bbox 1321 1652 1468 1692; x_wconf 91' lang='lat' dir='ltr'><strong>num.</strong></span> <span class='ocrx_word' id='word_1_150' title='bbox 1504 1634 1609 1690; x_wconf 74' lang='lat'><strong>15:</strong></span> <span class='ocrx_word' id='word_1_151' title='bbox 1659 1632 1930 1686; x_wconf 86' lang='lat' dir='ltr'><strong>Tractalus</strong></span> <span class='ocrx_word' id='word_1_152' title='bbox 1959 1643 2110 1699; x_wconf 83' lang='lat' dir='ltr'><strong>super</strong></span> 
     </span>
    </p>
   </div>
   <div class='ocr_carea' id='block_1_18' title="bbox 517 1721 2112 1800">
    <p class='ocr_par' dir='ltr' id='par_1_18' title="bbox 517 1721 2112 1800">
     <span class='ocr_line' id='line_1_18' title="bbox 517 1721 2112 1800; baseline -0.013 -6"><span class='ocrx_word' id='word_1_153' title='bbox 517 1751 800 1794; x_wconf 65' lang='lat' dir='ltr'><strong>tumnetum</strong></span> <span class='ocrx_word' id='word_1_154' title='bbox 843 1724 1137 1788; x_wconf 85' lang='lat' dir='ltr'><strong>Prudentii.</strong></span> <span class='ocrx_word' id='word_1_155' title='bbox 1186 1728 1325 1784; x_wconf 86' lang='lat' dir='ltr'><strong>Cette</strong></span> <span class='ocrx_word' id='word_1_156' title='bbox 1368 1728 1509 1800; x_wconf 78' lang='lat' dir='ltr'><strong>piece</strong></span> <span class='ocrx_word' id='word_1_157' title='bbox 1549 1727 1647 1798; x_wconf 87' lang='lat' dir='ltr'><strong>(ait</strong></span> <span class='ocrx_word' id='word_1_158' title='bbox 1679 1741 1743 1779; x_wconf 87' lang='lat' dir='ltr'><strong>eo</strong></span> <span class='ocrx_word' id='word_1_159' title='bbox 1776 1725 1891 1777; x_wconf 89' lang='lat' dir='ltr'><strong>loco</strong></span> <span class='ocrx_word' id='word_1_160' title='bbox 1933 1721 2112 1774; x_wconf 67' lang='lat' dir='ltr'><strong>nescio</strong></span> 
     </span>
    </p>
   </div>
   <div class='ocr_carea' id='block_1_19' title="bbox 2207 887 3798 960">
    <p class='ocr_par' dir='ltr' id='par_1_19' title="bbox 2207 887 3798 960">
     <span class='ocr_line' id='line_1_19' title="bbox 2207 887 3798 960; baseline -0.001 -16"><span class='ocrx_word' id='word_1_161' title='bbox 2207 905 2401 958; x_wconf 87' lang='lat' dir='ltr'><strong>nempe</strong></span> <span class='ocrx_word' id='word_1_162' title='bbox 2421 889 2616 945; x_wconf 91' lang='lat' dir='ltr'><strong>librum</strong></span> <span class='ocrx_word' id='word_1_163' title='bbox 2645 888 2997 959; x_wconf 81' lang='lat' dir='ltr'><strong>duplicatum.</strong></span> <span class='ocrx_word' id='word_1_164' title='bbox 3031 887 3204 942; x_wconf 85' lang='lat' dir='ltr'><strong>Aliam</strong></span> <span class='ocrx_word' id='word_1_165' title='bbox 3227 887 3655 958; x_wconf 88' lang='lat' dir='ltr'><strong>inscriptionem,</strong></span> <span class='ocrx_word' id='word_1_166' title='bbox 3681 904 3798 960; x_wconf 75' lang='lat' dir='ltr'><strong>qua:</strong></span> 
     </span>
    </p>
   </div>
   <div class='ocr_carea' id='block_1_20' title="bbox 2208 981 3802 1055">
    <p class='ocr_par' dir='ltr' id='par_1_20' title="bbox 2208 981 3802 1055">
     <span class='ocr_line' id='line_1_20' title="bbox 2208 981 3802 1055; baseline -0.003 -15"><span class='ocrx_word' id='word_1_167' title='bbox 2208 985 2376 1040; x_wconf 91' lang='lat' dir='ltr'><strong>multo</strong></span> <span class='ocrx_word' id='word_1_168' title='bbox 2407 986 2579 1055; x_wconf 89' lang='lat' dir='ltr'><strong>magis</strong></span> <span class='ocrx_word' id='word_1_169' title='bbox 2608 983 2740 1040; x_wconf 85' lang='lat' dir='ltr'><strong>mihi</strong></span> <span class='ocrx_word' id='word_1_170' title='bbox 2773 984 2984 1054; x_wconf 86' lang='lat' dir='ltr'><strong>placet,</strong></span> <span class='ocrx_word' id='word_1_171' title='bbox 3016 982 3340 1052; x_wconf 72' lang='lat' dir='ltr'><strong>excogitavit</strong></span> <span class='ocrx_word' id='word_1_172' title='bbox 3379 981 3717 1054; x_wconf 73' lang='lat' dir='ltr'><strong>Rosweyd&#39;ns</strong></span> <span class='ocrx_word' id='word_1_173' title='bbox 3752 986 3802 1036; x_wconf 86' lang='lat' dir='ltr'><strong>in</strong></span> 
     </span>
    </p>
   </div>
   <div class='ocr_carea' id='block_1_21' title="bbox 2208 1072 3803 1144">
    <p class='ocr_par' dir='ltr' id='par_1_21' title="bbox 2208 1072 3803 1144">
     <span class='ocr_line' id='line_1_21' title="bbox 2208 1072 3803 1144; baseline -0.006 -10"><span class='ocrx_word' id='word_1_174' title='bbox 2208 1079 2351 1134; x_wconf 91' lang='lat' dir='ltr'><strong>notis</strong></span> <span class='ocrx_word' id='word_1_175' title='bbox 2375 1077 2443 1133; x_wconf 90' lang='lat' dir='ltr'><strong>ad</strong></span> <span class='ocrx_word' id='word_1_176' title='bbox 2469 1078 2772 1144; x_wconf 87' lang='lat' dir='ltr'><strong>Paulinum,</strong></span> <span class='ocrx_word' id='word_1_177' title='bbox 2806 1091 2972 1131; x_wconf 90' lang='lat' dir='ltr'><strong>carm.</strong></span> <span class='ocrx_word' id='word_1_178' title='bbox 3023 1076 3123 1142; x_wconf 77' lang='grc'><strong>50,</strong></span> <span class='ocrx_word' id='word_1_179' title='bbox 3158 1090 3276 1144; x_wconf 86' lang='lat' dir='ltr'><strong>pag.</strong></span> <span class='ocrx_word' id='word_1_180' title='bbox 3305 1073 3429 1130; x_wconf 90' lang='lat'><strong>869.</strong></span> <span class='ocrx_word' id='word_1_181' title='bbox 3465 1077 3598 1129; x_wconf 82' lang='lat' dir='ltr'><strong>Ante</strong></span> <span class='ocrx_word' id='word_1_182' title='bbox 3617 1072 3803 1128; x_wconf 86' lang='lat' dir='ltr'><strong>Pauli-</strong></span> 
     </span>
    </p>
   </div>
   <div class='ocr_carea' id='block_1_22' title="bbox 2209 1165 3802 1241">
    <p class='ocr_par' dir='ltr' id='par_1_22' title="bbox 2209 1165 3802 1241">
     <span class='ocr_line' id='line_1_22' title="bbox 2209 1165 3802 1241; baseline -0.006 -13"><span class='ocrx_word' id='word_1_183' title='bbox 2209 1187 2354 1241; x_wconf 83' lang='lat' dir='ltr'><strong>num,</strong></span> <span class='ocrx_word' id='word_1_184' title='bbox 2403 1171 2598 1241; x_wconf 84' lang='lat' dir='ltr'><strong>inquit,</strong></span> <span class='ocrx_word' id='word_1_185' title='bbox 2632 1171 2784 1224; x_wconf 85' lang='lat' dir='ltr'><strong>etiam</strong></span> <span class='ocrx_word' id='word_1_186' title='bbox 2817 1168 3133 1223; x_wconf 79' lang='lat' dir='ltr'><strong>Prudentius</strong></span> <span class='ocrx_word' id='word_1_187' title='bbox 3163 1168 3239 1220; x_wconf 90' lang='lat' dir='ltr'><strong>ita</strong></span> <span class='ocrx_word' id='word_1_188' title='bbox 3268 1166 3469 1223; x_wconf 69' lang='lat' dir='ltr'><strong>locutus</strong></span> <span class='ocrx_word' id='word_1_189' title='bbox 3516 1177 3610 1221; x_wconf 86' lang='lat' dir='ltr'><strong>est.</strong></span> <span class='ocrx_word' id='word_1_190' title='bbox 3663 1165 3802 1220; x_wconf 85' lang='lat' dir='ltr'><strong>Nam</strong></span> 
     </span>
    </p>
   </div>
   <div class='ocr_carea' id='block_1_23' title="bbox 2209 1256 3802 1332">
    <p class='ocr_par' dir='ltr' id='par_1_23' title="bbox 2209 1256 3802 1332">
     <span class='ocr_line' id='line_1_23' title="bbox 2209 1256 3802 1332; baseline -0.006 -13"><span class='ocrx_word' id='word_1_191' title='bbox 2209 1267 2264 1320; x_wconf 92' lang='lat' dir='ltr'><strong>in</strong></span> <span class='ocrx_word' id='word_1_192' title='bbox 2306 1262 2560 1319; x_wconf 87' lang='lat' dir='ltr'><strong>Diteucho</strong></span> <span class='ocrx_word' id='word_1_193' title='bbox 2597 1279 2690 1317; x_wconf 87' lang='lat' dir='ltr'><strong>suo</strong></span> <span class='ocrx_word' id='word_1_194' title='bbox 2733 1263 2830 1332; x_wconf 92' lang='lat' dir='ltr'><strong>(ita</strong></span> <span class='ocrx_word' id='word_1_195' title='bbox 2870 1260 3138 1330; x_wconf 69' lang='lat' dir='ltr'><strong>legendum</strong></span> <span class='ocrx_word' id='word_1_196' title='bbox 3167 1259 3324 1313; x_wconf 86' lang='lat' dir='ltr'><strong>doceo</strong></span> <span class='ocrx_word' id='word_1_197' title='bbox 3351 1259 3419 1311; x_wconf 88' lang='lat' dir='ltr'><strong>ad</strong></span> <span class='ocrx_word' id='word_1_198' title='bbox 3462 1256 3802 1311; x_wconf 76' lang='lat' dir='ltr'><strong>Prudentium</strong></span> 
     </span>
    </p>
   </div>
   <div class='ocr_carea' id='block_1_24' title="bbox 2211 1350 3828 1430">
    <p class='ocr_par' dir='ltr' id='par_1_24' title="bbox 2211 1350 3828 1430">
     <span class='ocr_line' id='line_1_24' title="bbox 2211 1350 3828 1430; baseline -0.004 -20"><span class='ocrx_word' id='word_1_199' title='bbox 2211 1361 2306 1430; x_wconf 76' lang='lat' dir='ltr'><strong>pro</strong></span> <span class='ocrx_word' id='word_1_200' title='bbox 2339 1355 2641 1420; x_wconf 74' lang='lat' dir='ltr'><strong>Dittoclneo,</strong></span> <span class='ocrx_word' id='word_1_201' title='bbox 2673 1355 2799 1424; x_wconf 86' lang='lat' dir='ltr'><strong>etc.)</strong></span> <span class='ocrx_word' id='word_1_202' title='bbox 2823 1352 3113 1408; x_wconf 84' lang='lat' dir='ltr'><strong>Diteuchon</strong></span> <span class='ocrx_word' id='word_1_203' title='bbox 3132 1352 3248 1407; x_wconf 92' lang='lat' dir='ltr'><strong>vult</strong></span> <span class='ocrx_word' id='word_1_204' title='bbox 3272 1351 3627 1422; x_wconf 81' lang='lat' dir='ltr'><strong>Rosweydus,</strong></span> <span class='ocrx_word' id='word_1_205' title='bbox 3652 1350 3828 1420; x_wconf 77' lang='lat' dir='ltr'><strong>quasi.</strong></span> 
     </span>
    </p>
   </div>
   <div class='ocr_carea' id='block_1_25' title="bbox 2212 1444 3806 1518">
    <p class='ocr_par' dir='ltr' id='par_1_25' title="bbox 2212 1444 3806 1518">
     <span class='ocr_line' id='line_1_25' title="bbox 2212 1444 3806 1518; baseline -0.003 -15"><span class='ocrx_word' id='word_1_206' title='bbox 2212 1448 2479 1518; x_wconf 85' lang='lat' dir='ltr'><strong>duplicem</strong></span> <span class='ocrx_word' id='word_1_207' title='bbox 2513 1447 2709 1500; x_wconf 88' lang='lat' dir='ltr'><strong>librum</strong></span> <span class='ocrx_word' id='word_1_208' title='bbox 2733 1488 2747 1515; x_wconf 96' lang='lat'><strong>,</strong></span> <span class='ocrx_word' id='word_1_209' title='bbox 2793 1454 2853 1500; x_wconf 89' lang='lat' dir='ltr'><strong>ut</strong></span> <span class='ocrx_word' id='word_1_210' title='bbox 2887 1444 3272 1500; x_wconf 86' lang='lat' dir='ltr'><strong>Pentateuchon</strong></span> <span class='ocrx_word' id='word_1_211' title='bbox 3303 1453 3385 1500; x_wconf 88' lang='lat' dir='ltr'><strong>est</strong></span> <span class='ocrx_word' id='word_1_212' title='bbox 3415 1444 3551 1500; x_wconf 90' lang='lat' dir='ltr'><strong>liber</strong></span> <span class='ocrx_word' id='word_1_213' title='bbox 3588 1445 3806 1514; x_wconf 86' lang='lat' dir='ltr'><strong>quintu-</strong></span> 
     </span>
    </p>
   </div>
   <div class='ocr_carea' id='block_1_26' title="bbox 2215 1534 3808 1610">
    <p class='ocr_par' dir='ltr' id='par_1_26' title="bbox 2215 1534 3808 1610">
     <span class='ocr_line' id='line_1_26' title="bbox 2215 1534 3808 1610; baseline -0.001 -16"><span class='ocrx_word' id='word_1_214' title='bbox 2215 1534 2339 1610; x_wconf 80' lang='lat' dir='ltr'><strong>plex</strong></span> <span class='ocrx_word' id='word_1_215' title='bbox 2375 1556 2389 1593; x_wconf 89' lang='lat'>:</span> <span class='ocrx_word' id='word_1_216' title='bbox 2432 1537 2842 1610; x_wconf 86' lang='lat' dir='ltr'><strong>comprehcndit</strong></span> <span class='ocrx_word' id='word_1_217' title='bbox 2878 1538 3024 1593; x_wconf 89' lang='lat' dir='ltr'><strong>enim</strong></span> <span class='ocrx_word' id='word_1_218' title='bbox 3063 1537 3385 1592; x_wconf 87' lang='lat' dir='ltr'><strong>Prudentius</strong></span> <span class='ocrx_word' id='word_1_219' title='bbox 3431 1538 3487 1592; x_wconf 88' lang='lat' dir='ltr'><strong>in</strong></span> <span class='ocrx_word' id='word_1_220' title='bbox 3529 1551 3595 1593; x_wconf 90' lang='lat' dir='ltr'><strong>eo</strong></span> <span class='ocrx_word' id='word_1_221' title='bbox 3643 1550 3808 1608; x_wconf 73' lang='lat' dir='ltr'><strong>opere</strong></span> 
     </span>
    </p>
   </div>
   <div class='ocr_carea' id='block_1_27' title="bbox 2215 1628 3809 1701">
    <p class='ocr_par' dir='ltr' id='par_1_27' title="bbox 2215 1628 3809 1701">
     <span class='ocr_line' id='line_1_27' title="bbox 2215 1628 3809 1701; baseline -0.002 -13"><span class='ocrx_word' id='word_1_222' title='bbox 2215 1648 2480 1688; x_wconf 86' lang='lat' dir='ltr'><strong>summam</strong></span> <span class='ocrx_word' id='word_1_223' title='bbox 2515 1632 2725 1688; x_wconf 77' lang='lat' dir='ltr'><strong>Veteris</strong></span> <span class='ocrx_word' id='word_1_224' title='bbox 2754 1632 2991 1701; x_wconf 64' lang='lat' dir='ltr'><strong>Novique</strong></span> <span class='ocrx_word' id='word_1_225' title='bbox 3014 1631 3367 1693; x_wconf 84' lang='lat' dir='ltr'><strong>Testamentj.</strong></span> <span class='ocrx_word' id='word_1_226' title='bbox 3388 1628 3621 1686; x_wconf 86' lang='lat' dir='ltr'><strong>Facilius</strong></span> <span class='ocrx_word' id='word_1_227' title='bbox 3643 1631 3809 1686; x_wconf 85' lang='lat' dir='ltr'><strong>etiam</strong></span> 
     </span>
    </p>
   </div>
   <div class='ocr_carea' id='block_1_28' title="bbox 2217 1720 3810 1793">
    <p class='ocr_par' dir='ltr' id='par_1_28' title="bbox 2217 1720 3810 1793">
     <span class='ocr_line' id='line_1_28' title="bbox 2217 1720 3810 1793; baseline -0.001 -14"><span class='ocrx_word' id='word_1_228' title='bbox 2217 1739 2280 1779; x_wconf 83' lang='lat' dir='ltr'><strong>ex</strong></span> <span class='ocrx_word' id='word_1_229' title='bbox 2313 1722 2552 1778; x_wconf 86' lang='lat' dir='ltr'><strong>diteucho</strong></span> <span class='ocrx_word' id='word_1_230' title='bbox 2579 1739 2738 1793; x_wconf 89' lang='lat' dir='ltr'><strong>quam</strong></span> <span class='ocrx_word' id='word_1_231' title='bbox 2769 1737 2834 1778; x_wconf 81' lang='lat' dir='ltr'><strong>ex</strong></span> <span class='ocrx_word' id='word_1_232' title='bbox 2865 1721 3110 1792; x_wconf 82' lang='lat' dir='ltr'><strong>diptgcho</strong></span> <span class='ocrx_word' id='word_1_233' title='bbox 3135 1720 3366 1789; x_wconf 57' lang='lat' dir='ltr'><strong>librarii,</strong></span> <span class='ocrx_word' id='word_1_234' title='bbox 3392 1720 3621 1778; x_wconf 77' lang='lat' dir='ltr'><strong>fecerint</strong></span> <span class='ocrx_word' id='word_1_235' title='bbox 3648 1723 3810 1777; x_wconf 79' lang='lat' dir='ltr'><strong>ditto—</strong></span> 
     </span>
    </p>
   </div>
   <div class='ocr_carea' id='block_1_29' title="bbox 513 1813 3811 1899">
    <p class='ocr_par' dir='ltr' id='par_1_29' title="bbox 513 1813 3811 1899">
     <span class='ocr_line' id='line_1_29' title="bbox 513 1813 3811 1899; baseline -0.004 -16"><span class='ocrx_word' id='word_1_236' title='bbox 513 1829 655 1899; x_wconf 87' lang='lat' dir='ltr'><strong>quis)</strong></span> <span class='ocrx_word' id='word_1_237' title='bbox 685 1838 757 1881; x_wconf 88' lang='lat' dir='ltr'><strong>est</strong></span> <span class='ocrx_word' id='word_1_238' title='bbox 779 1843 877 1898; x_wconf 84' lang='lat' dir='ltr'><strong>peu</strong></span> <span class='ocrx_word' id='word_1_239' title='bbox 901 1827 965 1880; x_wconf 87' lang='lat' dir='ltr'><strong>de</strong></span> <span class='ocrx_word' id='word_1_240' title='bbox 993 1827 1185 1879; x_wconf 80' lang='lat' dir='ltr'><strong>chose:</strong></span> <span class='ocrx_word' id='word_1_241' title='bbox 1214 1823 1316 1876; x_wconf 86' lang='lat' dir='ltr'><strong>l’on</strong></span> <span class='ocrx_word' id='word_1_242' title='bbox 1345 1820 1596 1875; x_wconf 85' lang='lat' dir='ltr'><strong>demande</strong></span> <span class='ocrx_word' id='word_1_243' title='bbox 1616 1820 1659 1871; x_wconf 85' lang='lat' dir='ltr'><strong>si</strong></span> <span class='ocrx_word' id='word_1_244' title='bbox 1683 1819 1797 1870; x_wconf 76' lang='lat' dir='ltr'><strong>c‘est</strong></span> <span class='ocrx_word' id='word_1_245' title='bbox 1844 1813 2113 1866; x_wconf 80' lang='lat' dir='ltr'><strong>Pruttence</strong></span> <span class='ocrx_word' id='word_1_246' title='bbox 2148 1827 2196 1887; x_wconf 81' lang='grc' dir='ltr'><strong>Β</strong></span> <span class='ocrx_word' id='word_1_247' title='bbox 2223 1815 2424 1881; x_wconf 86' lang='lat' dir='ltr'><strong>clteum,</strong></span> <span class='ocrx_word' id='word_1_248' title='bbox 2450 1825 2504 1870; x_wconf 89' lang='lat' dir='ltr'><strong>et</strong></span> <span class='ocrx_word' id='word_1_249' title='bbox 2535 1815 2862 1878; x_wconf 81' lang='lat' dir='ltr'><strong>dirorheum,</strong></span> <span class='ocrx_word' id='word_1_250' title='bbox 2923 1823 3013 1868; x_wconf 84' lang='lat' dir='ltr'><strong>aut</strong></span> <span class='ocrx_word' id='word_1_251' title='bbox 3071 1814 3408 1868; x_wconf 87' lang='lat' dir='ltr'><strong>ditrocheum.</strong></span> <span class='ocrx_word' id='word_1_252' title='bbox 3455 1813 3811 1870; x_wconf 83' lang='lat' dir='ltr'><strong>Nihilominus</strong></span> 
     </span>
    </p>
   </div>
   <div class='ocr_carea' id='block_1_30' title="bbox 515 1910 2115 1990">
    <p class='ocr_par' dir='ltr' id='par_1_30' title="bbox 515 1910 2115 1990">
     <span class='ocr_line' id='line_1_30' title="bbox 515 1910 2115 1990; baseline -0.01 -14"><span class='ocrx_word' id='word_1_253' title='bbox 515 1921 563 1976; x_wconf 82' lang='lat' dir='ltr'><strong>lc</strong></span> <span class='ocrx_word' id='word_1_254' title='bbox 586 1921 751 1990; x_wconf 79' lang='lat' dir='ltr'><strong>poéte,</strong></span> <span class='ocrx_word' id='word_1_255' title='bbox 784 1937 850 1972; x_wconf 91' lang='lat' dir='ltr'><strong>ou</strong></span> <span class='ocrx_word' id='word_1_256' title='bbox 875 1919 1091 1987; x_wconf 68' lang='lat' dir='ltr'><strong>l’evéque</strong></span> <span class='ocrx_word' id='word_1_257' title='bbox 1117 1917 1178 1969; x_wconf 86' lang='lat' dir='ltr'><strong>de</strong></span> <span class='ocrx_word' id='word_1_258' title='bbox 1198 1913 1413 1983; x_wconf 79' lang='lat' dir='ltr'><strong>Ttoyes,</strong></span> <span class='ocrx_word' id='word_1_259' title='bbox 1446 1912 1532 1983; x_wconf 84' lang='lat' dir='ltr'><strong>qui</strong></span> <span class='ocrx_word' id='word_1_260' title='bbox 1558 1918 1643 1965; x_wconf 89' lang='lat' dir='ltr'><strong>ont</strong></span> <span class='ocrx_word' id='word_1_261' title='bbox 1677 1910 1769 1979; x_wconf 76' lang='lat' dir='ltr'><strong>fait</strong></span> <span class='ocrx_word' id='word_1_262' title='bbox 1793 1924 1863 1960; x_wconf 90' lang='lat' dir='ltr'><strong>un</strong></span> <span class='ocrx_word' id='word_1_263' title='bbox 1895 1921 2115 1975; x_wconf 76' lang='lat' dir='ltr'><strong>Ottvrogd</strong></span> 
     </span>
    </p>
   </div>
   <div class='ocr_carea' id='block_1_31' title="bbox 513 1999 2118 2076">
    <p class='ocr_par' dir='ltr' id='par_1_31' title="bbox 513 1999 2118 2076">
     <span class='ocr_line' id='line_1_31' title="bbox 513 1999 2118 2076; baseline -0.012 -9"><span class='ocrx_word' id='word_1_264' title='bbox 513 2011 715 2067; x_wconf 85' lang='lat' dir='ltr'><strong>intitulé</strong></span> <span class='ocrx_word' id='word_1_265' title='bbox 744 2028 762 2066; x_wconf 89' lang='lat'><strong><em>:</em></strong></span> <span class='ocrx_word' id='word_1_266' title='bbox 791 2011 1121 2075; x_wconf 65' lang='lat' dir='ltr'><strong>1Edilicium,</strong></span> <span class='ocrx_word' id='word_1_267' title='bbox 1151 2024 1238 2062; x_wconf 89' lang='lat' dir='ltr'><strong>sur</strong></span> <span class='ocrx_word' id='word_1_268' title='bbox 1265 2006 1423 2076; x_wconf 88' lang='lat' dir='ltr'><strong>lequel</strong></span> <span class='ocrx_word' id='word_1_269' title='bbox 1455 2015 1528 2058; x_wconf 91' lang='lat' dir='ltr'><strong>cet</strong></span> <span class='ocrx_word' id='word_1_270' title='bbox 1553 2017 1819 2072; x_wconf 73' lang='lat' dir='ltr'><strong>anonymo</strong></span> <span class='ocrx_word' id='word_1_271' title='bbox 1845 2016 1876 2052; x_wconf 94' lang='lat' dir='ltr'><strong>a</strong></span> <span class='ocrx_word' id='word_1_272' title='bbox 1904 1999 1997 2068; x_wconf 78' lang='lat' dir='ltr'><strong>{ait</strong></span> <span class='ocrx_word' id='word_1_273' title='bbox 2021 2012 2118 2050; x_wconf 86' lang='lat' dir='ltr'><strong>unc</strong></span> 
     </span>
    </p>
   </div>
   <div class='ocr_carea' id='block_1_32' title="bbox 516 2092 2116 2178">
    <p class='ocr_par' dir='ltr' id='par_1_32' title="bbox 516 2092 2116 2178">
     <span class='ocr_line' id='line_1_32' title="bbox 516 2092 2116 2178; baseline -0.011 -17"><span class='ocrx_word' id='word_1_274' title='bbox 516 2105 823 2178; x_wconf 77' lang='lat' dir='ltr'><strong>explication</strong></span> <span class='ocrx_word' id='word_1_275' title='bbox 851 2103 1169 2173; x_wconf 81' lang='lat' dir='ltr'><strong>allégorique</strong></span> <span class='ocrx_word' id='word_1_276' title='bbox 1193 2102 1254 2154; x_wconf 86' lang='lat' dir='ltr'><strong>de</strong></span> <span class='ocrx_word' id='word_1_277' title='bbox 1295 2101 1347 2154; x_wconf 91' lang='lat' dir='ltr'><strong>la</strong></span> <span class='ocrx_word' id='word_1_278' title='bbox 1375 2097 1689 2167; x_wconf 81' lang='lat' dir='ltr'><strong>description</strong></span> <span class='ocrx_word' id='word_1_279' title='bbox 1719 2096 1780 2149; x_wconf 88' lang='lat' dir='ltr'><strong>de</strong></span> <span class='ocrx_word' id='word_1_280' title='bbox 1831 2095 1880 2148; x_wconf 89' lang='lat' dir='ltr'><strong>la</strong></span> <span class='ocrx_word' id='word_1_281' title='bbox 1910 2092 2116 2146; x_wconf 83' lang='lat' dir='ltr'><strong>Maison</strong></span> 
     </span>
    </p>
   </div>
   <div class='ocr_carea' id='block_1_33' title="bbox 516 2185 2119 2266">
    <p class='ocr_par' dir='ltr' id='par_1_33' title="bbox 516 2185 2119 2266">
     <span class='ocr_line' id='line_1_33' title="bbox 516 2185 2119 2266; baseline -0.008 -15"><span class='ocrx_word' id='word_1_282' title='bbox 516 2198 580 2251; x_wconf 89' lang='lat' dir='ltr'><strong>de</strong></span> <span class='ocrx_word' id='word_1_283' title='bbox 613 2197 770 2264; x_wconf 85' lang='lat' dir='ltr'><strong>Dieu,</strong></span> <span class='ocrx_word' id='word_1_284' title='bbox 803 2197 890 2266; x_wconf 89' lang='lat' dir='ltr'><strong>qui</strong></span> <span class='ocrx_word' id='word_1_285' title='bbox 927 2205 1081 2248; x_wconf 86' lang='lat' dir='ltr'><strong>esten</strong></span> <span class='ocrx_word' id='word_1_286' title='bbox 1114 2192 1493 2262; x_wconf 81' lang='lat' dir='ltr'><strong>l’Apocalypse.</strong></span> <span class='ocrx_word' id='word_1_287' title='bbox 1519 2187 1739 2254; x_wconf 86' lang='lat' dir='ltr'><strong>Facilis,</strong></span> <span class='ocrx_word' id='word_1_288' title='bbox 1763 2185 2119 2256; x_wconf 82' lang='lat' dir='ltr'><strong>expeditaque</strong></span> 
     </span>
    </p>
   </div>
   <div class='ocr_carea' id='block_1_34' title="bbox 517 2278 2115 2360">
    <p class='ocr_par' dir='ltr' id='par_1_34' title="bbox 517 2278 2115 2360">
     <span class='ocr_line' id='line_1_34' title="bbox 517 2278 2115 2360; baseline -0.009 -14"><span class='ocrx_word' id='word_1_289' title='bbox 517 2297 602 2346; x_wconf 89' lang='lat' dir='ltr'><strong>est</strong></span> <span class='ocrx_word' id='word_1_290' title='bbox 625 2289 926 2360; x_wconf 86' lang='lat' dir='ltr'><strong>responsio.</strong></span> <span class='ocrx_word' id='word_1_291' title='bbox 964 2286 1292 2342; x_wconf 84' lang='lat' dir='ltr'><strong>Prudentius</strong></span> <span class='ocrx_word' id='word_1_292' title='bbox 1317 2294 1520 2351; x_wconf 88' lang='lat' dir='ltr'><strong>noster,</strong></span> <span class='ocrx_word' id='word_1_293' title='bbox 1560 2291 1719 2353; x_wconf 88' lang='lat' dir='ltr'><strong>poeta</strong></span> <span class='ocrx_word' id='word_1_294' title='bbox 1758 2278 2115 2346; x_wconf 83' lang='lat' dir='ltr'><strong>Christianus,</strong></span> 
     </span>
    </p>
   </div>
   <div class='ocr_carea' id='block_1_35' title="bbox 520 2370 2118 2451">
    <p class='ocr_par' dir='ltr' id='par_1_35' title="bbox 520 2370 2118 2451">
     <span class='ocr_line' id='line_1_35' title="bbox 520 2370 2118 2451; baseline -0.008 -14"><span class='ocrx_word' id='word_1_295' title='bbox 520 2381 575 2437; x_wconf 90' lang='lat' dir='ltr'><strong>in</strong></span> <span class='ocrx_word' id='word_1_296' title='bbox 607 2381 712 2436; x_wconf 85' lang='lat' dir='ltr'><strong>ﬁne</strong></span> <span class='ocrx_word' id='word_1_297' title='bbox 744 2378 1182 2451; x_wconf 76' lang='lat' dir='ltr'><strong>Psychomachia:</strong></span> <span class='ocrx_word' id='word_1_298' title='bbox 1207 2375 1492 2431; x_wconf 74' lang='lat' dir='ltr'><strong>aedilicium</strong></span> <span class='ocrx_word' id='word_1_299' title='bbox 1544 2375 1735 2429; x_wconf 90' lang='lat' dir='ltr'><strong>domus</strong></span> <span class='ocrx_word' id='word_1_300' title='bbox 1763 2370 1856 2425; x_wconf 88' lang='lat' dir='ltr'><strong>Dei</strong></span> <span class='ocrx_word' id='word_1_301' title='bbox 1883 2386 1946 2426; x_wconf 80' lang='lat' dir='ltr'><strong>ex</strong></span> <span class='ocrx_word' id='word_1_302' title='bbox 1977 2371 2118 2440; x_wconf 84' lang='lat' dir='ltr'><strong>Apo-</strong></span> 
     </span>
    </p>
   </div>
   <div class='ocr_carea' id='block_1_36' title="bbox 518 2469 1611 2546">
    <p class='ocr_par' dir='ltr' id='par_1_36' title="bbox 518 2469 1611 2546">
     <span class='ocr_line' id='line_1_36' title="bbox 518 2469 1611 2546; baseline -0.008 -16"><span class='ocrx_word' id='word_1_303' title='bbox 518 2474 718 2546; x_wconf 84' lang='lat' dir='ltr'><strong>calypsi</strong></span> <span class='ocrx_word' id='word_1_304' title='bbox 749 2473 1035 2543; x_wconf 90' lang='lat' dir='ltr'><strong>descripsit</strong></span> <span class='ocrx_word' id='word_1_305' title='bbox 1064 2485 1206 2526; x_wconf 86' lang='lat' dir='ltr'><strong>vers.</strong></span> <span class='ocrx_word' id='word_1_306' title='bbox 1235 2469 1340 2525; x_wconf 73' lang='lat'><strong>825</strong></span> <span class='ocrx_word' id='word_1_307' title='bbox 1366 2479 1419 2524; x_wconf 90' lang='lat' dir='ltr'><strong>et</strong></span> <span class='ocrx_word' id='word_1_308' title='bbox 1458 2484 1611 2538; x_wconf 88' lang='lat' dir='ltr'><strong>seqq.</strong></span> 
     </span>
    </p>
   </div>
   <div class='ocr_carea' id='block_1_37' title="bbox 643 2581 1913 2645">
    <p class='ocr_par' dir='ltr' id='par_1_37' title="bbox 643 2581 1913 2645">
     <span class='ocr_line' id='line_1_37' title="bbox 643 2581 1913 2645; baseline -0.005 -9"><span class='ocrx_word' id='word_1_309' title='bbox 643 2587 760 2636; x_wconf 84' lang='lat' dir='ltr'><strong>Haec</strong></span> <span class='ocrx_word' id='word_1_310' title='bbox 774 2587 856 2634; x_wconf 91' lang='lat' dir='ltr'><strong>ubi</strong></span> <span class='ocrx_word' id='word_1_311' title='bbox 883 2585 1009 2634; x_wconf 88' lang='lat' dir='ltr'><strong>dicta</strong></span> <span class='ocrx_word' id='word_1_312' title='bbox 1034 2583 1187 2645; x_wconf 88' lang='lat' dir='ltr'><strong>dedit,</strong></span> <span class='ocrx_word' id='word_1_313' title='bbox 1215 2583 1447 2645; x_wconf 80' lang='lat' dir='ltr'><strong>gradibus</strong></span> <span class='ocrx_word' id='word_1_314' title='bbox 1465 2581 1656 2645; x_wconf 71' lang='lat' dir='ltr'><strong>Regina</strong></span> <span class='ocrx_word' id='word_1_315' title='bbox 1681 2581 1913 2642; x_wconf 83' lang='lat' dir='ltr'><strong>superbis</strong></span> 
     </span>
    </p>
   </div>
   <div class='ocr_carea' id='block_1_38' title="bbox 642 2641 1839 2710">
    <p class='ocr_par' dir='ltr' id='par_1_38' title="bbox 642 2641 1839 2710">
     <span class='ocr_line' id='line_1_38' title="bbox 642 2641 1839 2710; baseline -0.008 -11"><span class='ocrx_word' id='word_1_316' title='bbox 642 2649 874 2709; x_wconf 85' lang='lat' dir='ltr'><strong>Desiluit,</strong></span> <span class='ocrx_word' id='word_1_317' title='bbox 904 2649 1122 2710; x_wconf 85' lang='lat' dir='ltr'><strong>tantique</strong></span> <span class='ocrx_word' id='word_1_318' title='bbox 1147 2641 1314 2710; x_wconf 38' lang='lat' dir='ltr'><strong>o’péris</strong></span> <span class='ocrx_word' id='word_1_319' title='bbox 1339 2641 1603 2710; x_wconf 56' lang='lat' dir='ltr'><strong>Concordia</strong></span> <span class='ocrx_word' id='word_1_320' title='bbox 1639 2641 1839 2710; x_wconf 74' lang='lat' dir='ltr'><strong>consors</strong></span> 
     </span>
    </p>
   </div>
   <div class='ocr_carea' id='block_1_39' title="bbox 646 2703 1810 2770">
    <p class='ocr_par' dir='ltr' id='par_1_39' title="bbox 646 2703 1810 2770">
     <span class='ocr_line' id='line_1_39' title="bbox 646 2703 1810 2770; baseline -0.008 -10"><span class='ocrx_word' id='word_1_321' title='bbox 646 2703 891 2760; x_wconf 74' lang='lat' dir='ltr'><strong>Metanira</strong></span> <span class='ocrx_word' id='word_1_322' title='bbox 912 2703 1088 2758; x_wconf 76' lang='lat' dir='ltr'><strong>novum</strong></span> <span class='ocrx_word' id='word_1_323' title='bbox 1109 2703 1236 2770; x_wconf 64' lang='lat' dir='ltr'><strong>jac&#39;to</strong></span> <span class='ocrx_word' id='word_1_324' title='bbox 1254 2707 1536 2755; x_wconf 81' lang='lat' dir='ltr'><strong>fundamine</strong></span> <span class='ocrx_word' id='word_1_325' title='bbox 1556 2703 1810 2767; x_wconf 87' lang='lat' dir='ltr'><strong>templum.</strong></span> 
     </span>
    </p>
   </div>
   <div class='ocr_carea' id='block_1_40' title="bbox 519 2832 2120 2906">
    <p class='ocr_par' dir='ltr' id='par_1_40' title="bbox 519 2832 2120 2906">
     <span class='ocr_line' id='line_1_40' title="bbox 519 2832 2120 2906; baseline -0.007 -10"><span class='ocrx_word' id='word_1_326' title='bbox 519 2838 620 2897; x_wconf 83' lang='lat' dir='ltr'><strong>Ubi</strong></span> <span class='ocrx_word' id='word_1_327' title='bbox 669 2839 783 2893; x_wconf 63' lang='lat' dir='ltr'><strong>haec</strong></span> <span class='ocrx_word' id='word_1_328' title='bbox 825 2837 1101 2906; x_wconf 85' lang='lat' dir='ltr'><strong>inscriptio</strong></span> <span class='ocrx_word' id='word_1_329' title='bbox 1155 2837 1507 2906; x_wconf 67' lang='lat' dir='ltr'><strong>praeponitur,</strong></span> <span class='ocrx_word' id='word_1_330' title='bbox 1540 2835 1852 2904; x_wconf 63' lang='lat' dir='ltr'><strong>didi/icium</strong></span> <span class='ocrx_word' id='word_1_331' title='bbox 1884 2832 2034 2886; x_wconf 82' lang='lat' dir='ltr'><strong>Fidei</strong></span> <span class='ocrx_word' id='word_1_332' title='bbox 2075 2842 2120 2887; x_wconf 92' lang='lat' dir='ltr'><strong>et</strong></span> 
     </span>
    </p>
   </div>
   <div class='ocr_carea' id='block_1_41' title="bbox 520 2927 2120 2998">
    <p class='ocr_par' dir='ltr' id='par_1_41' title="bbox 520 2927 2120 2998">
     <span class='ocr_line' id='line_1_41' title="bbox 520 2927 2120 2998; baseline -0.005 -12"><span class='ocrx_word' id='word_1_333' title='bbox 520 2931 840 2986; x_wconf 73' lang='lat' dir='ltr'><strong>Concordiaz.</strong></span> <span class='ocrx_word' id='word_1_334' title='bbox 867 2931 979 2984; x_wconf 85' lang='lat' dir='ltr'><strong>Hoc</strong></span> <span class='ocrx_word' id='word_1_335' title='bbox 999 2933 1129 2998; x_wconf 78' lang='lat' dir='ltr'><strong>ergo</strong></span> <span class='ocrx_word' id='word_1_336' title='bbox 1150 2936 1234 2983; x_wconf 90' lang='lat' dir='ltr'><strong>est</strong></span> <span class='ocrx_word' id='word_1_337' title='bbox 1258 2927 1568 2982; x_wconf 63' lang='lat' dir='ltr'><strong>IEdilicium</strong></span> <span class='ocrx_word' id='word_1_338' title='bbox 1599 2927 1896 2993; x_wconf 86' lang='lat' dir='ltr'><strong>Prudentii,</strong></span> <span class='ocrx_word' id='word_1_339' title='bbox 1928 2927 1994 2982; x_wconf 90' lang='lat' dir='ltr'><strong>de</strong></span> <span class='ocrx_word' id='word_1_340' title='bbox 2015 2939 2120 2996; x_wconf 87' lang='lat' dir='ltr'><strong>quo</strong></span> 
     </span>
    </p>
   </div>
   <div class='ocr_carea' id='block_1_42' title="bbox 521 3021 1700 3094">
    <p class='ocr_par' dir='ltr' id='par_1_42' title="bbox 521 3021 1700 3094">
     <span class='ocr_line' id='line_1_42' title="bbox 521 3021 1700 3094; baseline -0.004 -15"><span class='ocrx_word' id='word_1_341' title='bbox 521 3039 823 3094; x_wconf 81' lang='lat' dir='ltr'><strong>anonytnus</strong></span> <span class='ocrx_word' id='word_1_342' title='bbox 847 3023 935 3077; x_wconf 91' lang='lat' dir='ltr'><strong>ille</strong></span> <span class='ocrx_word' id='word_1_343' title='bbox 957 3030 1245 3078; x_wconf 88' lang='lat' dir='ltr'><strong>tractatum</strong></span> <span class='ocrx_word' id='word_1_344' title='bbox 1268 3021 1570 3090; x_wconf 89' lang='lat' dir='ltr'><strong>composuit</strong></span> <span class='ocrx_word' id='word_1_345' title='bbox 1600 3021 1700 3091; x_wconf 88' lang='lat' dir='ltr'><strong>(a).</strong></span> 
     </span>
    </p>
   </div>
   <div class='ocr_carea' id='block_1_43' title="bbox 595 3112 2117 3184">
    <p class='ocr_par' dir='ltr' id='par_1_43' title="bbox 595 3112 2117 3184">
     <span class='ocr_line' id='line_1_43' title="bbox 595 3112 2117 3184; baseline -0.001 -14"><span class='ocrx_word' id='word_1_346' title='bbox 595 3115 687 3170; x_wconf 88' lang='lat'><strong>66.</strong></span> <span class='ocrx_word' id='word_1_347' title='bbox 730 3115 1001 3184; x_wconf 87' lang='lat' dir='ltr'><strong>Sequitur,</strong></span> <span class='ocrx_word' id='word_1_348' title='bbox 1038 3121 1094 3168; x_wconf 90' lang='lat' dir='ltr'><strong>ut</strong></span> <span class='ocrx_word' id='word_1_349' title='bbox 1115 3113 1182 3168; x_wconf 89' lang='lat' dir='ltr'><strong>de</strong></span> <span class='ocrx_word' id='word_1_350' title='bbox 1203 3112 1501 3168; x_wconf 72' lang='lat' dir='ltr'><strong>Dittochceo</strong></span> <span class='ocrx_word' id='word_1_351' title='bbox 1525 3114 1749 3183; x_wconf 88' lang='lat' dir='ltr'><strong>ejusque</strong></span> <span class='ocrx_word' id='word_1_352' title='bbox 1785 3120 2006 3169; x_wconf 88' lang='lat' dir='ltr'><strong>auctore</strong></span> <span class='ocrx_word' id='word_1_353' title='bbox 2037 3112 2117 3168; x_wconf 86' lang='lat' dir='ltr'><strong>lo-</strong></span> 
     </span>
    </p>
   </div>
   <div class='ocr_carea' id='block_1_44' title="bbox 2223 1906 3812 1978">
    <p class='ocr_par' dir='ltr' id='par_1_44' title="bbox 2223 1906 3812 1978">
     <span class='ocr_line' id='line_1_44' title="bbox 2223 1906 3812 1978; baseline -0.002 -12"><span class='ocrx_word' id='word_1_354' title='bbox 2223 1921 2379 1966; x_wconf 88' lang='lat' dir='ltr'><strong>teneo</strong></span> <span class='ocrx_word' id='word_1_355' title='bbox 2405 1917 2638 1965; x_wconf 84' lang='lat' dir='ltr'><strong>veterem</strong></span> <span class='ocrx_word' id='word_1_356' title='bbox 2672 1908 3098 1978; x_wconf 78' lang='lat' dir='ltr'><strong>inscriptionem,</strong></span> <span class='ocrx_word' id='word_1_357' title='bbox 3118 1918 3170 1963; x_wconf 89' lang='lat' dir='ltr'><strong>et</strong></span> <span class='ocrx_word' id='word_1_358' title='bbox 3192 1908 3436 1978; x_wconf 88' lang='lat' dir='ltr'><strong>suspicor</strong></span> <span class='ocrx_word' id='word_1_359' title='bbox 3458 1906 3812 1963; x_wconf 87' lang='lat' dir='ltr'><strong>Prudentium</strong></span> 
     </span>
    </p>
   </div>
   <div class='ocr_carea' id='block_1_45' title="bbox 2220 1998 3816 2070">
    <p class='ocr_par' dir='ltr' id='par_1_45' title="bbox 2220 1998 3816 2070">
     <span class='ocr_line' id='line_1_45' title="bbox 2220 1998 3816 2070; baseline -0.001 -14"><span class='ocrx_word' id='word_1_360' title='bbox 2220 2016 2282 2056; x_wconf 83' lang='lat' dir='ltr'><strong>ea</strong></span> <span class='ocrx_word' id='word_1_361' title='bbox 2311 2000 2622 2069; x_wconf 81' lang='lat' dir='ltr'><strong>tetrasticha</strong></span> <span class='ocrx_word' id='word_1_362' title='bbox 2646 2001 3014 2068; x_wconf 81' lang='lat' dir='ltr'><strong>composuisse.</strong></span> <span class='ocrx_word' id='word_1_363' title='bbox 3035 2039 3050 2066; x_wconf 97' lang='lat'><strong>,</strong></span> <span class='ocrx_word' id='word_1_364' title='bbox 3107 2009 3166 2053; x_wconf 90' lang='lat' dir='ltr'><strong>ut</strong></span> <span class='ocrx_word' id='word_1_365' title='bbox 3212 2000 3529 2070; x_wconf 75' lang='lat' dir='ltr'><strong>imaginibus</strong></span> <span class='ocrx_word' id='word_1_366' title='bbox 3561 1998 3816 2055; x_wconf 80' lang='lat' dir='ltr'><strong>historias</strong></span> 
     </span>
    </p>
   </div>
   <div class='ocr_carea' id='block_1_46' title="bbox 2227 2091 3816 2163">
    <p class='ocr_par' dir='ltr' id='par_1_46' title="bbox 2227 2091 3816 2163">
     <span class='ocr_line' id='line_1_46' title="bbox 2227 2091 3816 2163; baseline 0 -16"><span class='ocrx_word' id='word_1_367' title='bbox 2227 2093 2431 2149; x_wconf 77' lang='lat' dir='ltr'><strong>Veteris</strong></span> <span class='ocrx_word' id='word_1_368' title='bbox 2447 2100 2502 2147; x_wconf 92' lang='lat' dir='ltr'><strong>et</strong></span> <span class='ocrx_word' id='word_1_369' title='bbox 2528 2091 3011 2148; x_wconf 86' lang='lat' dir='ltr'><strong>Novi&#39;l‘estamenti</strong></span> <span class='ocrx_word' id='word_1_370' title='bbox 3043 2094 3097 2148; x_wconf 89' lang='lat' dir='ltr'><strong>in</strong></span> <span class='ocrx_word' id='word_1_371' title='bbox 3131 2093 3372 2148; x_wconf 87' lang='lat' dir='ltr'><strong>ecclesiis</strong></span> <span class='ocrx_word' id='word_1_372' title='bbox 3420 2102 3816 2163; x_wconf 70' lang='lat' dir='ltr'><strong>repmseutan-</strong></span> 
     </span>
    </p>
   </div>
   <div class='ocr_carea' id='block_1_47' title="bbox 2224 2186 3814 2266">
    <p class='ocr_par' dir='ltr' id='par_1_47' title="bbox 2224 2186 3814 2266">
     <span class='ocr_line' id='line_1_47' title="bbox 2224 2186 3814 2266; baseline 0.001 -25"><span class='ocrx_word' id='word_1_373' title='bbox 2224 2186 2364 2241; x_wconf 90' lang='lat' dir='ltr'><strong>tibus</strong></span> <span class='ocrx_word' id='word_1_374' title='bbox 2394 2194 2793 2255; x_wconf 89' lang='lat' dir='ltr'><strong>apponerentur</strong></span> <span class='ocrx_word' id='word_1_375' title='bbox 2820 2203 2832 2239; x_wconf 91' lang='lat'>:</span> <span class='ocrx_word' id='word_1_376' title='bbox 2865 2187 3042 2256; x_wconf 88' lang='lat' dir='ltr'><strong>qualia</strong></span> <span class='ocrx_word' id='word_1_377' title='bbox 3068 2187 3233 2242; x_wconf 91' lang='lat' dir='ltr'><strong>multa</strong></span> <span class='ocrx_word' id='word_1_378' title='bbox 3257 2187 3494 2242; x_wconf 85' lang='lat' dir='ltr'><strong>carmina</strong></span> <span class='ocrx_word' id='word_1_379' title='bbox 3524 2186 3653 2242; x_wconf 81' lang='lat' dir='ltr'><strong>fecit</strong></span> <span class='ocrx_word' id='word_1_380' title='bbox 3674 2187 3814 2266; x_wconf 78' lang='lat' dir='ltr'><strong>Pau-</strong></span> 
     </span>
    </p>
   </div>
   <div class='ocr_carea' id='block_1_48' title="bbox 2221 2277 3815 2349">
    <p class='ocr_par' dir='ltr' id='par_1_48' title="bbox 2221 2277 3815 2349">
     <span class='ocr_line' id='line_1_48' title="bbox 2221 2277 3815 2349; baseline 0.001 -16"><span class='ocrx_word' id='word_1_381' title='bbox 2221 2279 2364 2333; x_wconf 90' lang='lat' dir='ltr'><strong>linus</strong></span> <span class='ocrx_word' id='word_1_382' title='bbox 2396 2278 2658 2344; x_wconf 84' lang='lat' dir='ltr'><strong>Nolanus,</strong></span> <span class='ocrx_word' id='word_1_383' title='bbox 2707 2287 2762 2334; x_wconf 89' lang='lat' dir='ltr'><strong>et</strong></span> <span class='ocrx_word' id='word_1_384' title='bbox 2791 2277 3120 2334; x_wconf 81' lang='lat' dir='ltr'><strong>Walafridus</strong></span> <span class='ocrx_word' id='word_1_385' title='bbox 3175 2279 3436 2345; x_wconf 88' lang='lat' dir='ltr'><strong>Strabus,</strong></span> <span class='ocrx_word' id='word_1_386' title='bbox 3477 2279 3633 2349; x_wconf 86' lang='lat' dir='ltr'><strong>cujus</strong></span> <span class='ocrx_word' id='word_1_387' title='bbox 3687 2287 3815 2334; x_wconf 69' lang='lat' dir='ltr'><strong>Sunt</strong></span> 
     </span>
    </p>
   </div>
   <div class='ocr_carea' id='block_1_49' title="bbox 2222 2370 3812 2442">
    <p class='ocr_par' dir='ltr' id='par_1_49' title="bbox 2222 2370 3812 2442">
     <span class='ocr_line' id='line_1_49' title="bbox 2222 2370 3812 2442; baseline 0.001 -18"><span class='ocrx_word' id='word_1_388' title='bbox 2222 2370 2450 2426; x_wconf 77' lang='lat' dir='ltr'><strong>Pictura:</strong></span> <span class='ocrx_word' id='word_1_389' title='bbox 2477 2371 2810 2425; x_wconf 74' lang='lat' dir='ltr'><strong>historiarum</strong></span> <span class='ocrx_word' id='word_1_390' title='bbox 2842 2370 3147 2425; x_wconf 76' lang='lat' dir='ltr'><strong>Testamenli</strong></span> <span class='ocrx_word' id='word_1_391' title='bbox 3179 2371 3314 2426; x_wconf 82' lang='lat' dir='ltr'><strong>Novi</strong></span> <span class='ocrx_word' id='word_1_392' title='bbox 3340 2387 3432 2442; x_wconf 81' lang='lat' dir='ltr'><strong>pro</strong></span> <span class='ocrx_word' id='word_1_393' title='bbox 3461 2373 3676 2427; x_wconf 76' lang='lat' dir='ltr'><strong>ecclesia</strong></span> <span class='ocrx_word' id='word_1_394' title='bbox 3704 2389 3812 2426; x_wconf 77' lang='lat' dir='ltr'><strong>ver-</strong></span> 
     </span>
    </p>
   </div>
   <div class='ocr_carea' id='block_1_50' title="bbox 2221 2463 3813 2530">
    <p class='ocr_par' dir='ltr' id='par_1_50' title="bbox 2221 2463 3813 2530">
     <span class='ocr_line' id='line_1_50' title="bbox 2221 2463 3813 2530; baseline 0.002 -12"><span class='ocrx_word' id='word_1_395' title='bbox 2221 2463 2360 2518; x_wconf 89' lang='lat' dir='ltr'><strong>sibus</strong></span> <span class='ocrx_word' id='word_1_396' title='bbox 2379 2464 2684 2518; x_wconf 78' lang='lat' dir='ltr'><strong>hexametris</strong></span> <span class='ocrx_word' id='word_1_397' title='bbox 2709 2465 2784 2518; x_wconf 89' lang='lat' dir='ltr'><strong>vel</strong></span> <span class='ocrx_word' id='word_1_398' title='bbox 2806 2481 2906 2519; x_wconf 92' lang='lat' dir='ltr'><strong>uno</strong></span> <span class='ocrx_word' id='word_1_399' title='bbox 2927 2466 3002 2518; x_wconf 83' lang='lat' dir='ltr'><strong>vel</strong></span> <span class='ocrx_word' id='word_1_400' title='bbox 3027 2464 3250 2530; x_wconf 88' lang='lat' dir='ltr'><strong>duobus,</strong></span> <span class='ocrx_word' id='word_1_401' title='bbox 3277 2467 3328 2519; x_wconf 94' lang='lat' dir='ltr'><strong>in</strong></span> <span class='ocrx_word' id='word_1_402' title='bbox 3356 2466 3588 2520; x_wconf 77' lang='lat' dir='ltr'><strong>mannuli</strong></span> <span class='ocrx_word' id='word_1_403' title='bbox 3616 2465 3813 2521; x_wconf 85' lang='lat' dir='ltr'><strong>hiblico</strong></span> 
     </span>
    </p>
   </div>
   <div class='ocr_carea' id='block_1_51' title="bbox 2222 2556 3815 2629">
    <p class='ocr_par' dir='ltr' id='par_1_51' title="bbox 2222 2556 3815 2629">
     <span class='ocr_line' id='line_1_51' title="bbox 2222 2556 3815 2629; baseline 0.003 -18"><span class='ocrx_word' id='word_1_404' title='bbox 2222 2557 2557 2612; x_wconf 82' lang='lat' dir='ltr'><strong>Francol’urti</strong></span> <span class='ocrx_word' id='word_1_405' title='bbox 2591 2556 2725 2613; x_wconf 85' lang='grc'><strong>1610</strong></span> <span class='ocrx_word' id='word_1_406' title='bbox 2748 2573 2777 2611; x_wconf 80' lang='lat' dir='ltr'><strong>a</strong></span> <span class='ocrx_word' id='word_1_407' title='bbox 2804 2557 3060 2612; x_wconf 85' lang='lat' dir='ltr'><strong>Goldasto</strong></span> <span class='ocrx_word' id='word_1_408' title='bbox 3098 2558 3262 2623; x_wconf 88' lang='lat' dir='ltr'><strong>edito,</strong></span> <span class='ocrx_word' id='word_1_409' title='bbox 3321 2573 3439 2629; x_wconf 89' lang='lat' dir='ltr'><strong>pag.</strong></span> <span class='ocrx_word' id='word_1_410' title='bbox 3483 2559 3573 2623; x_wconf 80' lang='lat'><strong>85,</strong></span> <span class='ocrx_word' id='word_1_411' title='bbox 3604 2573 3815 2615; x_wconf 88' lang='lat' dir='ltr'><strong>necnon</strong></span> 
     </span>
    </p>
   </div>
   <div class='ocr_carea' id='block_1_52' title="bbox 2221 2649 3810 2722">
    <p class='ocr_par' dir='ltr' id='par_1_52' title="bbox 2221 2649 3810 2722">
     <span class='ocr_line' id='line_1_52' title="bbox 2221 2649 3810 2722; baseline 0.002 -18"><span class='ocrx_word' id='word_1_412' title='bbox 2221 2649 2474 2706; x_wconf 79' lang='lat' dir='ltr'><strong>llusticus</strong></span> <span class='ocrx_word' id='word_1_413' title='bbox 2505 2649 2784 2719; x_wconf 83' lang='lat' dir='ltr'><strong>Helpidius</strong></span> <span class='ocrx_word' id='word_1_414' title='bbox 2820 2651 2881 2706; x_wconf 69' lang='grc' dir='ltr'><strong>γ.</strong></span> <span class='ocrx_word' id='word_1_415' title='bbox 2931 2652 2993 2705; x_wconf 90' lang='lat' dir='ltr'><strong>C.</strong></span> <span class='ocrx_word' id='word_1_416' title='bbox 3040 2651 3358 2717; x_wconf 75' lang='lat' dir='ltr'><strong>esillustris,</strong></span> <span class='ocrx_word' id='word_1_417' title='bbox 3397 2660 3458 2709; x_wconf 87' lang='lat' dir='ltr'><strong>et</strong></span> <span class='ocrx_word' id='word_1_418' title='bbox 3484 2663 3810 2722; x_wconf 66' lang='lat' dir='ltr'><strong>exquastor,</strong></span> 
     </span>
    </p>
   </div>
   <div class='ocr_carea' id='block_1_53' title="bbox 2222 2743 3815 2814">
    <p class='ocr_par' dir='ltr' id='par_1_53' title="bbox 2222 2743 3815 2814">
     <span class='ocr_line' id='line_1_53' title="bbox 2222 2743 3815 2814; baseline 0 -15"><span class='ocrx_word' id='word_1_419' title='bbox 2222 2745 2375 2814; x_wconf 87' lang='lat' dir='ltr'><strong>cujus</strong></span> <span class='ocrx_word' id='word_1_420' title='bbox 2406 2753 2532 2798; x_wconf 86' lang='lat' dir='ltr'><strong>sunt</strong></span> <span class='ocrx_word' id='word_1_421' title='bbox 2579 2743 2806 2798; x_wconf 81' lang='lat' dir='ltr'><strong>Picturte</strong></span> <span class='ocrx_word' id='word_1_422' title='bbox 2834 2744 3171 2799; x_wconf 86' lang='lat' dir='ltr'><strong>historiarum</strong></span> <span class='ocrx_word' id='word_1_423' title='bbox 3223 2743 3411 2799; x_wconf 80' lang='lat' dir='ltr'><strong>Veteris</strong></span> <span class='ocrx_word' id='word_1_424' title='bbox 3454 2754 3501 2799; x_wconf 91' lang='lat' dir='ltr'><strong>et</strong></span> <span class='ocrx_word' id='word_1_425' title='bbox 3542 2743 3674 2799; x_wconf 81' lang='lat' dir='ltr'><strong>Novi</strong></span> <span class='ocrx_word' id='word_1_426' title='bbox 3720 2744 3815 2799; x_wconf 76' lang='lat' dir='ltr'><strong>Te-</strong></span> 
     </span>
    </p>
   </div>
   <div class='ocr_carea' id='block_1_54' title="bbox 2222 2837 3814 2907">
    <p class='ocr_par' dir='ltr' id='par_1_54' title="bbox 2222 2837 3814 2907">
     <span class='ocr_line' id='line_1_54' title="bbox 2222 2837 3814 2907; baseline -0.001 -14"><span class='ocrx_word' id='word_1_427' title='bbox 2222 2838 2480 2905; x_wconf 88' lang='lat' dir='ltr'><strong>stamenti,</strong></span> <span class='ocrx_word' id='word_1_428' title='bbox 2533 2837 2688 2904; x_wconf 91' lang='lat' dir='ltr'><strong>ibid.,</strong></span> <span class='ocrx_word' id='word_1_429' title='bbox 2725 2853 2844 2907; x_wconf 81' lang='lat' dir='ltr'><strong>pag.</strong></span> <span class='ocrx_word' id='word_1_430' title='bbox 2896 2839 2959 2892; x_wconf 77' lang='grc' dir='ltr'><strong><em>Π</em></strong></span> <span class='ocrx_word' id='word_1_431' title='bbox 2990 2839 3233 2894; x_wconf 86' lang='lat' dir='ltr'><strong>versibus</strong></span> <span class='ocrx_word' id='word_1_432' title='bbox 3281 2839 3604 2895; x_wconf 77' lang='lat' dir='ltr'><strong>hexametris</strong></span> <span class='ocrx_word' id='word_1_433' title='bbox 3647 2839 3814 2894; x_wconf 81' lang='lat' dir='ltr'><strong>ternis</strong></span> 
     </span>
    </p>
   </div>
   <div class='ocr_carea' id='block_1_55' title="bbox 2222 2929 3812 3001">
    <p class='ocr_par' dir='ltr' id='par_1_55' title="bbox 2222 2929 3812 3001">
     <span class='ocr_line' id='line_1_55' title="bbox 2222 2929 3812 3001; baseline 0.002 -18"><span class='ocrx_word' id='word_1_434' title='bbox 2222 2945 2318 2999; x_wconf 83' lang='lat' dir='ltr'><strong>pro</strong></span> <span class='ocrx_word' id='word_1_435' title='bbox 2346 2929 2582 2999; x_wconf 89' lang='lat' dir='ltr'><strong>qualibet</strong></span> <span class='ocrx_word' id='word_1_436' title='bbox 2631 2929 2876 2985; x_wconf 83' lang='lat' dir='ltr'><strong>historia.</strong></span> <span class='ocrx_word' id='word_1_437' title='bbox 2931 2930 3128 2985; x_wconf 80' lang='lat' dir='ltr'><strong>Confer</strong></span> <span class='ocrx_word' id='word_1_438' title='bbox 3171 2930 3380 2985; x_wconf 88' lang='lat' dir='ltr'><strong>Paulini</strong></span> <span class='ocrx_word' id='word_1_439' title='bbox 3427 2932 3589 3001; x_wconf 86' lang='lat' dir='ltr'><strong>epist.</strong></span> <span class='ocrx_word' id='word_1_440' title='bbox 3621 2932 3688 2985; x_wconf 69' lang='lat' dir='ltr'><strong>ﬁ</strong></span> <span class='ocrx_word' id='word_1_441' title='bbox 3747 2931 3812 2986; x_wconf 87' lang='lat' dir='ltr'><strong>ad</strong></span> 
     </span>
    </p>
   </div>
   <div class='ocr_carea' id='block_1_56' title="bbox 2223 3006 3814 3092">
    <p class='ocr_par' dir='ltr' id='par_1_56' title="bbox 2223 3006 3814 3092">
     <span class='ocr_line' id='line_1_56' title="bbox 2223 3006 3814 3092; baseline 0.001 -12"><span class='ocrx_word' id='word_1_442' title='bbox 2223 3023 2504 3092; x_wconf 89' lang='lat' dir='ltr'><strong>Severum,</strong></span> <span class='ocrx_word' id='word_1_443' title='bbox 2529 3031 2581 3079; x_wconf 91' lang='lat' dir='ltr'><strong>et</strong></span> <span class='ocrx_word' id='word_1_444' title='bbox 2611 3024 2775 3078; x_wconf 87' lang='lat' dir='ltr'><strong>natal.</strong></span> <span class='ocrx_word' id='word_1_445' title='bbox 2805 3024 2838 3079; x_wconf 82' lang='lat'><strong>9</strong></span> <span class='ocrx_word' id='word_1_446' title='bbox 2862 3023 2927 3079; x_wconf 88' lang='lat' dir='ltr'><strong>ad</strong></span> <span class='ocrx_word' id='word_1_447' title='bbox 2957 3006 3216 3080; x_wconf 69' lang='lat' dir='ltr'><strong>Nicetam.</strong></span> <span class='ocrx_word' id='word_1_448' title='bbox 3254 3023 3323 3080; x_wconf 89' lang='lat' dir='ltr'><strong>Ut</strong></span> <span class='ocrx_word' id='word_1_449' title='bbox 3347 3025 3449 3080; x_wconf 87' lang='lat' dir='ltr'><strong>alia</strong></span> <span class='ocrx_word' id='word_1_450' title='bbox 3484 3041 3627 3081; x_wconf 91' lang='lat' dir='ltr'><strong>nunc</strong></span> <span class='ocrx_word' id='word_1_451' title='bbox 3657 3027 3814 3081; x_wconf 72' lang='lat' dir='ltr'><strong>ouili-</strong></span> 
     </span>
    </p>
   </div>
   <div class='ocr_carea' id='block_1_57' title="bbox 2223 3117 3812 3190">
    <p class='ocr_par' dir='ltr' id='par_1_57' title="bbox 2223 3117 3812 3190">
     <span class='ocr_line' id='line_1_57' title="bbox 2223 3117 3812 3190; baseline 0.002 -18"><span class='ocrx_word' id='word_1_452' title='bbox 2223 3126 2330 3172; x_wconf 89' lang='lat' dir='ltr'><strong>tam</strong></span> <span class='ocrx_word' id='word_1_453' title='bbox 2358 3119 2424 3173; x_wconf 92' lang='lat' dir='ltr'><strong>de</strong></span> <span class='ocrx_word' id='word_1_454' title='bbox 2453 3117 2681 3173; x_wconf 89' lang='lat' dir='ltr'><strong>diversis</strong></span> <span class='ocrx_word' id='word_1_455' title='bbox 2720 3118 2879 3188; x_wconf 89' lang='lat' dir='ltr'><strong>hujus</strong></span> <span class='ocrx_word' id='word_1_456' title='bbox 2918 3119 3158 3188; x_wconf 90' lang='lat' dir='ltr'><strong>opusculi</strong></span> <span class='ocrx_word' id='word_1_457' title='bbox 3192 3120 3656 3189; x_wconf 88' lang='lat' dir='ltr'><strong>inscriptionibus,</strong></span> <span class='ocrx_word' id='word_1_458' title='bbox 3697 3121 3812 3190; x_wconf 90' lang='lat' dir='ltr'><strong>cjus</strong></span> 
     </span>
    </p>
   </div>
   <div class='ocr_carea' id='block_1_58' title="bbox 521 3205 3812 3283">
    <p class='ocr_par' dir='ltr' id='par_1_58' title="bbox 521 3205 3812 3283">
     <span class='ocr_line' id='line_1_58' title="bbox 521 3205 3812 3283; baseline 0.001 -18"><span class='ocrx_word' id='word_1_459' title='bbox 521 3226 674 3283; x_wconf 88' lang='lat' dir='ltr'><strong>quar.</strong></span> <span class='ocrx_word' id='word_1_460' title='bbox 707 3209 920 3264; x_wconf 87' lang='lat' dir='ltr'><strong>Titulus</strong></span> <span class='ocrx_word' id='word_1_461' title='bbox 953 3210 1131 3279; x_wconf 88' lang='lat' dir='ltr'><strong>operis</strong></span> <span class='ocrx_word' id='word_1_462' title='bbox 1175 3208 1227 3262; x_wconf 90' lang='lat' dir='ltr'><strong>in</strong></span> <span class='ocrx_word' id='word_1_463' title='bbox 1271 3207 1549 3263; x_wconf 88' lang='lat' dir='ltr'><strong>Geunadio</strong></span> <span class='ocrx_word' id='word_1_464' title='bbox 1576 3217 1631 3262; x_wconf 91' lang='lat' dir='ltr'><strong>et</strong></span> <span class='ocrx_word' id='word_1_465' title='bbox 1668 3206 1907 3262; x_wconf 89' lang='lat' dir='ltr'><strong>Honorio</strong></span> <span class='ocrx_word' id='word_1_466' title='bbox 1936 3205 2118 3277; x_wconf 85' lang='lat' dir='ltr'><strong>Augu-</strong></span> <span class='ocrx_word' id='word_1_467' title='bbox 2142 3213 2188 3277; x_wconf 66' lang='grc' dir='ltr'><strong>(ζ</strong></span> <span class='ocrx_word' id='word_1_468' title='bbox 2220 3220 2497 3267; x_wconf 87' lang='lat' dir='ltr'><strong>auctorem</strong></span> <span class='ocrx_word' id='word_1_469' title='bbox 2555 3212 2900 3267; x_wconf 88' lang='lat' dir='ltr'><strong>Prudentium</strong></span> <span class='ocrx_word' id='word_1_470' title='bbox 2946 3227 3067 3268; x_wconf 89' lang='lat' dir='ltr'><strong>esse</strong></span> <span class='ocrx_word' id='word_1_471' title='bbox 3127 3212 3430 3267; x_wconf 89' lang='lat' dir='ltr'><strong>habendum</strong></span> <span class='ocrx_word' id='word_1_472' title='bbox 3484 3216 3812 3283; x_wconf 84' lang='lat' dir='ltr'><strong>argumentis</strong></span> 
     </span>
    </p>
   </div>
   <div class='ocr_carea' id='block_1_59' title="bbox 519 3299 2118 3371">
    <p class='ocr_par' dir='ltr' id='par_1_59' title="bbox 519 3299 2118 3371">
     <span class='ocr_line' id='line_1_59' title="bbox 519 3299 2118 3371; baseline -0.003 -11"><span class='ocrx_word' id='word_1_473' title='bbox 519 3303 833 3361; x_wconf 86' lang='lat' dir='ltr'><strong>stodunensi</strong></span> <span class='ocrx_word' id='word_1_474' title='bbox 867 3309 950 3357; x_wconf 88' lang='lat' dir='ltr'><strong>est</strong></span> <span class='ocrx_word' id='word_1_475' title='bbox 973 3302 1340 3365; x_wconf 77' lang='lat' dir='ltr'><strong>Dittochteum,</strong></span> <span class='ocrx_word' id='word_1_476' title='bbox 1365 3301 1516 3371; x_wconf 89' lang='lat' dir='ltr'><strong>quasi</strong></span> <span class='ocrx_word' id='word_1_477' title='bbox 1547 3299 1735 3370; x_wconf 67' lang='lat' dir='ltr'><strong>duplex</strong></span> <span class='ocrx_word' id='word_1_478' title='bbox 1773 3301 1935 3354; x_wconf 83' lang='lat' dir='ltr'><strong>cibus.</strong></span> <span class='ocrx_word' id='word_1_479' title='bbox 1977 3302 2118 3355; x_wconf 77' lang='lat' dir='ltr'><strong>Con-</strong></span> 
     </span>
    </p>
   </div>
   <div class='ocr_carea' id='block_1_60' title="bbox 520 3392 2118 3466">
    <p class='ocr_par' dir='ltr' id='par_1_60' title="bbox 520 3392 2118 3466">
     <span class='ocr_line' id='line_1_60' title="bbox 520 3392 2118 3466; baseline -0.004 -14"><span class='ocrx_word' id='word_1_480' title='bbox 520 3397 757 3452; x_wconf 86' lang='lat' dir='ltr'><strong>sentiunt</strong></span> <span class='ocrx_word' id='word_1_481' title='bbox 783 3395 1023 3466; x_wconf 88' lang='lat' dir='ltr'><strong>plerique</strong></span> <span class='ocrx_word' id='word_1_482' title='bbox 1052 3395 1267 3450; x_wconf 88' lang='lat' dir='ltr'><strong>codices</strong></span> <span class='ocrx_word' id='word_1_483' title='bbox 1297 3407 1414 3464; x_wconf 88' lang='lat' dir='ltr'><strong>cap.</strong></span> <span class='ocrx_word' id='word_1_484' title='bbox 1439 3394 1496 3461; x_wconf 74' lang='grc'><strong>4,</strong></span> <span class='ocrx_word' id='word_1_485' title='bbox 1532 3393 1626 3448; x_wconf 88' lang='lat' dir='ltr'><strong>sed</strong></span> <span class='ocrx_word' id='word_1_486' title='bbox 1655 3408 1722 3447; x_wconf 79' lang='lat' dir='ltr'><strong>ex</strong></span> <span class='ocrx_word' id='word_1_487' title='bbox 1753 3407 1939 3448; x_wconf 91' lang='lat' dir='ltr'><strong>errore</strong></span> <span class='ocrx_word' id='word_1_488' title='bbox 1965 3392 2118 3448; x_wconf 88' lang='lat' dir='ltr'><strong>libra-</strong></span> 
     </span>
    </p>
   </div>
   <div class='ocr_carea' id='block_1_61' title="bbox 518 3482 2120 3553">
    <p class='ocr_par' dir='ltr' id='par_1_61' title="bbox 518 3482 2120 3553">
     <span class='ocr_line' id='line_1_61' title="bbox 518 3482 2120 3553; baseline -0.002 -13"><span class='ocrx_word' id='word_1_489' title='bbox 518 3486 721 3542; x_wconf 89' lang='lat' dir='ltr'><strong>riorum</strong></span> <span class='ocrx_word' id='word_1_490' title='bbox 753 3484 1098 3550; x_wconf 67' lang='lat' dir='ltr'><strong>Dirae/tarum,</strong></span> <span class='ocrx_word' id='word_1_491' title='bbox 1133 3493 1225 3538; x_wconf 91' lang='lat' dir='ltr'><strong>aut</strong></span> <span class='ocrx_word' id='word_1_492' title='bbox 1256 3482 1610 3538; x_wconf 71' lang='lat' dir='ltr'><strong>Ditroclzaaum</strong></span> <span class='ocrx_word' id='word_1_493' title='bbox 1641 3483 1909 3538; x_wconf 89' lang='lat' dir='ltr'><strong>interdum</strong></span> <span class='ocrx_word' id='word_1_494' title='bbox 1937 3483 2120 3553; x_wconf 89' lang='lat' dir='ltr'><strong>appel-</strong></span> 
     </span>
    </p>
   </div>
   <div class='ocr_carea' id='block_1_62' title="bbox 519 3574 2113 3649">
    <p class='ocr_par' dir='ltr' id='par_1_62' title="bbox 519 3574 2113 3649">
     <span class='ocr_line' id='line_1_62' title="bbox 519 3574 2113 3649; baseline -0.001 -17"><span class='ocrx_word' id='word_1_495' title='bbox 519 3575 662 3632; x_wconf 88' lang='lat' dir='ltr'><strong>latur</strong></span> <span class='ocrx_word' id='word_1_496' title='bbox 691 3577 788 3649; x_wconf 87' lang='lat' dir='ltr'><strong>(b).</strong></span> <span class='ocrx_word' id='word_1_497' title='bbox 828 3577 1041 3632; x_wconf 86' lang='lat' dir='ltr'><strong>Primus</strong></span> <span class='ocrx_word' id='word_1_498' title='bbox 1071 3574 1314 3631; x_wconf 78' lang='lat' dir='ltr'><strong>Gil&#39;anius</strong></span> <span class='ocrx_word' id='word_1_499' title='bbox 1344 3575 1598 3630; x_wconf 89' lang='lat' dir='ltr'><strong>mendum</strong></span> <span class='ocrx_word' id='word_1_500' title='bbox 1646 3575 2113 3646; x_wconf 88' lang='lat' dir='ltr'><strong>inessejudicavit,</strong></span> 
     </span>
    </p>
   </div>
   <div class='ocr_carea' id='block_1_63' title="bbox 519 3667 2118 3739">
    <p class='ocr_par' dir='ltr' id='par_1_63' title="bbox 519 3667 2118 3739">
     <span class='ocr_line' id='line_1_63' title="bbox 519 3667 2118 3739; baseline -0.001 -15"><span class='ocrx_word' id='word_1_501' title='bbox 519 3679 575 3724; x_wconf 87' lang='lat' dir='ltr'><strong>et</strong></span> <span class='ocrx_word' id='word_1_502' title='bbox 605 3667 896 3739; x_wconf 86' lang='lat' dir='ltr'><strong>Diptychon</strong></span> <span class='ocrx_word' id='word_1_503' title='bbox 925 3669 1208 3738; x_wconf 87' lang='lat' dir='ltr'><strong>legendum</strong></span> <span class='ocrx_word' id='word_1_504' title='bbox 1232 3683 1353 3724; x_wconf 87' lang='lat' dir='ltr'><strong>esse</strong></span> <span class='ocrx_word' id='word_1_505' title='bbox 1378 3668 1625 3735; x_wconf 90' lang='lat' dir='ltr'><strong>asseruit,</strong></span> <span class='ocrx_word' id='word_1_506' title='bbox 1676 3683 1834 3738; x_wconf 91' lang='lat' dir='ltr'><strong>quem</strong></span> <span class='ocrx_word' id='word_1_507' title='bbox 1876 3670 2118 3738; x_wconf 89' lang='lat' dir='ltr'><strong>plerique</strong></span> 
     </span>
    </p>
   </div>
   <div class='ocr_carea' id='block_1_64' title="bbox 521 3761 2119 3832">
    <p class='ocr_par' dir='ltr' id='par_1_64' title="bbox 521 3761 2119 3832">
     <span class='ocr_line' id='line_1_64' title="bbox 521 3761 2119 3832; baseline -0.001 -14"><span class='ocrx_word' id='word_1_508' title='bbox 521 3762 750 3819; x_wconf 77' lang='lat' dir='ltr'><strong>libenter</strong></span> <span class='ocrx_word' id='word_1_509' title='bbox 784 3763 951 3817; x_wconf 89' lang='lat' dir='ltr'><strong>secuti</strong></span> <span class='ocrx_word' id='word_1_510' title='bbox 980 3771 1125 3816; x_wconf 89' lang='lat' dir='ltr'><strong>sunt.</strong></span> <span class='ocrx_word' id='word_1_511' title='bbox 1156 3763 1501 3831; x_wconf 79' lang='lat' dir='ltr'><strong>Nequaquam</strong></span> <span class='ocrx_word' id='word_1_512' title='bbox 1530 3762 1716 3817; x_wconf 90' lang='lat' dir='ltr'><strong>dubito</strong></span> <span class='ocrx_word' id='word_1_513' title='bbox 1748 3761 1876 3832; x_wconf 90' lang='lat' dir='ltr'><strong>quin</strong></span> <span class='ocrx_word' id='word_1_514' title='bbox 1907 3762 1958 3816; x_wconf 91' lang='lat' dir='ltr'><strong>in</strong></span> <span class='ocrx_word' id='word_1_515' title='bbox 1998 3778 2119 3817; x_wconf 85' lang='lat' dir='ltr'><strong>ver-</strong></span> 
     </span>
    </p>
   </div>
   <div class='ocr_carea' id='block_1_65' title="bbox 522 3855 2118 3926">
    <p class='ocr_par' dir='ltr' id='par_1_65' title="bbox 522 3855 2118 3926">
     <span class='ocr_line' id='line_1_65' title="bbox 522 3855 2118 3926; baseline -0.001 -13"><span class='ocrx_word' id='word_1_516' title='bbox 522 3857 606 3913; x_wconf 88' lang='lat' dir='ltr'><strong>bis</strong></span> <span class='ocrx_word' id='word_1_517' title='bbox 637 3857 836 3913; x_wconf 80' lang='lat' dir='ltr'><strong>Graecis</strong></span> <span class='ocrx_word' id='word_1_518' title='bbox 881 3871 945 3911; x_wconf 84' lang='lat' dir='ltr'><strong>ex</strong></span> <span class='ocrx_word' id='word_1_519' title='bbox 1010 3855 1309 3925; x_wconf 83' lang='lat' dir='ltr'><strong>ignorantia</strong></span> <span class='ocrx_word' id='word_1_520' title='bbox 1363 3858 1752 3926; x_wconf 82' lang='lat' dir='ltr'><strong>exscriptorum</strong></span> <span class='ocrx_word' id='word_1_521' title='bbox 1806 3857 2118 3926; x_wconf 85' lang='lat' dir='ltr'><strong>plerumque</strong></span> 
     </span>
    </p>
   </div>
   <div class='ocr_carea' id='block_1_66' title="bbox 523 3947 2115 4019">
    <p class='ocr_par' dir='ltr' id='par_1_66' title="bbox 523 3947 2115 4019">
     <span class='ocr_line' id='line_1_66' title="bbox 523 3947 2115 4019; baseline 0 -15"><span class='ocrx_word' id='word_1_522' title='bbox 523 3949 640 4019; x_wconf 87' lang='lat' dir='ltr'><strong>ejus</strong></span> <span class='ocrx_word' id='word_1_523' title='bbox 663 3948 876 4018; x_wconf 85' lang='lat' dir='ltr'><strong>generis</strong></span> <span class='ocrx_word' id='word_1_524' title='bbox 903 3955 1080 4002; x_wconf 87' lang='lat' dir='ltr'><strong>errata</strong></span> <span class='ocrx_word' id='word_1_525' title='bbox 1109 3947 1160 4000; x_wconf 90' lang='lat' dir='ltr'><strong>in</strong></span> <span class='ocrx_word' id='word_1_526' title='bbox 1187 3948 1464 4003; x_wconf 90' lang='lat' dir='ltr'><strong>codicibus</strong></span> <span class='ocrx_word' id='word_1_527' title='bbox 1495 3949 1830 4016; x_wconf 88' lang='lat' dir='ltr'><strong>irrepserint.</strong></span> <span class='ocrx_word' id='word_1_528' title='bbox 1863 3951 1930 4004; x_wconf 85' lang='lat' dir='ltr'><strong>At</strong></span> <span class='ocrx_word' id='word_1_529' title='bbox 1965 3965 2115 4016; x_wconf 89' lang='lat' dir='ltr'><strong>vero,</strong></span> 
     </span>
    </p>
   </div>
   <div class='ocr_carea' id='block_1_67' title="bbox 524 4039 2118 4114">
    <p class='ocr_par' dir='ltr' id='par_1_67' title="bbox 524 4039 2118 4114">
     <span class='ocr_line' id='line_1_67' title="bbox 524 4039 2118 4114; baseline 0.001 -17"><span class='ocrx_word' id='word_1_530' title='bbox 524 4051 880 4114; x_wconf 65' lang='lat' dir='ltr'><strong>praeterquam</strong></span> <span class='ocrx_word' id='word_1_531' title='bbox 908 4041 1050 4111; x_wconf 84' lang='lat' dir='ltr'><strong>quod</strong></span> <span class='ocrx_word' id='word_1_532' title='bbox 1081 4049 1185 4096; x_wconf 72' lang='lat' dir='ltr'><strong>Vox</strong></span> <span class='ocrx_word' id='word_1_533' title='bbox 1218 4039 1534 4112; x_wconf 82' lang='lat' dir='ltr'><strong>Diptychum</strong></span> <span class='ocrx_word' id='word_1_534' title='bbox 1587 4042 1740 4097; x_wconf 88' lang='lat' dir='ltr'><strong>valde</strong></span> <span class='ocrx_word' id='word_1_535' title='bbox 1790 4043 1980 4098; x_wconf 88' lang='lat' dir='ltr'><strong>usitata</strong></span> <span class='ocrx_word' id='word_1_536' title='bbox 2037 4053 2118 4098; x_wconf 92' lang='lat' dir='ltr'><strong>est</strong></span> 
     </span>
    </p>
   </div>
   <div class='ocr_carea' id='block_1_68' title="bbox 521 4134 2119 4204">
    <p class='ocr_par' dir='ltr' id='par_1_68' title="bbox 521 4134 2119 4204">
     <span class='ocr_line' id='line_1_68' title="bbox 521 4134 2119 4204; baseline 0.001 -14"><span class='ocrx_word' id='word_1_537' title='bbox 521 4149 642 4190; x_wconf 88' lang='lat' dir='ltr'><strong>cum</strong></span> <span class='ocrx_word' id='word_1_538' title='bbox 672 4136 1023 4190; x_wconf 82' lang='lat' dir='ltr'><strong>vetustissimi</strong></span> <span class='ocrx_word' id='word_1_539' title='bbox 1075 4135 1314 4200; x_wconf 89' lang='lat' dir='ltr'><strong>codices,</strong></span> <span class='ocrx_word' id='word_1_540' title='bbox 1342 4150 1461 4204; x_wconf 85' lang='lat' dir='ltr'><strong>cap.</strong></span> <span class='ocrx_word' id='word_1_541' title='bbox 1491 4134 1524 4188; x_wconf 70' lang='grc'>4</span> <span class='ocrx_word' id='word_1_542' title='bbox 1554 4137 1896 4203; x_wconf 85' lang='lat' dir='ltr'><strong>recensendi,</strong></span> <span class='ocrx_word' id='word_1_543' title='bbox 1949 4137 2119 4192; x_wconf 86' lang='lat' dir='ltr'><strong>Ditto-</strong></span> 
     </span>
    </p>
   </div>
   <div class='ocr_carea' id='block_1_69' title="bbox 523 4227 2114 4298">
    <p class='ocr_par' dir='ltr' id='par_1_69' title="bbox 523 4227 2114 4298">
     <span class='ocr_line' id='line_1_69' title="bbox 523 4227 2114 4298; baseline 0.002 -17"><span class='ocrx_word' id='word_1_544' title='bbox 523 4227 716 4281; x_wconf 80' lang='lat' dir='ltr'><strong>chteum</strong></span> <span class='ocrx_word' id='word_1_545' title='bbox 740 4227 1056 4295; x_wconf 83' lang='lat' dir='ltr'><strong>inscribant,</strong></span> <span class='ocrx_word' id='word_1_546' title='bbox 1087 4233 1140 4282; x_wconf 88' lang='lat' dir='ltr'><strong>et</strong></span> <span class='ocrx_word' id='word_1_547' title='bbox 1169 4228 1438 4296; x_wconf 82' lang='lat' dir='ltr'><strong>explicent</strong></span> <span class='ocrx_word' id='word_1_548' title='bbox 1467 4227 1791 4295; x_wconf 79' lang='lat' dir='ltr'><strong>refectionem</strong></span> <span class='ocrx_word' id='word_1_549' title='bbox 1841 4231 2114 4298; x_wconf 83' lang='lat' dir='ltr'><strong>duplicem,</strong></span> 
     </span>
    </p>
   </div>
   <div class='ocr_carea' id='block_1_70' title="bbox 520 4319 2117 4388">
    <p class='ocr_par' dir='ltr' id='par_1_70' title="bbox 520 4319 2117 4388">
     <span class='ocr_line' id='line_1_70' title="bbox 520 4319 2117 4388; baseline 0 -14"><span class='ocrx_word' id='word_1_550' title='bbox 520 4329 715 4375; x_wconf 88' lang='lat' dir='ltr'><strong>etcum</strong></span> <span class='ocrx_word' id='word_1_551' title='bbox 743 4319 942 4373; x_wconf 87' lang='lat' dir='ltr'><strong>absona</strong></span> <span class='ocrx_word' id='word_1_552' title='bbox 971 4319 1189 4373; x_wconf 88' lang='lat' dir='ltr'><strong>minime</strong></span> <span class='ocrx_word' id='word_1_553' title='bbox 1215 4321 1284 4373; x_wconf 91' lang='lat' dir='ltr'><strong>sit</strong></span> <span class='ocrx_word' id='word_1_554' title='bbox 1313 4319 1592 4388; x_wconf 83' lang='lat' dir='ltr'><strong>inscriptio</strong></span> <span class='ocrx_word' id='word_1_555' title='bbox 1617 4319 1982 4387; x_wconf 75' lang='lat' dir='ltr'><strong>Dittochaznm,</strong></span> <span class='ocrx_word' id='word_1_556' title='bbox 2017 4321 2117 4377; x_wconf 90' lang='lat' dir='ltr'><strong>hoc</strong></span> 
     </span>
    </p>
   </div>
   <div class='ocr_carea' id='block_1_71' title="bbox 422 4410 2118 4478">
    <p class='ocr_par' dir='ltr' id='par_1_71' title="bbox 422 4410 2118 4478">
     <span class='ocr_line' id='line_1_71' title="bbox 422 4410 2118 4478; baseline 0.004 -18"><span class='ocrx_word' id='word_1_557' title='bbox 422 4454 426 4459; x_wconf 93' lang='lat'><strong>.</strong></span> <span class='ocrx_word' id='word_1_558' title='bbox 523 4410 644 4464; x_wconf 92' lang='lat' dir='ltr'><strong>loco</strong></span> <span class='ocrx_word' id='word_1_559' title='bbox 671 4410 938 4464; x_wconf 88' lang='lat' dir='ltr'><strong>correctio</strong></span> <span class='ocrx_word' id='word_1_560' title='bbox 989 4425 1093 4465; x_wconf 82' lang='lat' dir='ltr'><strong>nan</strong></span> <span class='ocrx_word' id='word_1_561' title='bbox 1144 4419 1228 4465; x_wconf 90' lang='lat' dir='ltr'><strong>est</strong></span> <span class='ocrx_word' id='word_1_562' title='bbox 1259 4411 1547 4465; x_wconf 76' lang='lat' dir='ltr'><strong>admodum</strong></span> <span class='ocrx_word' id='word_1_563' title='bbox 1606 4413 1938 4478; x_wconf 85' lang='lat' dir='ltr'><strong>necessaria;</strong></span> <span class='ocrx_word' id='word_1_564' title='bbox 1984 4423 2039 4468; x_wconf 90' lang='lat' dir='ltr'><strong>et</strong></span> <span class='ocrx_word' id='word_1_565' title='bbox 2074 4415 2118 4468; x_wconf 90' lang='lat' dir='ltr'><strong>si</strong></span> 
     </span>
    </p>
   </div>
   <div class='ocr_carea' id='block_1_72' title="bbox 523 4500 2117 4569">
    <p class='ocr_par' dir='ltr' id='par_1_72' title="bbox 523 4500 2117 4569">
     <span class='ocr_line' id='line_1_72' title="bbox 523 4500 2117 4569; baseline 0.003 -14"><span class='ocrx_word' id='word_1_566' title='bbox 523 4503 786 4555; x_wconf 79' lang='lat' dir='ltr'><strong>correctio</strong></span> <span class='ocrx_word' id='word_1_567' title='bbox 815 4501 994 4569; x_wconf 86' lang='lat' dir='ltr'><strong>aliqua</strong></span> <span class='ocrx_word' id='word_1_568' title='bbox 1017 4509 1100 4556; x_wconf 88' lang='lat' dir='ltr'><strong>est</strong></span> <span class='ocrx_word' id='word_1_569' title='bbox 1120 4500 1446 4565; x_wconf 81' lang='lat' dir='ltr'><strong>adhibenda,</strong></span> <span class='ocrx_word' id='word_1_570' title='bbox 1477 4517 1572 4556; x_wconf 89' lang='lat' dir='ltr'><strong>cur</strong></span> <span class='ocrx_word' id='word_1_571' title='bbox 1595 4503 1710 4556; x_wconf 90' lang='lat' dir='ltr'><strong>sine</strong></span> <span class='ocrx_word' id='word_1_572' title='bbox 1740 4504 1845 4557; x_wconf 86' lang='lat' dir='ltr'><strong>alio</strong></span> <span class='ocrx_word' id='word_1_573' title='bbox 1867 4505 2117 4559; x_wconf 80' lang='lat' dir='ltr'><strong>examine</strong></span> 
     </span>
    </p>
   </div>
   <div class='ocr_carea' id='block_1_73' title="bbox 2222 3303 3812 3374">
    <p class='ocr_par' dir='ltr' id='par_1_73' title="bbox 2222 3303 3812 3374">
     <span class='ocr_line' id='line_1_73' title="bbox 2222 3303 3812 3374; baseline 0.001 -15"><span class='ocrx_word' id='word_1_574' title='bbox 2222 3305 2541 3359; x_wconf 86' lang='lat' dir='ltr'><strong>certissimis</strong></span> <span class='ocrx_word' id='word_1_575' title='bbox 2584 3303 2886 3360; x_wconf 77' lang='lat' dir='ltr'><strong>coniicitur.</strong></span> <span class='ocrx_word' id='word_1_576' title='bbox 2919 3305 3065 3374; x_wconf 87' lang='lat' dir='ltr'><strong>Opus</strong></span> <span class='ocrx_word' id='word_1_577' title='bbox 3096 3304 3268 3374; x_wconf 90' lang='lat' dir='ltr'><strong>ipsum</strong></span> <span class='ocrx_word' id='word_1_578' title='bbox 3314 3319 3342 3358; x_wconf 90' lang='lat' dir='ltr'><strong>a</strong></span> <span class='ocrx_word' id='word_1_579' title='bbox 3369 3306 3648 3361; x_wconf 86' lang='lat' dir='ltr'><strong>Gennadio</strong></span> <span class='ocrx_word' id='word_1_580' title='bbox 3677 3307 3812 3362; x_wconf 84' lang='lat' dir='ltr'><strong>inter</strong></span> 
     </span>
    </p>
   </div>
   <div class='ocr_carea' id='block_1_74' title="bbox 2222 3393 3814 3467">
    <p class='ocr_par' dir='ltr' id='par_1_74' title="bbox 2222 3393 3814 3467">
     <span class='ocr_line' id='line_1_74' title="bbox 2222 3393 3814 3467; baseline 0.003 -18"><span class='ocrx_word' id='word_1_581' title='bbox 2222 3393 2496 3450; x_wconf 88' lang='lat' dir='ltr'><strong>Prudentii</strong></span> <span class='ocrx_word' id='word_1_582' title='bbox 2537 3395 2704 3450; x_wconf 80' lang='lat' dir='ltr'><strong>libros</strong></span> <span class='ocrx_word' id='word_1_583' title='bbox 2730 3405 3104 3460; x_wconf 84' lang='lat' dir='ltr'><strong>euumeratur;</strong></span> <span class='ocrx_word' id='word_1_584' title='bbox 3156 3395 3396 3467; x_wconf 87' lang='lat' dir='ltr'><strong>plerique</strong></span> <span class='ocrx_word' id='word_1_585' title='bbox 3435 3398 3653 3454; x_wconf 80' lang='lat' dir='ltr'><strong>codices</strong></span> <span class='ocrx_word' id='word_1_586' title='bbox 3683 3398 3814 3454; x_wconf 81' lang='lat' dir='ltr'><strong>Prn-</strong></span> 
     </span>
    </p>
   </div>
   <div class='ocr_carea' id='block_1_75' title="bbox 2220 3486 3812 3568">
    <p class='ocr_par' dir='ltr' id='par_1_75' title="bbox 2220 3486 3812 3568">
     <span class='ocr_line' id='line_1_75' title="bbox 2220 3486 3812 3568; baseline 0.002 -26"><span class='ocrx_word' id='word_1_587' title='bbox 2220 3486 2404 3568; x_wconf 86' lang='lat' dir='ltr'><strong>dentio</strong></span> <span class='ocrx_word' id='word_1_588' title='bbox 2431 3489 2724 3544; x_wconf 90' lang='lat' dir='ltr'><strong>ascribunt.</strong></span> <span class='ocrx_word' id='word_1_589' title='bbox 2749 3488 2856 3544; x_wconf 85' lang='lat' dir='ltr'><strong>Cur</strong></span> <span class='ocrx_word' id='word_1_590' title='bbox 2880 3503 3007 3560; x_wconf 85' lang='lat' dir='ltr'><strong>ergo</strong></span> <span class='ocrx_word' id='word_1_591' title='bbox 3038 3489 3115 3542; x_wconf 90' lang='lat' dir='ltr'><strong>illi</strong></span> <span class='ocrx_word' id='word_1_592' title='bbox 3163 3488 3555 3558; x_wconf 82' lang='lat' dir='ltr'><strong>abjudicabitur</strong></span> <span class='ocrx_word' id='word_1_593' title='bbox 3578 3491 3602 3544; x_wconf 69' lang='grc' dir='ltr'><strong>’ἔ</strong></span> <span class='ocrx_word' id='word_1_594' title='bbox 3631 3489 3812 3546; x_wconf 84' lang='lat' dir='ltr'><strong>Diver-</strong></span> 
     </span>
    </p>
   </div>
   <div class='ocr_carea' id='block_1_76' title="bbox 2218 3579 3810 3654">
    <p class='ocr_par' dir='ltr' id='par_1_76' title="bbox 2218 3579 3810 3654">
     <span class='ocr_line' id='line_1_76' title="bbox 2218 3579 3810 3654; baseline 0.002 -19"><span class='ocrx_word' id='word_1_595' title='bbox 2218 3579 2431 3635; x_wconf 89' lang='lat' dir='ltr'><strong>sitatem</strong></span> <span class='ocrx_word' id='word_1_596' title='bbox 2479 3581 2602 3652; x_wconf 85' lang='lat' dir='ltr'><strong>styli</strong></span> <span class='ocrx_word' id='word_1_597' title='bbox 2625 3597 2894 3637; x_wconf 89' lang='lat' dir='ltr'><strong>nonnemo</strong></span> <span class='ocrx_word' id='word_1_598' title='bbox 2924 3581 3131 3651; x_wconf 83' lang='lat' dir='ltr'><strong>objicit,</strong></span> <span class='ocrx_word' id='word_1_599' title='bbox 3172 3590 3227 3638; x_wconf 88' lang='lat' dir='ltr'><strong>et</strong></span> <span class='ocrx_word' id='word_1_600' title='bbox 3265 3582 3406 3652; x_wconf 91' lang='lat' dir='ltr'><strong>quod</strong></span> <span class='ocrx_word' id='word_1_601' title='bbox 3431 3584 3621 3654; x_wconf 87' lang='lat' dir='ltr'><strong>aliquis</strong></span> <span class='ocrx_word' id='word_1_602' title='bbox 3643 3584 3810 3640; x_wconf 82' lang='lat' dir='ltr'><strong>codex</strong></span> 
     </span>
    </p>
   </div>
   <div class='ocr_carea' id='block_1_77' title="bbox 2219 3675 3806 3746">
    <p class='ocr_par' dir='ltr' id='par_1_77' title="bbox 2219 3675 3806 3746">
     <span class='ocr_line' id='line_1_77' title="bbox 2219 3675 3806 3746; baseline 0.004 -20"><span class='ocrx_word' id='word_1_603' title='bbox 2219 3687 2415 3727; x_wconf 88' lang='lat' dir='ltr'><strong>nomen</strong></span> <span class='ocrx_word' id='word_1_604' title='bbox 2445 3675 2641 3729; x_wconf 76' lang='lat' dir='ltr'><strong>Amteni</strong></span> <span class='ocrx_word' id='word_1_605' title='bbox 2671 3675 2944 3746; x_wconf 70' lang='lat' dir='ltr'><strong>praeferat,</strong></span> <span class='ocrx_word' id='word_1_606' title='bbox 2975 3676 3223 3731; x_wconf 85' lang='lat' dir='ltr'><strong>Barthius</strong></span> <span class='ocrx_word' id='word_1_607' title='bbox 3249 3677 3341 3732; x_wconf 87' lang='lat' dir='ltr'><strong>lib.</strong></span> <span class='ocrx_word' id='word_1_608' title='bbox 3370 3692 3462 3732; x_wconf 86' lang='lat' dir='ltr'><strong>vm</strong></span> <span class='ocrx_word' id='word_1_609' title='bbox 3495 3678 3806 3742; x_wconf 57' lang='lat' dir='ltr'><strong>Adversum,</strong></span> 
     </span>
    </p>
   </div>
   <div class='ocr_carea' id='block_1_78' title="bbox 2220 3767 3804 3840">
    <p class='ocr_par' dir='ltr' id='par_1_78' title="bbox 2220 3767 3804 3840">
     <span class='ocr_line' id='line_1_78' title="bbox 2220 3767 3804 3840; baseline 0.003 -20"><span class='ocrx_word' id='word_1_610' title='bbox 2220 3780 2338 3835; x_wconf 87' lang='lat' dir='ltr'><strong>cap.</strong></span> <span class='ocrx_word' id='word_1_611' title='bbox 2373 3767 2431 3820; x_wconf 90' lang='grc'><strong>11</strong></span> <span class='ocrx_word' id='word_1_612' title='bbox 2466 3776 2520 3822; x_wconf 93' lang='lat' dir='ltr'><strong>et</strong></span> <span class='ocrx_word' id='word_1_613' title='bbox 2545 3767 2626 3833; x_wconf 74' lang='grc'><strong>12,</strong></span> <span class='ocrx_word' id='word_1_614' title='bbox 2658 3769 2991 3838; x_wconf 86' lang='lat' dir='ltr'><strong>probandum</strong></span> <span class='ocrx_word' id='word_1_615' title='bbox 3029 3768 3272 3838; x_wconf 88' lang='lat' dir='ltr'><strong>suscipit,</strong></span> <span class='ocrx_word' id='word_1_616' title='bbox 3300 3785 3406 3824; x_wconf 90' lang='lat' dir='ltr'><strong>non</strong></span> <span class='ocrx_word' id='word_1_617' title='bbox 3455 3770 3611 3824; x_wconf 89' lang='lat' dir='ltr'><strong>alium</strong></span> <span class='ocrx_word' id='word_1_618' title='bbox 3641 3783 3804 3840; x_wconf 78' lang='lat' dir='ltr'><strong>quam</strong></span> 
     </span>
    </p>
   </div>
   <div class='ocr_carea' id='block_1_79' title="bbox 2221 3859 3804 3917">
    <p class='ocr_par' dir='ltr' id='par_1_79' title="bbox 2221 3859 3804 3917">
     <span class='ocr_line' id='line_1_79' title="bbox 2221 3859 3804 3917; baseline 0.002 -6"><span class='ocrx_word' id='word_1_619' title='bbox 2221 3859 2463 3913; x_wconf 87' lang='lat' dir='ltr'><strong>divinum</strong></span> <span class='ocrx_word' id='word_1_620' title='bbox 2515 3859 2658 3915; x_wconf 89' lang='lat' dir='ltr'><strong>hunc</strong></span> <span class='ocrx_word' id='word_1_621' title='bbox 2714 3859 3001 3916; x_wconf 90' lang='lat' dir='ltr'><strong>Pindarum</strong></span> <span class='ocrx_word' id='word_1_622' title='bbox 3062 3860 3412 3917; x_wconf 73' lang='lat' dir='ltr'><strong>Prudentium</strong></span> <span class='ocrx_word' id='word_1_623' title='bbox 3465 3860 3804 3916; x_wconf 71' lang='lat' dir='ltr'><strong>Dittochaum</strong></span> 
     </span>
    </p>
   </div>
   <div class='ocr_carea' id='block_1_80' title="bbox 2219 3950 2620 4023">
    <p class='ocr_par' dir='ltr' id='par_1_80' title="bbox 2219 3950 2620 4023">
     <span class='ocr_line' id='line_1_80' title="bbox 2219 3950 2620 4023; baseline 0 -17"><span class='ocrx_word' id='word_1_624' title='bbox 2219 3950 2500 4019; x_wconf 88' lang='lat' dir='ltr'><strong>scripsisse</strong></span> <span class='ocrx_word' id='word_1_625' title='bbox 2527 3950 2620 4023; x_wconf 90' lang='lat' dir='ltr'><strong>(c).</strong></span> 
     </span>
    </p>
   </div>
   <div class='ocr_carea' id='block_1_81' title="bbox 2296 4031 3808 4113">
    <p class='ocr_par' dir='ltr' id='par_1_81' title="bbox 2296 4031 3808 4113">
     <span class='ocr_line' id='line_1_81' title="bbox 2296 4031 3808 4113; baseline 0.004 -16"><span class='ocrx_word' id='word_1_626' title='bbox 2296 4043 2383 4097; x_wconf 87' lang='lat'><strong>67.</strong></span> <span class='ocrx_word' id='word_1_627' title='bbox 2430 4042 2535 4098; x_wconf 90' lang='lat' dir='ltr'><strong>Sed</strong></span> <span class='ocrx_word' id='word_1_628' title='bbox 2587 4057 2889 4113; x_wconf 88' lang='lat' dir='ltr'><strong>quanquam</strong></span> <span class='ocrx_word' id='word_1_629' title='bbox 2940 4047 3206 4101; x_wconf 82' lang='lat' dir='ltr'><strong>assentior</strong></span> <span class='ocrx_word' id='word_1_630' title='bbox 3257 4046 3475 4102; x_wconf 81' lang='lat' dir='ltr'><strong>Bartltio</strong></span> <span class='ocrx_word' id='word_1_631' title='bbox 3521 4031 3808 4103; x_wconf 67' lang='lat' dir='ltr'><strong>afﬁrmanti</strong></span> 
     </span>
    </p>
   </div>
   <div class='ocr_carea' id='block_1_82' title="bbox 2221 4137 3806 4212">
    <p class='ocr_par' dir='ltr' id='par_1_82' title="bbox 2221 4137 3806 4212">
     <span class='ocr_line' id='line_1_82' title="bbox 2221 4137 3806 4212; baseline 0.003 -22"><span class='ocrx_word' id='word_1_632' title='bbox 2221 4137 2385 4191; x_wconf 89' lang='lat' dir='ltr'><strong>veluti</strong></span> <span class='ocrx_word' id='word_1_633' title='bbox 2415 4149 2526 4191; x_wconf 89' lang='lat' dir='ltr'><strong>rem</strong></span> <span class='ocrx_word' id='word_1_634' title='bbox 2562 4152 2776 4204; x_wconf 85' lang='lat' dir='ltr'><strong>novam,</strong></span> <span class='ocrx_word' id='word_1_635' title='bbox 2824 4139 3069 4192; x_wconf 85' lang='lat' dir='ltr'><strong>nimirum</strong></span> <span class='ocrx_word' id='word_1_636' title='bbox 3117 4139 3402 4207; x_wconf 48' lang='lat' dir='ltr'><strong>Amastrum,</strong></span> <span class='ocrx_word' id='word_1_637' title='bbox 3437 4149 3584 4212; x_wconf 72' lang='lat' dir='ltr'><strong>quem</strong></span> <span class='ocrx_word' id='word_1_638' title='bbox 3631 4151 3806 4196; x_wconf 73' lang='lat' dir='ltr'><strong>vocarit</strong></span> 
     </span>
    </p>
   </div>
   <div class='ocr_carea' id='block_1_83' title="bbox 2220 4223 3804 4304">
    <p class='ocr_par' dir='ltr' id='par_1_83' title="bbox 2220 4223 3804 4304">
     <span class='ocr_line' id='line_1_83' title="bbox 2220 4223 3804 4304; baseline 0.002 -21"><span class='ocrx_word' id='word_1_639' title='bbox 2220 4232 2517 4301; x_wconf 83' lang='lat' dir='ltr'><strong>antiquarii,</strong></span> <span class='ocrx_word' id='word_1_640' title='bbox 2547 4247 2654 4285; x_wconf 88' lang='lat' dir='ltr'><strong>esse</strong></span> <span class='ocrx_word' id='word_1_641' title='bbox 2674 4223 3016 4285; x_wconf 70' lang='lat' dir='ltr'><strong>Prudentium</strong></span> <span class='ocrx_word' id='word_1_642' title='bbox 3052 4233 3362 4302; x_wconf 86' lang='lat' dir='ltr'><strong>ipsissimum</strong></span> <span class='ocrx_word' id='word_1_643' title='bbox 3389 4235 3538 4288; x_wconf 87' lang='lat' dir='ltr'><strong>illum</strong></span> <span class='ocrx_word' id='word_1_644' title='bbox 3583 4237 3804 4304; x_wconf 80' lang='lat' dir='ltr'><strong>pactam,</strong></span> 
     </span>
    </p>
   </div>
   <div class='ocr_carea' id='block_1_84' title="bbox 2221 4323 3808 4396">
    <p class='ocr_par' dir='ltr' id='par_1_84' title="bbox 2221 4323 3808 4396">
     <span class='ocr_line' id='line_1_84' title="bbox 2221 4323 3808 4396; baseline 0.003 -21"><span class='ocrx_word' id='word_1_645' title='bbox 2221 4338 2321 4391; x_wconf 89' lang='lat' dir='ltr'><strong>quo</strong></span> <span class='ocrx_word' id='word_1_646' title='bbox 2352 4338 2496 4375; x_wconf 85' lang='lat' dir='ltr'><strong>nemo</strong></span> <span class='ocrx_word' id='word_1_647' title='bbox 2529 4323 2750 4377; x_wconf 84' lang='lat' dir='ltr'><strong>divinius</strong></span> <span class='ocrx_word' id='word_1_648' title='bbox 2792 4326 2856 4378; x_wconf 89' lang='lat' dir='ltr'><strong>de</strong></span> <span class='ocrx_word' id='word_1_649' title='bbox 2897 4323 3199 4379; x_wconf 81' lang='lat' dir='ltr'><strong>Christianis</strong></span> <span class='ocrx_word' id='word_1_650' title='bbox 3239 4326 3384 4381; x_wconf 86' lang='lat' dir='ltr'><strong>rebus</strong></span> <span class='ocrx_word' id='word_1_651' title='bbox 3414 4343 3644 4396; x_wconf 85' lang='lat' dir='ltr'><strong>unquam</strong></span> <span class='ocrx_word' id='word_1_652' title='bbox 3683 4327 3808 4380; x_wconf 85' lang='lat' dir='ltr'><strong>scri-</strong></span> 
     </span>
    </p>
   </div>
   <div class='ocr_carea' id='block_1_85' title="bbox 2224 4415 3802 4492">
    <p class='ocr_par' dir='ltr' id='par_1_85' title="bbox 2224 4415 3802 4492">
     <span class='ocr_line' id='line_1_85' title="bbox 2224 4415 3802 4492; baseline 0.005 -24"><span class='ocrx_word' id='word_1_653' title='bbox 2224 4417 2346 4486; x_wconf 66' lang='lat' dir='ltr'><strong>psit,</strong></span> <span class='ocrx_word' id='word_1_654' title='bbox 2379 4415 2483 4487; x_wconf 68' lang='grc'><strong>47</strong></span> <span class='ocrx_word' id='word_1_655' title='bbox 2520 4425 2694 4471; x_wconf 88' lang='lat' dir='ltr'><strong>tamen</strong></span> <span class='ocrx_word' id='word_1_656' title='bbox 2718 4420 2953 4473; x_wconf 88' lang='lat' dir='ltr'><strong>carmina</strong></span> <span class='ocrx_word' id='word_1_657' title='bbox 2986 4420 3278 4475; x_wconf 74' lang='lat' dir='ltr'><strong>Dittochtei&#39;</strong></span> <span class='ocrx_word' id='word_1_658' title='bbox 3299 4435 3420 4477; x_wconf 85' lang='lat' dir='ltr'><strong>esse</strong></span> <span class='ocrx_word' id='word_1_659' title='bbox 3463 4422 3614 4477; x_wconf 83' lang='lat' dir='ltr'><strong>locos</strong></span> <span class='ocrx_word' id='word_1_660' title='bbox 3647 4437 3802 4492; x_wconf 51' lang='lat' dir='ltr'><strong>quos.</strong></span> 
     </span>
    </p>
   </div>
   <div class='ocr_carea' id='block_1_86' title="bbox 2224 4506 3806 4584">
    <p class='ocr_par' dir='ltr' id='par_1_86' title="bbox 2224 4506 3806 4584">
     <span class='ocr_line' id='line_1_86' title="bbox 2224 4506 3806 4584; baseline 0.005 -24"><span class='ocrx_word' id='word_1_661' title='bbox 2224 4506 2380 4573; x_wconf 87' lang='lat' dir='ltr'><strong>dam,</strong></span> <span class='ocrx_word' id='word_1_662' title='bbox 2415 4509 2748 4564; x_wconf 75' lang='lat' dir='ltr'><strong>tramationis</strong></span> <span class='ocrx_word' id='word_1_663' title='bbox 2789 4511 3053 4566; x_wconf 84' lang='lat' dir='ltr'><strong>uberioris</strong></span> <span class='ocrx_word' id='word_1_664' title='bbox 3081 4512 3279 4582; x_wconf 82' lang='lat' dir='ltr'><strong>gratia;</strong></span> <span class='ocrx_word' id='word_1_665' title='bbox 3309 4510 3455 4568; x_wconf 83' lang='lat' dir='ltr'><strong>velut</strong></span> <span class='ocrx_word' id='word_1_666' title='bbox 3501 4514 3806 4584; x_wconf 61' lang='lat' dir='ltr'><strong>praeﬁgura-</strong></span> 
     </span>
    </p>
   </div>
   <div class='ocr_carea' id='block_1_87' title="bbox 524 4589 3807 4670">
    <p class='ocr_par' dir='ltr' id='par_1_87' title="bbox 524 4589 3807 4670">
     <span class='ocr_line' id='line_1_87' title="bbox 524 4589 3807 4670; baseline 0.005 -24"><span class='ocrx_word' id='word_1_667' title='bbox 524 4589 909 4647; x_wconf 80' lang='lat' dir='ltr'><strong>ailirmabimus</strong></span> <span class='ocrx_word' id='word_1_668' title='bbox 933 4591 1218 4661; x_wconf 84' lang='lat' dir='ltr'><strong>legendum</strong></span> <span class='ocrx_word' id='word_1_669' title='bbox 1244 4605 1366 4648; x_wconf 85' lang='lat' dir='ltr'><strong>esse</strong></span> <span class='ocrx_word' id='word_1_670' title='bbox 1395 4591 1689 4664; x_wconf 83' lang='lat' dir='ltr'><strong>Diptychon</strong></span> <span class='ocrx_word' id='word_1_671' title='bbox 1711 4593 1734 4648; x_wconf 84' lang='lat'><strong><em>?</em></strong></span> <span class='ocrx_word' id='word_1_672' title='bbox 1759 4594 1874 4649; x_wconf 84' lang='lat' dir='ltr'><strong>Non</strong></span> <span class='ocrx_word' id='word_1_673' title='bbox 1905 4595 2114 4652; x_wconf 83' lang='lat' dir='ltr'><strong>inlicior</strong></span> <span class='ocrx_word' id='word_1_674' title='bbox 2140 4592 2192 4652; x_wconf 89' lang='lat' dir='ltr'><strong>D</strong></span> <span class='ocrx_word' id='word_1_675' title='bbox 2220 4607 2302 4656; x_wconf 78' lang='lat' dir='ltr'><strong>tos</strong></span> <span class='ocrx_word' id='word_1_676' title='bbox 2337 4603 2391 4656; x_wconf 83' lang='lat' dir='ltr'><strong>et</strong></span> <span class='ocrx_word' id='word_1_677' title='bbox 2440 4603 2805 4670; x_wconf 84' lang='lat' dir='ltr'><strong>praelineatos,</strong></span> <span class='ocrx_word' id='word_1_678' title='bbox 2853 4619 2959 4660; x_wconf 90' lang='lat' dir='ltr'><strong>non</strong></span> <span class='ocrx_word' id='word_1_679' title='bbox 3000 4605 3220 4661; x_wconf 90' lang='lat' dir='ltr'><strong>omnino</strong></span> <span class='ocrx_word' id='word_1_680' title='bbox 3263 4607 3529 4661; x_wconf 86' lang='lat' dir='ltr'><strong>assentior</strong></span> <span class='ocrx_word' id='word_1_681' title='bbox 3564 4624 3577 4660; x_wconf 90' lang='lat'><strong>:</strong></span> <span class='ocrx_word' id='word_1_682' title='bbox 3611 4607 3807 4662; x_wconf 89' lang='lat' dir='ltr'><strong>etenim</strong></span> 
     </span>
    </p>
   </div>
   <div class='ocr_carea' id='block_1_88' title="bbox 598 4749 2119 4824">
    <p class='ocr_par' dir='ltr' id='par_1_88' title="bbox 598 4749 2119 4824">
     <span class='ocr_line' id='line_1_88' title="bbox 598 4749 2119 4824; baseline -0.001 -16"><span class='ocrx_word' id='word_1_683' title='bbox 598 4756 674 4824; x_wconf 91' lang='lat' dir='ltr'><strong>(a)</strong></span> <span class='ocrx_word' id='word_1_684' title='bbox 704 4753 837 4810; x_wconf 84' lang='lat' dir='ltr'><strong>Illud</strong></span> <span class='ocrx_word' id='word_1_685' title='bbox 861 4763 1036 4809; x_wconf 85' lang='lat' dir='ltr'><strong>tamen</strong></span> <span class='ocrx_word' id='word_1_686' title='bbox 1061 4751 1382 4817; x_wconf 83' lang='lat' dir='ltr'><strong>admonebo,</strong></span> <span class='ocrx_word' id='word_1_687' title='bbox 1410 4751 1462 4805; x_wconf 86' lang='lat' dir='ltr'><strong>in</strong></span> <span class='ocrx_word' id='word_1_688' title='bbox 1489 4749 1588 4824; x_wconf 82' lang='lat' dir='ltr'><strong>hac</strong></span> <span class='ocrx_word' id='word_1_689' title='bbox 1603 4750 1922 4824; x_wconf 72' lang='lat' dir='ltr'><strong>Bibliotheca</strong></span> <span class='ocrx_word' id='word_1_690' title='bbox 1947 4753 2119 4807; x_wconf 85' lang='lat' dir='ltr'><strong>Mont-</strong></span> 
     </span>
    </p>
   </div>
   <div class='ocr_carea' id='block_1_89' title="bbox 529 4823 2116 4898">
    <p class='ocr_par' dir='ltr' id='par_1_89' title="bbox 529 4823 2116 4898">
     <span class='ocr_line' id='line_1_89' title="bbox 529 4823 2116 4898; baseline 0.001 -19"><span class='ocrx_word' id='word_1_691' title='bbox 529 4823 757 4898; x_wconf 78' lang='lat' dir='ltr'><strong>fauconii</strong></span> <span class='ocrx_word' id='word_1_692' title='bbox 783 4825 959 4898; x_wconf 79' lang='lat' dir='ltr'><strong>omnia</strong></span> <span class='ocrx_word' id='word_1_693' title='bbox 994 4839 1154 4898; x_wconf 80' lang='lat' dir='ltr'><strong>oper_a</strong></span> <span class='ocrx_word' id='word_1_694' title='bbox 1183 4833 1296 4898; x_wconf 80' lang='lat' dir='ltr'><strong>tum</strong></span> <span class='ocrx_word' id='word_1_695' title='bbox 1325 4824 1526 4898; x_wconf 84' lang='lat' dir='ltr'><strong>Aurelii</strong></span> <span class='ocrx_word' id='word_1_696' title='bbox 1560 4823 1849 4898; x_wconf 74' lang='lat' dir='ltr'><strong>Clementis</strong></span> <span class='ocrx_word' id='word_1_697' title='bbox 1878 4824 2116 4898; x_wconf 83' lang='lat' dir='ltr'><strong>Pruden-</strong></span> 
     </span>
    </p>
   </div>
   <div class='ocr_carea' id='block_1_90' title="bbox 528 4892 2114 4965">
    <p class='ocr_par' dir='ltr' id='par_1_90' title="bbox 528 4892 2114 4965">
     <span class='ocr_line' id='line_1_90' title="bbox 528 4892 2114 4965; baseline -0.001 -13"><span class='ocrx_word' id='word_1_698' title='bbox 528 4892 610 4965; x_wconf 77' lang='lat' dir='ltr'><strong>tii,</strong></span> <span class='ocrx_word' id='word_1_699' title='bbox 640 4906 750 4952; x_wconf 89' lang='lat' dir='ltr'><strong>tum</strong></span> <span class='ocrx_word' id='word_1_700' title='bbox 777 4897 1054 4951; x_wconf 90' lang='lat' dir='ltr'><strong>Prudentii</strong></span> <span class='ocrx_word' id='word_1_701' title='bbox 1099 4892 1327 4948; x_wconf 88' lang='lat' dir='ltr'><strong>Galindo</strong></span> <span class='ocrx_word' id='word_1_702' title='bbox 1369 4895 1605 4964; x_wconf 87' lang='lat' dir='ltr'><strong>episcopi</strong></span> <span class='ocrx_word' id='word_1_703' title='bbox 1639 4895 1918 4950; x_wconf 87' lang='lat' dir='ltr'><strong>Treccusis</strong></span> <span class='ocrx_word' id='word_1_704' title='bbox 1948 4896 1997 4950; x_wconf 92' lang='lat' dir='ltr'><strong>in</strong></span> <span class='ocrx_word' id='word_1_705' title='bbox 2029 4898 2114 4950; x_wconf 90' lang='lat' dir='ltr'><strong>in-</strong></span> 
     </span>
    </p>
   </div>
   <div class='ocr_carea' id='block_1_91' title="bbox 527 4965 2114 5036">
    <p class='ocr_par' dir='ltr' id='par_1_91' title="bbox 527 4965 2114 5036">
     <span class='ocr_line' id='line_1_91' title="bbox 527 4965 2114 5036; baseline 0 -14"><span class='ocrx_word' id='word_1_706' title='bbox 527 4969 646 5024; x_wconf 87' lang='lat' dir='ltr'><strong>dice</strong></span> <span class='ocrx_word' id='word_1_707' title='bbox 675 4969 902 5023; x_wconf 91' lang='lat' dir='ltr'><strong>subuno</strong></span> <span class='ocrx_word' id='word_1_708' title='bbox 946 4965 1218 5021; x_wconf 86' lang='lat' dir='ltr'><strong>Prudentii</strong></span> <span class='ocrx_word' id='word_1_709' title='bbox 1259 4968 1477 5020; x_wconf 81' lang='lat' dir='ltr'><strong>nomine</strong></span> <span class='ocrx_word' id='word_1_710' title='bbox 1527 4965 1740 5030; x_wconf 84' lang='lat' dir='ltr'><strong>referri,</strong></span> <span class='ocrx_word' id='word_1_711' title='bbox 1777 4968 1927 5036; x_wconf 70' lang='lat' dir='ltr'><strong>quissi</strong></span> <span class='ocrx_word' id='word_1_712' title='bbox 1977 4983 2114 5023; x_wconf 92' lang='lat' dir='ltr'><strong>unus</strong></span> 
     </span>
    </p>
   </div>
   <div class='ocr_carea' id='block_1_92' title="bbox 523 5036 2112 5110">
    <p class='ocr_par' dir='ltr' id='par_1_92' title="bbox 523 5036 2112 5110">
     <span class='ocr_line' id='line_1_92' title="bbox 523 5036 2112 5110; baseline -0.002 -15"><span class='ocrx_word' id='word_1_713' title='bbox 523 5040 773 5110; x_wconf 85' lang='lat' dir='ltr'><strong>idemque</strong></span> <span class='ocrx_word' id='word_1_714' title='bbox 805 5039 992 5094; x_wconf 82' lang='lat' dir='ltr'><strong>fuisset</strong></span> <span class='ocrx_word' id='word_1_715' title='bbox 1020 5036 1360 5110; x_wconf 83' lang='lat' dir='ltr'><strong>Prudentius.</strong></span> <span class='ocrx_word' id='word_1_716' title='bbox 1384 5037 1495 5091; x_wconf 80' lang='lat' dir='ltr'><strong>Non</strong></span> <span class='ocrx_word' id='word_1_717' title='bbox 1519 5038 1949 5106; x_wconf 78' lang='lat' dir='ltr'><strong>przetcrmittam,</strong></span> <span class='ocrx_word' id='word_1_718' title='bbox 1981 5054 2112 5108; x_wconf 87' lang='lat' dir='ltr'><strong>pau-</strong></span> 
     </span>
    </p>
   </div>
   <div class='ocr_carea' id='block_1_93' title="bbox 527 5109 2111 5180">
    <p class='ocr_par' dir='ltr' id='par_1_93' title="bbox 527 5109 2111 5180">
     <span class='ocr_line' id='line_1_93' title="bbox 527 5109 2111 5180; baseline -0.004 -12"><span class='ocrx_word' id='word_1_719' title='bbox 527 5127 620 5168; x_wconf 87' lang='lat' dir='ltr'><strong>cos</strong></span> <span class='ocrx_word' id='word_1_720' title='bbox 649 5109 904 5180; x_wconf 84' lang='lat' dir='ltr'><strong>quosdam</strong></span> <span class='ocrx_word' id='word_1_721' title='bbox 940 5109 1214 5163; x_wconf 85' lang='lat' dir='ltr'><strong>Prudentii</strong></span> <span class='ocrx_word' id='word_1_722' title='bbox 1259 5123 1452 5180; x_wconf 88' lang='lat' dir='ltr'><strong>versus</strong></span> <span class='ocrx_word' id='word_1_723' title='bbox 1475 5125 1540 5180; x_wconf 82' lang='lat' dir='ltr'><strong>ex</strong></span> <span class='ocrx_word' id='word_1_724' title='bbox 1575 5110 1992 5179; x_wconf 76' lang='lat' dir='ltr'><strong>Psychoutachia</strong></span> <span class='ocrx_word' id='word_1_725' title='bbox 2018 5110 2111 5162; x_wconf 83' lang='lat' dir='ltr'><strong>ali-</strong></span> 
     </span>
    </p>
   </div>
   <div class='ocr_carea' id='block_1_94' title="bbox 523 5179 2110 5250">
    <p class='ocr_par' dir='ltr' id='par_1_94' title="bbox 523 5179 2110 5250">
     <span class='ocr_line' id='line_1_94' title="bbox 523 5179 2110 5250; baseline -0.003 -13"><span class='ocrx_word' id='word_1_726' title='bbox 523 5183 644 5238; x_wconf 90' lang='lat' dir='ltr'><strong>cubi</strong></span> <span class='ocrx_word' id='word_1_727' title='bbox 675 5181 898 5237; x_wconf 90' lang='lat' dir='ltr'><strong>iudicari</strong></span> <span class='ocrx_word' id='word_1_728' title='bbox 921 5190 1173 5250; x_wconf 89' lang='lat' dir='ltr'><strong>tanquam</strong></span> <span class='ocrx_word' id='word_1_729' title='bbox 1201 5179 1409 5250; x_wconf 74' lang='lat' dir='ltr'><strong>aliquod</strong></span> <span class='ocrx_word' id='word_1_730' title='bbox 1439 5179 1554 5249; x_wconf 85' lang='lat' dir='ltr'><strong>ejus</strong></span> <span class='ocrx_word' id='word_1_731' title='bbox 1581 5194 1717 5248; x_wconf 88' lang='lat' dir='ltr'><strong>opus</strong></span> <span class='ocrx_word' id='word_1_732' title='bbox 1744 5197 1772 5232; x_wconf 89' lang='lat' dir='ltr'><strong>a</strong></span> <span class='ocrx_word' id='word_1_733' title='bbox 1797 5181 2110 5250; x_wconf 71' lang='lat' dir='ltr'><strong>czeterisdi-</strong></span> 
     </span>
    </p>
   </div>
   <div class='ocr_carea' id='block_1_95' title="bbox 521 5249 2111 5319">
    <p class='ocr_par' dir='ltr' id='par_1_95' title="bbox 521 5249 2111 5319">
     <span class='ocr_line' id='line_1_95' title="bbox 521 5249 2111 5319; baseline -0.003 -10"><span class='ocrx_word' id='word_1_734' title='bbox 521 5270 733 5309; x_wconf 84' lang='lat' dir='ltr'><strong>versum</strong></span> <span class='ocrx_word' id='word_1_735' title='bbox 765 5264 819 5309; x_wconf 89' lang='lat' dir='ltr'><strong>et</strong></span> <span class='ocrx_word' id='word_1_736' title='bbox 847 5249 1157 5319; x_wconf 81' lang='lat' dir='ltr'><strong>inscriptum</strong></span> <span class='ocrx_word' id='word_1_737' title='bbox 1187 5259 1200 5303; x_wconf 82' lang='lat'><strong>‘:</strong></span> <span class='ocrx_word' id='word_1_738' title='bbox 1227 5249 1587 5306; x_wconf 81' lang='lat' dir='ltr'><strong>Monomachia</strong></span> <span class='ocrx_word' id='word_1_739' title='bbox 1618 5249 1831 5305; x_wconf 83' lang='lat' dir='ltr'><strong>Davidis</strong></span> <span class='ocrx_word' id='word_1_740' title='bbox 1861 5267 1977 5305; x_wconf 87' lang='lat' dir='ltr'><strong>cum</strong></span> <span class='ocrx_word' id='word_1_741' title='bbox 2007 5249 2111 5304; x_wconf 84' lang='lat' dir='ltr'><strong>Co-</strong></span> 
     </span>
    </p>
   </div>
   <div class='ocr_carea' id='block_1_96' title="bbox 523 5321 2108 5395">
    <p class='ocr_par' dir='ltr' id='par_1_96' title="bbox 523 5321 2108 5395">
     <span class='ocr_line' id='line_1_96' title="bbox 523 5321 2108 5395; baseline -0.002 -15"><span class='ocrx_word' id='word_1_742' title='bbox 523 5326 649 5391; x_wconf 84' lang='lat' dir='ltr'><strong>liat;</strong></span> <span class='ocrx_word' id='word_1_743' title='bbox 678 5326 745 5381; x_wconf 90' lang='lat' dir='ltr'><strong>de</strong></span> <span class='ocrx_word' id='word_1_744' title='bbox 788 5342 893 5395; x_wconf 92' lang='lat' dir='ltr'><strong>quo</strong></span> <span class='ocrx_word' id='word_1_745' title='bbox 927 5321 1173 5395; x_wconf 78' lang='lat' dir='ltr'><strong>pluraad</strong></span> <span class='ocrx_word' id='word_1_746' title='bbox 1228 5337 1351 5377; x_wconf 88' lang='lat' dir='ltr'><strong>eum</strong></span> <span class='ocrx_word' id='word_1_747' title='bbox 1408 5323 1584 5387; x_wconf 53' lang='lat' dir='ltr'><strong>lo,um</strong></span> <span class='ocrx_word' id='word_1_748' title='bbox 1631 5321 2067 5394; x_wconf 73' lang='lat' dir='ltr'><strong>Psychomacbite</strong></span> <span class='ocrx_word' id='word_1_749' title='bbox 2093 5362 2108 5388; x_wconf 94' lang='lat'><strong>,</strong></span> 
     </span>
    </p>
   </div>
   <div class='ocr_carea' id='block_1_97' title="bbox 524 5391 1267 5466">
    <p class='ocr_par' dir='ltr' id='par_1_97' title="bbox 524 5391 1267 5466">
     <span class='ocr_line' id='line_1_97' title="bbox 524 5391 1267 5466; baseline -0.004 -16"><span class='ocrx_word' id='word_1_750' title='bbox 524 5399 610 5452; x_wconf 70' lang='lat' dir='ltr'><strong>ub.</strong></span> <span class='ocrx_word' id='word_1_751' title='bbox 636 5413 695 5452; x_wconf 90' lang='lat' dir='ltr'><strong>ea</strong></span> <span class='ocrx_word' id='word_1_752' title='bbox 727 5391 895 5466; x_wconf 79' lang='lat' dir='ltr'><strong>pugna</strong></span> <span class='ocrx_word' id='word_1_753' title='bbox 927 5391 1267 5466; x_wconf 85' lang='lat' dir='ltr'><strong>describitur.</strong></span> 
     </span>
    </p>
   </div>
   <div class='ocr_carea' id='block_1_98' title="bbox 513 5463 2109 5538">
    <p class='ocr_par' dir='ltr' id='par_1_98' title="bbox 513 5463 2109 5538">
     <span class='ocr_line' id='line_1_98' title="bbox 513 5463 2109 5538; baseline 0.001 -18"><span class='ocrx_word' id='word_1_754' title='bbox 513 5499 546 5538; x_wconf 40' lang='grc' dir='ltr'>χ</span> <span class='ocrx_word' id='word_1_755' title='bbox 594 5468 667 5538; x_wconf 93' lang='lat' dir='ltr'><strong>(b)</strong></span> <span class='ocrx_word' id='word_1_756' title='bbox 712 5463 765 5522; x_wconf 85' lang='lat' dir='ltr'><strong>In</strong></span> <span class='ocrx_word' id='word_1_757' title='bbox 797 5463 1026 5536; x_wconf 74' lang='lat' dir='ltr'><strong>quodam</strong></span> <span class='ocrx_word' id='word_1_758' title='bbox 1055 5465 1464 5538; x_wconf 83' lang='lat' dir='ltr'><strong>codice,_num.</strong></span> <span class='ocrx_word' id='word_1_759' title='bbox 1517 5467 1614 5530; x_wconf 92' lang='lat'><strong>80,</strong></span> <span class='ocrx_word' id='word_1_760' title='bbox 1665 5479 1783 5532; x_wconf 84' lang='lat' dir='ltr'><strong>cap.</strong></span> <span class='ocrx_word' id='word_1_761' title='bbox 1833 5463 1866 5517; x_wconf 77' lang='grc'>4</span> <span class='ocrx_word' id='word_1_762' title='bbox 1911 5465 2109 5522; x_wconf 89' lang='lat' dir='ltr'><strong>dicitur</strong></span> 
     </span>
    </p>
   </div>
   <div class='ocr_carea' id='block_1_99' title="bbox 523 5535 2106 5608">
    <p class='ocr_par' dir='ltr' id='par_1_99' title="bbox 523 5535 2106 5608">
     <span class='ocr_line' id='line_1_99' title="bbox 523 5535 2106 5608; baseline 0.001 -17"><span class='ocrx_word' id='word_1_763' title='bbox 523 5535 838 5608; x_wconf 65' lang='lat' dir='ltr'><strong>Diptychon,</strong></span> <span class='ocrx_word' id='word_1_764' title='bbox 871 5539 986 5604; x_wconf 81' lang='lat' dir='ltr'><strong>sed,</strong></span> <span class='ocrx_word' id='word_1_765' title='bbox 1019 5549 1075 5592; x_wconf 92' lang='lat' dir='ltr'><strong>ut</strong></span> <span class='ocrx_word' id='word_1_766' title='bbox 1105 5535 1354 5604; x_wconf 90' lang='lat' dir='ltr'><strong>conjicio,</strong></span> <span class='ocrx_word' id='word_1_767' title='bbox 1391 5539 1604 5608; x_wconf 73' lang='lat' dir='ltr'><strong>recenti</strong></span> <span class='ocrx_word' id='word_1_768' title='bbox 1645 5544 1790 5608; x_wconf 81' lang='lat' dir='ltr'><strong>nota,</strong></span> <span class='ocrx_word' id='word_1_769' title='bbox 1827 5548 1944 5603; x_wconf 92' lang='lat' dir='ltr'><strong>post</strong></span> <span class='ocrx_word' id='word_1_770' title='bbox 1973 5554 2106 5593; x_wconf 91' lang='lat' dir='ltr'><strong>con-</strong></span> 
     </span>
    </p>
   </div>
   <div class='ocr_carea' id='block_1_100' title="bbox 520 5605 2105 5682">
    <p class='ocr_par' dir='ltr' id='par_1_100' title="bbox 520 5605 2105 5682">
     <span class='ocr_line' id='line_1_100' title="bbox 520 5605 2105 5682; baseline 0.001 -21"><span class='ocrx_word' id='word_1_771' title='bbox 520 5605 778 5682; x_wconf 78' lang='lat' dir='ltr'><strong>jecturam</strong></span> <span class='ocrx_word' id='word_1_772' title='bbox 809 5610 1056 5682; x_wconf 3' lang='lat' dir='ltr'><strong>Giiauiigzq</strong></span> <span class='ocrx_word' id='word_1_773' title='bbox 1079 5609 1231 5682; x_wconf 75' lang='lat' dir='ltr'><strong>quod</strong></span> <span class='ocrx_word' id='word_1_774' title='bbox 1274 5610 1340 5662; x_wconf 91' lang='lat' dir='ltr'><strong>de</strong></span> <span class='ocrx_word' id='word_1_775' title='bbox 1363 5605 1555 5682; x_wconf 54' lang='lat' dir='ltr'><strong>simili</strong></span> <span class='ocrx_word' id='word_1_776' title='bbox 1601 5607 1952 5682; x_wconf 81' lang='lat' dir='ltr'><strong>inscriptione</strong></span> <span class='ocrx_word' id='word_1_777' title='bbox 1983 5609 2105 5664; x_wconf 84' lang='lat' dir='ltr'><strong>cod.</strong></span> 
     </span>
    </p>
   </div>
   <div class='ocr_carea' id='block_1_101' title="bbox 525 5678 2108 5750">
    <p class='ocr_par' dir='ltr' id='par_1_101' title="bbox 525 5678 2108 5750">
     <span class='ocr_line' id='line_1_101' title="bbox 525 5678 2108 5750; baseline 0.002 -18"><span class='ocrx_word' id='word_1_778' title='bbox 525 5678 643 5733; x_wconf 78' lang='lat' dir='ltr'><strong>Vat.</strong></span> <span class='ocrx_word' id='word_1_779' title='bbox 679 5681 936 5734; x_wconf 80' lang='lat' dir='ltr'><strong>Alexand.</strong></span> <span class='ocrx_word' id='word_1_780' title='bbox 971 5679 1127 5745; x_wconf 73' lang='grc'><strong>1702,</strong></span> <span class='ocrx_word' id='word_1_781' title='bbox 1152 5694 1310 5748; x_wconf 89' lang='lat' dir='ltr'><strong>quem</strong></span> <span class='ocrx_word' id='word_1_782' title='bbox 1361 5678 1496 5732; x_wconf 77' lang='lat' dir='ltr'><strong>infra</strong></span> <span class='ocrx_word' id='word_1_783' title='bbox 1543 5680 1855 5744; x_wconf 86' lang='lat' dir='ltr'><strong>rcceuscbo,</strong></span> <span class='ocrx_word' id='word_1_784' title='bbox 1889 5691 2108 5750; x_wconf 88' lang='lat' dir='ltr'><strong>possum</strong></span> 
     </span>
    </p>
   </div>
   <div class='ocr_carea' id='block_1_102' title="bbox 522 5753 726 5807">
    <p class='ocr_par' dir='ltr' id='par_1_102' title="bbox 522 5753 726 5807">
     <span class='ocr_line' id='line_1_102' title="bbox 522 5753 726 5807; baseline -0.01 0"><span class='ocrx_word' id='word_1_785' title='bbox 522 5753 726 5807; x_wconf 65' lang='lat' dir='ltr'><strong>tesmri.</strong></span> 
     </span>
    </p>
   </div>
   <div class='ocr_carea' id='block_1_103' title="bbox 599 5817 2112 5892">
    <p class='ocr_par' dir='ltr' id='par_1_103' title="bbox 599 5817 2112 5892">
     <span class='ocr_line' id='line_1_103' title="bbox 599 5817 2112 5892; baseline 0.005 -19"><span class='ocrx_word' id='word_1_786' title='bbox 599 5822 669 5892; x_wconf 83' lang='grc' dir='ltr'><strong>(ε)</strong></span> <span class='ocrx_word' id='word_1_787' title='bbox 707 5821 858 5886; x_wconf 84' lang='lat' dir='ltr'><strong>Quod</strong></span> <span class='ocrx_word' id='word_1_788' title='bbox 904 5823 1140 5878; x_wconf 87' lang='lat' dir='ltr'><strong>ostendit</strong></span> <span class='ocrx_word' id='word_1_789' title='bbox 1168 5838 1232 5878; x_wconf 81' lang='lat' dir='ltr'><strong>ex</strong></span> <span class='ocrx_word' id='word_1_790' title='bbox 1263 5821 1447 5892; x_wconf 89' lang='lat' dir='ltr'><strong>pbrasi</strong></span> <span class='ocrx_word' id='word_1_791' title='bbox 1475 5820 1612 5892; x_wconf 82' lang='lat' dir='ltr'><strong>ipsa,</strong></span> <span class='ocrx_word' id='word_1_792' title='bbox 1653 5817 1831 5875; x_wconf 79' lang='lat' dir='ltr'><strong>multis</strong></span> <span class='ocrx_word' id='word_1_793' title='bbox 1881 5819 2020 5877; x_wconf 83' lang='lat' dir='ltr'><strong>inter</strong></span> <span class='ocrx_word' id='word_1_794' title='bbox 2047 5835 2112 5880; x_wconf 77' lang='lat' dir='ltr'><strong>se</strong></span> 
     </span>
    </p>
   </div>
   <div class='ocr_carea' id='block_1_104' title="bbox 2227 4755 3807 4833">
    <p class='ocr_par' dir='ltr' id='par_1_104' title="bbox 2227 4755 3807 4833">
     <span class='ocr_line' id='line_1_104' title="bbox 2227 4755 3807 4833; baseline 0.006 -25"><span class='ocrx_word' id='word_1_795' title='bbox 2227 4755 2358 4822; x_wconf 72' lang='lat' dir='ltr'><strong>locis</strong></span> <span class='ocrx_word' id='word_1_796' title='bbox 2386 4755 2616 4833; x_wconf 69' lang='lat' dir='ltr'><strong>collatis,</strong></span> <span class='ocrx_word' id='word_1_797' title='bbox 2651 4772 2711 4812; x_wconf 82' lang='lat' dir='ltr'><strong>ac</strong></span> <span class='ocrx_word' id='word_1_798' title='bbox 2733 4758 3004 4814; x_wconf 82' lang='lat' dir='ltr'><strong>concludit</strong></span> <span class='ocrx_word' id='word_1_799' title='bbox 3028 4777 3039 4813; x_wconf 84' lang='lat'><strong>:</strong></span> <span class='ocrx_word' id='word_1_800' title='bbox 3060 4759 3288 4833; x_wconf 70' lang='lat' dir='ltr'><strong>_HtL&#39;C_ul</strong></span> <span class='ocrx_word' id='word_1_801' title='bbox 3322 4759 3637 4833; x_wconf 80' lang='lat' dir='ltr'><strong>inciderunt,</strong></span> <span class='ocrx_word' id='word_1_802' title='bbox 3673 4764 3807 4833; x_wconf 78' lang='lat' dir='ltr'><strong>jusit</strong></span> 
     </span>
    </p>
   </div>
   <div class='ocr_carea' id='block_1_105' title="bbox 2224 4828 3810 4902">
    <p class='ocr_par' dir='ltr' id='par_1_105' title="bbox 2224 4828 3810 4902">
     <span class='ocr_line' id='line_1_105' title="bbox 2224 4828 3810 4902; baseline 0.004 -21"><span class='ocrx_word' id='word_1_803' title='bbox 2224 4828 2538 4902; x_wconf 77' lang='lat' dir='ltr'><strong>conscribere</strong></span> <span class='ocrx_word' id='word_1_804' title='bbox 2567 4844 2586 4882; x_wconf 89' lang='lat'><strong><em>:</em></strong></span> <span class='ocrx_word' id='word_1_805' title='bbox 2617 4845 2718 4902; x_wconf 83' lang='lat' dir='ltr'><strong>non</strong></span> <span class='ocrx_word' id='word_1_806' title='bbox 2763 4841 2928 4883; x_wconf 79' lang='lat' dir='ltr'><strong>autent</strong></span> <span class='ocrx_word' id='word_1_807' title='bbox 2976 4831 3150 4884; x_wconf 83' lang='lat' dir='ltr'><strong>dubito</strong></span> <span class='ocrx_word' id='word_1_808' title='bbox 3181 4831 3411 4901; x_wconf 81' lang='lat' dir='ltr'><strong>singulas</strong></span> <span class='ocrx_word' id='word_1_809' title='bbox 3455 4828 3729 4902; x_wconf 71' lang='lat' dir='ltr'><strong>omnesque</strong></span> <span class='ocrx_word' id='word_1_810' title='bbox 3762 4845 3810 4888; x_wconf 91' lang='lat' dir='ltr'><strong>et</strong></span> 
     </span>
    </p>
   </div>
   <div class='ocr_carea' id='block_1_106' title="bbox 2225 4898 3808 4974">
    <p class='ocr_par' dir='ltr' id='par_1_106' title="bbox 2225 4898 3808 4974">
     <span class='ocr_line' id='line_1_106' title="bbox 2225 4898 3808 4974; baseline 0.005 -24"><span class='ocrx_word' id='word_1_811' title='bbox 2225 4898 2523 4974; x_wconf 59' lang='lat' dir='ltr'><strong>(gentianae,</strong></span> <span class='ocrx_word' id='word_1_812' title='bbox 2553 4910 2598 4953; x_wconf 89' lang='lat' dir='ltr'><strong>et</strong></span> <span class='ocrx_word' id='word_1_813' title='bbox 2628 4900 2868 4974; x_wconf 75' lang='lat' dir='ltr'><strong>historias</strong></span> <span class='ocrx_word' id='word_1_814' title='bbox 2897 4904 2947 4955; x_wconf 89' lang='lat' dir='ltr'><strong>in</strong></span> <span class='ocrx_word' id='word_1_815' title='bbox 2973 4902 3069 4956; x_wconf 86' lang='lat' dir='ltr'><strong>hoc</strong></span> <span class='ocrx_word' id='word_1_816' title='bbox 3096 4898 3270 4956; x_wconf 84' lang='lat' dir='ltr'><strong>libello</strong></span> <span class='ocrx_word' id='word_1_817' title='bbox 3297 4904 3533 4966; x_wconf 84' lang='lat' dir='ltr'><strong>traditas,</strong></span> <span class='ocrx_word' id='word_1_818' title='bbox 3563 4898 3654 4973; x_wconf 75' lang='lat' dir='ltr'><strong>per</strong></span> <span class='ocrx_word' id='word_1_819' title='bbox 3679 4922 3808 4974; x_wconf 80' lang='lat' dir='ltr'><strong>opus</strong></span> 
     </span>
    </p>
   </div>
   <div class='ocr_carea' id='block_1_107' title="bbox 2226 4967 3802 5047">
    <p class='ocr_par' dir='ltr' id='par_1_107' title="bbox 2226 4967 3802 5047">
     <span class='ocr_line' id='line_1_107' title="bbox 2226 4967 3802 5047; baseline 0.004 -26"><span class='ocrx_word' id='word_1_820' title='bbox 2226 4967 2498 5047; x_wconf 69' lang='lat' dir='ltr'><strong>Prudentii</strong></span> <span class='ocrx_word' id='word_1_821' title='bbox 2529 4987 2732 5047; x_wconf 82' lang='lat' dir='ltr'><strong>sparsas</strong></span> <span class='ocrx_word' id='word_1_822' title='bbox 2760 4971 3126 5047; x_wconf 64' lang='lat' dir='ltr'><strong>iisdentmodis</strong></span> <span class='ocrx_word' id='word_1_823' title='bbox 3157 4983 3421 5041; x_wconf 82' lang='lat' dir='ltr'><strong>conceptas</strong></span> <span class='ocrx_word' id='word_1_824' title='bbox 3451 4967 3772 5047; x_wconf 72' lang='lat' dir='ltr'><strong>reperturum</strong></span> <span class='ocrx_word' id='word_1_825' title='bbox 3790 5019 3802 5040; x_wconf 87' lang='lat'><strong>,</strong></span> 
     </span>
    </p>
   </div>
   <div class='ocr_carea' id='block_1_108' title="bbox 2222 5041 3806 5112">
    <p class='ocr_par' dir='ltr' id='par_1_108' title="bbox 2222 5041 3806 5112">
     <span class='ocr_line' id='line_1_108' title="bbox 2222 5041 3806 5112; baseline 0.004 -19"><span class='ocrx_word' id='word_1_826' title='bbox 2222 5041 2309 5112; x_wconf 87' lang='lat' dir='ltr'><strong>qui</strong></span> <span class='ocrx_word' id='word_1_827' title='bbox 2332 5042 2584 5112; x_wconf 77' lang='lat' dir='ltr'><strong>inquirere</strong></span> <span class='ocrx_word' id='word_1_828' title='bbox 2614 5043 2895 5098; x_wconf 86' lang='lat' dir='ltr'><strong>voluerit...</strong></span> <span class='ocrx_word' id='word_1_829' title='bbox 2940 5042 3148 5098; x_wconf 85' lang='lat' dir='ltr'><strong>Videtur</strong></span> <span class='ocrx_word' id='word_1_830' title='bbox 3177 5055 3344 5096; x_wconf 88' lang='lat' dir='ltr'><strong>autem</strong></span> <span class='ocrx_word' id='word_1_831' title='bbox 3393 5047 3474 5098; x_wconf 84' lang='lat' dir='ltr'><strong>hic</strong></span> <span class='ocrx_word' id='word_1_832' title='bbox 3503 5041 3708 5100; x_wconf 77' lang='lat' dir='ltr'><strong>libellus</strong></span> <span class='ocrx_word' id='word_1_833' title='bbox 3749 5063 3806 5100; x_wconf 89' lang='lat' dir='ltr'><strong>eo</strong></span> 
     </span>
    </p>
   </div>
   <div class='ocr_carea' id='block_1_109' title="bbox 2222 5059 3809 5185">
    <p class='ocr_par' dir='ltr' id='par_1_109' title="bbox 2222 5059 3809 5185">
     <span class='ocr_line' id='line_1_109' title="bbox 2222 5059 3806 5112; baseline 0.004 -19"><span class='ocrx_word' id='word_1_834' title='bbox 2222 5059 2308 5094; x_wconf 77' lang='lat' dir='ltr'><strong>tur</strong></span> <span class='ocrx_word' id='word_1_835' title='bbox 2332 5059 2584 5112; x_wconf 77' lang='lat' dir='ltr'><strong>inquirere</strong></span> <span class='ocrx_word' id='word_1_836' title='bbox 2614 5059 2895 5098; x_wconf 75' lang='lat' dir='ltr'><strong>vetuerit...</strong></span> <span class='ocrx_word' id='word_1_837' title='bbox 2943 5059 3148 5098; x_wconf 81' lang='lat' dir='ltr'><strong>ridetur</strong></span> <span class='ocrx_word' id='word_1_838' title='bbox 3177 5059 3344 5096; x_wconf 81' lang='lat' dir='ltr'><strong>autent</strong></span> <span class='ocrx_word' id='word_1_839' title='bbox 3393 5059 3474 5098; x_wconf 86' lang='lat' dir='ltr'><strong>mc</strong></span> <span class='ocrx_word' id='word_1_840' title='bbox 3503 5059 3708 5100; x_wconf 77' lang='lat' dir='ltr'><strong>naeuus</strong></span> <span class='ocrx_word' id='word_1_841' title='bbox 3749 5063 3806 5100; x_wconf 89' lang='lat' dir='ltr'><strong>eo</strong></span> 
     </span>
     <span class='ocr_line' id='line_1_110' title="bbox 2222 5059 3809 5185; baseline 0.005 -22"><span class='ocrx_word' id='word_1_842' title='bbox 2222 5059 2325 5185; x_wconf 62' lang='lat' dir='ltr'><strong>line</strong></span> <span class='ocrx_word' id='word_1_843' title='bbox 2369 5130 2398 5185; x_wconf 89' lang='lat' dir='ltr'><strong>a</strong></span> <span class='ocrx_word' id='word_1_844' title='bbox 2431 5110 2712 5166; x_wconf 83' lang='lat' dir='ltr'><strong>Prudentio</strong></span> <span class='ocrx_word' id='word_1_845' title='bbox 2743 5114 2982 5181; x_wconf 89' lang='lat' dir='ltr'><strong>scriptus,</strong></span> <span class='ocrx_word' id='word_1_846' title='bbox 3016 5126 3070 5169; x_wconf 89' lang='lat' dir='ltr'><strong>ut</strong></span> <span class='ocrx_word' id='word_1_847' title='bbox 3116 5117 3475 5184; x_wconf 80' lang='lat' dir='ltr'><strong>insign‘ioribus</strong></span> <span class='ocrx_word' id='word_1_848' title='bbox 3519 5115 3809 5185; x_wconf 70' lang='lat' dir='ltr'><strong>Scriptura-</strong></span> 
     </span>
    </p>
   </div>
   <div class='ocr_carea' id='block_1_110' title="bbox 2230 5178 3809 5258">
    <p class='ocr_par' dir='ltr' id='par_1_110' title="bbox 2230 5178 3809 5258">
     <span class='ocr_line' id='line_1_111' title="bbox 2230 5178 3809 5258; baseline 0.004 -24"><span class='ocrx_word' id='word_1_849' title='bbox 2230 5178 2431 5258; x_wconf 70' lang='lat' dir='ltr'><strong>locisiu</strong></span> <span class='ocrx_word' id='word_1_850' title='bbox 2463 5185 2628 5258; x_wconf 81' lang='lat' dir='ltr'><strong>breves</strong></span> <span class='ocrx_word' id='word_1_851' title='bbox 2653 5178 2855 5238; x_wconf 61' lang='lat' dir='ltr'><strong>titulos&quot;</strong></span> <span class='ocrx_word' id='word_1_852' title='bbox 2884 5195 2931 5240; x_wconf 89' lang='lat' dir='ltr'><strong>et</strong></span> <span class='ocrx_word' id='word_1_853' title='bbox 2959 5178 3127 5256; x_wconf 76' lang='lat' dir='ltr'><strong>capita</strong></span> <span class='ocrx_word' id='word_1_854' title='bbox 3157 5178 3304 5240; x_wconf 70' lang='lat' dir='ltr'><strong>uersu</strong></span> <span class='ocrx_word' id='word_1_855' title='bbox 3347 5186 3569 5240; x_wconf 84' lang='lat' dir='ltr'><strong>redactis</strong></span> <span class='ocrx_word' id='word_1_856' title='bbox 3614 5178 3711 5258; x_wconf 67' lang='lat' dir='ltr'><strong>pro</strong></span> <span class='ocrx_word' id='word_1_857' title='bbox 3755 5205 3809 5242; x_wconf 89' lang='lat' dir='ltr'><strong>re</strong></span> 
     </span>
    </p>
   </div>
   <div class='ocr_carea' id='block_1_111' title="bbox 2226 5254 3807 5328">
    <p class='ocr_par' dir='ltr' id='par_1_111' title="bbox 2226 5254 3807 5328">
     <span class='ocr_line' id='line_1_112' title="bbox 2226 5254 3807 5328; baseline 0.004 -23"><span class='ocrx_word' id='word_1_858' title='bbox 2226 5254 2484 5328; x_wconf 73' lang='lat' dir='ltr'><strong>incidente</strong></span> <span class='ocrx_word' id='word_1_859' title='bbox 2523 5256 2758 5326; x_wconf 69' lang='lat' dir='ltr'><strong>deinceps</strong></span> <span class='ocrx_word' id='word_1_860' title='bbox 2808 5260 2883 5310; x_wconf 90' lang='lat' dir='ltr'><strong>uti</strong></span> <span class='ocrx_word' id='word_1_861' title='bbox 2925 5254 3110 5328; x_wconf 81' lang='lat' dir='ltr'><strong>posset,</strong></span> <span class='ocrx_word' id='word_1_862' title='bbox 3142 5268 3186 5312; x_wconf 90' lang='lat' dir='ltr'><strong>et</strong></span> <span class='ocrx_word' id='word_1_863' title='bbox 3236 5259 3413 5312; x_wconf 81' lang='lat' dir='ltr'><strong>titulus</strong></span> <span class='ocrx_word' id='word_1_864' title='bbox 3455 5254 3807 5312; x_wconf 70' lang='lat' dir='ltr'><strong>Anttzniorum</strong></span> 
     </span>
    </p>
   </div>
   <div class='ocr_carea' id='block_1_112' title="bbox 2219 5323 3805 5400">
    <p class='ocr_par' dir='ltr' id='par_1_112' title="bbox 2219 5323 3805 5400">
     <span class='ocr_line' id='line_1_113' title="bbox 2219 5323 3805 5400; baseline 0.003 -23"><span class='ocrx_word' id='word_1_865' title='bbox 2219 5323 2437 5400; x_wconf 65' lang='lat' dir='ltr'><strong>[ortasse</strong></span> <span class='ocrx_word' id='word_1_866' title='bbox 2479 5323 2774 5400; x_wconf 74' lang='lat' dir='ltr'><strong>manavit...</strong></span> <span class='ocrx_word' id='word_1_867' title='bbox 2795 5323 3104 5400; x_wconf 9' lang='lat' dir='ltr'><strong>nonaliter,</strong></span> <span class='ocrx_word' id='word_1_868' title='bbox 3137 5345 3289 5398; x_wconf 83' lang='lat' dir='ltr'><strong>quam</strong></span> <span class='ocrx_word' id='word_1_869' title='bbox 3321 5345 3544 5383; x_wconf 69' lang='grc' dir='ltr'><strong>ηοωοΑ</strong></span> <span class='ocrx_word' id='word_1_870' title='bbox 3575 5329 3805 5400; x_wconf 74' lang='lat' dir='ltr'><strong>Apule-ii,</strong></span> 
     </span>
    </p>
   </div>
   <div class='ocr_carea' id='block_1_113' title="bbox 2233 5391 3810 5468">
    <p class='ocr_par' dir='ltr' id='par_1_113' title="bbox 2233 5391 3810 5468">
     <span class='ocr_line' id='line_1_114' title="bbox 2233 5391 3810 5468; baseline 0.003 -18"><span class='ocrx_word' id='word_1_871' title='bbox 2233 5391 2388 5450; x_wconf 79' lang='lat' dir='ltr'><strong>Vestii</strong></span> <span class='ocrx_word' id='word_1_872' title='bbox 2421 5398 2515 5454; x_wconf 85' lang='lat' dir='ltr'><strong>(al.</strong></span> <span class='ocrx_word' id='word_1_873' title='bbox 2573 5397 2747 5468; x_wconf 85' lang='lat' dir='ltr'><strong>Vettii)</strong></span> <span class='ocrx_word' id='word_1_874' title='bbox 2791 5399 3038 5465; x_wconf 79' lang='lat' dir='ltr'><strong>Valentis,</strong></span> <span class='ocrx_word' id='word_1_875' title='bbox 3089 5391 3549 5456; x_wconf 55' lang='lat' dir='ltr'><strong>et&#39;nonnullorum</strong></span> <span class='ocrx_word' id='word_1_876' title='bbox 3580 5391 3810 5454; x_wconf 74' lang='lat' dir='ltr'><strong>aliorum</strong></span> 
     </span>
    </p>
   </div>
   <div class='ocr_carea' id='block_1_114' title="bbox 2218 5469 3810 5541">
    <p class='ocr_par' dir='ltr' id='par_1_114' title="bbox 2218 5469 3810 5541">
     <span class='ocr_line' id='line_1_115' title="bbox 2218 5469 3810 5541; baseline 0.004 -22"><span class='ocrx_word' id='word_1_877' title='bbox 2218 5469 2354 5520; x_wconf 80' lang='lat' dir='ltr'><strong>velut</strong></span> <span class='ocrx_word' id='word_1_878' title='bbox 2385 5469 2482 5541; x_wconf 84' lang='lat' dir='ltr'><strong>loci</strong></span> <span class='ocrx_word' id='word_1_879' title='bbox 2509 5471 2720 5538; x_wconf 86' lang='lat' dir='ltr'><strong>quidam</strong></span> <span class='ocrx_word' id='word_1_880' title='bbox 2749 5470 3112 5535; x_wconf 86' lang='lat' dir='ltr'><strong>inscribuntur,</strong></span> <span class='ocrx_word' id='word_1_881' title='bbox 3145 5472 3371 5537; x_wconf 80' lang='lat' dir='ltr'><strong>quamvis</strong></span> <span class='ocrx_word' id='word_1_882' title='bbox 3423 5471 3478 5524; x_wconf 82' lang='lat' dir='ltr'><strong>hi</strong></span> <span class='ocrx_word' id='word_1_883' title='bbox 3517 5474 3716 5541; x_wconf 60' lang='lat' dir='ltr'><strong>excepti</strong></span> <span class='ocrx_word' id='word_1_884' title='bbox 3746 5488 3810 5526; x_wconf 76' lang='lat' dir='ltr'><strong>ea:</strong></span> 
     </span>
    </p>
   </div>
   <div class='ocr_carea' id='block_1_115' title="bbox 2221 5539 3810 5613">
    <p class='ocr_par' dir='ltr' id='par_1_115' title="bbox 2221 5539 3810 5613">
     <span class='ocr_line' id='line_1_116' title="bbox 2221 5539 3810 5613; baseline 0.004 -23"><span class='ocrx_word' id='word_1_885' title='bbox 2221 5539 2519 5613; x_wconf 62' lang='lat' dir='ltr'><strong>majoribus</strong></span> <span class='ocrx_word' id='word_1_886' title='bbox 2540 5543 2797 5610; x_wconf 83' lang='lat' dir='ltr'><strong>operibus,</strong></span> <span class='ocrx_word' id='word_1_887' title='bbox 2853 5541 3295 5613; x_wconf 23' lang='lat' dir='ltr'><strong>illihlt&#39;aclatjouis</strong></span> <span class='ocrx_word' id='word_1_888' title='bbox 3344 5539 3592 5598; x_wconf 83' lang='lat' dir='ltr'><strong>uberioris</strong></span> <span class='ocrx_word' id='word_1_889' title='bbox 3641 5539 3810 5613; x_wconf 74' lang='lat' dir='ltr'><strong>gratia</strong></span> 
     </span>
    </p>
   </div>
   <div class='ocr_carea' id='block_1_116' title="bbox 2218 5609 3810 5683">
    <p class='ocr_par' dir='ltr' id='par_1_116' title="bbox 2218 5609 3810 5683">
     <span class='ocr_line' id='line_1_117' title="bbox 2218 5609 3810 5683; baseline 0.004 -21"><span class='ocrx_word' id='word_1_890' title='bbox 2218 5611 2350 5683; x_wconf 75' lang='lat' dir='ltr'><strong>uelut</strong></span> <span class='ocrx_word' id='word_1_891' title='bbox 2375 5609 2715 5679; x_wconf 80' lang='lat' dir='ltr'><strong>prwﬁgurati,</strong></span> <span class='ocrx_word' id='word_1_892' title='bbox 2741 5623 2785 5666; x_wconf 89' lang='lat' dir='ltr'><strong>et</strong></span> <span class='ocrx_word' id='word_1_893' title='bbox 2811 5611 3120 5683; x_wconf 73' lang='lat' dir='ltr'><strong>pra-lineali.</strong></span> <span class='ocrx_word' id='word_1_894' title='bbox 3153 5609 3218 5666; x_wconf 90' lang='lat' dir='ltr'><strong>In</strong></span> <span class='ocrx_word' id='word_1_895' title='bbox 3242 5617 3380 5683; x_wconf 86' lang='lat' dir='ltr'><strong>poesi</strong></span> <span class='ocrx_word' id='word_1_896' title='bbox 3412 5609 3650 5668; x_wconf 82' lang='lat' dir='ltr'><strong>Romana</strong></span> <span class='ocrx_word' id='word_1_897' title='bbox 3677 5614 3810 5668; x_wconf 72' lang='lat' dir='ltr'><strong>tales</strong></span> 
     </span>
    </p>
   </div>
   <div class='ocr_carea' id='block_1_117' title="bbox 2217 5678 3816 5756">
    <p class='ocr_par' dir='ltr' id='par_1_117' title="bbox 2217 5678 3816 5756">
     <span class='ocr_line' id='line_1_118' title="bbox 2217 5678 3816 5756; baseline 0.005 -24"><span class='ocrx_word' id='word_1_898' title='bbox 2217 5678 2317 5732; x_wconf 84' lang='lat' dir='ltr'><strong>loci</strong></span> <span class='ocrx_word' id='word_1_899' title='bbox 2343 5678 2543 5735; x_wconf 68' lang='lat' dir='ltr'><strong>exstant</strong></span> <span class='ocrx_word' id='word_1_900' title='bbox 2573 5684 2764 5754; x_wconf 85' lang='lat' dir='ltr'><strong>aliquot</strong></span> <span class='ocrx_word' id='word_1_901' title='bbox 2807 5678 2945 5752; x_wconf 81' lang='lat' dir='ltr'><strong>apud</strong></span> <span class='ocrx_word' id='word_1_902' title='bbox 2976 5678 3320 5740; x_wconf 81' lang='lat' dir='ltr'><strong>Claudianum</strong></span> <span class='ocrx_word' id='word_1_903' title='bbox 3350 5697 3615 5756; x_wconf 79' lang='lat' dir='ltr'><strong>portuum,</strong></span> <span class='ocrx_word' id='word_1_904' title='bbox 3660 5687 3816 5743; x_wconf 83' lang='lat' dir='ltr'><strong>Sire-</strong></span> 
     </span>
    </p>
   </div>
   <div class='ocr_carea' id='block_1_118' title="bbox 2217 5761 2501 5818">
    <p class='ocr_par' dir='ltr' id='par_1_118' title="bbox 2217 5761 2501 5818">
     <span class='ocr_line' id='line_1_119' title="bbox 2217 5761 2501 5818; baseline 0.007 -13"><span class='ocrx_word' id='word_1_905' title='bbox 2217 5766 2365 5818; x_wconf 86' lang='lat' dir='ltr'><strong>num,</strong></span> <span class='ocrx_word' id='word_1_906' title='bbox 2402 5761 2501 5807; x_wconf 87' lang='lat' dir='ltr'><strong>etc.</strong></span> 
     </span>
    </p>
   </div>
  </div>
