4142 6350
288 414 396 470 613

1677 395 2212 468 PROLEGOMENA.

3481 420 3585 476 614

291 531 468 587 omnia
487 531 574 587 illa
604 532 986 603 epigrammata
1014 540 1242 601 quatuor
1271 528 1521 585 versibus
1551 526 1883 583 coneludun-
1910 529 1962 586 Δ
1987 525 2208 594 quolibet
2241 541 2447 598 genere,
2486 530 2666 585 ordine
2700 531 2990 600 hominum,
3021 532 3364 604 dignitatum,
3410 530 3491 586 vel
3528 533 3583 587 in

292 635 379 681 tur
408 626 558 696 quasi
588 625 709 680 data
767 640 951 696 opera.
1005 639 1174 693 neque
1200 625 1339 677 ullus
1368 638 1435 678 ex
1485 623 1564 676 eis
1615 634 1801 675 versus
1831 619 1884 674 in

292 727 404 771 toto
430 718 636 785 reliquo
663 733 824 788 opere
852 717 1126 772 Prudentii
1166 717 1376 785 integer
1401 723 1651 786 apparet,
1675 729 1795 769 cum
1820 713 1887 768 de

292 809 454 863 rebus
487 807 675 862 iisdem
707 823 850 876 smpe
876 822 1182 862 sermonem
1206 807 1420 861 habeat.
1450 805 1694 861 Similius
1732 804 1887 874 igitur

291 914 426 954 vero
464 910 546 954 est
577 898 927 953 Prudentium
968 909 1058 951 aut
1089 914 1148 953 ea
1189 896 1500 952 tetrasticha
1529 896 1596 951 ad
1640 895 1885 966 explica-

292 995 491 1048 tionem
518 993 841 1062 picturarum
877 993 929 1045 in
959 991 1168 1060 templis
1195 991 1498 1058 ordinasse,
1523 999 1580 1044 ut
1618 989 1778 1044 modo
1808 987 1889 1043 di-

291 1085 501 1150 cebam,
551 1094 642 1139 aut
689 1085 1007 1154 insigniores
1059 1084 1348 1153 Scriptura:
1403 1083 1548 1137 locos
1597 1083 1648 1137 itt
1696 1082 1887 1137 breves

292 1176 480 1230 titulos
505 1187 558 1231 et
577 1175 747 1245 capita
771 1177 1062 1245 redegisse,
1099 1187 1153 1228 ut
1176 1191 1312 1244 opus
1333 1191 1360 1228 a
1383 1179 1594 1230 caeteris
1619 1175 1887 1229 diversum

297 1271 613 1335 conficeret,
647 1271 695 1323 in
744 1286 849 1340 quo
877 1273 957 1324 sui
1011 1270 1206 1340 ubique
1255 1268 1447 1324 similis
1504 1268 1692 1323 iisdem
1745 1284 1888 1338 saepe

295 1362 584 1432 pbrasibus
613 1363 799 1429 utitur,
831 1363 971 1430 quod
1000 1363 1054 1416 in
1083 1361 1486 1416 commentariis
1528 1361 1736 1430 planius
1772 1376 1889 1430 per-

294 1456 552 1527 spicietur
593 1454 693 1527 (a).

367 1548 457 1603 68.
498 1547 651 1614 Quod
689 1547 733 1600 si
761 1547 928 1612 velis,
965 1544 1321 1600 Dittochzcum
1351 1545 1420 1599 ab
1446 1544 1626 1614 aliquo
1657 1543 1888 1613 primum

295 1641 614 1707 Ammniora,
647 1655 740 1695 seu
771 1640 983 1694 Ameana
1013 1637 1292 1692 Prudentii
1334 1636 1497 1691 fuisse
1539 1621 1852 1704 inscriptum
1873 1677 1887 1700 ,

296 1751 368 1790 ex
397 1751 505 1806 quo
533 1734 671 1787 alius
698 1732 884 1787 fecerit
910 1732 1151 1784 Amoenus
1183 1729 1520 1795 Prudentius,
1557 1729 1695 1782 alius
1724 1728 1890 1780 Amm-

299 1841 398 1880 nus
438 1825 753 1894 simpliciter
795 1823 1191 1888 nominaverit,
1246 1837 1352 1875 non
1399 1821 1629 1874 absurde
1676 1819 1890 1889 quidetn

1991 625 2237 689 potestate
2266 621 2480 688 positus,
2534 621 2609 676 vel
2653 621 2846 677 honore
2874 621 3202 694 perfunctus,
3251 625 3357 676 siue
3402 633 3582 695 potens
3646 662 3652 674 .

1991 722 2124 766 sorte
2165 713 2440 779 nascendi,
2484 731 2570 767 seu
2611 713 2817 768 humilis
2858 731 3067 785 genere,
3101 715 3426 779 condicione,
3469 714 3579 784 [ον-
3643 703 3652 710 ’

1993 814 2159 858 tuna:
2205 806 2259 858 in
2304 807 2447 859 nullo
2497 807 2693 876 penitus
2747 807 2887 871 loco,
2940 808 2992 860 in
3039 806 3187 861 nulla
3237 807 3380 874 urbe,
3427 823 3598 868 sensu,

1992 896 2277 951 carentibus
2307 887 2614 965 simulacris,
2662 899 2740 952 vel
2786 899 3035 953 insontem
3077 901 3332 954 victimam
3362 903 3586 955 caedat:

1992 985 2070 1040 vel
2099 988 2368 1042 secretiore
2395 989 2622 1058 piaculo,
2668 988 2826 1042 larem
2866 990 3034 1060 ignem
3075 1009 3159 1045 ero
3199 993 3403 1061 genium
3437 993 3580 1063 (leg.

1993 1076 2152 1131 larem
2185 1079 2320 1147 igne,
2357 1095 2496 1132 mero
2532 1079 2783 1149 genium),
2829 1091 3036 1149 penates
3080 1081 3261 1135 nidore
3299 1093 3584 1150 veneratus,

1992 1170 2237 1224 accendat
2267 1171 2483 1237 lumina,
2519 1171 2728 1242 inponat
2772 1179 2921 1238 tura,
2959 1182 3094 1226 serta
3124 1176 3434 1243 suspendat,
3477 1185 3584 1230 etc.

1993 1261 2128 1317 Vide
2159 1262 2252 1317 lib.
2284 1280 2371 1318 xvt
2409 1263 2531 1318 cod.
2558 1261 2794 1329 Thcod.,
2829 1264 2909 1322 tit.
2940 1249 3026 1331 l‘0,
3059 1265 3159 1334 leg.
3192 1266 3278 1334 η,
3309 1275 3362 1320 et
3399 1269 3580 1322 conlet

1992 1353 2122 1410 ibid.
2156 1354 2261 1426 leg.
2286 1355 2374 1420 ll,
2405 1371 2506 1423 qua
2539 1371 2633 1424 per
2664 1355 2955 1428 Egyptum
2983 1357 3267 1426 sacriﬁcia,
3300 1357 3584 1427 aditusque

1994 1447 2314 1517 templorum
2335 1448 2744 1510 interdicuntttr,
2763 1447 2988 1504 Tatiano
3007 1461 3057 1504 et
3077 1451 3400 1520 Symmacho
3418 1467 3608 1518 coss.,_

1993 1557 2133 1596 anno
2157 1541 2281 1596 59L
2316 1542 2547 1598 Secutus
2573 1558 2692 1598 sum
2722 1543 2924 1598 codicis
2950 1543 3391 1614 orthographiam
3421 1547 3510 1615 (c).

2067 1636 2154 1689 70.
2202 1636 2277 1688 Ad
2315 1635 2410 1688 has
2452 1636 2593 1706 leges
2620 1636 2908 1691 Theodosii
2952 1639 3128 1706 potius
3158 1655 3317 1708 quam
3348 1640 3412 1693 ad
3444 1642 3586 1694 essi-

1995 1732 2124 1785 littm
2157 1731 2501 1801 Symmachi,
2547 1733 2689 1801 quod
2731 1734 2982 1801 Opinatur
3023 1734 3243 1799 Riscus,
3287 1735 3592 1802 respexisse

1992 1825 2174 1896 judico
2229 1825 2577 1881 Prudentium
2632 1825 2729 1880 lib.
2780 1842 2796 1880 ι
2849 1827 3107 1882 adversus
3154 1827 3538 1900 Symmachum
3568 1873 3584 1899 ,

300 1918 671 1974 arbitraberis.
708 1916 895 1972 Fuisse
915 1925 1092 1972 autem
1118 1915 1340 1970 alterum
1369 1925 1577 1984 poetam
1603 1913 1889 1982 llispanum
1921 1909 2137 1998 B'vcrs.
2169 1917 2292 1973 507.

301 2009 571 2064 Annianum
597 2008 821 2074 dictum,
859 2022 887 2060 a
921 2006 1214 2061 Prudentio
1245 2013 1428 2058 nostro
1456 2005 1752 2068 divorsum,
1795 2006 1883 2072 qui

300 2100 656 2156 Dittochazum
686 2099 1029 2154 elucubratus
1061 2097 1240 2163 fuerit,
1267 2102 1470 2151 temere
1497 2096 1731 2164 conjecit
1761 2096 1884 2148 Phi-

299 2193 478 2263 lippus
507 2193 757 2260 Brietius,
793 2193 885 2245 lib.
921 2207 970 2245 tv
1001 2191 1067 2245 de
1098 2190 1300 2245 Poetis.
1330 2189 1553 2244 Michael
1590 2204 1619 2243 a
1646 2191 1702 2243 S.
1732 2189 1884 2244 lose.

299 2285 429 2356 pho,
466 2283 824 2360 Bibliograph.
849 2283 995 2348 crit.,
1023 2282 1192 2338 verbo
1222 2282 1460 2336 Amtenus
1489 2283 1564 2335 ait
1601 2286 1882 2336 Ammnum

296 2377 465 2433 fuisse
501 2376 785 2446 quemdam
818 2384 1028 2446 poetam
1060 2374 1338 2442 (it-mcum,
1371 2375 1463 2429 sed
1494 2389 1629 2445 opus
1654 2374 1754 2428 sub
1781 2373 1880 2428 ltu-

294 2471 383 2540 jus
433 2469 652 2524 nomine
697 2467 838 2522 inter
883 2476 1069 2538 pactas
1098 2464 1434 2522 Christianos
1479 2467 1716 2531 editum,
1766 2482 1886 2522 esse

300 2561 596 2616 Prudentii.
631 2559 890 2616 Mclchior
917 2559 1201 2615 Goldastus
1230 2560 1283 2614 in
1315 2560 1625 2629 praefatione
1651 2559 1882 2614 Manual.

297 2654 482 2708 biblic.
520 2654 803 2724 gloriatur,
850 2668 908 2707 se
948 2652 1175 2719 primum
1217 2650 1565 2708 Prudentium
1600 2631 1885 2708 Amanum

297 2755 526 2816 quatuor
556 2746 678 2800 aliis
716 2745 1022 2800 Prudentiis
1049 2743 1354 2811 addidisse,
1396 2759 1558 2814 quem
1594 2744 1885 2814 Hispanum

299 2853 455 2908 esse,
503 2849 558 2895 et
606 2838 777 2894 ferme
821 2851 1106 2907 supparetn
1160 2836 1456 2891 Prudentio
1503 2835 1886 2892 Turiasoneusi

298 2932 545 3002 prtesuli,
591 2941 646 2986 et
684 2931 899 2986 Aurelio
923 2930 1196 2986 'Clemeuti
1241 2930 1543 2996 existimat;
1593 2939 1751 3000 atque
1782 2930 1886 2986 hoc

297 3036 455 3097 pacto
486 3037 772 3095 utrumque
822 3039 1016 3080 nomen
1070 3023 1347 3080 Prudentii
1397 3034 1452 3080 et
1496 3025 1710 3081 Ληιωηί
1756 3041 1886 3080 con-

296 3122 494 3191 junxit,
528 3134 702 3190 neque
729 3118 990 3175 dubitavit
1016 3133 1261 3174 asserere
1304 3118 1664 3185 Gennadium,
1700 3119 1886 3174 homo-

296 3211 476 3282 nyntia
504 3213 836 3281 scriptorum
865 3212 1004 3266 inter
1030 3225 1090 3265 se
1114 3210 1398 3280 aequalium
1427 3209 1735 3280 deceptum,
1753 3211 1886 3266 scri-

2115 2055 2312 2118 Talibtts
2337 2055 2516 2104 edictis.
2545 2055 2674 2105 Urbs
2695 2055 2947 2118 informata
2971 2056 3154 2118 refugit

2113 2117 2321 2166 Errores
2342 2125 2558 2178 veteres,
2589 2122 2638 2165 et
2659 2117 2850 2166 turbida
2877 2115 2938 2164 ab
2956 2130 3045 2166 ore
3081 2115 3215 2168 iieto

2111 2179 2284 2227 Nubila
2310 2179 2534 2227 discussit
2553 2193 2566 2237 ;
2587 2179 2687 2240 jam
2715 2179 2966 2227 nobilitate
2988 2185 3149 2240 parata

2114 2241 2339 2289 tEtet-nas
2359 2246 2552 2290 tentare
2579 2243 2697 2298 vias,
2728 2242 3071 2302 Christumque
3095 2248 3351 2292 vocantem

2112 2302 2417 2366 Magnanimo
2440 2302 2646 2352 ductore
2677 2304 2836 2365 sequi,
2870 2308 2921 2352 et
2945 2317 3083 2365 spem
3110 2304 3306 2354 mittere
3333 2305 3382 2352 in
3408 2318 3584 2355 aevum.

1990 2471 2369 2544 Symmachum
2402 2472 2650 2528 reducem
2681 2487 2777 2542 pro
2808 2485 2899 2528 ara
2926 2469 3184 2528 Victoriae
3215 2475 3584 2543 recuperanda

1993 2581 2190 2622 novum
2224 2567 2457 2636 aliquem
2490 2573 2741 2622 conatum
2785 2565 3099 2622 adhibuisse
3140 2567 3325 2623 multis
3366 2584 3587 2638 persua-

1990 2658 2121 2715 dere
2152 2659 2263 2714 vult
2292 2657 2505 2715 Riscus.
2557 2661 2667 2731 Ego
2703 2675 2877 2730 neque
2905 2660 2955 2714 id
2985 2675 3207 2716 necesse
3233 2675 3374 2728 esse,
3412 2679 3586 2732 neque

1989 2753 2099 2808 ullo
2140 2763 2454 2823 argumento
2495 2755 2707 2812 ostendi
2751 2769 2909 2825 posse
2950 2757 3223 2811 existimo.
3277 2753 3391 2812 Etsi
3438 2758 3586 2814 enim

1989 2849 2238 2903 assentiri
2284 2850 2420 2904 nolis
2465 2849 2584 2904 Nic.
2625 2851 2881 2916 Antonio,
2914 2850 3576 2909 aftirmantiPrudentimn

1991 2949 2111 3012 post
2159 2957 2359 2998 annum
2393 2941 2497 2999 403
2527 2941 2780 3020 carminis
2831 2943 2912 2997 sui
2961 2960 3156 2998 novum
3206 2955 3579 3015 argumentum

1992 3050 2207 3093 sumere
2238 3038 2471 3093 voluisse
2519 3054 2584 3094 es
2631 3038 2892 3094 relatione
2937 3035 3246 3110 Symmachi
3277 3041 3399 3112 styli
3438 3057 3584 3096 exer-

1989 3131 2136 3186 cendi
2163 3131 2362 3202 gratia,
2413 3139 2590 3188 tamen
2634 3134 2836 3200 poteris
2867 3139 3050 3188 tenere
3089 3129 3440 3189 Prudentium
3482 3152 3582 3190 non

1992 3234 2189 3278 tantum
2217 3226 2341 3296 styli
2367 3224 2636 3278 exercendi
2666 3225 2864 3295 gratia,
2906 3223 3000 3278 sed
3033 3225 3196 3280 etiam
3230 3236 3286 3280 ut
3315 3226 3578 3282 idolorum

297 3312 387 3375 pta
410 3320 597 3359 eorum
619 3318 724 3359 non
748 3304 986 3373 potuisse
1005 3302 1333 3358 discernere.
1363 3301 1678 3357 Emmanuel
1697 3302 1882 3358 lliscus

1989 3317 2188 3374 cultum
2220 3317 2455 3373 funditus
2483 3325 2775 3383 everteret,
2800 3317 3108 3390 Symmachi
3139 3319 3453 3374 relationem
3483 3321 3582 3374 im-

297 3411 406 3452 non
435 3395 728 3452 admodu
753 3396 1004 3451 dissentit
1032 3411 1061 3449 a
1091 3395 1342 3466 Dopinio,
1386 3395 1476 3466 qui
1523 3404 1674 3465 putat
1718 3395 1887 3451 Ditto-

296 3493 507 3549 chaum
535 3507 656 3550 esse
681 3493 950 3563 epitomen
980 3491 1265 3562 quamdam
1298 3491 1477 3560 operis
1503 3490 1884 3559 Prudentianl,

247 3599 330 3640 ea
356 3584 636 3642 Gennadio
663 3584 883 3650 laudati,
911 3584 979 3639 ab
1003 3588 1232 3640 Antmuo
1257 3583 1554 3639 confectam
1583 3583 1684 3654 (b).

371 3679 482 3751 48
508 3678 597 3734 69.
640 3679 756 3745 Quo
783 3688 960 3732 autem
990 3691 1132 3733 anno
1161 3678 1388 3746 emperit
1409 3675 1730 3732 Prudentius
1755 3677 1889 3732 scri-

299 3774 449 3842 bere,
494 3788 597 3828 non
630 3771 815 3842 liquet,
848 3770 1090 3840 quamvis
1131 3771 1370 3840 plerique
1401 3771 1732 3826 asseruerint
1762 3783 1884 3824 eum

297 3884 440 3924 anno
465 3868 639 3922 aetatis
668 3867 735 3922 57
771 3852 836 3920 ad
868 3865 1106 3920 carmina
1135 3879 1296 3920 sacra
1335 3863 1610 3934 pangendo
1643 3865 1883 3918 animum

295 3963 659 4035 applicuisse:
695 3976 814 4014 nam
855 3975 924 4015 ex
957 3959 1298 4029 praefatione,
1332 3957 1474 4012 unde
1511 3965 1882 4028 argumentum

296 4065 514 4127 petunt,
559 4053 732 4110 solum
761 4053 891 4108 licet
917 4052 1115 4107 inferre
1143 4066 1264 4106 eum
1292 4065 1435 4106 anno
1465 4051 1536 4107 57
1575 4053 1750 4105 aetatis
1790 4063 1884 4106 sua

293 4149 553 4219 opuscula
585 4147 840 4211 edidisse,
872 4159 1100 4216 quorum
1133 4154 1222 4199 aut
1270 4145 1523 4214 pleraque
1558 4151 1650 4199 aut
1679 4145 1881 4212 omnia,

295 4247 353 4296 ut
382 4241 563 4297 simile
593 4253 722 4295 vero
750 4248 862 4308 est,
896 4248 1019 4294 ante
1047 4238 1275 4294 diversis
1305 4238 1633 4308 temporibus
1661 4253 1885 4309 compo-

293 4343 498 4388 suerat.
551 4331 800 4387 Profecto
836 4331 919 4384 vis
966 4332 1185 4387 dubium
1230 4341 1313 4386 est
1356 4331 1484 4401 quin
1524 4332 1661 4386 duos
1701 4339 1886 4388 contra

293 4424 678 4497 Symmachum
729 4425 892 4480 libros
944 4435 1069 4481 ante
1118 4441 1316 4480 annum
1359 4425 1558 4480 Christi
1605 4426 1712 4482 404
1753 4441 1879 4482 con-

291 4519 596 4588 seripserit.
628 4516 964 4573 Theodosius
995 4519 1166 4589 legem
1191 4519 1445 4589 vulgavit,
1474 4533 1574 4589 qua
1621 4520 1885 4576 sacrificia

293 4610 564 4666 idolorum
617 4609 892 4679 prohibuit
933 4625 1074 4666 anno
1119 4611 1262 4667 592:
1299 4609 1494 4666 Nullus
1537 4613 1779 4679 omnino,
1825 4631 1889 4669 ea:

1994 3427 2275 3481 pugnasse.
2325 3411 2482 3481 Saepe
2509 3412 2653 3467 enim
2695 3412 2751 3466 fit
2782 3419 2838 3466 ut
2867 3425 3003 3480 opus
3032 3411 3246 3482 aliquod
3273 3427 3304 3466 a
3338 3412 3579 3482 pluribus

1991 3505 2151 3558 modo
2181 3505 2357 3567 citius,
2402 3503 2562 3559 modo
2602 3504 2794 3569 serius,
2829 3502 3134 3568 refellatur;
3184 3497 3293 3575 49
3331 3514 3385 3560 et
3415 3506 3574 3576 Sym-

1990 3597 2168 3651 machi
2199 3598 2410 3663 relatio,
2438 3596 2668 3652 hominis
2695 3607 2819 3652 tunc
2845 3597 3291 3665 eloquentissimi,
3317 3612 3346 3651 a
3373 3597 3578 3665 multis,

1991 3698 2047 3744 ut
2077 3690 2565 3768 probabillssimum
2592 3694 2696 3756 est,
2720 3687 2954 3760 ex'petita
2983 3699 3038 3744 et
3064 3688 3223 3756 lecta,
3243 3691 3416 3745 studia
3445 3703 3582 3761 quo—

1989 3783 2235 3841 rumdam
2265 3769 2332 3839 ad
2367 3784 2526 3840 fidem
2554 3783 2875 3839 catholicam
2907 3782 3334 3854 amplectendam
3367 3775 3585 3840 tardare.

1990 3886 2221 3948 poterat,
2251 3877 2351 3933 nisi
2385 3877 2594 3946 plenius
2625 3892 2782 3947 quam
2821 3877 3020 3932 fecerat
3051 3875 3389 3941 Ambrosius,
3439 3879 3584 3932 refu-

1993 3979 2214 4026 taretur.
2269 3970 2452 4040 itaque
2495 3969 2840 4037 Prudentius,
2888 3979 2946 4025 ut
2992 3984 3091 4039 ego
3137 3969 3388 4038 conjicio,
3441 3986 3585 4025 anno
3618 3971 3632 3994 '

1993 4060 2207 4116 circiter
2226 4060 2333 4115 405
2361 4061 2584 4115 Romam
2615 4059 2928 4124 adveniens,
2959 4066 3013 4114 et
3036 4060 3342 4130 Symmachi
3372 4059 3585 4114 relatio~

1995 4165 2119 4208 nem
2141 4161 2231 4206 aut
2253 4162 2376 4206 tunc
2395 4152 2624 4221 primum
2642 4150 2829 4205 videns
2847 4150 2977 4220 (non
2997 4149 3139 4204 enim
3167 4159 3291 4203 tunc
3315 4149 3583 4203 volumina

1996 4243 2186 4300 eadem
2218 4243 2471 4296 facilitate
2499 4255 2603 4311 qua
2633 4251 2774 4296 nunc
2803 4241 3238 4311 divulgabantur)
3278 4250 3368 4296 aut
3393 4241 3584 4297 obser-

1996 4353 2127 4395 vans
2165 4336 2222 4392 in
2257 4335 2466 4392 deliciis
2507 4333 2787 4404 gentilium
2840 4349 2957 4388 eam
2989 4348 3132 4400 esse,
3179 4341 3236 4389 et
3282 4333 3584 4390 immodicis

1939 4454 1945 4480 ,π
1995 4429 2242 4485 laudibus
2289 4427 2479 4492 evehi,
2529 4427 2985 4496 impugnationem
3026 4437 3309 4496 aggressus
3350 4434 3451 4480 est.
3502 4427 3582 4482 Cl.

1997 4521 2309 4577 Emmanuel
2349 4519 2540 4575 Riscus
2589 4519 2820 4589 aliquem
2872 4533 3075 4573 novum
3123 4525 3372 4574 conatum
3423 4519 3584 4590 Sym-

1997 4614 2171 4671 machi
2197 4612 2434 4670 adfuisse
2471 4610 2597 4668 inde
2629 4605 2866 4682 colligit,
2907 4611 3050 4682 quod
3081 4605 3202 4669 cum
3230 4610 3584 4684 Symmachus

366 4861 444 4932 (a)
481 4859 622 4917 Idem
655 4859 925 4932 Barthius,
963 4858 1058 4914 lib.
1088 4875 1162 4925 v1,
1200 4872 1319 4927 cap.
1341 4859 1415 4932 Α,
1450 4872 1648 4932 nomen
1682 4862 1879 4915 Amreni
1908 4865 1960 4924 ι)
1987 4860 2255 4916 iuvenalis
2283 4860 2520 4915 Ethicus.

291 4929 435 4988 unde
469 4933 695 4987 traxerit
731 4931 990 5000 originem
1024 4932 1293 5000 explicat:
1329 4929 1419 4982 Sic
1445 4930 1880 4986 luculentissimus

288 5004 482 5060 Christi
511 5013 644 5058 vates
677 5001 992 5056 Prudentius
1015 5018 1046 5054 a
1072 5003 1252 5070 priscis
1279 5000 1672 5070 descriptoribus
1699 5003 1882 5058 Amoe-

287 5091 391 5131 nus
441 5074 830 5146 cognominatus
878 5081 981 5138 est,
1024 5073 1143 5146 quia
1192 5072 1416 5146 omnium
1468 5072 1881 5127 Christianorum

233 5189 238 5195 .
287 5142 563 5217 poetarum
591 5148 965 5217 ammnitate__et
1001 5145 1245 5217 varietate
1283 5142 1880 5217 lyricorumcartninum

288 5213 443 5287 longe
467 5220 533 5271 sit
576 5219 832 5286 princeps.
882 5213 1020 5287 Nam
1057 5215 1154 5287 qui
1189 5214 1498 5287 breviarium
1524 5214 1692 5287 illud,
1744 5217 1880 5284 quod

288 5283 504 5345 Animal
547 5283 696 5342 titulo
738 5283 1079 5353 inscribitur,‘
1119 5283 1404 5338 Prudentia
1446 5283 1782 5352 abjudicant,
1845 5288 1881 5340 ii

285 5361 520 5414 homines
558 5359 702 5413 nullo
739 5359 893 5412 modo
933 5358 1057 5411 bene
1095 5357 1295 5428 judicio
1334 5365 1568 5428 utuntur.
1621 5357 1875 5426 Exempla

283 5433 518 5486 aliorum
550 5432 766 5501 profert,
795 5429 886 5499 qui
902 5426 1302 5501 descriptorum
1334 5426 1651 5501 liberalitate
1677 5443 1878 5501 cogno-

285 5504 431 5560 mina
476 5497 840 5569 acceperunt‘,
897 5497 1115 5554 Plautus
1158 5499 1395 5564 Asinius,
1443 5497 1670 5553 Ovidius
1710 5498 1871 5568 Geta,

283 5575 492 5629 Statius
539 5574 848 5643 Aquitinus,
906 5569 1500 5643 Ausoniusrlfazonius,
1564 5569 1874 5643 Propertius

284 5644 501 5713 Nauta,
543 5638 743 5700 Caelius
777 5638 1013 5713 Apitius,
1057 5641 1314 5696 Martialis
1343 5638 1873 5713 C_ocus,_Petronius

282 5709 512 5782 Arbiter,
546 5716 764 5771 Persius
788 5709 1020 5778 Severus,
1052 5713 1340 5769 Sallustius
1361 5709 1628 5774 Liberalis.
1652 5715 1874 5770 Ovidius

286 5787 543 5858 Magnus,
596 5786 927 5858 Claudianus
970 5785 1222 5858 Magnus,
1277 5783 1871 5858 SidoniusﬂModestus,

284 5855 627 5914 Theodosius
645 5856 898 5926 Exiguus,
924 5855 1074 5912 Abba
1095 5855 1343 5924 Cernuus,
1373 5857 1625 5911 Radulfus
1647 5858 1868 5923 Ardent,

283 5932 430 5988 Saxo
455 5930 865 5995 Grammaticus,
883 5927 1142 5997 Sulpitius
1157 5928 1370 5985 Rhetar.
1397 5930 1624 5987 Prosner
1648 5927 1867 5988 Rhetor.

2057 4933 2133 5004 (b)
2156 4932 2374 5006 V'i‘itttlos
2403 4932 2648 5006 diversos
2682 4932 2798 5002 ejus
2827 4934 3068 5006 opusculi
3098 4934 3343 4991 invenies
3372 4949 3490 5006 cap.
3519 4939 3576 5004 li,

1985 5002 2038 5056 in
2067 5002 2224 5057 codd.
2253 5017 2382 5058 mss.
2411 5002 2685 5058 Mariettus
2730 5018 2794 5057 ex
2826 5002 3012 5060 cadica
3047 5006 3164 5061 Vat.
3199 5007 3249 5062 id
3278 5002 3539 5064 exscrihit
3565 5002 3578 5066 ξ

1985 5071 2132 5147 fecit
2181 5075 2315 5126 enim
2366 5075 2553 5147 multos
2598 5075 2772 5147 libros,
2821 5092 3004 5142 unum,
3055 5094 3202 5145 quem
3253 5081 3581 5147 prtetitutarit

1987 5144 2336 5218 QIROCVHEUDJ‘,
2387 5145 2560 5218 id_est
2614 5145 2872 5213 duplicem
2917 5144 3262 5218 refectionem
3292 5167 3473 5202 vocans
3519 5152 3578 5202 ds

1992 5213 2160 5290 Veteri
2192 5224 2236 5268 et
2262 5213 2411 5290 Novo
2437 5214 2782 5282 Testamento,
2806 5228 2856 5271 et
2883 5213 3040 5284 alios,
3064 5235 3191 5285 quos
3217 5235 3324 5290 prie
3347 5237 3463 5272 man
3489 5221 3579 5272 bus

1985 5286 2334 5372 habentis-spei
2371 5290 2684 5372 perscrutari
2711 5291 2901 5372 placet.
2931 5290 3152 5372 _flonl‘er
3182 5286 3395 5344 nostros
3426 5305 3571 5343 com-

1988 5359 2282 5430 tneutarios
2312 5359 2363 5412 in
2395 5359 2603 5430 titulum
2631 5359 2790 5430 hujus
2817 5360 3016 5429 Operls.

2059 5428 2133 5500 (c)
2159 5429 2422 5495 Quoniam
2463 5428 2825 5486 TlleodOSialti
2856 5428 3066 5486 codicis
3109 5432 3312 5484 mentio
3358 5429 3572 5500 incidit,

1987 5500 2370 5572 non_ditl‘eram
2401 5516 2650 5567 monere,
2697 5500 2859 5572 paulo
2889 5511 3013 5555 ante
3043 5516 3194 5555 num.
3218 5501 3310 5572 50,
3358 5517 3480 5555 cum
3512 5519 3575 5558 ex

1985 5583 2050 5643 eo
2079 5570 2187 5627 duo
2215 5581 2395 5629 essent
2425 5570 2924 5643 praesides—Bwticae
2951 5570 3289 5643 recensendi,
3316 5574 3574 5643 omissum

1984 5640 2148 5698 fuisse
2194 5640 2443 5699 alterum.
2496 5641 2804 5712 Legendum
2845 5657 3010 5711 ergo:
3063 5641 3324 5698 Prtesides
3374 5642 3580 5698 Βίειίοω

1985 5725 2147 5781 erant,
2169 5716 2386 5770 incertus
2406 5732 2540 5770 anno
2562 5717 2684 5777 ⁸524,
2710 5713 2778 5766 ad
2800 5729 2950 5782 quem
2973 5712 3097 5768 data
3117 5715 3200 5769 lex
3223 5713 3246 5768 l
3276 5715 3339 5769 de
3361 5715 3578 5769 distralt.

1988 5783 2184 5859 Pign.,
2211 5784 2817 5859 EgnatiusFaustinus,
2858 5784 2929 5839 ad
2960 5800 3112 5859 quem
3147 5786 3278 5842 data
3309 5802 3448 5842 anno
3473 5787 3579 5843 557

1981 5855 2067 5911 lea:
2089 5855 2124 5908 2
2152 5858 2216 5913 de
2241 5855 2395 5912 distr.
2423 5855 2546 5928 Pig.
