4142 6350
331 378 435 434 655

1678 374 2210 431 PROLEGOMENA.

3495 380 3596 435 634

331 493 749 564 Psychamarhia.
786 494 1030 564 Ejusdem
1059 495 1443 562 Hainartigenia
1472 502 1649 545 contra
1678 491 1905 546 Marcio-
1936 494 1983 551 A
2083 493 2170 547 87.
2217 493 2470 563 Sequitur
2502 496 2551 548 in
2578 496 2765 549 eodem
2790 496 2994 560 codice,
3030 510 3145 563 pag.
3179 494 3238 550 8|
3283 512 3293 547 :
3328 491 3598 548 Prudentii

330 585 484 639 nitas.
516 585 570 637 In
602 584 727 638 bibl.
759 585 965 655 collegii
994 585 1089 641 SS.
1123 586 1397 639 Trinitatis
1425 584 1562 650 apud
1583 582 1864 637 Dublinum
1891 600 1904 635 :

329 677 524 730 Aurelii
555 676 821 731 Prudentii
851 678 902 731 in
944 689 1212 749 utrumque
1253 677 1630 731 Testamentum
1661 674 1911 729 Tetrasti-

329 768 447 823 clia.
479 767 603 822 Hazc
632 779 758 822 sunt
774 785 892 839 qua:
923 786 989 823 ex
1022 769 1410 823 Montlaucouio
1436 766 1703 835 excerpsi,
1733 766 1787 818 iu
1813 781 1906 819 cu-

328 859 412 927 jus
442 858 614 912 iudice
643 861 1057 931 iterum’moneo
1085 861 1185 914 sub
1208 860 1364 913 unius
1392 858 1665 913 Prudentii
1696 857 1909 911 nomine

331 957 613 1017 utrumque
661 949 1045 1015 Prudentium,
1093 950 1413 1005 Trecensem
1463 950 1807 1017 episcopum,
1858 954 1912 999 et

330 1045 469 1095 hunc
493 1049 731 1095 nostrum
758 1041 1030 1095 Aurelium
1052 1040 1454 1107 comprehendi.
1477 1039 1748 1093 Prudentii
1777 1038 1908 1091 Tre-

326 1133 502 1186 censis
532 1147 688 1197 opus,
722 1132 985 1200 Prtecepta
1026 1149 1090 1187 ea:
1127 1132 1297 1186 Veteri
1336 1143 1381 1185 et
1415 1130 1562 1185 Novo
1589 1128 1910 1183 Testamento

329 1242 421 1290 pro
449 1226 771 1291 ordinandis,
805 1226 944 1295 quod
996 1225 1160 1279 semel
1192 1233 1247 1277 et
1275 1225 1464 1278 iterum
1497 1223 1725 1277 occurrit
1771 1221 1908 1288 apud

328 1316 798 1380 Montl'.iocunium,
829 1316 1256 1378 distinguendum
1296 1324 1380 1368 est
1422 1314 1490 1367 ab
1538 1312 1741 1368 Aurelii
1773 1312 1908 1365 Piu-

326 1406 490 1462 deutii
534 1406 856 1460 Tetrastichis
884 1408 947 1460 de
979 1406 1146 1461 Veteri
1164 1419 1212 1461 et
1246 1406 1392 1459 Novo
1425 1404 1758 1459 Testamento.

394 1497 482 1550 85.
532 1497 763 1565 Angelus
794 1498 865 1551 Μ.
902 1497 1189 1550 Bandinius
1220 1498 1271 1549 iu
1304 1498 1546 1565 catalogo
1577 1494 1737 1549 codd.
1778 1511 1907 1550 mss.

327 1587 569 1642 hiblioth.
628 1586 785 1641 Laur.
842 1585 1077 1639 Floreat.
1131 1585 1302 1655 magis
1353 1586 1585 1638 dilucide
1639 1587 1909 1653 magisque

325 1678 578 1732 distincte
605 1692 767 1745 Opera
798 1677 1072 1732 Prudentii
1122 1689 1385 1740 recenset,
1422 1694 1485 1730 ex
1513 1693 1619 1747 quo
1671 1678 1784 1731 lia'c
1812 1679 1908 1731 de-

331 1786 541 1838 promo.
572 1754 730 1823 'I‘om.
766 1770 804 1833 l,
838 1770 941 1823 col.
972 1771 1075 1824 720
1103 1779 1158 1824 et
1197 1785 1347 1838 seqq.
1392 1772 1530 1835 l‘lut.
1562 1772 1652 1834 ‘25,
1685 1771 1806 1824 cod.
1843 1773 1910 1825 15

2013 586 2137 638 liber
2166 585 2460 639 Ditrorheus
2478 629 2490 650 ,
2523 590 2609 656 qui
2632 589 2918 641 continetur
2946 588 2999 639 in
3025 586 3207 639 Titulis
3230 586 3553 638 historiarum
3576 601 3598 640 :

2004 678 2064 753 in
2102 675 2424 730 editionilms
2454 678 2749 745 appellatur
2794 677 3105 747 Diptyrhon.
3159 678 3281 745 Pag.
3316 677 3382 731 86
3408 718 3421 738 .
3466 676 3597 729 liber

2014 769 2312 838 Apotheosis
2338 769 2594 823 advenas
2619 772 2867 830 hmreses,
2896 771 2975 821 cui
3012 770 3312 836 procedunt
3338 769 3443 822 duo
3470 784 3596 834 pro-

2013 858 2114 926 logi
2152 877 2166 913 :
2198 858 2252 910 l"
2279 874 2398 911 cum
2434 860 2606 923 titulo,
2653 860 2832 910 Versus
2863 859 2926 910 de
2958 858 3016 913 S.
3052 859 3331 921 Trinitate;
3361 859 3417 912 2'
3446 857 3597 912 Inve-

2012 951 2140 1000 ctiva
2182 959 2359 1001 contra
2392 966 2561 1001 omnes
2596 949 2829 1002 ha'reses.
2880 950 2932 1003 In
2968 950 3153 1002 codice
3194 950 3331 1002 nulla
3365 951 3595 1018 capitum

2012 1040 2203 1092 divisio
2233 1042 2323 1101 lit,
2354 1042 2446 1095 sed
2478 1049 2678 1092 tantum
2706 1040 2768 1092 ad
2803 1050 2955 1106 caput
2977 1042 3128 1115 ‘quod
3174 1041 3224 1093 in
3253 1036 3489 1094 editione
3519 1043 3599 1094 in-

2013 1130 2266 1184 scribitur
2296 1146 2310 1181 :
2346 1130 2599 1183 Adversus
2633 1130 3099 1196 Phantosmaticos,
3134 1132 3219 1184 hic
3250 1132 3432 1185 titulus
3463 1132 3596 1197 logi-

2016 1234 2100 1275 tur
2132 1240 2145 1275 :
2176 1223 2398 1289 Explicit
2426 1224 2722 1291 Apotheosis
2747 1234 2921 1275 contra
2950 1240 3118 1276 omnes
3141 1225 3374 1276 hmreses.
3411 1223 3597 1291 Incipit

2013 1328 2191 1368 contra
2217 1316 2550 1370 .llaniclta'os.
2583 1317 2706 1383 Pag.
2746 1317 2879 1371 106:
2917 1316 3166 1369 Adrersus
3194 1317 3597 1379 blasphemantes

2014 1409 2141 1460 duos
2171 1409 2291 1461 deos
2312 1426 2437 1471 esse,
2464 1424 2556 1462 seu
2584 1410 2779 1476 potius,
2812 1418 2867 1461 ut
2894 1409 3198 1461 inscribitur
3224 1408 3274 1460 in
3301 1408 3455 1470 cdit.,
3488 1408 3596 1459 lla-

2015 1502 2312 1571 martigenia
2343 1516 2462 1553 cum
2497 1502 2733 1568 prologo.
2764 1502 2847 1553 cui
2878 1502 3059 1555 titulus
3095 1518 3106 1551 :
3138 1498 3389 1570 Prologus
3411 1500 3595 1552 adver-

2012 1609 2100 1645 sus
2134 1590 2487 1645 Marcionitas.

2083 1685 2188 1754 72
2230 1685 2315 1738 88.
2364 1683 2487 1749 l‘ag.
2522 1683 2637 1737 lit.
2672 1684 2724 1735 lu
2756 1683 3135 1753 Symmachum
3168 1683 3288 1738 liln'i
3320 1683 3444 1745 duo,
3476 1702 3594 1739 cum

2017 1775 2238 1841 prologo
2290 1775 2342 1826 in
2394 1775 2654 1841 singulos.
2707 1773 2915 1825 “elatio
2965 1773 3270 1842 Symmachi
3319 1776 3369 1828 in
3415 1777 3596 1829 codicce

331 1862 714 1925 membranae,
746 1860 928 1915 iu-lol.
961 1862 1143 1916 saeculi
1180 1876 1264 1925 xv,
1311 1861 1640 1915 uitidissimis
1668 1877 1785 1913 cum
1816 1863 1912 1913 ini-
1946 1866 1990 1924 Β
2018 1864 2234 1918 al'l‘ertur
2257 1864 2423 1917 divisa
2456 1865 2505 1917 in
2536 1865 2727 1931 capita,
2759 1879 2849 1917 seu
2881 1866 3143 1917 scelioues
3174 1865 3292 1917 libri
3322 1881 3377 1918 ιι.
3409 1867 3461 1917 ln
3496 1868 3596 1918 line

334 1953 548 2006 tialilnis
579 1953 833 2005 librorum
862 1952 1052 2005 litteris
1081 1953 1280 2015 aureis,
1316 1952 1367 2006 in
1393 1968 1500 2021 quo
1520 1953 1775 2021 plurimas
1807 1969 1909 2006 non

328 2043 460 2096 levis
486 2043 737 2095 momenti
762 2042 1017 2095 lectiones
1045 2042 1347 2097 observavit
1378 2042 1685 2111 Bandiuius,
1711 2044 1777 2095 ab
1799 2044 1906 2095 edi.

325 2133 558 2186 tionibus
582 2133 684 2186 illis
705 2148 834 2200 quas
860 2148 967 2199 pra:
991 2133 1234 2186 manibus
1257 2133 1440 2186 habuit
1462 2134 1913 2188 variantes.’l‘itu—

323 2225 405 2278 lus
432 2234 516 2278 est
548 2241 561 2276 :
590 2224 859 2278 Prudentii
886 2223 1161 2278 Christiani
1189 2226 1441 2281 carmina.
1485 2226 1797 2279 Addendum
1829 2238 1909 2279 est

324 2300 503 2369 tamen
530 2332 543 2368 :
576 2315 636 2368 C.
690 2315 863 2381 Vectii,
896 2315 1134 2380 Jurenci,
1169 2316 1349 2371 Proba:
1376 2316 1636 2373 Falconia?
1656 2364 1669 2385 ,
1707 2320 1910 2374 Sedulii

319 2416 367 2458 et
398 2407 629 2459 Aratoris
659 2407 889 2461 carmina
916 2406 1009 2477 (a).

394 2498 498 2568 71
539 2498 629 2551 86.
671 2498 727 2550 In
775 2500 879 2552 hoc
916 2499 1100 2553 codice
1136 2508 1254 2566 post
1310 2499 1367 2552 S.
1401 2500 1621 2567 Agnetis
1650 2498 1904 2569 hymnum

319 2603 681 2645 annecluutur
702 2606 887 2645 versus
914 2591 1300 2659 Constantina},
1328 2592 1660 2647 Constantini
1690 2594 1828 2655 lilim,
1859 2593 1909 2644 in

321 2682 583 2736 honorem
614 2682 672 2738 S.
707 2684 946 2752 Ago-eis,
974 2694 1026 2737 et
1057 2699 1243 2738 versus
1273 2685 1332 2741 S.
1364 2686 1571 2740 Damasi
1599 2686 1665 2738 de
1695 2688 1905 2748 eadem,

317 2778 409 2845 q'ti
443 2778 701 2847 incipiunt
730 2778 780 2831 in
810 2792 930 2841 ms.,
991 2776 1156 2831 Fama
1184 2783 1337 2848 refert
1373 2792 1575 2834 sanctos
1603 2782 1795 2833 dudum
1833 2799 1912 2833 νιν-

316 2870 459 2934 gulis
488 2879 801 2940 reparantes.
834 2870 1055 2924 Exstant
1086 2872 1294 2936 utrique
1326 2872 1375 2924 in
1406 2874 1535 2926 edit.
1570 2872 1737 2925 Paris.
1775 2873 1907 2926 Bilil.

316 2962 424 3016 SS.
460 2961 559 3015 PP.
591 2978 676 3016 an.
731 2962 867 3016 l6“
896 3001 912 3025 ,
962 2963 1050 3016 ubi
1096 2977 1281 3017 versus
1321 2965 1379 3018 S.
1414 2964 1624 3017 Damasi
1658 2966 1861 3032 primus
1895 2984 1906 3017 :

322 3053 494 3106 Fama
528 3060 681 3124 refert
715 3064 914 3109 sanctos
952 3056 1147 3109 dudum
1176 3058 1404 3126 genuisse
1432 3068 1681 3128 parentes.
1718 3059 1769 3109 In
1799 3061 1911 3111 edi-

320 3147 473 3199 tione
500 3146 874 3201 desiderautur
904 3147 1012 3201 duo
1044 3162 1228 3219 versus
1256 3147 1619 3202 Constantina:
1650 3166 1661 3200 :

390 3258 576 3307 Nomen
606 3260 761 3307 adlmc
788 3259 1033 3323 referens,
1060 3267 1108 3308 et
1134 3273 1326 3321 corpus,
1353 3269 1404 3308 et
1425 3262 1583 3308 omnia
1606 3263 1751 3308 mem!
1774 3275 1843 3319 ra,

390 3325 431 3369 Δ
453 3324 624 3369 mortis
648 3322 868 3370 tenebris
893 3331 945 3373 et
967 3322 1090 3370 caeca
1116 3331 1260 3371 nocte
1279 3323 1461 3379 levata,

314 3427 411 3494 qui
446 3426 691 3494 leguntur
728 3426 782 3479 in
818 3428 1001 3481 codice
1032 3440 1151 3492 post
1182 3443 1427 3488 versum,
1471 3425 1719 3479 Invictum
1750 3429 1910 3490 solus,

315 3527 429 3571 etc.
469 3517 598 3586 (cori
618 3517 701 3584 ige
729 3515 955 3570 Invictus
981 3518 1152 3587 uelo).
1197 3520 1487 3582 Utrumque
1520 3518 1617 3571 hoc
1646 3522 1909 3587 ep'graut-

316 3622 407 3659 ma
460 3607 512 3659 in
556 3607 791 3661 editione
839 3607 1045 3661 Weitzii
1087 3616 1261 3662 exstat
1309 3610 1448 3663 inter
1493 3610 1697 3677 glossas
1745 3610 1912 3663 lsouis

315 3696 561 3765 magistri
585 3711 651 3751 ex
682 3697 866 3751 codice
894 3697 1069 3751 Caroli
1103 3697 1390 3761 Widmani,
1419 3714 1525 3765 qtto
1556 3699 1673 3752 loco
1700 3700 1909 3752 anulis

314 3789 656 3843 exscribetur
684 3804 803 3842 cum
841 3789 1096 3845 varietate
1126 3791 1410 3844 lectionum
1441 3807 1504 3843 ex
1537 3790 1720 3844 codice
1749 3792 1911 3845 eolle-

312 3879 391 3949 gii
436 3880 699 3943 Romani,
741 3881 808 3935 de
852 3896 959 3948 quo
1005 3896 1152 3934 num.
1186 3883 1252 3936 76
1283 3882 1418 3937 dixi.
1470 3882 1780 3950 Quanquam
1816 3883 1911 3936 has

312 3973 558 4040 aliasque
605 3982 811 4027 Veteres
840 3971 1166 4027 Christianas
1208 3974 1580 4041 inscriptiones
1618 3974 1820 4041 judicio
1857 3984 1911 4029 ct

310 4065 562 4118 doctrina
583 4104 601 4130 ,
631 4080 731 4131 qua
762 4065 1013 4133 prmditus
1050 4073 1163 4132 est,
1192 4064 1478 4133 singulari,
1520 4066 1659 4134 typis
1690 4066 1907 4133 vulgare

312 4176 345 4205 ει
396 4171 457 4209 se
504 4154 795 4209 illustratas
841 4156 948 4223 jam
998 4155 1197 4209 dudum
1250 4165 1467 4223 apparat
1514 4157 1584 4209 cl.
1624 4154 1907 4223 Cajetauus

312 4248 612 4311 Mariuius,
648 4246 930 4314 przelectus
972 4247 1234 4300 talmlario
1283 4246 1399 4300 Vat.
1423 4289 1436 4308 ,
1468 4248 1555 4315 qui
1601 4248 1659 4301 S.
1696 4248 1903 4300 Damasi

308 4339 556 4392 carmina
599 4340 739 4393 inter
780 4353 871 4393 eas
912 4334 1284 4407 inscriptiones
1328 4339 1604 4393 collocabit
1634 4380 1648 4403 ,
1681 4354 1905 4407 quortun

312 4432 572 4501 pleraque
599 4432 650 4484 in
677 4448 795 4485 eum
829 4448 979 4485 usum
1026 4434 1154 4485 facta
1193 4442 1247 4485 et
1295 4433 1527 4485 adhibita
1563 4432 1721 4486 fuisse
1747 4448 1906 4497 expe-

311 4525 509 4577 rientia
548 4534 877 4593 compertum
908 4535 1027 4586 est;
1080 4526 1147 4578 de
1178 4525 1396 4592 reliquis
1428 4534 1635 4591 tetupus
1679 4523 1906 4577 fortasse

308 4630 471 4682 atque
500 4618 675 4668 certo’s
705 4630 800 4667 nos
840 4614 1045 4668 reddet.

390 4774 465 4832 (ἀ)
496 4772 619 4841 l‘ag.
653 4774 677 4827 l
708 4772 905 4825 codicis
940 4789 951 4822 :
992 4771 1252 4841 I’ruden‘ii
1282 4770 1560 4825 Christiani
1592 4781 1751 4838 poeta:
1778 4787 1894 4823 car—

306 4843 512 4895 minum
547 4840 819 4909 lyricorum
848 4841 990 4894 liber.
1040 4840 1266 4895 Carmen
1302 4844 1323 4895 l
1372 4859 1385 4892 :
1434 4841 1531 4895 Per
1560 4842 1899 4907 quinquennia

307 4919 428 4988 jam
457 4914 645 4988 decem,
700 4928 816 4988 qum
843 4922 942 4988 est
965 4913 1266 4988 _rirmla_tjo_,
1307 4920 1385 4988 ιιι⁸
1415 4911 1488 4988 in_
1514 4912 1748 4988 editione
1776 4926 1895 4963 cum

309 4981 462 5035 imtis
489 4982 854 5046 Christophori
887 4981 1098 5034 Cellztt‘ii
1150 4982 1294 5035 llalzc
1338 4981 1757 5048 Magdeburgicze
1806 4996 1893 5031 an.

310 5053 485 5109 1705.
517 5053 644 5105 iii-8.
676 5053 727 5103 lo
776 5052 1013 5117 margine
1040 5051 1234 5104 codicis
1281 5053 1431 5103 metri
1479 5067 1647 5117 genus
1690 5052 1898 5104 rubrica

307 5120 660 5175 deserihitur.
699 5122 822 5183 Pag.
851 5123 921 5175 9.5
952 5131 1005 5173 et
1034 5136 1183 5187 seqq.
1217 5122 1305 5172 alii
1356 5122 1533 5187 hymni
1562 5122 1678 5173 sine
1722 5120 1893 5182 titulo,

307 5194 408 5257 qui
441 5192 507 5243 ab
539 5193 725 5244 librum
762 5192 1185 5253 Pcristeplianwn
1218 5190 1507 5257 pertinent,
1541 5191 1642 5243 hoc
1671 5190 1899 5244 ordine:

314 5265 534 5315 l’rimus
556 5277 671 5314 sine
696 5262 865 5325 titulo,
889 5262 974 5329 qui
994 5264 1043 5311 iu
1063 5262 1245 5312 eadem
1264 5261 1494 5312 editione
1516 5270 1599 5313 est
1613 5261 1770 5329 etiam
1797 5264 1899 5322 pri-

311 5348 443 5385 mus
466 5340 519 5385 et
547 5332 852 5384 inscribitur
883 5328 1105 5384 εῬιὶεειο
1132 5330 1337 5381 Emetrit
1360 5329 1609 5397 (corrige.
1641 5328 1902 5391 Emeterii,

308 5414 407 5452 out
447 5400 738 5467 llemrterii)
768 5412 813 5453 et
835 5400 1140 5453 Chelidonii.
1161 5403 1457 5459 Secundus,
1482 5404 1569 5465 qui
1594 5398 1646 5452 in
1669 5398 1904 5452 editione

310 5481 407 5524 est
438 5474 671 5536 quintus,
709 5471 885 5523 Passio
909 5472 967 5523 S.
1010 5468 1255 5521 Vincentii
1290 5472 1548 5537 martyris.
1575 5468 1786 5522 Tertius
1817 5474 1902 5521 «:ui

309 5543 379 5594 in
402 5542 638 5594 editione
655 5552 735 5594 est
758 5542 1041 5601 secundus,
1076 5539 1254 5592 Passio
1278 5540 1336 5603 S.
1364 5538 1623 5590 Laurentii
1646 5539 1903 5607 martyris.

308 5612 576 5677 Quartus,
605 5614 692 5675 qui
721 5612 767 5663 in
787 5612 1016 5663 editione
1038 5620 1115 5663 est
1139 5610 1469 5667 undecimus,
1491 5608 1671 5660 Passio
1688 5610 1748 5660 S.
1779 5611 1912 5673 lli}:-

309 5680 793 5749 polytipresbyteri.
813 5683 1054 5746 Quintus,
1071 5680 1156 5744 qui
1174 5682 1221 5731 iu
1238 5680 1552 5733 cditioueest
1570 5680 1908 5741 tredecimus,

318 5748 517 5820 Passio
561 5751 620 5804 S.
653 5752 892 5820 Cypriani
913 5755 1177 5820 martyris.
1214 5752 1406 5802 Sextus
1453 5750 1538 5815 qui
1590 5748 1640 5800 in
1678 5749 1911 5820 editione

308 5827 415 5873 cst
457 5816 843 5884 tluodci‘iuitts,
903 5816 1079 5871 Passio
1131 5820 1233 5871 SS.
1279 5822 1625 5887 apostolorum
1682 5816 1819 5871 Petri
1866 5834 1910 5871 ct

2021 1957 2212 2025 legitur
2243 1959 2356 2009 huic
2396 1955 2713 2022 subscriptio
2745 1954 2917 2008 rubris
2947 1955 3135 2007 litteris
3170 1971 3182 2007 :
3221 1954 3441 2021 Explicit
3473 1955 3597 2007 liber

2015 2050 2268 2100 secundus
2304 2059 2480 2099 contra
2512 2046 2877 2115 Symmachum
2909 2048 2970 2096 de
3004 2047 3311 2099 restituenda
3338 2062 3446 2099 ara.
3494 2046 3597 2098 Dea

2015 2154 2210 2201 semper
2277 2140 2486 2203 gratias.
2570 2137 2832 2206 Scriptum
2906 2134 3179 2190 Florentia'
3231 2154 3367 2189 anno
3420 2139 3597 2191 salutis

2017 2243 2387 2281 uccccnxxxtx
2416 2269 2430 2291 ,
2473 2237 2517 2281 et
2562 2228 2643 2281 die
2682 2242 2806 2281 xxiv
2849 2229 3033 2279 mensis
3076 2226 3397 2283 Novembris.
3442 2228 3594 2293 Laus,

2016 2318 2201 2379 honor,
2232 2321 2501 2385 imperium
2523 2329 2569 2372 et
2590 2321 2754 2389 gloria
2778 2319 2840 2371 sit
2862 2320 3191 2383 omnipotenti
3216 2318 3339 2373 Iesu
3373 2319 3593 2383 Christo,

2014 2415 2225 2479 ejusque
2258 2412 2409 2464 alnus
2435 2412 2668 2480 genitrici
2694 2426 2888 2481 semper
2916 2410 3095 2479 uirg’ni
3134 2410 3318 2464 Maria:
3344 2428 3431 2477 per
3474 2415 3595 2481 inﬁ-

2017 2503 2122 2553 nita
2147 2501 2449 2555 srecnlorum
2478 2502 2684 2556 sarcula.
2717 2502 2959 2555 Omnium
2990 2518 3155 2554 rerum
3181 2502 3472 2557 vicissitudo
3504 2515 3595 2559 est.

2020 2595 2308 2648 Bandinitis
2330 2610 2426 2663 pro
2452 2605 2601 2649 certo
2632 2594 2793 2648 habet
2820 2595 2959 2646 hunc
2984 2593 3222 2646 codicem
3253 2610 3316 2647 ex
3349 2598 3595 2649 vetustis-

2016 2693 2153 2740 simo
2186 2690 2365 2757 aliquo
2400 2695 2455 2741 et
2496 2686 2702 2755 Optimo
2733 2688 3023 2753 exemplari
3054 2687 3215 2741 fuisse
3251 2688 3594 2751 desciiptunv.

2022 2779 2150 2831 Vide
2179 2789 2355 2831 notam
2388 2779 2437 2842 b,
2469 2794 2589 2849 pag.
2619 2778 2710 2843 66,
2742 2795 2887 2833 num.
2922 2781 2988 2835 79
3012 2781 3146 2851 (Col.
3177 2781 3301 2845 629,
3331 2796 3385 2833 γι.
3418 2777 3493 2845 lo).

2089 2874 2176 2923 tt).
2220 2871 2389 2924 Τοιηο
2421 2870 2459 2923 ll
2490 2870 2730 2939 ejusdem
2761 2873 3017 2941 catalogi,
3043 2872 3291 2927 columna
3327 2870 3448 2934 166,
3482 2870 3598 2923 l’lu-

2018 2972 2104 3015 teo
2137 2977 2293 3014 xxxiv
2344 2961 2512 3015 codex
2548 2961 2587 3014 ι
2614 2962 2754 3017 Petri
2786 2962 2973 3017 Criniti
3009 2980 3165 3018 manu
3204 2964 3297 3017 sed
3325 2962 3600 3017 celerrima

2016 3054 2338 3122 descriptus,
2370 3055 2455 3107 ubi
2484 3070 2600 3124 pag.
2624 3056 2696 3110 26
2718 3058 2956 3124 sequitur
2983 3058 3082 3110 alia
3114 3074 3268 3111 manu
3299 3076 3311 3109 :
3342 3055 3417 3109 Μ.
3444 3058 3602 3109 Aure-

2018 3146 2075 3197 lii
2123 3145 2388 3198 Prudentii
2434 3147 2705 3201 Clementis
2748 3147 3179 3214 Cathemerinon,
3228 3150 3433 3203 scilicet
3469 3163 3602 3215 pra--

1938 3235 1982 3294 C
2020 3237 2146 3289 latio
2171 3242 2347 3303 operis
2365 3278 2380 3301 ,
2405 3247 2459 3290 et
2480 3252 2569 3290 sex
2597 3246 2880 3305 sequentes
2903 3238 3084 3306 hymni
3110 3254 3275 3305 usque
3298 3240 3360 3290 ad
3388 3254 3599 3291 versum

2029 3330 2307 3399 Variasque
2348 3345 2435 3394 per
2470 3331 2693 3399 ﬁguras,
2732 3330 2819 3395 qui
2865 3339 2946 3382 est
2972 3346 3113 3382 vers.
3155 3330 3215 3383 51
3254 3330 3433 3399 hymni
3465 3331 3602 3381 Aulo

2014 3436 2281 3475 Somnum.
2331 3421 2622 3474 Bandinius
2668 3421 2720 3473 in
2776 3421 2884 3476 ind.
2927 3421 3086 3474 catal.
3122 3431 3329 3489 poetam
3362 3433 3601 3474 nostrum

2022 3522 2174 3566 vocat
2207 3513 2283 3568 Μ.
2324 3513 2586 3565 Aurelium
2630 3511 2969 3565 Prudentium
3000 3510 3336 3576 Clementem,
3378 3512 3601 3564 fortasse

2015 3609 2333 3662 auctoritate
2370 3607 2535 3675 hujus
2562 3607 2762 3661 codicis
2807 3617 3106 3674 permotus,
3150 3618 3205 3661 et
3243 3610 3361 3676 quia
3397 3624 3600 3676 praeno-

2016 3716 2137 3752 men
2179 3698 2389 3752 Marcus
2433 3699 2563 3752 satis
2593 3714 2877 3752 connnuue
2909 3708 3021 3751 erat
3052 3698 3103 3751 in
3137 3699 3332 3751 familia
3362 3699 3601 3752 Aurelim

2006 3807 2149 3845 rum.
2173 3791 2301 3845 Vide
2320 3805 2467 3843 num.
2496 3788 2586 3844 41.
2616 3789 2748 3843 lhid.
2773 3790 2878 3843 col.
2897 3791 3021 3851 7U,
3049 3790 3229 3842 Pluteo
3247 3804 3330 3843 xei
3353 3789 3597 3844 bililiotli.

2011 3884 2297 3937 (:addianze
2321 3882 2443 3936 cod.
2469 3898 2539 3936 IV.
2572 3881 2934 3947 Eucliiridium
2960 3881 3087 3934 Novi
3111 3891 3164 3935 et
3186 3881 3395 3935 Veteris
3416 3882 3599 3935 Te.~ta-

2011 3977 2170 4028 menti
2195 3974 2633 4042 anepigrapbutn,
2654 3984 2707 4025 ut
2732 3975 2780 4025 in
2806 3972 2844 4025 Β
2868 3972 2936 4024 bl.
2965 3972 3058 4026 SS.
3088 3972 3213 4031 Pl‘..
3243 3974 3410 4024 Paris.
3438 3971 3594 4026 l6“.

2010 4065 2189 4117 Codex
2216 4066 2451 4119 chartae.
2484 4063 2794 4123 mendosus,
2825 4062 3003 4114 SiBCIIIl
3035 4077 3119 4115 xv.
3152 4062 3311 4123 lbid.,
3345 4064 3460 4114 sine
3485 4063 3590 4115 ull)

2012 4156 2165 4207 titulo
2216 4152 2662 4222 Psychomachia,
2713 4158 2771 4203 ut
2809 4151 2860 4203 in
2905 4151 3091 4203 eadem
3144 4151 3386 4204 biblioth.
3420 4151 3521 4202 PP.

2080 4244 2168 4299 90.
2212 4243 2267 4296 in
2316 4241 2559 4307 catalogo
2606 4241 2763 4293 codd.
2803 4255 2931 4293 mss.
2973 4240 3215 4294 biblioth.
3267 4239 3596 4294 Ricardiaua:

2013 4336 2245 4389 Floreut.
2298 4335 2348 4387 id
2398 4342 2597 4386 tantum
2643 4335 2870 4400 reperio.
2912 4333 3038 4400 Pag.
3083 4332 3223 4386 530:
3256 4330 3589 4396 Prudentius,

2008 4430 2371 4496 epigrammata
2397 4438 2565 4478 sacra.
2606 4424 2670 4475 M.
2696 4437 2765 4484 iv,
2793 4422 2958 4475 codex
2980 4423 3240 4485 chartae,
3271 4420 3407 4482 in-tl,
3438 4436 3587 4474 nutu.

2010 4537 2075 4575 xx
2098 4528 2151 4573 τι
2175 4534 2318 4572 num.
2353 4532 2540 4571 xxxm.
2564 4516 2632 4570 M.
2652 4532 2707 4581 ιι,
2731 4516 2900 4570 codex
2923 4516 3255 4582 chartaceus,
3284 4514 3416 4578 iii-4,
3442 4532 3587 4568 num.

1931 4603 1974 4660 Ι)
2004 4628 2115 4666 snt.
2164 4612 2361 4664 Auctor
2413 4608 2566 4675 hujus
2615 4608 2805 4661 indicis
2841 4623 2933 4661 seu
2974 4606 3197 4674 catalogi
3239 4614 3321 4659 est
3358 4605 3592 4660 Joannes

2006 4768 2176 4823 Pauli.
2207 4769 2496 4832 Septimus,
2530 4766 2618 4834 qui
2644 4766 2694 4818 in
2725 4765 2960 4817 editione
2988 4773 3069 4817 est
3114 4771 3354 4829 quartus.
3408 4761 3591 4817 Passio

2004 4839 2111 4893 SS.
2136 4838 2409 4891 octodecim
2428 4848 2703 4903 martyrum
2718 4834 3307 4903 (.‘wsaraugustanorum.
3333 4834 3585 4903 Octavus,

2003 4912 2089 4976 qui
2126 4909 2174 4960 in
2214 4908 2450 4961 editione
2475 4901 3067 4976 (εῐιιιιτιιίιιειιεςιιιιιις,
3102 4901 3284 4976 Passio
3315 4906 3374 4957 S.
3414 4901 3589 4976 firgi-

2005 4971 2082 5030 nis
2112 4978 2332 5045 Agnetis.
2360 4976 2562 5036 Nouus,
2595 4975 2684 5041 qui
2718 4976 2767 5026 in
2796 4974 3029 5045 editione
3056 4984 3138 5027 est
3168 4974 3372 5045 tertius,
3394 4971 3586 5045 Passio

2006 5049 2065 5100 S.
2098 5042 2318 5099 Eulalia:
2344 5047 2572 5113 virginis,
2600 5057 2645 5096 et
2671 5047 2926 5113 martyris.
2962 5043 3224 5113 Decimus,
3257 5042 3342 5110 qui
3390 5044 3438 5094 iu
3474 5046 3583 5094 edi-

2008 5119 2150 5170 tione
2181 5129 2261 5169 est
2307 5112 2511 5173 sextius,
2556 5113 2734 5166 Passio
2775 5112 2833 5169 S.
2888 5113 3161 5166 Fructuosi
3190 5112 3585 5165 Tarraconensis

2008 5186 2253 5253 episcopi,
2277 5197 2324 5237 et
2354 5188 2623 5237 sociorum.
2654 5183 2995 5244 Undecimus,
3025 5187 3109 5251 qui
3146 5186 3194 5233 in
3239 5184 3472 5234 editione
3502 5192 3583 5253 est

2008 5259 2298 5324 septimus,
2329 5254 2567 5325 Hymnus
2588 5257 2639 5307 in
2674 5254 2921 5308 honorem
2966 5255 3025 5306 S.
3075 5253 3275 5316 Quirini
3299 5252 3579 5325 _mar_tyris.

2012 5319 2507 5391 Duodecimusfqui
2562 5327 2611 5376 in
2644 5326 2877 5378 editione
2918 5335 2999 5376 est.
3046 5337 3235 5383 minus,
3287 5319 3470 5372 Passio
3520 5320 3578 5371 S.

2011 5395 2241 5449 Cassiani
2266 5400 2522 5464 martyris.
2549 5397 2651 5445 'l're
2674 5397 2912 5455 let-imus,
2938 5394 3024 5464 qui
3054 5394 3101 5464 in
3133 5391 3364 5443 editione
3387 5398 3467 5441 est
3492 5405 3584 5439 ou-

2012 5478 2183 5526 tavus,
2215 5462 2412 5518 Versus
2430 5466 2481 5517 in
2508 5466 2711 5517 laudem
2733 5463 3011 5529 baptisterii
3054 5462 3273 5512 duorum
3304 5469 3583 5527 martyrum

2014 5538 2259 5606 sanguine
2299 5537 2560 5606 illustrati.
2601 5535 3069 5606 Quartusdecimus
3094 5568 3107 5587 .
3137 5531 3223 5606 qui
3270 5529 3321 5606 in
3353 5529 3584 5606 editione

2016 5600 2381 5666 est'decimus,
2412 5604 2595 5657 Passio
2627 5604 2686 5657 S.
2723 5603 2937 5655 Romani
2982 5600 3233 5666 martyris.
3266 5600 3586 5665 Quintusdc-

2015 5680 2184 5729 cimus
2214 5687 2293 5730 est
2315 5692 2529 5729 Curtiielt
2556 5680 2637 5727 cui
2666 5674 2847 5725 titulus
2896 5688 2907 5723 :
2943 5668 3178 5721 Inttnolal
3212 5670 3454 5733 opuscula
3496 5686 3587 5721 suis

2017 5746 2125 5798 Deo
2158 5745 2484 5807 Prudentius,
2516 5752 2569 5797 et
2600 5744 2803 5808 incipit,
2849 5740 2994 5802 Pius,
3028 5740 3215 5804 ﬁdelis,
3246 5748 3498 5793 inuocem.
3533 5740 3587 5792 lu

2015 5815 2247 5871 editione
2281 5817 2391 5871 huic
2417 5825 2497 5869 est
2529 5812 2765 5881 prtcl'atio
2798 5810 2917 5865 libri
2953 5810 3391 5877 i0!l§!(‘pll.lllwu.
