4142 6350
255 405 352 457 611

1622 399 1647 449 ῐ
1664 396 2140 453 BOLEGOMENA.

3426 403 3531 460 612

257 512 592 581 martigenitr,
616 520 669 567 et
699 496 1153 582 Psychomarhiam
1180 508 1439 578 prodiisse
1468 506 1626 560 docet
1678 506 1848 561 Lude-
1878 519 1929 575 Α
1955 506 2093 575 apud
2123 507 2380 562 Jacooum
2412 510 2682 574 Thauner,
2719 512 2853 565 εει-4.
2883 512 2958 565 Ex
2993 511 3299 581 Ludewigio
3345 523 3396 568 et
3427 514 3531 567 Rn-

259 618 471 673 thtus.

332 695 453 749 102.
482 696 545 749 3°
576 695 729 747 Anno
786 694 941 747 μη.
994 694 1171 747 Editio
1222 692 1639 755 llat'entrieiisis,
1699 691 1839 753 in-lt,

258 802 377 854 qua-
433 785 916 853 passimjaudatur
957 800 984 836 a
1030 784 1297 849 Fabricio,
1328 802 1355 834 ει
1407 784 1666 838 Michaele
1715 782 1844 836 Mat-

259 877 394 929 taire
436 877 628 929 Annal.
665 885 873 945 typogr.
912 884 1041 929 tum.
1091 875 1131 938 I,
1178 890 1297 943 pag.
1337 874 1425 936 99,
1454 874 1715 943 aliisque;
1748 875 1841 927 sed

258 982 352 1021 eos
378 983 557 1020 errare
586 978 787 1020 certum
811 977 893 1019 est
919 984 930 1018 :
963 967 1226 1035 siquidem
1250 967 1522 1020 Giseliuus
1554 969 1605 1020 in
1634 966 1839 1035 praefat.

259 1062 324 1112 ad
355 1068 644 1113 comment.
678 1059 805 1112 edit.
837 1076 926 1112 an.
958 1059 1100 1113 1564
1150 1060 1215 1111 ita
1270 1059 1433 1113 refert
1468 1078 1478 1111 :
1515 1058 1721 1112 Interea
1762 1069 1843 1113 ta-

260 1164 375 1202 men
405 1148 500 1200 ltoc
549 1148 664 1199 boni
706 1151 887 1213 evenit,
938 1158 990 1200 ut
1049 1150 1179 1217 forte
1226 1150 1431 1213 fortuna
1479 1150 1531 1201 in
1577 1150 1847 1203 editionem

260 1239 537 1307 quamdam
580 1238 1001 1292 Daremriensem
1044 1242 1192 1293 annis
1233 1240 1417 1293 abhinc
1447 1241 1514 1293 70
1558 1242 1846 1311 eeulgatam

261 1332 544 1385 inciderint.
582 1332 741 1400 Igitur
770 1333 933 1386 editio
978 1333 1393 1395 Daveotriensis,
1420 1350 1577 1403 quam
1623 1333 1848 1388 advocat

262 1422 563 1487 Giselinus,
596 1425 659 1475 ad
692 1439 888 1477 annum
929 1424 1067 1477 1.195
1093 1425 1312 1477 circiter
1343 1426 1594 1492 pertinet.

331 1516 396 1567 4ο
425 1516 580 1567 Auno
621 1514 774 1569 1475.
823 1514 977 1567 Edita
1025 1515 1327 1568 Dat'enlrite
1358 1529 1520 1575 mera
1574 1515 1845 1569 Prudentii

265 1607 428 1661 relert
462 1608 694 1675 PtoSper
734 1607 1019 1671 Marehand
1064 1624 1126 1659 ex
1163 1609 1430 1673 Beughem
1462 1620 1514 1660 ct
1538 1609 1746 1670 Uudiu;
1781 1609 1848 1661 dt:

265 1714 371 1764 quo
402 1700 592 1753 merito
612 1699 815 1752 dubitat
837 1699 1002 1751 abbas
1022 1698 1089 1751 de
1109 1699 1165 1753 S.
1202 1700 1370 1768 Leger
1394 1703 1443 1752 in
1474 1700 1850 1768 supplemento

267 1791 516 1845 Historiae
561 1789 927 1859 typographize
973 1790 1329 1855 Marchandii,
1360 1790 1569 1843 initium
1603 1800 1851 1860 typogra-

1946 600 2215 667 driguezio
2246 600 2314 654 de
2338 601 2548 655 Castro.

2017 692 2078 744 8υ
2109 695 2265 743 Auno
2294 691 2452 746 1‘00].
2491 691 2759 745 Prulentii
2806 706 2965 761 poeta:
3004 711 3179 764 Opera,
3210 696 3344 761 in-J,
3377 694 3532 748 Vene-

1948 782 2030 833 tiis
2051 780 2187 849 apud
2212 780 2401 833 Aldunt
2428 798 2595 835 mense
2616 781 2871 836 Januario
2898 785 3025 838 150l
3042 824 3055 838 .
3087 786 3251 839 Simul
3278 787 3534 854 impressa

1948 882 2073 927 sunt
2100 883 2153 927 et
2197 883 2472 941 compacta
2509 874 2751 941 quoidam
2781 890 2945 943 opera
2996 876 3399 934 Caeco-Latina
3437 880 3536 931 Da-

1948 962 2180 1015 masceni
2221 971 2276 1016 et
2311 962 2559 1015 aliorum.
2594 963 2725 1015 llinc
2772 965 2993 1017 ridicule
3028 966 3078 1019 in
3121 969 3350 1034 qundam
3383 978 3532 1021 cata-

1949 1055 2071 1123 logo
2118 1054 2426 1123 inscriptam
2456 1124 2459 1129 η
2485 1057 2657 1125 reperi
2682 1080 2685 1085 ί
2710 1057 2845 1109 hanc
2888 1059 3175 1113 editionem
3207 1078 3221 1114 :
3257 1059 3531 1115 Prudentii

1948 1162 2103 1215 opera
2140 1145 2559 1201 Gutta-Latina.
2595 1148 2723 1201 Eam
2773 1150 3061 1204 editionem
3109 1167 3204 1205 cur
3238 1154 3530 1222 principem

1944 1238 2203 1305 judicavit
2230 1252 2351 1291 esse
2391 1237 2734 1292 doctissimus
2778 1238 2896 1293 Nic.
2930 1240 3226 1294 Antonios?
3256 1242 3426 1295 Minus
3483 1245 3532 1297 id

1950 1328 2195 1394 mirarer,
2230 1327 2328 1382 nisi
2361 1328 2475 1397 ipse
2508 1330 2944 1383 Daventriensem
2982 1330 3291 1393 editionem,
3324 1348 3351 1384 a
3384 1332 3536 1387 Gise-

1948 1419 2246 1488 linoszepe
2292 1419 2641 1485 celebratam,
2675 1422 2980 1489 agnovisset
3026 1432 3078 1475 ct
3112 1423 3398 1477 laudasset.
3435 1425 3535 1477 ltit-

1950 1510 2141 1563 merito
2167 1511 2327 1563 etiam
2362 1510 2640 1563 Fabricius
2667 1511 2931 1579 queritur,
2965 1512 3313 1566 Prudentium
3344 1515 3397 1567 in
3420 1516 3533 1567 col-

1951 1600 2184 1653 lectioue
2215 1609 2491 1667 poetarum
2520 1600 2946 1656 Christianorum
2980 1602 3220 1658 Venetiis
3250 1606 3531 1668 au.150'.’.,

1952 1691 2092 1752 ἱππ-ὀ,
2126 1689 2289 1742 fuisse
2326 1691 2774 1757 praetermissum;
2810 1708 2979 1759 neque
3005 1700 3145 1747 enim
3175 1696 3243 1749 ab
3278 1698 3414 1750 Aliln
3440 1699 3536 1753 fuit

1952 1780 2365 1846 praetermissus,
2415 1787 2508 1835 sed
2546 1786 2871 1851 praemissus,
2914 1786 2964 1839 in
3021 1786 3175 1855 cujus
3226 1791 3534 1856 pradatiouo

269 1881 407 1948 phiae
455 1880 755 1933 Daventrize
791 1880 857 1932 ad
908 1894 1109 1933 annum
1156 1878 1292 1932 1477
1336 1894 1614 1934 revocans.
1660 1879 1849 1934 Veram

1964 1871 2098 1924 clare
2142 1870 2191 1924 id
2225 1872 2395 1925 Aldus
2435 1873 2646 1927 asserit.
2677 1874 2743 1927 At
2791 1876 2932 1929 enim
2977 1877 3027 1929 in
3071 1881 3361 1946 exemplari
3402 1884 3539 1949 quod

269 1973 558 2026 editionem
584 1972 1023 2025 Daventrieusem
1045 1972 1340 2025 carminutn
1365 1972 1632 2026 Prudentii
1664 1972 1714 2024 hi
1740 1990 1855 2025 om-

271 2078 367 2116 nes
391 2071 639 2116 auctores
669 2063 1004 2130 ignorarunt.

336 2154 447 2223 80
476 2152 705 2207 5°Auuo
737 2152 892 2205 1495.
916 2153 1090 2206 Editio
1123 2153 1207 2205 illa
1242 2152 1661 2219 Daventrieusis,
1695 2172 1852 2221 quam

267 2259 411 2312 smpe
438 2242 618 2296 laudat
646 2242 939 2308 Giseliuus,
982 2259 1123 2313 quze,
1158 2252 1215 2296 ut
1252 2244 1351 2309 ait,
1385 2254 1580 2297 tantum
1627 2247 1855 2311 apis‘illi

266 2338 458 2402 attulit,
480 2347 728 2405 quantum
753 2339 913 2391 codex
943 2342 1076 2391 ullus
1097 2342 1249 2392 alius.
1269 2343 1319 2391 ln
1345 2342 1585 2411 eatalngo
1609 2342 1850 2397 hibliotlt.

268 2442 381 2494 reg.
406 2428 576 2482 Paris.
612 2428 684 2481 ita
714 2430 981 2482 indicatur
1009 2448 1020 2483 :
1056 2430 1250 2484 Aurelii
1275 2430 1547 2486 Clementis
1584 2433 1856 2487 Prudentii

268 2536 423 2588 opera
450 2521 745 2590 poetira,ex
774 2522 994 2575 editione
1023 2522 1298 2593 Rodolpltii
1326 2524 1524 2595 Langii.
1551 2522 1853 2589 Daventrite,

270 2610 433 2675 1695,
459 2612 594 2665 ἰηοι.
625 2612 988 2681 Ludewigius,
1016 2615 1104 2681 qui
1136 2613 1271 2667 hanc
1293 2615 1602 2680 editionem,
1627 2627 1857 2685 excepto

268 2700 526 2765 Ciselino,
541 2720 567 2755 a
589 2707 797 2757 nemine
817 2708 983 2758 visam
1006 2710 1223 2774 legerat,
1243 2705 1360 2773 ejus
1375 2722 1568 2760 annum
1583 2708 1858 2762 constituit

268 2809 388 2848 esse
412 2796 567 2849 1494.
588 2796 790 2850 Praeter
810 2798 1103 2852 Ciselmum
1132 2799 1371 2868 ejusdem
1400 2801 1650 2856 editionis
1673 2805 1859 2857 memi-

269 2891 343 2941 nit
376 2890 673 2959 Spiegelius
703 2892 870 2945 semel
899 2903 948 2945 et
979 2894 1167 2946 iterum
1192 2894 1242 2945 in
1264 2905 1553 2949 comment.
1576 2895 1641 2948 ad
1672 2896 1853 2966 hymn.

272 2980 429 3035 Omni
469 2982 617 3046 liora,
655 2993 710 3035 et
757 2984 1009 3037 Erasmus
1055 2986 1105 3036 in
1154 2996 1445 3041 comment.
1475 2986 1541 3040 ad
1571 2989 1856 3057 hymn.vnt

234 3124 241 3127 _
271 3074 377 3125 kal.
400 3073 623 3127 Januar.
647 3075 941 3128 Mattairius
971 3077 1019 3126 in
1050 3076 1242 3129 Annal.
1269 3086 1503 3145 typogr..
1540 3088 1731 3145 praeter
1758 3079 1858 3132 Da-

268 3162 636 3216 aeutriensetn
662 3163 805 3233 illam
824 3165 1240 3218 commentitiam
1267 3166 1390 3218 anni
1417 3165 1547 3218 1472
1564 3168 1852 3222 editionem

1961 1960 2251 2015 Barherina
2283 1963 2601 2020 bibliotheca
2636 1966 2891 2033 possidet,
2929 1967 3029 2021 hoc
3067 1970 3255 2024 ordine
3296 1984 3417 2025 sunt
3464 1973 3539 2026 lu-

1958 2056 2061 2108 cati
2093 2054 2384 2109 Christiani
2417 2066 2610 2126 poetae,
2646 2059 2793 2126 prius
2822 2059 3090 2125 Sedulius,
3121 2062 3389 2117 .luvencus
3418 2066 3539 2118 alii-

1957 2161 2083 2214 que,
2115 2157 2389 2215 postromo
2440 2150 2781 2211 Prudentius,
2829 2155 2880 2204 itt
2929 2154 3080 2221 cujus
3130 2155 3279 2209 line:
3325 2155 3540 2212 Venetiis

1956 2237 2097 2304 apud
2133 2236 2324 2303 Aldum
2365 2239 2498 2294 1501
2550 2256 2719 2294 mense
2754 2240 3027 2296 Januario.
3070 2246 3289 2301 Constat
3339 2257 3539 2311 autent,

1960 2327 2306 2383 l'rudentium
2341 2330 2482 2397 prius
2516 2331 2779 2399 prodiisse
2807 2349 2870 2386 ex
2924 2335 3237 2402 praefatione
3290 2339 3354 2389 ad
3388 2356 3539 2393 eum-

1958 2416 2078 2470 dem
2111 2435 2123 2469 :
2156 2417 2438 2472 Juvencum
2498 2430 2742 2489 praterca
2765 2462 2782 2487 ,
2815 2424 3105 2490 Sedulium,
3160 2427 3544 2487 Aratorem.....

1958 2526 2081 2576 quos
2138 2512 2313 2564 tandiu
2362 2528 2476 2565 net
2535 2529 2721 2568 NOSTltI
2779 2531 3235 2581 morentunr,....
3289 2536 3539 2575 l'EltltBMI

1962 2617 2206 2655 mntem.
2244 2604 2497 2657 Diversus
2544 2606 2703 2673 igitur
2738 2610 2870 2659 ordn
2917 2619 3158 2664 servatus
3208 2622 3291 2665 cst
3346 2614 3395 2665 in
3451 2629 3542 2664 vo-

1961 2692 2248 2747 lumimhns
2307 2697 2751 2765 t‘otnpingeudts,
2794 2710 2846 2752 et
2898 2701 3121 2755 fortasse
3171 2704 3541 2757 in,nounullis

1959 2785 2360 2851 exemplaribus
2406 2801 2582 2840 atinos
2646 2788 2899 2841 editionis
2954 2802 3231 2856 poetarum
3280 2794 3540 2848 Christia-

1962 2889 2149 2927 norum
2193 2876 2299 2946 81
2352 2878 2625 2944 appositus
2670 2889 2751 2932 est
2800 2880 2960 2943 1502,
3014 2881 3066 2933 in
3116 2884 3234 2935 aliis
3276 2884 3406 2940 1501
3438 2888 3537 2955 (a).

1964 2966 2210 3019 lleinsius
2261 2967 2488 3021 miratur
2534 2985 2629 3022 cur
2661 2970 2929 3024 Gtselinus
2970 2972 3037 3026 de
3064 2973 3270 3029 duabus
3301 2977 3543 3032 editioni-

1962 3060 2058 3112 bilS
2088 3060 2293 3113 Aldinis
2318 3063 2640 3114 tneotionem
2668 3064 2875 3128 fecerit,
2905 3082 3024 3119 cmn
3056 3068 3224 3120 solam
3253 3070 3364 3135 ipse
3392 3071 3541 3124 vide-

1964 3154 2033 3205 rit
2055 3155 2343 3206 editionem
2373 3156 2495 3207 anni
2525 3156 2684 3209 1502.
2716 3158 2871 3225 Atqui
2903 3158 2947 3209 si
2980 3159 3081 3213 hoc
3110 3176 3251 3213 anno
3285 3163 3422 3216 1502
3454 3164 3542 3217 Al-

270 3269 492 3321 ορεηηη
526 3253 820 3318 Ρι-υιιρηιίί⁹
853 3256 981 3309 nihil
1019 3256 1159 3310 apud
1201 3260 1400 3311 εάίιυιη
1429 3259 1729 3313 Damnum
1774 3260 1855 3313 af.
1883 3250 1932 3315 (ι
1962 3247 2064 3300 dus
2095 3248 2382 3302 eilitiOoeoi
2417 3248 2690 3304 Prudentii
2725 3254 3029 3319 publicavit,
3069 3255 3201 3307 duas
3240 3272 3357 3311 esse
3390 3260 3542 3314 lateri

269 3347 373 3399 lert
401 3360 569 3415 usque
598 3345 662 3398 ad
693 3362 891 3399 anumn
928 3347 1083 3412 1481,
1118 3363 1222 3417 quo
1254 3349 1301 3401 id
1337 3350 1367 3400 h
1406 3350 1492 3401 bet
1524 3368 1534 3401 :
1568 3348 1860 3403 Darentriw

271 3437 388 3489 libri
418 3422 780 3504 Exemplorum
815 3453 835 3490 :
872 3454 961 3504 per
996 3437 1309 3491 Richardum
1351 3438 1679 3510 Pafratlium,
1716 3442 1856 3495 in-b.

272 3527 444 3590 Quem
492 3527 736 3582 ordinem
765 3538 939 3583 servet
968 3530 1129 3583 editio
1161 3514 1581 3599 havetttriensis,
1622 3533 1856 3586 nondum

273 3619 534 3685 comperi.

346 3708 472 3761 103.
506 3708 567 3761 6°
590 3709 743 3762 Anno
776 3711 932 3765 1198.
965 3710 1157 3780 Lipsite
1184 3712 1296 3767 in-b
1328 3713 1393 3766 ad
1433 3714 1633 3768 calcem
1681 3715 1856 3768 llisto-

277 3799 375 3851 ria:
424 3798 671 3866 Trojatue
716 3800 922 3856 Daretis
980 3802 1191 3872 Phrygii
1251 3804 1376 3857 editi
1434 3815 1555 3857 sunt
1588 3803 1859 3858 Prudentii

272 3891 457 3961 hymni
487 3904 597 3945 tres
628 3910 639 3943 :
672 3892 730 3944 1°
759 3896 821 3946 de
844 3892 1015 3947 Pltase
1039 3896 1215 3964 populi
1240 3895 1549 3955 lsraelitici.’
1578 3896 1641 3949 2°
1668 3898 1730 3950 de
1755 3896 1860 3949 Μί-

272 3984 463 4036 raculis
495 3983 787 4038 Saluatoris
817 3986 977 4037 nostri
1002 4002 1019 4050 ;
1049 3986 1109 4039 5°
1134 3987 1198 4039 de
1230 3987 1411 4050 Quiete
1451 3997 1496 4041 et
1538 3988 1752 4057 Somno,
1782 3990 1862 4041 tli-

271 4076 391 4129 viao
432 4092 641 4129 munere
692 4076 789 4144 (ex
824 4075 1054 4130 Fabricii
1096 4078 1227 4131 Bibl.
1254 4088 1359 4132 vet.
1387 4078 1500 4131 Lat.
1530 4084 1569 4145 ).
1598 4079 1860 4149 llymnum

273 4172 505 4239 primum
537 4167 764 4237 conjieio
815 4184 936 4223 esse
967 4170 1030 4223 de
1059 4169 1205 4223 Νουο
1243 4171 1455 4225 Lumine
1506 4172 1699 4225 sabbati
1747 4190 1862 4240 pns-

274 4262 526 4327 cltalis,in
557 4276 662 4329 quo
681 4261 1004 4315 describitur
1032 4262 1136 4315 iter
1156 4262 1336 4329 populi
1362 4262 1638 4317 lsraelitici
1667 4280 1679 4313 :
1714 4262 1864 4317 llunc

276 4354 446 4421 ignem
476 4352 698 4422 papulas
738 4354 1002 4421 sanguinis
1044 4354 1244 4423 inclyti,
1286 4361 1412 4417 cte.,
1451 4369 1569 4407 nam
1600 4354 1865 4408 secundus

276 4453 360 4496 est
399 4452 547 4496 certo
590 4445 817 4515 hymnus
852 4443 1003 4497 Omni
1046 4443 1188 4506 liora,
1246 4444 1431 4498 tertios
1464 4444 1693 4515 hymnus
1738 4445 1867 4499 Ante

277 4549 533 4587 somnum.

1967 3348 2215 3405 tportet:
2252 3354 2373 3390 nam
2412 3340 2699 3393 editionem
2752 3342 2876 3395 anni
2927 3344 3053 3398 1501
3093 3358 3304 3414 cgmuet
3352 3350 3456 3401 vidi
3490 3353 3541 3403 itt

1970 3431 2309 3484 bibliothecis
2354 3432 2613 3486 Romanis
2664 3433 2972 3501 Sapientia),
3017 3436 3323 3504 Barberina,
3368 3442 3543 3508 Auge-

1968 3522 2092 3585 lica,
2118 3522 2487 3588 Casanatensi,
2520 3520 2745 3592 Collegii
2773 3524 3018 3580 Romani.
3051 3528 3104 3580 lu
3126 3526 3541 3585 Commentariis

1963 3636 2107 3691 smpe
2141 3623 2368 3676 monebo
2397 3622 2563 3677 videri
2596 3622 2728 3677 duas
2761 3625 2923 3680 luisse
2950 3628 3065 3678 Ahli
3097 3627 3394 3696 editiones,
3422 3646 3543 3685 cum

1966 3722 2196 3776 diversa:
2236 3722 2491 3777 lectiones
2535 3725 2724 3778 eodem
2758 3726 2812 3779 in
2858 3726 2975 3780 loco
3009 3736 3259 3796 tanquam
3298 3746 3360 3783 ex
3409 3731 3545 3785 Aldo

1969 3823 2234 3876 interdum
2287 3824 2646 3891 proteruntur.
2700 3825 2880 3894 Nuper
2933 3828 3123 3894 aliquis
3172 3839 3278 3883 tres
3326 3830 3546 3886 Aldinas

1964 3923 2226 3978 editiones
2269 3923 2530 3988 distinxit,
2560 3926 2691 3979 duas
2722 3928 2912 3980 eodem
2943 3943 3085 3984 anno
3120 3930 3275 3996 1501,
3319 3926 3542 4001 quarum

1967 4027 2133 4081 altera
2193 4041 2435 4081 seorsum
2495 4028 2770 4095 prodierit,
2821 4031 2985 4085 altera
3038 4050 3157 4086 cum
3200 4036 3318 4087 a'iis
3376 4041 3547 4104 poetis

1968 4125 2307 4191 (lhristiauls,
2358 4128 2563 4181 tertiam
2619 4130 2686 4182 ab
2735 4128 2953 4185 Heinsio
2990 4133 3180 4199 visain,
3239 4150 3357 4202 quae
3400 4152 3542 4190 anno

1972 4223 2111 4279 1502
2139 4224 2273 4277 facta
2317 4225 2385 4277 ab
2411 4240 2479 4279 eo
2510 4225 2939 4280 dicitur.Vcrum
2986 4229 3103 4283 dote
3152 4231 3255 4284 ilhc
3285 4232 3548 4289 editiones

1969 4330 2093 4382 anni
2128 4329 2255 4385 1501
2293 4330 2516 4384 minime
2550 4332 2867 4398 probantur,
2902 4349 3021 4387 nam
3052 4335 3203 4389 unica
3234 4336 3398 4392 editio
3420 4339 3549 4393 Pru-

1969 4427 2135 4481 dentii
2187 4428 2452 4495 reperitur
2506 4428 2557 4481 in
2606 4429 2922 4499 quibusdam
2972 4435 3363 4500 exemplaribus
3403 4441 3548 4495 unita

1970 4527 2088 4581 aliis
2137 4529 2309 4596 poetis
2362 4526 2701 4593 Christianis,
2760 4530 2810 4584 in
2860 4532 2983 4585 aliis
3026 4535 3095 4587 ab
3137 4536 3338 4592 eisdem
3396 4554 3549 4610 sepa-

353 4626 478 4681 101.
504 4628 565 4679 ἶο
595 4627 751 4681 Anno
779 4629 933 4684 H99.
967 4628 1330 4683 Enehiridium
1355 4630 1552 4684 editqu
1571 4642 1653 4684 est
1674 4631 1865 4701 Lipsiae
1895 4624 1943 4684 D
1971 4641 2082 4685 rata
2115 4630 2213 4700 (ὁ).

353 4765 429 4835 (η)
463 4766 630 4819 Aldus
660 4781 779 4819 cum
812 4768 1040 4833 primum
1070 4767 1233 4820 edidit
1266 4768 1635 4833 Prudentium,
1670 4770 1869 4835 adjecit

279 4834 534 4901 Prusperi
580 4838 883 4902 Aquitamci
928 4838 1310 4905 epigrammata
1356 4854 1517 4905 super
1561 4840 1620 4892 1).
1662 4834 1867 4893 Aurelii

279 4908 565 4975 Augusnni
598 4908 893 4961 sententias
917 4920 1155 4968 exarata,
1190 4918 1243 4960 rt
1273 4923 1457 4961 versos
1481 4909 1620 4974 illos,

537 5018 642 5077 Age
661 5018 757 5077 jam
783 5029 955 5076 precor
977 5031 1193 5065 mearum

534 5078 709 5127 Cotinos
734 5080 960 5127 irrenuta
986 5092 1177 5139 rerum,

281 5187 370 5254 qui
410 5194 585 5238 tamen
639 5185 840 5238 l’anlini
889 5188 1062 5252 potius
1104 5187 1351 5237 videntur
1380 5200 1497 5239 esse
1539 5201 1695 5252 quam
1739 5186 1865 5239 Pro-

281 5256 450 5323 θένα-ἰ.
479 5256 532 5306 In
559 5256 655 5307 hac
678 5255 911 5307 editione
935 5256 1056 5307 anui
1092 5255 1218 5307 1501
1248 5255 1399 5307 initio
1432 5268 1701 5323 ponuntur
1723 5272 1867 5322 quae-

281 5320 411 5376 tlani
447 5325 701 5377 lectiones
725 5326 989 5377 variantes
1014 5342 1075 5377 ex
1108 5325 1412 5392 intijectura
1434 5320 1588 5390 'Aldi,
1616 5320 1749 5394 quas
1774 5342 1868 5381 nos

285 5398 401 5446 suis
433 5394 483 5445 in
520 5395 547 5446 l»
571 5395 649 5447 cis
678 5394 742 5446 ad
784 5412 1009 5447 exaioen
1045 5399 1369 5447 vccalnmus.

360 5462 433 5529 ib)
468 5464 611 5517 Ordo
633 5466 880 5535 eil.tiouis
925 5466 1127 5517 Aldinm
1164 5475 1245 5518 est
1273 5465 1573 5533 hujusmmli
1600 5483 1611 5516 :
1644 5465 1869 5535 Psycha-

284 5535 503 5585 macliia:
533 5535 678 5587 hbet.
722 5533 904 5587 Versus
929 5537 991 5587 de
1013 5551 1139 5587 novo
1176 5535 1367 5587 lumine
1393 5538 1648 5604 pose/talis
1675 5533 1869 5590 sabbati

286 5604 402 5671 (qui
433 5605 625 5675 iterum
652 5617 967 5673 repetuntur
995 5606 1192 5673 hymno
1220 5608 1253 5658 5
1276 5604 1744 5675 Οε111101Ὼ8Γ111ωη).
1778 5608 1875 5659 Ca-

285 5673 608 5745 themerinon
655 5675 1037 5745 libennempe
1097 5677 1356 5742 pra-latio.
1422 5675 1662 5745 Hymn:
1708 5673 1767 5729 ’1⁸³
1798 5679 1875 5729 ΛΑ

286 5741 420 5813 galli
451 5742 765 5813 tantum“?
790 5744 868 5796 Ad
900 5748 1223 5797 matutinum.
1251 5748 1306 5799 5⁸⁸
1329 5750 1456 5798 Ante
1477 5741 1749 5800 cibamﬂlt'
1767 5747 1876 5800 Ode

284 5811 407 5882 post
432 5812 619 5865 cibum.
650 5811 709 5867 5°
743 5812 852 5866 Ode
895 5815 962 5866 ad
1007 5817 1351 5869 accensionem
1377 5816 1619 5869 lucerna’.
1652 5816 1713 5869 6°
1746 5820 1873 5872 Ante

1978 4784 2227 4847 somnum.
2273 4770 2327 4821 7"
2377 4768 2753 4847 {ieiunantium
2790 4772 2863 4847 β’
2890 4772 3016 4847 Post
3060 4777 3331 4847 jejunium.
3374 4780 3437 4833 9°
3473 4783 3552 4834 Ad

1975 4844 2353 4911 orunesboras.
2380 4838 2467 4893 10°
2501 4839 2564 4892 In
2591 4843 2843 4904 exsequiis
2865 4838 3239 4911 defunctorum.
3270 4850 3359 4902 1l°
3392 4852 3549 4904 Ueta-

1976 4926 2035 4988 vo
2082 4910 2287 4988 calend:
2322 4908 2642 4988 Ianuarias.“
2796 4908 3115 4988 Epiphaniw.
3150 4920 3397 4987 Sequitur
3424 4922 3535 4988 Apo

1979 4981 2165 5059 limosis
2192 4995 2217 5059 :_
2241 4978 2483 5059 Hymnus
2508 4978 2851 5059 denTrinitate
2878 4978 2902 5036 Ξ
2930 4984 3167 5059 yntnos
3208 4978 3261 5059 in
3294 4978 3545 5059 inﬁdeles.

1978 5049 2195 5128 Incipit_
2192 5050 2535 5128 Apotheosis,
2562 5048 2749 5128 Contra
2772 5048 3060 5128 bcereticos,
3084 5060 3171 5126 qui
3198 5048 3403 5113 Patrem
3435 5048 3551 5128 pass

1976 5135 2088 5171 sum
2114 5119 2363 5191 afﬁrmant
2396 5134 2414 5172 :
2447 5119 2678 5191 Plurima
2709 5133 2841 5185 sunt,
2882 5136 2983 5177 etc.
3022 5119 3215 5180 Co'tttra
3252 5119 3547 5191 Uniouilas,

1975 5191 2050 5266 id_
2070 5199 2151 5242 est
2188 5188 2873 5266 Sabellianushaereticos}
2906 5193 3038 5247 Cede
3057 5237 3070 5260 ,
3097 5204 3414 5266 profanator.
3441 5188 3546 5253 etc.

1973 5261 2245 5312 Adversus
2286 5258 2643 5317 Mareionitas.
2691 5264 2778 5329 qui
2822 5263 2955 5315 duos
2988 5258 3114 5318 deos
3158 5282 3277 5319 esse
3316 5267 3552 5320 al’lirnta-

1976 5332 2103 5406 haut
2122 5346 2139 5406 _:
2167 5329 2350 5406 Quanta
2373 5329 2679 5406 prtecipitat,
2706 5345 2812 5406 etc.
2846 5336 2993 5406 (qua:
3010 5348 3091 5387 est
3114 5335 3553 5406 Hamartigenia).

1974 5398 2226 5466 Sequitur
2245 5397 2764 5471 Romanusﬂartyr.
2800 5397 2925 5455 Inde.
2954 5397 3377 5470 l‘eristepltanwti
3396 5397 3554 5471 liber,

1974 5472 2093 5522 sine
2124 5469 2456 5537 prmlatione.
2503 5469 2742 5539 Hymnus
2773 5475 2992 5538 primos,
3031 5475 3078 5525 in
3123 5469 3378 5529 honorem
3411 5469 3555 5529 mar-1

1979 5550 2153 5607 tyruoi
2202 5542 2486 5610 llemeterii
2538 5551 2593 5593 et
2637 5540 2950 5594 Chelednnii
2998 5542 3550 5610 Calagurritanorum.

1978 5610 2283 5672 Secundus,
2320 5609 2368 5661 in
2396 5609 2651 5664 honorem
2677 5613 2939 5676 passionis
2968 5609 3234 5666 Laurentii
3263 5615 3554 5673 beatissimi

1980 5681 2245 5747 uuirtyris.
2282 5678 2517 5755 Tertius,
2550 5680 2651 5755 ode
2700 5679 2992 5755 inlaudati
3035 5681 3251 5755 Eulalie
3282 5693 3555 5755 martyris.

1979 5752 2229 5827 Quartus,
2272 5750 2374 5827 ode
2401 5751 2453 5827 in
2483 5749 3185 5827 ’1³008111’.δῆμοι-ιοίιςςίηι
3238 5749 3553 5827 martyriuu.

1980 5822 2233 5884 Quintus,
2265 5820 2367 5873 ode
2399 5819 2451 5873 in
2483 5818 2689 5872 laudern
2723 5818 2782 5873 S.
2821 5818 3080 5878 Vincentii
3118 5818 3393 5895 martyris:
3427 5829 3554 5884 Sex-
