4142 6350
598 390 700 445 ϐίδ

1987 385 2434 443 l‘ltUDENTIUS.

3772 384 3881 439 GH

664 505 772 575 82
800 502 863 557 9°
905 501 1059 555 Auno
1102 498 1255 554 1502..
1293 496 1485 551 Iterum
1528 497 1719 551 Aldum
1768 496 2005 551 edidisse
2037 498 2174 552 l‘ru-
2204 509 2250 563 Α
2280 500 2487 571 ligentia
2523 500 2804 569 perfectum
2848 507 2896 552 et
2943 499 3265 552 emendatum
3314 516 3402 571 per
3448 499 3786 551 reverendam
3822 499 3880 552 in

600 596 763 648 dentii
804 606 963 661 opera
997 588 1344 658 probabiliter
1364 588 1668 657 colligimus
1693 605 1758 642 ex
1791 587 2054 653 Giselino,
2092 588 2182 657 qui

600 686 651 739 iu
682 699 822 738 com.
855 682 921 735 ad
952 694 1093 734 vers.
1124 680 1229 735 579
1268 679 1706 750 Psychomachiai
1741 680 1923 733 laudat
1964 679 2181 742 Aldum.

598 776 642 825 si
672 786 886 839 usquam
907 770 1053 836 alibi,
1085 779 1217 824 certe
1244 771 1299 823 in
1340 771 1494 841 hujus
1522 774 1745 824 auctoris
1774 772 2024 836 editione,
2047 786 2185 840 pra:-

600 864 1031 928 sertirnsecunda,
1056 864 1531 933 diligentissimum.
1568 862 1635 917 Et
1664 878 1787 918 cum
1828 864 2082 919 Heinsius
2106 865 2188 917 di-

598 963 685 1008 cat
733 970 792 1009 se
849 955 1159 1023 frequenter
1203 954 1543 1009 consuluisse
1608 955 1862 1009 Aldinum
1914 955 2189 1024 exemplar

600 1062 742 1101 anno
773 1063 950 1104 etotan
980 1050 1205 1114 editum,
1244 1062 1467 1102 necesse
1518 1058 1601 1101 est
1639 1057 1694 1101 ιιι
1743 1063 1878 1101 nova
1926 1048 2094 1102 editio
2121 1063 2188 1103 eo

600 1156 743 1194 anno
784 1140 947 1193 fuerit
985 1140 1053 1193 ab
1082 1140 1217 1193 Aldo
1250 1148 1493 1208 peracta;
1540 1142 1592 1193 in
1642 1156 1744 1207 qua
1788 1142 2028 1209 suspicio
2057 1143 2187 1195 mihi

602 1241 739 1294 erat,
771 1231 963 1285 Aldum
1013 1232 1305 1285 inseruisse
1350 1248 1443 1285 eas
1490 1234 1769 1295 lectiones,
1809 1248 1942 1301 quas
1979 1248 2045 1286 ex
2090 1247 2186 1287 sua

603 1324 857 1391 opinione
884 1337 1125 1376 seorsum
1173 1323 1223 1375 in
1266 1325 1433 1391 prima
1475 1334 1805 1378 correxerat.
1849 1324 2057 1378 Etenim
2098 1324 2189 1379 Gi-

605 1415 810 1468 selinus
854 1428 925 1466 ea
943 1416 1162 1482 protulit
1192 1415 1374 1475 verba,
1422 1424 1476 1467 ut
1512 1425 1743 1477 notaret,
1780 1416 1971 1468 Aldnm
2016 1415 2068 1468 in
2102 1430 2189 1469 se-

610 1505 784 1557 cunda
813 1506 1050 1557 editione
1080 1504 1305 1558 mediam
1343 1504 1497 1573 hujus
1532 1506 1779 1559 vocabuli
1810 1506 2027 1569 idolum,
2053 1522 2188 1573 quo-

608 1597 920 1665 tiescunque
949 1597 1097 1650 licuit
1124 1599 1425 1661 commode,
1465 1597 1788 1651 dictionibus
1818 1597 2186 1664 transpositis,

607 1693 961 1762 produxisse;
1006 1692 1146 1761 quod
1192 1692 1407 1761 quidem
1457 1692 1624 1747 Aldus
1672 1695 1723 1746 in
1764 1692 2188 1745 correctiontbus

607 1787 795 1853 prima:
821 1785 1073 1839 editionis
1119 1786 1316 1839 ellecit.
1350 1785 1455 1839 Sed
1489 1801 1608 1839 cum
1648 1786 2073 1851 observmerim,
2102 1800 2188 1839 er-

2291 604 2502 661 utroque
2512 595 2636 662 jure
2660 594 2919 645 doctorem
2950 591 3215 643 dominum
3254 592 3572 659 Alphotisum
3598 591 3767 650 Urtis.
3794 605 3885 643 ca-

2292 684 2533 735 nonicum
2551 681 2875 735 Toletanum.
2896 680 3057 735 Jussu
3078 682 3484 735 revereudissimi
3508 682 3556 733 in
3575 679 3781 734 Christo
3795 697 3882 746 pa-

2296 776 2390 828 tris
2418 776 2610 828 domini
2632 776 2684 827 d.
2720 773 2990 827 Francisci
3012 773 3279 836 Ximenez,
3307 775 3535 841 ejusdem
3557 773 3774 825 civitatis
3797 789 3878 823 ar-

2293 866 2623 935 chiepiscopi.
2638 864 2875 917 lucanus
2888 865 3069 917 nobilis
3088 862 3384 917 Melchioris
3395 862 3590 916 Goricii
3607 861 3656 915 Ν
3660 863 3891 915 oborien-

2291 958 2382 1009 sis.
2402 958 2511 1027 83
2532 955 2631 1007 Per
2650 957 2948 1026 magistrum
2968 954 3180 1007 Petrum
3202 954 3252 1007 Η
3257 954 3531 1022 agembarh
3552 956 3877 1008 Almanam.

2297 1051 2444 1101 Anno
2473 1048 2659 1100 salutis
2677 1057 2865 1101 nostra!
2903 1047 3175 1101 millesimo
3199 1048 3604 1117 quingentesimo
3634 1047 3883 1106 secundo.

2291 1148 2375 1199 die
2394 1161 2511 1198 vero
2538 1146 2771 1198 vicesima
2790 1146 2970 1214 quinta
2997 1146 3182 1198 mensis
3214 1144 3469 1198 Octobris.
3518 1146 3885 1199 Nihilominus

2291 1239 2523 1292 Ortizius
2546 1238 2598 1290 in
2624 1254 2725 1305 ιιι-ιι·
2738 1238 2937 1291 latione
2957 1240 3304 1308 impensarum
3331 1237 3601 1292 Francisci
3625 1238 3885 1292 Ximenez

2294 1333 2537 1382 meminit
2587 1346 2599 1379 :
2650 1329 2750 1380 Uiu
2792 1331 3109 1396 multumque
3166 1330 3426 1400 recognita
3476 1329 3763 1382 illustriora
3805 1345 3887 1381 me

2292 1421 2575 1475 reddidisse
2605 1432 2707 1473 tua:
2744 1419 3027 1489 diligentia
3068 1430 3112 1472 et
3138 1420 3473 1473 sollicitudini
3506 1420 3678 1473 clerici
3711 1436 3817 1473 ann
3839 1438 3884 1470 t-

2294 1521 2505 1566 merent.
2551 1512 2715 1563 Antea
2758 1525 2974 1579 namque
3015 1510 3231 1580 confusa
3271 1527 3397 1578 pene
3439 1512 3613 1563 omnia
3646 1511 3701 1562 in
3739 1511 3884 1561 libris

2292 1601 2536 1654 veteribus
2554 1643 2568 1667 ,
2617 1611 2769 1668 atque
2791 1600 3036 1652 hactenus
3064 1600 3324 1669 incognita
3338 1601 3564 1670 jacuisse
3584 1616 3741 1669 penes
3759 1614 3884 1652 eru-

2293 1696 2426 1746 ditos
2449 1697 2616 1760 palam
2653 1702 2750 1746 est.
2793 1689 2947 1744 Nunc
2972 1707 3088 1743 vero
3116 1695 3223 1743 suis
3252 1694 3379 1743 locis
3419 1707 3634 1761 qumque
3654 1691 3884 1760 reposita

2293 1786 2473 1853 officia.
2508 1796 2729 1853 aptaque
2754 1785 2973 1853 reperies
3005 1798 3024 1835 :
3050 1783 3423 1835 charac:eribus
3468 1794 3618 1850 atque
3650 1784 3878 1849 periodis

607 1892 757 1929 rores
789 1880 974 1943 prima:
997 1876 1206 1929 Aldinze
1231 1870 1478 1928 editionis
1508 1876 1577 1929 ab
1604 1876 1825 1929 lleinsio‘
1855 1876 2031 1939 citari,
2057 1874 2185 1941 quin
2222 1884 2265 1942 Β
2293 1882 2562 1944 distincta,
2599 1880 2758 1933 verbis
2786 1891 2938 1944 atque
2975 1880 3234 1931 sententiis
3276 1878 3523 1930 dilucida.
3569 1876 3698 1929 Tuis
3728 1878 3883 1945 igitur

608 1969 652 2017 is
680 1966 915 2018 animum
950 1966 1014 2017 ad
1047 1969 1411 2019 corrcctiones
1436 1966 1752 2033 adverterit,
1780 1966 1977 2020 dubius
2013 1965 2189 2019 litoreo

608 2069 662 2112 et
686 2061 931 2125 suspicor
958 2058 1249 2113 editionem
1273 2058 1414 2121 Aldi,
1445 2074 1603 2123 quam
1636 2059 1750 2127 ipse
1788 2059 1989 2122 laudat,
2024 2059 2186 2126 perti-

612 2165 741 2203 nere
768 2149 834 2203 ad
864 2165 1063 2202 annum
1090 2150 1251 2212 1501,
1287 2150 1583 2203 Giselinum
1612 2166 1761 2214 vero,
1793 2151 2079 2203 editionem
2103 2165 2189 2203 se-

612 2242 840 2295 cundam
868 2255 988 2294 cum
1020 2241 1169 2304 dicit,
1188 2241 1501 2309 intelligere
1527 2244 1919 2305 correctioncs;
1946 2242 2190 2295 diversas

610 2340 789 2385 autem
819 2333 1098 2398 lectiones,
1138 2349 1259 2400 qua:
1300 2332 1435 2385 Aldo
1465 2331 1810 2402 effinguntur,
1842 2334 2013 2387 errori
2062 2332 2190 2386 alle-

609 2424 845 2491 gantium
895 2428 1254 2491 imputandas,
1290 2439 1409 2477 cum
1449 2440 1593 2494 sa-pe
1623 2426 1792 2480 soleat
1835 2425 2100 2489 accidere,
2134 2433 2190 2479 ut

613 2517 769 2569 unius
800 2532 993 2570 nomen
1025 2531 1120 2584 pro
1150 2517 1256 2573 alio
1280 2530 1379 2570 nec
1400 2516 1750 2585 opinantibus
1774 2517 2007 2571 excidat.

683 2607 773 2662 10⁸
801 2611 954 2661 Anno
989 2605 1145 2663 1502.
1187 2608 1262 2662 Ex
1295 2608 1479 2662 multis
1507 2623 1569 2661 ac
1598 2609 1982 2677 propemodum
2025 2609 2183 2662 innu-

608 2703 771 2756 meris
810 2701 1110 2766 breviariis,
1145 2702 1195 2755 in
1237 2702 1431 2768 quibus
1470 2701 1710 2754 nonnulli
1737 2702 1923 2771 hymni
1954 2700 2190 2755 Pruden-

611 2793 740 2848 tiani
768 2794 949 2847 excusi
990 2803 1135 2857 sunt,
1170 2794 1326 2845 liceat
1356 2807 1517 2845 unum
1552 2797 1754 2845 tantum
1799 2791 2061 2861 proferre,
2087 2792 2190 2845 sci-

610 2890 735 2942 licet
759 2887 1108 2941 lsidorianum
1138 2901 1232 2937 seu
1269 2885 1579 2950 Gothicam,
1614 2884 1726 2938 sive
1754 2885 1893 2951 quod
1924 2884 2187 2951 plurimos

611 2982 839 3050 hymnos
860 2978 913 3032 id
935 2978 1213 3042 exhibeat,
1236 2976 1349 3031 sive
1373 2978 1514 3045 quod
1542 2976 1833 3045 llispanum
1862 2978 2077 3045 penitus
2099 2980 2187 3040 sit,

610 3089 675 3127 ac
705 3071 926 3141 proinde
952 3070 1151 3139 juverit
1183 3084 1247 3123 ex
1280 3084 1345 3123 eo
1377 3068 1638 3123 lectiones
1664 3068 1921 3138 quasdam
1961 3085 1994 3123 a
2023 3081 2187 3125 caete-

610 3167 687 3220 ris
716 3166 957 3219 diversas
985 3163 1285 3217 desumere.
1321 3162 1373 3215 lu
1411 3177 1477 3215 eo
1508 3169 1633 3216 sunt
1674 3162 1905 3235 hymnus
1932 3162 2188 3233 Jejunan-

2290 1974 2544 2027 industria
2578 1983 2623 2025 et
2662 1987 2896 2026 IIPENSIS
2925 1971 3017 2023 diu
3058 1970 3203 2023 senio
3241 1970 3527 2037 periclitata
3574 1968 3740 2037 oﬁicia
3775 1967 3883 2019 lsi-

2291 2067 2507 2119 doriaua
2537 2065 2786 2134 legentur.
2824 2067 2950 2128 Qua:
2978 2066 3031 2116 in
3060 2069 3285 2117 omnium
3319 2064 3549 2115 notitiam
3577 2074 3883 2129 perventura

2290 2159 2429 2229 apud
2457 2166 2683 2225 posteros
2704 2197 2718 2217 ,
2756 2156 3018 2209 rharitatis
3048 2166 3165 2229 tua:
3191 2155 3391 2215 studia,
3424 2165 3469 2205 et
3503 2168 3639 2205 meos
3679 2154 3880 2203 labores

2290 2228 2638 2305 recensebant.
2692 2247 2963 2301 Videbitur
2993 2228 3200 2314 insuper
3240 2246 3506 2315 diligentia
3553 2244 3743 2296 nobilis
3787 2244 3881 2295 viri

2293 2341 2587 2395 Melchtoris
2606 2337 2800 2393 Goricii
2825 2336 3153 2390 Nooariensis
3174 2354 3193 2391 :
3207 2338 3353 2407 cujus
3375 2352 3531 2403 opera
3550 2334 3879 2388 exactissima

2290 2434 2385 2485 hoc
2410 2449 2537 2499 opus
2574 2430 2887 2483 laboriosunt
2930 2438 3003 2481 est
3044 2430 3344 2497 impressum
3368 2431 3420 2479 in
3457 2427 3581 2479 urbe
3610 2426 3757 2496 regia
3780 2424 3880 2476 To-

2292 2528 2459 2579 letana
2493 2526 2588 2593 (a).
2618 2522 2770 2588 Quod
2801 2524 2990 2575 attinet
3020 2522 3085 2575 ad
3115 2521 3383 2588 impensas
3416 2520 3649 2571 fortasse
3683 2519 3877 2586 partim

2290 2631 2382 2671 eas
2409 2616 2697 2669 cardinalis
2749 2613 3042 2679 Ximenez,
3084 2612 3277 2680 partim
3330 2610 3588 2664 Melchior
3633 2608 3878 2663 Goricius

2292 2707 2447 2767 fecit,
2496 2716 2553 2758 ut
2595 2705 2665 2758 ita
2696 2704 2897 2757 veritas
2942 2702 3187 2770 utrinque
3234 2710 3465 2755 constet.
3514 2701 3652 2764 Quid
3703 2701 3875 2769 egerit

2292 2795 2556 2860 Ortizius,
2586 2796 2697 2849 suis
2727 2794 2909 2848 verbis
2948 2799 3186 2847 notatum
3220 2792 3359 2845 rolni
3386 2833 3401 2858 ,
3434 2803 3491 2844 ut
3520 2791 3877 2860 quorumdam

2292 2887 2652 2959 opinionibus,
2684 2885 2774 2955 qui
2806 2900 3051 2953 magnam
3082 2884 3444 2937 diiersitatem
3476 2884 3615 2936 inter
3667 2896 3798 2935 mss.
3826 2894 3879 2934 et

2292 2982 2433 3035 edita
2497 2980 2671 3033 ollicia
2725 2978 2948 3036 GOthicu
3002 2977 3235 3046 jactant,
3279 2990 3645 3030 occurrerem.
3693 2974 3876 3028 Ortiaii

2296 3074 2452 3127 tidem
2502 3071 2779 3124 luculento
2824 3068 3137 3123 tesnmonio
3183 3065 3877 3121 conlirmatexcellentissi-

2292 3179 2412 3217 mus
2441 3160 2878 3231 archiepiscopus
2901 3160 3194 3213 Toletanus
3224 3158 3285 3211 Ι).
3321 3158 3384 3210 ῐ).
3419 3157 3740 3212 Franciscus
3764 3156 3872 3209 An-

609 3261 757 3318 tium.
797 3258 858 3311 S.
905 3254 1151 3319 Eulaliw,
1197 3254 1259 3310 S.
1299 3254 1575 3323 Vincentii,
1620 3258 1852 3326 Agnetis,
1885 3254 2187 3321 Fructuosi,
2219 3243 2266 3305 C
2300 3257 2474 3311 tonius
2503 3256 2831 3320 Lorenzaua,
2860 3256 3013 3321 cujus
3041 3268 3199 3321 opera
3234 3252 3427 3305 iterum
3463 3252 3797 3303 Breviarium
3824 3260 3875 3303 ct

610 3348 889 3403 Ilemeterii
913 3356 962 3401 et
987 3344 1269 3409 Celedonii,
1304 3346 1595 3399 Uctodecim
1613 3358 1897 3416 martyrum
1923 3345 2190 3401 Ctesarau-

610 3450 965 3512 gustanorum,
1015 3436 1299 3503 Laurentii,
1356 3436 1597 3501 Romani,
1650 3437 1805 3491 Ortini
1848 3439 1997 3505 hora,
2041 3438 2189 3493 Circa

608 3534 891 3602 exsequias,
929 3532 1000 3584 De
1028 3547 1154 3585 novo
1193 3531 1406 3593 lumine,
1451 3533 1581 3585 Ante
1610 3548 1865 3587 somnum.
1902 3533 1943 3586 E
1969 3534 2191 3602 quihus-

607 3631 729 3681 dam
764 3641 892 3681 vero
920 3626 1091 3678 solum
1127 3624 1397 3677 nonnullze
1425 3622 1658 3691 stropha:
1686 3624 2005 3692 seliguutur,
2041 3634 2097 3676 ut
2122 3624 2187 3676 ad

609 3721 849 3787 singulos
888 3717 1148 3771 dicemus.
1200 3716 1405 3769 Prodiit
1447 3726 1629 3769 autem
1675 3716 2003 3769 Breviarium
2044 3732 2186 3770 anno

614 3812 752 3867 15υέ
784 3810 937 3879 jussu
966 3808 1309 3862 celeberrimi
1345 3807 1639 3859 cardinalis
1680 3806 1963 3873 Xitncncz,
1992 3807 2183 3863 crede-

610 3918 723 3958 rem
756 3899 918 3955 etiam
963 3897 1239 3951 nonnullis
1283 3896 1702 3957 afﬁrmantibus,
1752 3895 1868 3965 ejus
1911 3900 2183 3965 expensis,

613 3992 718 4049 nisi
741 3991 791 4045 in
818 3990 922 4043 line
946 3990 1175 4057 legerem
1202 4004 1213 4039 :
1241 3987 1318 4043 Ad
1345 3988 1550 4040 tandem
1573 3987 1927 4055 omnipotentis
1952 3988 2045 4041 Dei
2073 4006 2188 4043 nec-

608 4100 711 4138 non
762 4080 991 4150 Virginis
1018 4078 1200 4132 Maria:
1245 4078 1422 4130 matris
1462 4079 1571 4149 ejus
1600 4092 1617 4129 :
1647 4078 2186 4141 omniumganctorum

603 4186 1017 4241 sanctarumque,
1051 4166 1313 4241 expletum
1351 4178 1423 4221 est
1451 4167 1768 4222 Breviarium
1807 4170 2082 4222 secundant
2107 4187 2188 4224 re-

599 4267 777 4339 gulam
796 4264 931 4316 beati
953 4260 1144 4316 Isidori
1160 4261 1352 4314 dictum
1373 4258 1429 4313 Μ
1434 4261 1671 4313 ozarabes
1700 4276 1717 4313 :
1735 4264 1957 4315 maxima
1975 4279 2091 4315 cum
2107 4264 2184 4316 di-

601 4440 715 4493 tus,
751 4430 855 4479 ode
894 4422 947 4476 in
996 4420 1207 4493 laudem
1241 4419 1668 4493 beatissimorum
1715 4430 2007 4493 martyrum
2033 4422 2181 4477 iFrua-

599 4489 778 4551 ctuosi
810 4493 1047 4559 episcopi
1081 4490 1330 4543 Ecclesia:
1363 4489 1611 4551 Tarrac.,
1637 4498 1693 4543 et
1721 4489 1961 4557 Augurii,
1998 4503 2050 4545 et
2074 4493 2181 4546 Ε..-

611 4567 734 4636 lngii
762 4558 1311 4636 diaconi.’S‘eptimus,
1338 4560 1518 4636 passio
1542 4558 1809 4636 Hippolyti
1832 4564 2092 4636 martyris
2114 4564 2177 4636 ad

2294 3349 2506 3405 Missale
2542 3348 2893 3402 lsidorianum
2924 3348 3079 3414 longe
3126 3344 3559 3414 magniﬁcentius
3606 3354 3662 3396 et
3690 3358 3874 3396 cerre-

2293 3442 2430 3495 ctius
2458 3440 2789 3509 prodierunt.
2825 3439 2871 3492 ls
2898 3439 2950 3491 in
2982 3436 3189 3492 erudita
3223 3435 3537 3507 prmlatione
3564 3434 3631 3487 ad
3661 3434 3877 3487 Brevia-

2295 3535 2435 3587 rinm
2458 3574 2475 3598 ,
2517 3547 2623 3602 quo
2647 3540 2767 3585 utor
2793 3530 3033 3599 ejusdem
3060 3531 3236 3596 dono,
3268 3538 3452 3598 aperte
3479 3530 3554 3583 ait
3584 3546 3596 3579 :
3630 3528 3872 3597 Aliquod,

2297 3626 2413 3678 licet
2435 3626 2561 3689 lere,
2586 3625 2639 3676 in
2666 3624 3001 3692 quorumdam
3027 3624 3293 3675 verborum
3320 3622 3742 3674 transmutatione
3764 3619 3875 3670 dis-

2293 3717 2482 3770 crimen
2521 3716 2653 3769 iuter
2696 3714 3013 3768 Breuiarium
3053 3712 3400 3768 Isidorianum
3443 3712 3583 3783 prelo
3625 3714 3806 3763 datum
3844 3729 3875 3762 a

2291 3807 2555 3859 cardiuale
2586 3806 2859 3869 Ximenio,
2903 3816 2945 3859 ιι
2976 3808 3104 3860 inter
3151 3814 3457 3859 memoratos
3502 3804 3693 3856 codices
3738 3819 3870 3856 mss.

2290 3897 2645 3965 agnoscimus;
2684 3907 2993 3965 quapropter
3028 3897 3282 3966 conjicere
3300 3894 3491 3965 Llicebit,
3522 3892 3599 3945 vel
3625 3892 3873 3960 Alphen-

2290 4005 2402 4041 suni
2435 3989 2682 4040 Urtisium
2712 3990 3016 4042 canonicum
3054 3988 3357 4043 Toletanum
3405 3988 3507 4040 alia
3552 4000 3657 4053 prie
3707 3984 3877 4037 oculis

2291 4081 2528 4133 habuisse
2576 4078 2927 4149 autograplta,
2981 4096 3117 4132 nunc
3170 4082 3409 4147 temporis
3458 4076 3754 4142 deperdita,
3797 4077 3871 4126 vel

2290 4174 2557 4240 ipsummet
2603 4172 2920 4241 Alphonsum
2961 4170 3240 4224 cardinalis
3294 4169 3520 4223 Ximenii
3566 4168 3870 4221 auctoritate

2291 4264 2539 4316 munitum
2579 4263 2631 4316 in
2674 4266 2799 4317 locis
2829 4264 3054 4316 obscuris
3098 4262 3449 4330 psalmorum,
3489 4260 3578 4313 ubi
3619 4259 3876 4312 nimietate

2287 4434 2443 4479 stum.
2478 4425 2533 4479 ln
2564 4425 2981 4497 Psychomachia
3010 4425 3126 4479 sine
3151 4426 3255 4479 alio
3270 4423 3431 4497 titulo
3452 4423 3663 4497 initium
3691 4420 3876 4497 :Chri-

2286 4508 2379 4559 ste,
2414 4513 2587 4562 graves
2613 4493 2894 4549 hominum.
2933 4498 3212 4549 Extremus
3243 4495 3429 4549 titulus
3462 4506 3546 4547 est
3574 4493 3877 4545 Concordia:

2287 4576 2334 4619 et
2367 4566 2651 4619 Discordia:
2681 4584 2872 4635 pur/nu.
2903 4582 2965 4619 ac
3003 4580 3216 4633 semper
3247 4566 3533 4618 adhibetur
3564 4580 3665 4614 vox
3698 4580 3876 4631 pugna

610 4630 957 4705 Valerianum
984 4630 1732 4705 cpiscopum._OctavusLode
1754 4631 1806 4683 in
1832 4630 2039 4705 laudem
2057 4634 2181 4699 Qui-
2216 4646 2261 4703 ι)
2288 4651 2386 4705 pro
2414 4639 2660 4690 conﬂictu
2682 4630 2777 4689 aut
2820 4630 3196 4690 certamine‘iu
3241 4636 3427 4705 titulis.
3460 4635 3662 4686 (latera
3694 4630 3743 4683 in
3775 4635 3876 4705 hac

607 4709 710 4761 rmi
744 4698 1275 4772 martyris,'episcopi
1305 4698 1553 4772 Ecclesia:
1574 4699 1849 4772 Siscianm.
1877 4698 2176 4772 Nonius,tn-

603 4792 702 4830 cus
739 4776 827 4828 ubi
873 4770 1318 4843 martyresgpassi
1349 4779 1506 4843 _sunt,
1550 4771 1692 4836 quod
1742 4786 1880 4843 nunc
1916 4771 2177 4839 llaptiste-

606 4850 743 4899 rium
775 4840 1074 4912 appellatur
1104 4857 1116 4892 :
1146 4840 1327 4913 (deest,
1349 4840 1712 4913 hexametrum
1746 4857 1761 4891 :
1798 4840 1899 4893 Hic
1930 4848 2031 4894 duo
2053 4859 2175 4913 pur-

603 4909 860 4986 pureum).
891 4912 1158 4986 Decimus,
1193 4912 1368 4977 passio
1405 4909 1644 4986 Cassiani
1685 4914 1955 4986 martyris.
2000 4909 2173 4986 Unde-

606 4981 802 5049 cimus,
834 4984 1011 5050 passio
1042 4983 1314 5039 beatorum
1354 4981 1714 5048 apostolorum
1748 4982 1888 5035 Petri
1919 4992 1972 5036 ct
2005 4984 2169 5038 l’auli.

606 5056 985 5112 Duodecimus.
1018 5050 1195 5120 passio
1223 5050 1472 5119 Cypriani
1506 5051 1772 5120 martyris.
1806 5053 2171 5120 Tredecimus,

608 5128 787 5195 passio
815 5122 1335 5195 Agnetistmartyris.
1378 5122 1825 5195 Sequunturlibri
1857 5120 1965 5177 duo
1987 5136 2171 5179 contra

602 5189 1005 5269 Symmachum:
1040 5190 1165 5269 [:ost
1192 5189 1401 5269 titulum
1428 5190 1491 5243 de
1518 5189 1742 5269 liercule
1773 5194 1969 5269 desunt
1989 5195 2076 5269 alii
2106 5196 2175 5247 ti-

606 5261 701 5321 ιιῑιι
727 5272 909 5336 iusque
941 5263 1005 5315 ad
1047 5261 1125 5315 De
1148 5262 1373 5331 potentia
1397 5264 1584 5323 crucis.
1619 5261 1730 5315 Hoc
1758 5264 2172 5336 signojnvictus.

606 5334 796 5392 Postea
832 5335 1177 5401 Romanorum
1206 5343 1439 5385 senatum
1471 5347 1769 5386 conversum
1800 5334 1866 5387 ad
1897 5334 2171 5401 Christum,

607 5408 881 5461 Exsultare
904 5415 1088 5471 patres.
1116 5400 1323 5456 Plebem
1349 5403 1629 5456 llontunam
1651 5404 1704 5455 in
1734 5404 1993 5458 Christum
2012 5407 2175 5457 credi-

604 5480 776 5542 disse;
805 5488 912 5543 poat
938 5476 1055 5527 hinc
1087 5474 1154 5526 ad
1194 5475 1458 5543 populum.
1494 5473 1648 5526 Deest
1679 5476 1899 5527 titulus:
1929 5475 2171 5543 Symma-

610 5548 759 5599 chum
784 5546 1080 5616 alloquitur.
1113 5546 1169 5597 In
1200 5544 1334 5616 libro
1363 5559 1398 5596 ll
1432 5544 1683 5616 inseritur
1714 5548 1901 5616 relatio
1925 5548 2173 5616 Symma-

604 5617 716 5670 ehi.
748 5612 998 5685 Sequitur
1024 5612 1572 5685 Datochteunt,_cuj_us
1609 5612 1789 5685 titulos
1826 5612 2091 5668 variantes
2121 5617 2170 5668 in

606 5688 725 5754 ipso
751 5682 911 5753 opere
947 5684 1339 5739 adnutabimus.
1386 5683 1443 5754 l_n
1477 5682 1582 5735 llne
1627 5682 1902 5754 Dittoclnni
1944 5685 2066 5746 ode,
2117 5686 2168 5736 in

605 5751 710 5826 qua
734 5751 884 5824 pocL-i
914 5757 982 5809 de
1010 5771 1068 5809 se
1095 5751 1529 5826 loquitur._Pius,
1562 5753 1748 5817 ﬁdelis,
1781 5754 2169 5826 innocens,_cn-

605 5822 693 5898 jus
720 5822 904 5881 versus
953 5822 1177 5879 ult-ntus,
1205 5838 1307 5889 ρει,
1341 5822 1545 5875 .lucabit
1573 5839 1658 5874 ore
1705 5840 1996 5891 personasse
2023 5824 2168 5878 Chri-

2288 4704 2525 4760 cditione
2554 4717 2856 4774 congruunt
2893 4722 3011 4761 cum
3043 4706 3277 4760 editione
3298 4704 3506 4759 Weitzii
3540 4705 3681 4757 circa
3721 4704 3873 4755 unli~

2289 4793 2407 4829 nem
2445 4788 2499 4830 et
2523 4779 2724 4830 titulus.
3762 4790 3769 4793 ’

2356 4845 2431 4914 (a)
2468 4847 2664 4901 Eadem
2697 4847 2807 4900 fere
2850 4847 3043 4915 repetit
3072 4848 3123 4899 in
3157 4845 3467 4912 pra-latione
3495 4843 3744 4904 Missalis,
3782 4842 3874 4894 ubi

2282 4917 2349 4969 tle
2372 4918 2656 4970 Melchiore
2691 4917 2906 4971 GOI'iClO
2936 4926 3009 4969 ait
3036 4934 3047 4968 :
3075 4915 3237 4987 Cujus
3262 4932 3419 4987 apem
3450 4926 3496 4967 et
3526 4928 3764 4967 turessts
3784 4929 3876 4987 ars

2283 4989 2606 5055 impressoria
2627 4990 2677 5039 in
2703 5003 2761 5039 ea
2788 4992 2910 5039 urbe
2938 4983 3161 5056 ('l'oletii
3189 4986 3335 5039 valde
3364 4988 3620 5040 illustrata
3667 4992 3763 5035 est.

2279 5074 2338 5109 se
2356 5053 2539 5111 autem
2574 5074 2588 5109 :
2618 5058 2783 5123 Quam
2807 5053 3031 5125 profecto
3055 5057 3379 5110 durissimum
3402 5056 3710 5126 provinciam
3740 5053 3875 5104 mihi

2280 5143 2539 5180 seruorum
2570 5138 2772 5180 tuorum
2793 5127 3003 5179 minimo
3028 5132 3271 5180 mandare
3301 5144 3399 5178 non
3423 5126 3668 5178 dubitasti
3694 5140 3712 5177 :
3740 5141 3873 5191 qun-

2282 5206 2427 5249 tenus
2455 5213 2655 5250 summa
2685 5214 2799 5249 cum
2833 5198 3098 5267 diligentia
3128 5198 3394 5249 missarum
3438 5199 3487 5249 in
3524 5195 3700 5265 primis
3724 5200 3872 5245 sole-

2284 5268 2421 5318 mnia
2470 5284 2777 5321 recenserem
2817 5284 2877 5319 ac
2919 5269 3057 5337 vigili
3089 5268 3474 5332 lucubratione,
3512 5281 3625 5334 qua:
3669 5282 3699 5317 a
3751 5279 3877 5337 vero

2280 5339 2633 5389 churacterunt
2672 5339 2896 5390 ruditate
2939 5335 3149 5390 dimisus
3192 5338 3302 5407 jam
3339 5339 3427 5389 diu
3468 5341 3699 5405 fuerant,
3745 5335 3877 5401 stg'i

2282 5423 2381 5459 non
2406 5416 2621 5470 mutato,
2644 5408 2800 5460 ductu
2820 5409 3093 5473 reﬁcerent,
3108 5418 3399 5473 servataque
3412 5409 3676 5461 rerborum
3696 5406 3872 5473 digni-

2278 5487 2381 5528 tutc
2402 5479 2731 5546 antiquarunt
2764 5480 3079 5544 majestatem
3099 5478 3421 5530 custodirem.
3454 5478 3589 5530 Nam
3615 5491 3731 5544 quat
3762 5492 3877 5543 pm'

2276 5563 2328 5599 se
2354 5549 2704 5614 antiquitatem
2725 5548 2970 5615 ferebant,
2990 5549 3175 5600 intacta
3198 5563 3304 5599 esse
3316 5550 3566 5618 jusseras,
3590 5556 3634 5599 et
3658 5555 3877 5618 tandem

2275 5618 2348 5687 sic
2374 5630 2545 5670 actum
2572 5629 2665 5671 est.
2695 5618 2831 5670 Nam
2862 5619 3103 5687 dispersis
3126 5620 3177 5671 in
3209 5616 3435 5670 ordinent
3464 5618 3702 5678 redactis,
3731 5616 3878 5667 vitiis

2275 5686 2471 5739 abrasis
2489 5731 2502 5753 ,
2557 5689 2829 5756 dubiisque
2858 5686 3126 5742 enucleate
3157 5692 3363 5741 ueritate
3406 5688 3633 5741 lustratis
3657 5728 3673 5747 ,
3702 5697 3752 5739 et
3780 5702 3879 5738 cm

2276 5756 2465 5878 tzlqolitu
2508 5762 2667 5811 multa
2706 5759 3020 5827 rcsarriens,
3055 5767 3142 5811 tuo
3167 5760 3352 5828 jussu,
3398 5768 3452 5810 ut
3487 5758 3623 5809 rului
3647 5800 3661 5823 ,
3696 5773 3882 5809 omna

2277 5843 2291 5877 t
2341 5831 2549 5878 ustrat'i.

2277 5829 2549 5882 illustrari.
