4142 6350
281 401 385 454 bili

1652 384 2013 441 PROLEGOM
2026 384 2173 439 ENA.

3445 382 3550 435 610

280 515 629 579 premebatur,
659 513 725 565 ad
764 512 1018 584 vulgatam
1052 525 1137 563 seu
1175 509 1331 561 aliam
1373 504 1648 559 recurrisse
1672 504 1862 555 versio-
1889 505 1936 560 Α
2042 497 2161 554 108.
2180 498 2290 585 μθ
2321 499 2476 552 Anno
2508 498 2667 553 1509.
2701 497 3002 552 Daventria:
3039 496 3441 567 Psychomachia
3470 508 3549 550 est

278 623 411 671 nem,
438 610 648 677 etjuxta
674 623 785 659 eum
809 604 1043 675 quendam
1062 603 1211 656 verba
1242 599 1520 654 addidisse.
1552 596 1677 650 llaec
1700 609 1855 664 pror-

276 712 367 750 sus
398 696 675 766 ignorabat
712 696 882 750 abbas
911 693 979 748 de
1018 692 1075 747 S.
1122 693 1321 761 Leger,
1354 688 1639 755 praefectus
1666 684 1856 739 biblio-

278 789 446 843 theca:
477 788 536 843 S.
588 787 872 844 Genovcl‘a:
914 784 1161 846 Parisiis,
1204 784 1293 852 qui
1343 782 1525 835 folium
1567 779 1691 832 ἰπὶ-4
1738 776 1855 829 sine

276 879 398 932 anni
456 878 632 933 locive
677 878 788 948 84
816 886 968 941 nota,
1017 876 1144 941 sel,
1186 886 1243 927 ut
1272 882 1420 942 puto,
1462 869 1681 924 Parisiis
1712 880 1854 921 anno

278 972 417 1025 1787
447 971 635 1034 edidit,
665 971 734 1024 ita
769 971 1077 1035 inscriptum
1116 985 1127 1019 :
1165 965 1556 1019 Particularites
1584 963 1854 1015 liltéraires

274 1080 365 1115 sur
395 1063 447 1115 la
474 1063 678 1131 liturgie
696 1065 957 1115 mosarabe
976 1102 991 1127 ,
1022 1062 1171 1113 tire’es
1210 1060 1296 1114 des
1325 1060 1497 1111 lettres
1524 1055 1855 1108 manuscrites

275 1159 345 1208 du
382 1154 444 1208 P.
492 1154 711 1215 Burriel,
744 1155 931 1222 jésuite
970 1152 1216 1220 espagnol
1239 1190 1254 1213 ,
1288 1166 1381 1220 par
1411 1148 1462 1201 ,11
1474 1187 1484 1197 .
1524 1147 1678 1201 l’abbé
1698 1145 1759 1199 de
1790 1145 1851 1200 S.

276 1247 338 1300 Ι..
373 1246 547 1299 Aldus
577 1245 644 1299 de
674 1244 731 1299 S.
767 1244 933 1313 Leger
954 1259 1019 1298 es
1050 1242 1295 1311 epistolis
1327 1238 1576 1302 Burrieli,
1600 1234 1703 1291 non
1726 1237 1856 1290 satis

278 1340 415 1393 bene
456 1339 770 1401 intellectis,
812 1336 1041 1390 afﬁrmat
1081 1336 1319 1388 cilicium
1350 1334 1636 1386 Cothicum
1670 1346 1697 1383 a
1730 1345 1853 1382 car-

274 1428 437 1481 dinali
467 1427 713 1481 Ximenio
730 1426 930 1482 editum
951 1428 1001 1479 in
1033 1428 1217 1492 rcipsa
1241 1434 1295 1480 et
1321 1424 1617 1478 substantia
1639 1422 1856 1476 dill'erre

274 1540 300 1570 ει
328 1520 604 1574 codicibus
626 1534 755 1573 mss.
786 1518 1080 1574 Toletanis.
1108 1517 1389 1571 Nesciebat
1417 1517 1555 1569 idem
1590 1513 1727 1583 typis
1746 1514 1854 1580 jam

276 1612 441 1664 fuisse
470 1611 643 1664 editas
684 1613 945 1679 epistolas
975 1609 1107 1663 duas
1138 1608 1363 1661 Burrieli
1404 1621 1537 1675 quas
1566 1606 1774 1666 laudat,
1804 1614 1856 1656 et

272 1704 494 1755 alteram
524 1700 741 1771 quidem
772 1699 836 1754 ad
868 1700 925 1752 P.
961 1699 1308 1753 Franciscum
1336 1698 1605 1765 Ravagurn
1642 1694 1858 1748 Parisiis

273 1792 479 1844 Gallice
500 1789 784 1854 redditam,
813 1790 1035 1842 alteram
1064 1790 1128 1841 ad
1162 1789 1222 1841 Ι).
1259 1788 1471 1842 Petrum
1494 1788 1562 1841 de
1585 1787 1773 1841 Castro
1804 1787 1854 1839 in

1958 588 2122 654 edita,
2157 598 2293 643 teste
2325 589 2655 659 Ludewigio.

2028 680 2123 733 14°
2165 684 2318 734 Anno
2364 681 2523 735 1512.
2568 683 2760 735 Aurelii
2808 680 3079 735 Prudentii
3118 679 3410 743 Clementis,
3456 680 3550 731 viri

1955 774 2279 836 consularis,
2326 776 2484 829 libelli
2530 792 2646 829 cum
2686 788 2967 830 conrrnento
3003 776 3207 829 Antonii
3252 774 3551 827 Nebrissa:-

1953 869 2042 921 sis.
2097 868 2173 921 Ad
2223 868 2379 921 linem
2426 866 2545 921 libri
2574 868 2649 920 sic
2681 868 2870 935 legitur
2911 884 2924 919 :
2970 865 3279 934 lmpressum
3328 882 3549 933 prtesens

1956 976 2082 1023 opus
2134 961 2185 1011 in
2232 962 2430 1011 mutate
2476 958 2715 1010 Lucronii
2761 975 2848 1028 per
2886 959 3167 1010 Arnaldum
3216 956 3550 1009 (lnillermunt

1957 1053 2018 1104 de
2054 1051 2327 1114 Brocario,
2373 1060 2417 1102 et
2466 1049 2639 1118 [initur
2668 1050 2751 1101 die
2776 1050 2998 1101 secunda
3027 1050 3210 1099 mensis
3234 1049 3547 1109 sertembris,

1956 1160 2092 1197 anno
2124 1161 2156 1197 α
2186 1144 2442 1196 nativitate
2484 1142 2592 1213 85
2624 1141 2809 1196 Christi
2852 1141 3119 1193 millesimo
3151 1141 3549 1209 quinyrnesimo
3580 1206 3587 1211 δ

1959 1237 2263 1289 duodecim
2307 1238 2404 1306 (b).
2442 1235 2793 1290 Vehementer
2822 1233 3107 1287 dolendum
3137 1231 3546 1286 Nebrisscnsem

1959 1328 2074 1381 sine
2100 1329 2458 1397 explicatione
2486 1327 2755 1379 dimisisse
2797 1323 2961 1377 libros
3001 1323 3254 1377 adversus
3302 1322 3549 1392 Symma-

1958 1419 2155 1479 chum,
2206 1416 2556 1490 Apothcosin,
2606 1414 3071 1483 llamartigeniam,
3110 1412 3368 1481 quosdam
3426 1412 3547 1465 libri

1960 1510 2392 1577 l’cristephanmn
2426 1508 2906 1577 llymnos,-scilicet
2937 1507 3211 1568 Cassiani,
3243 1505 3543 1574 Hippolyti.

1965 1603 2105 1655 Petri
2136 1612 2191 1656 et
2222 1601 2402 1663 Pauli,
2450 1581 2700 1670 Cypriani
2748 1610 2801 1652 et
2851 1600 3086 1668 Agnetis.
3126 1598 3422 1650 lli.toch;r.o
3477 1614 3544 1649 ne.

1971 1699 2144 1747 locum
2179 1694 2393 1762 quidem
2434 1693 2571 1745 inter
2608 1694 2843 1753 carmina
2873 1692 3037 1742 dedit.
3076 1689 3333 1742 “'oitzius
3381 1690 3546 1740 adnu-

1968 1786 2197 1839 tationes
2242 1784 2611 1838 Nehrissensis
2662 1783 3018 1843 essciibens,
3068 1783 3299 1841 asserit,
3352 1780 3542 1834 abesse

277 1880 597 1935 bibliorheca
631 1882 861 1949 Hispana
904 1881 1046 1934 Petri
1080 1880 1347 1947 Iludiguez
1377 1878 1446 1933 de
1470 1878 1657 1932 Castro
1687 1879 1738 1930 in
1766 1894 1854 1930 ar-
1893 1869 1934 1926 ll
1965 1877 2221 1943 hymnum
2254 1874 2308 1935 ὅ,
2355 1879 2387 1927 ti
2418 1882 2472 1926 et
2523 1874 2732 1926 initium
2763 1874 2791 1924 7
2819 1860 3274 1934 Cathemerinon;
3316 1870 3546 1924 fortasse

279 1973 461 2037 ticulo,
496 1970 728 2023 Isidorus
761 1969 1083 2035 Hispalensis
1116 1972 1212 2039 (a).

351 2064 475 2118 105.
507 2061 596 2115 11⁸
623 2062 777 2114 Anno
808 2061 963 2114 I505.
1014 2060 1341 2113 line/nridion
1378 2059 1569 2126 Lipsiae
1599 2074 1852 2113 escnsum

274 2151 397 2217 lego
418 2151 555 2217 apud
584 2149 980 2217 Ludewigittm.

346 2239 442 2293 120
497 2240 650 2292 Auno
686 2240 839 2293 1507.
872 2237 1088 2293 Carmen
1134 2241 1186 2291 in
1219 2237 1506 2291 llornanum
1552 2248 1849 2307 martyrem,

269 2344 395 2383 eum
418 2328 639 2383 Joannis
663 2328 948 2383 Murmellii
974 2330 1379 2392 commentario,
1405 2329 1665 2393 Coloniae,
1692 2330 1849 2383 1507.

270 2423 403 2476 l’ost
451 2423 725 2476 restitutas
774 2422 979 2477 litteras
1027 2423 1167 2476 hunc
1198 2424 1418 2491 primum
1469 2422 1850 2489 appellaverirn

268 2517 618 2584 interpretem
647 2513 940 2567 Prudentii.
969 2513 1240 2567 Fabricius
1262 2522 1316 2567 et
1338 2513 1473 2565 alius
1500 2526 1686 2565 recens
1715 2513 1851 2566 scri-

271 2617 398 2672 ptttl’
429 2607 481 2658 in
508 2606 830 2661 collectione
850 2606 1370 2659 Commentariorum
1402 2604 1656 2658 editionis
1682 2604 1851 2658 Weit-

267 2698 345 2749 mi
371 2697 593 2751 Joannis
631 2698 908 2751 Mazntellii
944 2698 1359 2765 explicationem
1403 2706 1703 2759 recensent,
1738 2712 1853 2762 quc

267 2805 461 2843 revera
491 2798 710 2857 apparet
736 2790 787 2841 in
820 2789 1052 2843 indiculo
1075 2791 1448 2855 interpretum,
1480 2790 1574 2842 sed
1605 2790 1757 2842 abest
1785 2791 1853 2842 ab

266 2898 474 2951 "pere;
507 2884 729 2936 fortasse
757 2882 877 2950 quia
903 2898 1020 2935 eam
1061 2883 1125 2934 ad
1154 2897 1344 2935 manus
1370 2882 1568 2935 habere
1596 2885 1849 2950 speravit,

267 2972 374 3027 sed
405 2989 508 3027 non
538 2974 737 3042 potuit,
760 2975 835 3027 En
868 2976 1077 3027 titulttm
1115 2992 1125 3024 :
1157 2974 1269 3027 Divi
1305 2976 1541 3038 llomani,
1572 2977 1738 3028 herois
1759 3018 1771 3039 ,
1806 2990 1852 3028 et

235 3066 466 3120 -tlhristi
509 3069 747 3135 martyris
776 3067 1037 3136 fortissimi
1080 3066 1321 3134 inclytum
1362 3066 1603 3119 adversus
1642 3066 1853 3130 qerrtiles

269 3166 527 3210 certamen
556 3159 619 3207 ab
650 3156 855 3208 Aurelio
885 3154 1165 3207 Prudentia
1205 3154 1482 3219 Clemente,
1516 3150 1623 3208 uiro
1665 3171 1852 3208 consu-

269 3249 377 3299 mri
406 3259 451 3301 et
479 3257 627 3314 poeta
656 3248 901 3317 praeclaro
920 3286 936 3311 ,
966 3246 1122 3299 nobili
1156 3248 1379 3298 carmine
1416 3248 1772 3315 compositum,
1806 3248 1857 3299 in

267 3358 378 3405 quo
399 3341 569 3392 omnia
598 3340 808 3393 deorum
825 3354 971 3391 sacra
998 3346 1045 3390 et
1075 3353 1391 3409 paganorum
1421 3353 1584 3391 mores
1613 3338 1858 3390 acerrime.

269 3430 593 3493 infamantur
618 3444 677 3482 ac
706 3430 1105 3497 redarguuntur.
1140 3425 1267 3479 Cum
1313 3426 1529 3479 Joannis
1580 3424 1858 3480 Murmellii

276 3512 715 3574 llureruundensis
749 3520 1141 3584 commentario,
1190 3521 1343 3572 variis
1375 3520 1524 3573 rebus
1561 3520 1859 3588 vocibusque

270 3610 489 3675 referto.
518 3610 572 3663 In
595 3613 701 3663 line
724 3625 740 3661 :
769 3607 1081 3678 lmpressum
1102 3619 1172 3662 est
1194 3610 1289 3663 hoc
1309 3610 1610 3678 apusculum
1633 3609 1858 3664 Coloniae

271 3703 331 3754 ia
365 3700 754 3771 cltalcographia
778 3702 1111 3767 ingenuorum
1134 3702 1406 3753 liberorum
1433 3700 1688 3764 Quentell.
1714 3703 1859 3754 Anno

272 3790 475 3844 Christi
520 3791 627 3843 nati
654 3805 876 3844 summo
902 3806 1067 3845 suras
1114 3808 1169 3844 tt.
1216 3808 1263 3845 ι).
1301 3807 1333 3845 x
1372 3780 1608 3845 calendas
1651 3791 1857 3847 lunias.

274 3885 407 3938 llr-8
426 3898 617 3953 magno
637 3885 807 3951 potius
826 3898 983 3952 quam
1009 3884 1471 3946 in-t,eharactere
1487 3885 1857 3951 semigothico,

276 3988 335 4027 ιιι
372 3983 581 4028 vocant.
616 3974 672 4027 In
699 3973 871 4027 indice
900 3975 1031 4039 bibl.
1056 3971 1249 4028 Casan.
1268 3974 1421 4027 male
1450 3984 1662 4028 notatur
1689 3990 1861 4029 annos

274 4064 708 4121 editionistSIO.
725 4065 824 4117 Alii
852 4063 969 4116 inut
993 4078 1113 4117 esse
1133 4062 1335 4116 dicunt.
1356 4063 1761 4131 Viulcjudicinm
1779 4065 1865 4118 Gi-

274 4154 438 4211 sciitti
461 4154 529 4209 de
549 4151 865 4217 Murmellio,
885 4168 1031 4205 num.
1057 4152 1174 4217 117,
1196 4155 1246 4205 in
1272 4162 1390 4205 uota
1409 4152 1541 4221 (Col.
1562 4153 1687 4218 053,
1711 4171 1763 4206 η.
1783 4156 1859 4223 a).

356 4363 435 4430 (a)
466 4360 609 4416 ldem
647 4358 810 4414 abbas
840 4358 906 4430 de
937 4358 1293 4430 S.Legerait
1320 4372 1377 4412 se
1404 4356 1602 4413 vidisse
1638 4358 1865 4414 Bruxel-

277 4436 350 4488 lis
393 4428 532 4498 apud
581 4432 828 4484 dominos
876 4429 942 4484 de
982 4428 1283 4483 Santauder
1327 4430 1476 4496 plura
1518 4440 1861 4483 monumenta

278 4503 565 4567 litteraria.
602 4500 793 4565 partim
822 4500 985 4567 ipsius
1012 4500 1235 4553 Burricli
1266 4515 1423 4551 manu
1466 4509 1703 4562 exarata,
1740 4516 1863 4563 par-

277 4577 381 4628 tim
414 4565 479 4626 (Ξῖ)
503 4574 721 4638 jubentc
748 4582 798 4624 ct
831 4565 1042 4623 vidente
1079 4571 1366 4637 descripta,
1387 4572 1524 4635 quod
1551 4571 1671 4624 ideo
1692 4573 1864 4623 anim-

278 4654 527 4707 adverto,
546 4643 665 4707 quia
692 4641 913 4693 lltlrricli
944 4642 1289 4709 epistularum
1337 4641 1709 4695 eullemionem
1758 4641 1863 4695 bla-

278 4715 397 4768 triti
420 4713 680 4765 edendam
713 4711 909 4764 audivi.

358 4786 435 4851 rb)
461 4784 606 4836 lianc
633 4783 919 4835 editionem
950 4780 1272 4851 possidebat.
1306 4780 1398 4849 qui
1425 4796 1542 4834 eam
1585 4781 1860 4851 describit.

279 4849 680 4914 cl.'Gtegorius
711 4852 1014 4904 Maiansius.
1047 4849 1180 4903 Vide
1219 4857 1335 4917 ejus
1367 4852 1638 4919 Specirnen
1666 4850 1863 4903 Biblio-

282 4930 448 4979 theca:
484 4921 1129 4992 Gregorio-Maiansiantr,
1178 4919 1478 4992 Ilannovne,
1530 4922 1684 4980 1751’),
1739 4936 1857 4991 pag.

280 4998 379 5051 26.
416 4990 896 5047 Additblaiansius
929 5007 941 5041 :
980 4991 1060 5042 Ad
1099 4990 1483 5059 intelligendum
1530 4990 1859 5043 Prudentium

282 5067 695 5120 Christianorum
733 5072 995 5133 poetarum
1029 5062 1425 5113 eruditissimum
1468 5077 1659 5115 anatis
1709 5077 1860 5115 non;

286 5150 581 5191 CLARIORES
632 5148 701 5187 ετ
761 5146 1139 5186 εινευιτιοηεδ
1193 5146 1513 5184 ΕΧΕΗΩΙΤΑΙΗ
1562 5148 1855 5184 Ριιτιιιλκτ.

282 5206 647 5260 Emendarunt
665 5218 826 5255 meum
853 5204 1107 5269 exemplar
1134 5200 1389 5269 aliquibus
1418 5201 1469 5253 in
1495 5203 1615 5254 locis
1644 5201 1861 5253 Vincen-

286 5280 395 5329 tius
430 5274 568 5327 Pons
609 5273 939 5327 Valentinus.
980 5272 1055 5323 vir
1091 5272 1354 5339 stupenda:
1382 5273 1706 5331 eruditionis,
1732 5273 1861 5324 rtcl.

280 5346 518 5399 Joannes
537 5345 661 5396 dela
682 5343 862 5405 'I'orre,
881 5355 927 5395 et
942 5341 1191 5395 linerean.
1213 5342 1287 5393 vir
1308 5342 1495 5407 ingenii
1509 5343 1854 5394 amamissimi.

284 5419 361 5470 Ea
371 5416 547 5469 mdem
566 5415 854 5468 editionem
878 5421 1137 5466 memorat
1159 5410 1542 5479 llodriguezius
1569 5413 1635 5465 de
1652 5421 1856 5476 Lastro,

286 5486 385 5557 qui
416 5486 639 5557 formam
669 5487 785 5557 ejus
808 5484 923 5557 ἰηςο
951 5490 1071 5557 esse
1097 5480 1245 5557 dicit,
1278 5490 1331 5533 et
1367 5481 1649 5557 Hispanico
1687 5482 1861 5557 reddit

288 5552 468 5609 Vitam
495 5554 786 5617 Prudentii,
818 5569 844 5605 a
871 5552 1200 5607 Nellrisseusi
1233 5560 1528 5616 exposutam
1554 5554 1606 5605 in
1630 5554 1852 5620 epistola

281 5626 619 5681 dedicatoria
644 5626 708 5676 ad
736 5625 984 5676 Didacum
1011 5623 1251 5675 Itamicm
1281 5624 1348 5673 de
1378 5620 1719 5679 Villacscusa.
1746 5624 1860 5690 epi-

283 5711 510 5766 scopum
555 5695 947 5749 Ma'aeitanum.
996 5692 1260 5766 iudicium
1304 5693 1370 5742 de
1423 5693 1857 5766 interpretatione

284 5760 656 5822 Netirisscnsis
691 5767 805 5831 lege
836 5779 981 5815 num.
1010 5764 1131 5827 107,
1164 5762 1214 5815 in
1247 5771 1368 5814 nota
1395 5760 1591 5830 (Infra,
1627 5780 1680 5816 η.
1708 5764 1786 5826 tl).

359 5837 429 5907 (ε)
462 5837 647 5891 Fatum
692 5837 790 5887 hoc.
819 5833 1082 5901 quoddam
1114 5832 1379 5900 IliSpania:
1408 5843 1602 5885 nostrxc
1636 5843 1746 5895 est,
1800 5842 1859 5885 ut

1885 3233 1932 3294 C

1896 4679 1945 4737 Ι)

1972 1980 2158 2018 naeus
2191 1967 2287 2016 l’uit
2315 1965 2591 2031 exemplar
2617 1963 2881 2025 mutilum,
2912 1977 3031 2014 nam
3061 1962 3110 2013 ili
3160 1976 3281 2013 meo
3310 1974 3425 2013 sunt
3462 1960 3541 2012 in-

1959 2057 2092 2123 tegri
2126 2057 2177 2109 hi
2212 2054 2427 2125 hymni,
2460 2054 2903 2108 etadnotatioues
2936 2051 2989 2105 in
3020 2066 3134 2104 eos.
3179 2050 3426 2104 Nebrissa
3457 2065 3545 2102 so-

1959 2150 2065 2201 lutn
2119 2148 2311 2199 Aldum
2358 2146 2567 2199 videtur
2609 2142 2857 2199 habuisse
2910 2160 3018 2212 pra:
3060 2144 3335 2210 manibus,
3388 2143 3543 2210 cujus

1954 2260 2169 2300 errores
2194 2244 2462 2299 interdum
2493 2246 2743 2313 castigat,
2772 2244 2968 2313 smpius
3000 2243 3325 2297 transcribit.
3354 2244 3544 2296 Dubito

1954 2360 2018 2397 an
2049 2346 2255 2398 diversa
2287 2348 2357 2398 sit
2385 2346 2552 2399 editio
2579 2360 2738 2414 quam
2774 2345 2878 2397 vidi
2923 2353 2979 2398 et
3002 2359 3143 2398 nunc
3172 2345 3485 2397 memorabo
3514 2360 3529 2396 :

1957 2446 2123 2514 magis
2175 2447 2339 2499 credo
2366 2461 2487 2499 esse
2527 2446 2817 2499 diversam.
2872 2446 2988 2497 l‘tic.
3024 2446 3323 2507 Antonius,
3359 2445 3447 2513 qui
3479 2461 3545 2499 cx

1955 2548 2113 2601 editis
2144 2550 2363 2616 primunt
2392 2558 2866 2601 commcmatorem
2896 2547 3172 2602 Prudentii
3223 2547 3541 2602 Nebrissen-

1955 2663 2068 2702 sem
2100 2649 2263 2703 fuisse
2284 2649 2631 2713 existimarit,
2664 2648 2728 2701 ad
2761 2648 2931 2702 lsonis
2954 2649 3164 2718 glossas
3182 2658 3235 2703 et
3256 2646 3539 2701 Murmellii

1955 2750 2396 2803 commentarium
2430 2765 2534 2802 non
2582 2747 2829 2801 advertit.
2864 2746 3127 2800 Cellarius
3156 2757 3395 2800 nostrum
3428 2750 3540 2800 An-

1958 2851 2183 2912 tonium,
2208 2864 2238 2902 a
2272 2850 2388 2902 loco
2420 2849 2581 2901 natali
2614 2847 2852 2909 Lebrixa,
2884 2845 3135 2911 Nebrixa,
3195 2846 3454 2909 Nebrissa,
3491 2856 3543 2900 et

1959 2947 2335 3003 Nebrissensem
2376 2948 2599 3015 dictum,
2633 2948 2955 3017 perridicule
2980 2948 3215 3016 appellat
3244 2949 3536 3017 episwpunr

1958 3045 2343 3101 Nebrissensem
2372 3065 2388 3110 ;
2432 3048 2629 3100 nollem
2662 3049 2907 3101 emndem
2935 3052 3175 3101 errorem
3225 3050 3543 3117 cxscripsis-

1958 3159 2040 3203 set
2066 3150 2204 3202 alios
2240 3147 2335 3219 (c).

2036 3249 2156 3300 107.
2192 3250 2285 3301 15“
2313 3248 2471 3301 Auno
2500 3247 2634 3301 1512
2662 3256 2753 3300 aut
2797 3248 2952 3315 paulo
2990 3256 3127 3315 post.
3170 3249 3366 3300 Aurelii
3412 3247 3542 3301 Pru-

1965 3350 2127 3400 dentii
2180 3349 2484 3408 Clementis,
2536 3349 2629 3399 viri
2677 3347 2996 3412 consularis,
3036 3348 3213 3400 Lbelli.
3252 3348 3381 3401 Cum
3412 3365 3546 3401 com.

1966 3459 2133 3504 mento
2193 3450 2405 3503 Antoni
2455 3448 2820 3503 Nebrissensis.
2888 3449 3015 3502 Cum
3062 3451 3348 3519 privilegio.
3408 3451 3547 3529 Nihil

1965 3550 2106 3602 aliud
2140 3549 2192 3602 in
2227 3550 2403 3603 lrouto
2444 3549 2655 3616 legitur,
2685 3563 2856 3618 neque
2885 3550 2935 3602 in
2968 3550 3091 3613 line,
3118 3560 3213 3603 aut!
3236 3550 3362 3604 alibi
3402 3561 3549 3604 nota-

1966 3660 2051 3703 tur
2074 3664 2265 3715 annus,
2290 3659 2343 3703 et
2367 3651 2511 3703 locus
2531 3648 2801 3712 editionis,
2833 3666 2950 3717 qua:
2972 3661 3056 3704 est
3086 3651 3245 3714 ἱππ-4⁸,
3274 3652 3548 3705 characte-

1967 3751 2115 3805 ribus
2144 3752 2526 3819 semigothicis.
2559 3753 2743 3804 Solqu
2779 3754 3032 3820 praecedit
3073 3754 3189 3805 loco
3221 3752 3549 3820 prmiationis

1968 3852 2303 3925 Epigramma
2337 3853 2475 3907 .Elii
2510 3855 2717 3907 Antonii
2742 3855 3088 3909 Nebrissensis
3108 3857 3175 3908 ad
3214 3856 3547 3909 Prudentium

1964 3972 2027 4009 ea:
2054 3955 2315 4007 Britannis
2358 3957 2615 4008 reducent.
2658 3954 2807 4020 Quod
2846 3956 3035 4009 alludit
3076 3955 3140 4009 ad
3184 3955 3546 4024 prml'ationcm

1971 4056 2111 4110 Aldi.
2146 4055 2335 4129 Esstat
2371 4054 2483 4107 haec
2514 4054 2674 4107 editio
2722 4056 2774 4106 in
2817 4054 3137 4107 bibliotheca
3184 4054 3416 4108 llomana
3456 4058 3549 4109 Sa-

1971 4156 2182 4223 pientize
2205 4155 2310 4222 (il).
2338 4154 2518 4223 86hr
2544 4153 2716 4206 fronte
2741 4154 2975 4206 cllictum
2998 4165 3077 4206 est
3104 4154 3368 4222 llispania:
3391 4169 3546 4208 scm-

1971 4358 2262 4425 scriptores
2282 4360 2397 4424 ejus
2420 4357 2756 4413 celeberrimi
2784 4356 2853 4411 ab
2874 4360 3091 4424 exter's,
3116 4361 3356 4428 quamvis
3379 4362 3548 4417 tht‘lis

1976 4428 2305 4494 horninibus,
2340 4429 2495 4499 vulgo
2538 4431 2846 4501 ignorentur
2894 4440 2983 4501 aut
3027 4446 3132 4483 non
3175 4430 3308 4484 bene
3354 4448 3549 4501 rogito.

1977 4512 2216 4553 scantur.
2250 4501 2297 4553 Is
2319 4514 2450 4564 ipse,
2474 4501 2561 4568 qui
2584 4516 2613 4552 a
2653 4499 2882 4553 Ccllario
2924 4500 3200 4568 deceptus,
3236 4499 3552 4557 hebris—wn-

1973 4584 2086 4623 sem
2135 4571 2370 4638 episcorli
2416 4573 2567 4623 titulo
2607 4571 2899 4629 decoravit,
2953 4569 3038 4624 Fr.
3092 4571 3345 4639 lgnatium
3377 4574 3551 4626 Coum

1975 4640 2376 4707 irnpngnaturus
2407 4657 2511 4693 non
2546 4650 2629 4695 e~t
2669 4656 2829 4695 ausus
2858 4643 3233 4705 nominare,‘et
3266 4646 3453 4697 eodem
3493 4648 3549 4701 in
3602 4650 3611 4655 “

1971 4711 2087 4764 loco
2116 4711 2175 4764 ν.
2205 4715 2266 4765 (2.
2303 4711 2644 4765 Franci-cuiu
2674 4713 2833 4766 l‘erez
2859 4711 3045 4780 Baycr,
3074 4712 3210 4765 latura
3237 4714 3356 4767 hinc
3380 4731 3549 4783 usque
3578 4732 3583 4733 ί

1978 4782 2043 4833 ad
2075 4784 2247 4835 sidera
2282 4793 2485 4842 notum,
2541 4792 2594 4834 et
2628 4782 2735 4849 jam
2785 4783 2987 4847 pridem
3023 4785 3178 4851 regite
3208 4784 3371 4837 biblio
3400 4782 3545 4839 heear

1966 4850 2255 4905 Matritensi
2291 4853 2621 4920 prietes-tum,
2652 4868 2746 4919 pro
2785 4851 3047 4905 monacho
3070 4853 3247 4921 aliquo
3268 4864 3359 4907 aut
3380 4855 3546 4910 fratre

1967 4922 2095 4975 mihi
2131 4925 2337 4976 videtur
2376 4937 2539 4990 accep
2560 4936 2669 4984 ssc,
2714 4938 2833 4975 cum
2864 4922 2930 4975 de
2975 4924 3142 4989 patria
3167 4925 3238 4981 ,S.
3272 4925 3545 4982 Laurentii

1966 4992 2262 5063 dispntans,
2295 4992 2365 5045 ita
2392 5007 2513 5044 eum
2538 4992 2847 5058 appellavit,
2884 4990 2951 5046 P.
2978 4993 3155 5058 l'erez,
3201 5011 3370 5063 neque
3394 5000 3541 5049 enim

1965 5062 2127 5113 alium
2156 5067 2223 5113 ab
2248 5078 2312 5114 eo
2338 5064 2721 5131 reprehensum
2743 5064 2951 5131 opinor,
2986 5064 3086 5117 nisi
3111 5062 3383 5118 auctorem
3413 5082 3538 5117 cru-

1964 5132 2088 5184 dibu
2112 5132 2501 5184 dissertationis
2528 5147 2541 5185 :
2587 5129 2893 5186 Laurentius
2922 5144 2968 5185 et
3000 5134 3251 5187 Damasus
3291 5135 3541 5203 Hispanis

1965 5203 2143 5254 asserti
2200 5212 2246 5253 et
2298 5202 2556 5254 rindicati.
2631 5202 2849 5268 Ilomte,
2907 5204 3063 5258 i756.
3118 5202 3557 5272 ιιθδιιυιιεηηωηι.

1968 5272 2171 5341 Bayerii
2230 5272 2295 5323 ad
2336 5282 2742 5340 argumentum,
2782 5290 2849 5329 ex
2903 5276 3118 5327 silentio
3166 5274 3433 5326 l’rudentii
3483 5275 3537 5329 in

1971 5342 2171 5411 hymno
2201 5342 2260 5395 S.
2286 5342 2552 5397 Laurentii
2584 5346 2827 5412 petitum,
2858 5360 2954 5397 suo
2999 5346 3116 5397 loco
3160 5344 3437 5411 explicabo
3484 5355 3539 5397 et

1963 5412 2257 5466 sustinebo.

2037 5484 2116 5551 (d)
2146 5483 2398 5549 Suspicor
2418 5483 2667 5537 editionis
2689 5485 2862 5537 locum
2902 5498 3021 5537 esse
3046 5483 3532 5549 Caesaraugustam,

1965 5566 2027 5605 ex
2070 5556 2449 5619 epigrammate
2486 5554 2869 5607 Nebrissensis.
2910 5555 3328 5621 Cxesaraugusta‘
3372 5552 3539 5608 Geor.

1964 5623 2083 5689 gius
2107 5628 2471 5694 typographus
2499 5639 2641 5694 anno
2693 5622 2829 5675 l5l5
2873 5624 3261 5689 expositionem
3315 5624 3540 5694 hymni-

1968 5708 2081 5745 rum
2118 5693 2421 5761 (Breviarii)
2456 5710 2483 5745 a
2524 5693 2857 5747 Nebriseosi
2906 5694 3118 5755 factum,
3168 5703 3215 5749 et
3265 5693 3539 5750 Sedulium

1967 5779 2087 5815 eum
2117 5766 2423 5831 paraphrasi
2448 5763 2686 5831 ejusdem
2715 5762 3077 5817 Nebrisscnsis
3110 5764 3295 5821 formis
3319 5769 3541 5834 impres-

1972 5836 2059 5889 sit.
2096 5834 2429 5905 Epigramma
2459 5834 2608 5901 cujus
2644 5834 2859 5888 memini
2889 5843 2971 5888 est
3002 5852 3015 5889 :
