4142 6350
338 378 439 435 649

1694 356 2219 417 PROLEGOMENA.

3510 346 3615 403 650

335 488 689 549 mentariolus
714 489 924 546 Erasmt
954 492 1129 544 exstat
1158 498 1210 539 in
1243 481 1562 537 collectione
1591 478 1826 544 Weitzii,
1862 485 1917 532 et
1942 479 1998 539 Α
2025 470 2294 536 Ecclesite,
2324 477 2372 523 et
2398 464 2717 537 antiquitatis
2744 462 3016 535 religiosae,
3050 463 3118 516 ad
3144 460 3415 515 utilitatem
3428 463 3618 531 ⁸ῑηυιης

332 587 387 641 in
418 585 534 655 ejus
564 584 818 654 operibus
847 596 1066 637 recusas
1092 587 1192 634 est.
1245 575 1301 631 In
1342 574 1585 643 catalogo
1629 570 1759 627 bibl.
1800 586 1915 641 reg.

332 679 501 735 Paris.
528 678 695 734 editio
719 676 914 732 dicitur
938 674 1111 739 ἰηο16,
1138 685 1232 739 per
1251 668 1512 724 Joannem
1537 663 1914 729 Tornoesium,

331 771 598 841 Lugduni,
624 770 725 825 hoc
751 784 893 823 anno
919 766 1076 823 1555.
1112 763 1212 819 Alii
1242 761 1356 818 in-8
1380 760 1582 815 dicunt.
1621 757 1769 813 Hanc
1805 755 1917 811 edi-

330 866 532 921 tionem
559 864 738 921 laudat
765 861 1097 918 Gallandius.
1158 910 1163 913 χ

402 961 493 1017 50°
533 960 687 1014 Anno
721 956 873 1013 1562.
919 957 1044 1011 Aur.
1099 951 1372 1009 Prudentii
1419 949 1720 1019 Clementis,
1762 946 1821 1001 V.
1856 944 1915 1000 C.

328 1069 479 1105 sacra
509 1069 623 1122 qua:
652 1060 853 1105 exstant
882 1064 1125 1104 poenam
1155 1061 1338 1101 ortam.
1374 1044 1569 1109 Quibus
1598 1047 1918 1094 accesserunt

328 1148 381 1199 in
412 1156 574 1200 totum
614 1145 819 1216 quidem
857 1159 988 1213 apus
1016 1141 1101 1195 Jo.
1138 1137 1380 1195 Sichardi
1409 1137 1667 1189 succincta
1698 1132 1914 1195 scholia,

276 1295 284 1300 _
328 1239 380 1292 in
410 1240 601 1307 aliquot
632 1254 751 1292 vero
782 1237 996 1307 hymnos
1025 1232 1234 1287 Erasmi
1271 1231 1446 1286 Roter.
1478 1238 1525 1283 et
1550 1227 1731 1282 Jacobi
1764 1225 1917 1296 Spie-

328 1331 449 1400 gelii
479 1331 864 1385 commentaria.
910 1327 1145 1391 Basilete,
1178 1342 1240 1379 ex
1270 1324 1469 1393 ofﬁcina
1504 1321 1709 1375 llenrici
1742 1318 1915 1385 Petri,

327 1440 466 1478 anno
492 1422 590 1479 sal.
618 1425 759 1477 hum.
789 1438 1040 1487 Ir.n.t.xu,
1073 1434 1243 1474 mense
1270 1416 1486 1482 Martio,
1515 1416 1647 1480 in-8,
1672 1430 1761 1483 pp.
1788 1411 1915 1466 719.

324 1516 453 1573 Haec
476 1519 643 1575 editio
664 1528 838 1575 exstat
865 1519 916 1571 in
947 1513 1269 1571 bibliotheca
1293 1510 1501 1581 collegii
1528 1508 1775 1573 Romani,
1799 1520 1919 1577 qua:

327 1627 514 1682 parum
547 1620 631 1669 est
659 1620 931 1667 correcta.

398 1707 489 1761 51°
531 1707 688 1761 Anno
730 1706 919 1761 eodem
966 1702 1123 1759 1562.
1178 1700 1235 1755 In
1278 1697 1598 1756 collectione
1640 1704 1919 1765 poetarum

328 1800 781 1865 Christianorum,
813 1799 993 1853 studio
1023 1808 1077 1853 et
1108 1797 1249 1852 notis
1280 1795 1497 1863 Georgii
1528 1791 1789 1857 Fabricii,
1823 1790 1921 1844 Ba-

2026 566 2151 619 tutis
2181 564 2539 618 scholasticae:
2580 562 2853 630 collectus,
2892 560 3219 624 emendatus,
3263 558 3521 629 digestus,
3568 566 3618 611 et

2025 658 2385 714 commentario
2434 672 2637 727 quoque
2688 656 2987 725 expositus,
3036 652 3304 724 diligentia
3350 660 3397 705 et
3444 650 3615 705 studio

2023 752 2232 823 Georgii
2261 750 2495 805 Fabricii
2522 748 2918 805 Chemnicensis.
2972 747 3028 801 In
3061 748 3207 802 line:
3242 746 3494 815 Basileaz,
3549 762 3612 799 ea:

2022 848 2221 919 o/ﬁcina
2242 845 2463 901 Joannis
2489 845 2725 917 Oporini,
2751 861 2837 898 an.
2860 843 2959 897 sal.
2986 841 3129 895 hum.
3155 857 3454 896 u.n.t.xmt.
3478 840 3615 894 Ιιιο4.

2023 946 2077 1001 In
2106 946 2283 1000 fronte
2308 944 2491 999 avulsa
2514 951 2628 997 erat
2654 948 2779 995 nota
2810 939 2913 993 loci
2938 946 2993 992 et
3014 938 3139 991 anni
3166 954 3177 989 :
3211 936 3327 1005 ipse
3356 936 3612 1004 prall'utttt‘

2025 1054 2164 1095 anno
2194 1037 2351 1104 1562,
2384 1053 2475 1093 xm
2505 1034 2608 1090 cal.
2633 1034 2789 1087 Mart.
2824 1033 2882 1087 ln
2913 1031 3188 1088 nonnullis
3218 1029 3617 1099 exemplaribus
3687 1100 3691 1109 ν

2023 1133 2209 1188 Romae
2236 1132 2431 1186 desunt
2454 1126 2857 1190 commentarii,
2897 1125 3095 1195 quippe
3121 1123 3189 1177 ab
3220 1123 3473 1177 haeretica
3518 1124 3617 1177 lto—
3672 1116 3693 1125 ”

2025 1224 2168 1280 mine
2194 1222 2461 1279 interdum
2489 1220 2652 1290 impie
2674 1217 2927 1282 confecti,
2952 1226 3005 1271 et
3027 1224 3312 1285 prepterea
3336 1216 3615 1285 discerpti.

2025 1318 2107 1374 Ad
2150 1314 2566 1373 commentarios
2608 1312 2864 1383 praefatur
2893 1325 2959 1367 eo
2991 1310 3109 1379 ipso
3138 1322 3280 1364 anno
3312 1308 3479 1377 1562,
3526 1325 3617 1365 λιιι

2025 1410 2129 1467 cal.
2158 1410 2265 1465 Jul.

2095 1507 2186 1562 56⁸³
2229 1508 2386 1561 Anno
2417 1506 2608 1561 eodem
2636 1504 2797 1563 1564.
2829 1502 3005 1559 Editio
3037 1502 3317 1560 Prudentii
3348 1517 3467 1558 cum
3498 1500 3617 1555 aliis

2027 1598 2202 1669 poetis
2226 1598 2544 1653 Christianis
2572 1597 2794 1652 Basilete
2832 1610 2926 1665 per
2957 1596 3115 1651 Joau.
3138 1595 3456 1665 Oporinum,
3484 1596 3617 1661 ill-8,

2028 1690 2274 1745 laudatur
2302 1708 2332 1744 a
2362 1691 2432 1745 cl.
2462 1690 2678 1756 Teolio,
2722 1705 2752 1743 a
2796 1689 3038 1754 nemine,
3077 1688 3217 1758 quod
3252 1689 3368 1757 ipse
3399 1689 3616 1755 scierit,

2028 1785 2424 1841 animadversa.
2478 1784 2584 1840 Sed
2626 1798 2750 1837 cum
2798 1783 2913 1851 ipse
2958 1796 3065 1837 non
3108 1783 3618 1836 commcmoraverit

330 1891 500 1957 silete,
524 1891 663 1945 in-i.
700 1891 777 1944 lta
807 1891 963 1945 Joan.
991 1890 1241 1944 Albertus
1271 1886 1549 1941 Fabricius
1581 1885 1633 1938 in
1661 1882 1915 1937 Biblioth.
1954 1879 2003 1941 B
2029 1879 2319 1934 editionem
2351 1876 2714 1933 Basileensem
2748 1876 2863 1929 ἰπὶ-«1
2906 1889 3001 1943 per
3030 1874 3189 1929 .loan.
3218 1872 3543 1943 Oporinum,
3589 1887 3618 1925 a

332 1992 441 2040 vet.
470 1983 588 2038 Lat.
617 1983 720 2038 Alii
744 1999 942 2038 annum
969 1981 1223 2038 editionis
1248 1982 1270 2034 ιι
1284 1980 1388 2034 565
1411 1976 1616 2042 ηὀιθηι,
1642 1976 1731 2031 alii
1756 1975 1917 2031 1564.

332 2074 671 2144 Ludewigius
703 2074 840 2128 hanc
870 2083 1023 2127 vocat
1050 2073 1303 2126 eruditam
1327 2080 1371 2123 et
1396 2085 1588 2123 raram.
1625 2066 1754 2123 Vide
1785 2067 1920 2123 infra

329 2177 475 2218 num.
504 2165 624 2229 111,
656 2164 747 2218 ubi
780 2179 897 2219 eam
932 2162 1310 2218 describimus.

402 2255 493 2309 52'
533 2258 689 2311 Anno
718 2256 877 2311 1562.
924 2257 1100 2326 Opera
1129 2256 1405 2311 Prudentii
1429 2298 1442 2320 ,
1475 2256 1622 2320 in-R,
1663 2252 1915 2321 Basilete,

326 2363 451 2405 cum
478 2350 685 2406 Erasmi
715 2359 771 2407 et
799 2349 1044 2409 Sichardi
1079 2350 1219 2405 notis
1248 2353 1333 2420 (ex
1365 2349 1594 2419 quodam
1622 2347 1829 2418 catal.).

396 2443 488 2499 53°
528 2442 870 2498 Ann01562.
906 2442 1083 2496 Editio
1112 2442 1280 2511 prima
1309 2439 1531 2497 Giselini
1562 2440 1837 2504 mendosa,
1865 2445 1922 2492 ut

324 2533 441 2605 ipse
481 2536 764 2606 profitetur
812 2537 865 2589 in
913 2534 1148 2589 editione
1180 2534 1435 2589 secunda.
1488 2532 1738 2587 Titulus:
1789 2531 1917 2585 Aur.

326 2628 496 2683 Prud.
523 2627 685 2684 Clem.
714 2630 812 2683 viri
839 2646 981 2683 cons.
1012 2643 1207 2695 oratu,
1239 2644 1270 2679 a
1302 2624 1503 2680 Victore
1534 2624 1764 2681 Giselino
1807 2640 1920 2678 cor-

324 2732 498 2788 recta,
549 2732 595 2777 et
640 2721 1058 2776 adnotationibus
1106 2719 1391 2775 illustrata.
1447 2718 1529 2773 Ad
1568 2704 1919 2787 Hippolytum

323 2814 610 2870 Estensem
642 2814 1006 2879 cardinalem,
1052 2813 1302 2878 Parisiis,
1350 2811 1491 2882 apud
1534 2811 1920 2882 Hieronymum

323 2905 395 2962 de
423 2905 656 2973 Marnef,
690 2906 874 2971 iii-12,
921 2921 1009 2976 pp.
1050 2905 1175 2960 494.
1230 2904 1399 2974 Hujus
1429 2903 1678 2959 editionis
1707 2918 1922 2959 errores

323 2997 385 3055 in
407 2998 585 3053 multis
608 2999 725 3054 aliis
747 2999 959 3069 repetiti
983 3006 1129 3053 sunt.
1154 2997 1474 3065 Giselinum,
1497 2998 1681 3054 decem
1707 3006 1921 3054 nactum

322 3090 606 3149 Prudentii
654 3094 907 3159 codices,
959 3093 1097 3147 hanc
1137 3093 1428 3149 editionem
1471 3093 1725 3149 adorsum
1756 3093 1923 3150 fuisse

324 3188 545 3259 quidam
590 3204 872 3260 perperam
914 3188 1232 3253 afﬁrmavit,
1281 3188 1540 3257 deceptus
1574 3187 1923 3257 inscriptione

2027 1986 2116 2025 me
2158 1970 2358 2035 visam,
2408 1978 2463 2025 et
2509 1984 2539 2022 a
2587 1968 2831 2038 pluribus
2881 1968 3237 2033 recensitam,
3290 1965 3616 2033 videndum,

2024 2079 2093 2119 an
2123 2064 2280 2120 unica
2309 2064 2380 2119 sit
2403 2062 2519 2117 haec
2544 2062 2730 2129 editio,
2756 2075 2917 2131 quam
2944 2058 3139 2128 aliquis
3168 2061 3306 2114 male
3335 2058 3451 2113 iri-8
3482 2058 3617 2113 indi-

2023 2157 2249 2212 caverit.

2094 2248 2188 2303 37°
2228 2249 2385 2303 Anno
2413 2247 2572 2304 1566.
2608 2247 2885 2303 Prudentii
2914 2264 3071 2314 opera
3102 2265 3133 2301 a
3165 2247 3368 2301 Victore
3391 2246 3617 2301 Giselino

2023 2352 2275 2411 correcta,
2299 2356 2344 2398 et
2369 2345 2786 2399 adnotationibus
2815 2346 3097 2399 iliustrata.
3123 2343 3364 2411 Parisiis,
3392 2344 3614 2413 Marnef,

2024 2439 2185 2507 1566,
2218 2439 2400 2505 ἰπὶ-16,
2432 2455 2521 2509 pp.
2549 2438 2673 2494 MO.
2713 2440 2823 2509 90
2854 2439 3135 2494 Fabricius
3164 2440 3239 2493 ait
3266 2457 3280 2491 ;
3326 2439 3409 2493 Ea;
3444 2456 3618 2493 recen-

2023 2535 2166 2587 sione
2214 2533 2453 2605 Giselini.
2525 2535 2651 2589 llaec
2703 2535 2868 2590 editio
2923 2536 3216 2591 conformis
3265 2537 3485 2591 omnino
3536 2546 3619 2591 est

2026 2626 2214 2696 prima:
2257 2627 2482 2682 editioni
2509 2626 2735 2683 Giselini
2762 2627 2889 2681 anui
2925 2628 3082 2684 1562.
3132 2628 3264 2684 Vide
3306 2644 3453 2683 num.
3490 2632 3613 2683 110.

2025 2719 2236 2775 Adsunt
2263 2721 2424 2776 etiam
2456 2721 2665 2776 Erasmi
2708 2722 3160 2779 commentarioli.
3214 2723 3268 2778 Si
3300 2723 3493 2778 alicubi
3538 2727 3618 2777 le-

2025 2826 2158 2882 gas,
2216 2813 2345 2867 hanc
2392 2813 2667 2868 editionem
2712 2829 2743 2869 a
2789 2812 3029 2870 Giselino
3076 2823 3416 2885 procuratam
3443 2858 3457 2881 ,
3510 2832 3618 2872 non

2026 2906 2365 2965 assentiaris.

2097 3000 2192 3055 58⁸
2232 3001 2389 3056 Anno
2420 3000 2581 3057 1568.
2625 3001 2843 3073 Georgii
2884 3002 3115 3058 Fabricii
3145 3005 3519 3059 commentarii
3564 3007 3618 3062 in

2027 3094 2288 3164 quosdam
2319 3096 2548 3166 hymnos
2578 3094 2850 3151 Prudentii
2873 3137 2889 3163 ,
2938 3095 3137 3165 Lipsiae
3169 3098 3338 3165 1568,
3380 3100 3493 3153 in-8
3526 3100 3618 3169 (ex

2028 3187 2182 3242 Joan.
2214 3188 2339 3243 Alb.
2371 3188 2660 3259 Fabricio).
2720 3190 2947 3244 Exstant
2996 3192 3047 3244 in
3079 3192 3402 3248 collectione
3452 3192 3619 3247 Weit~

324 3280 580 3336 editionis
618 3281 872 3338 secundm
918 3280 1043 3335 anni
1077 3279 1236 3335 1564.
1289 3279 1469 3334 Prima
1495 3279 1722 3335 Giselini
1750 3280 1917 3336 editio
1943 3274 1990 3339 C
2025 3281 2177 3337 ziana
2205 3292 2258 3337 et
2287 3282 2341 3337 in
2368 3284 2622 3353 operibus
2649 3282 2903 3338 Fabricii.

326 3382 505 3429 exstat
537 3374 588 3427 in
617 3373 943 3429 bibliotheca
973 3374 1253 3443 Angelica,
1284 3372 1374 3426 ubi
1402 3382 1520 3427 eam
1547 3372 1679 3425 vidi.

404 3466 495 3521 34°
527 3469 681 3522 Anno
706 3467 864 3522 1561.
891 3465 1129 3520 Aurelius
1153 3465 1462 3520 Prudentius
1481 3464 1732 3533 Clemens,
1760 3464 1925 3519 Theo-

325 3562 445 3615 dori
474 3560 756 3616 Pulmanni
786 3560 1167 3631 Cranenburgii
1194 3569 1243 3614 et
1269 3560 1489 3614 Victoris
1516 3558 1732 3614 Giselini
1769 3577 1924 3631 opera

326 3671 397 3710 ea:
421 3655 523 3723 ﬁde
549 3656 722 3709 decem
751 3654 1001 3708 librorum
1032 3656 1503 3722 manuscriptorum
1534 3654 1851 3719 emendatus,
1878 3663 1927 3707 et

327 3749 389 3802 in
418 3764 534 3801 eum
574 3748 803 3820 ejusdem
831 3746 1053 3801 Victoris
1080 3745 1301 3801 Giselini
1332 3748 1762 3811 commentarius.
1814 3748 1922 3798 An-

330 3842 565 3911 tuerpiaz,
598 3857 661 3894 ex
691 3840 890 3910 ofﬁcina
913 3839 1266 3911 Christophori
1292 3838 1545 3908 Plautini,
1570 3856 1675 3895 cra.
1692 3856 1760 3896 to.
1778 3828 1921 3895 uti.

328 3932 479 3991 lii-8.
502 3934 611 4006 89
628 3934 757 3988 Post
776 3934 1225 4001 commentarium
1251 3930 1475 3989 Giselini
1502 3934 1750 4003 leguntur
1770 3935 1927 4005 Sym-

329 4024 513 4080 machi
540 4036 594 4081 et
620 4025 889 4081 Ambrosii
911 4026 977 4080 de
998 4026 1280 4096 Religione
1305 4026 1548 4094 epistolae
1578 4027 1924 4097 adversariae,

329 4117 484 4172 Petri
526 4116 718 4171 Nannii
751 4116 1047 4173 Alcmarini
1086 4126 1141 4172 et
1173 4118 1401 4173 Victoris
1438 4117 1664 4173 Giselini
1709 4119 1928 4175 scholiis

330 4210 639 4268 illustrataz.
694 4211 969 4267 Accedunt
1014 4211 1223 4267 Erasini
1272 4212 1644 4266 commentarii
1697 4213 1751 4266 in
1794 4212 1928 4268 duos

334 4306 573 4374 hymnos
598 4304 895 4371 Prudentii,
928 4306 995 4361 de
1022 4305 1213 4376 quibus
1240 4320 1388 4359 num.
1416 4304 1519 4359 109
1544 4304 1643 4376 (a).

302 4422 314 4429 -
412 4400 533 4454 111.
577 4399 668 4455 55⁸
709 4402 865 4455 Anno
909 4399 1093 4455 itidem
1136 4400 1295 4454 1564.
1344 4398 1605 4466 Georgius
1650 4398 1928 4454 Fabricius

330 4509 459 4551 cum
508 4495 628 4550 aliis
674 4496 845 4565 poetis
874 4496 1193 4552 Christianis
1225 4495 1574 4551 Prudentium
1623 4495 1826 4561 edidit,
1874 4506 1928 4552 et

329 4587 555 4657 quidem
601 4588 776 4658 primo
819 4589 957 4645 loco.
1010 4589 1333 4660 Inscriptio:
1371 4590 1654 4645 Poetarum
1704 4601 1928 4645 veterum

330 4680 800 4736 ecclesiasticarum
829 4699 985 4753 opera
1010 4683 1335 4749 Christiana,
1370 4693 1417 4737 et
1448 4701 1657 4755 operum
1698 4685 1929 4755 reliquid:

331 4782 491 4841 atque
531 4775 838 4845 fragmenta.
890 4776 1187 4845 Thesaurus
1224 4776 1490 4833 catholica:
1539 4789 1586 4833 et
1625 4780 1928 4834 orthodoxa:

417 4918 489 4987 (a)
519 4918 859 4993 Ludewigius
899 4932 1045 4977 recte
1087 4922 1393 4991 pronuntiat
1443 4920 1580 4976 hanc
1626 4918 1917 4978 editionem

332 4993 804 5063 castigatissimatn
856 5003 910 5048 et
956 4994 1326 5047 nitidissimam
1377 5008 1538 5056 esse;
1585 5002 1639 5047 et
1680 4996 1921 5063 quamvis

334 5061 484 5116 idem
516 5077 720 5134 isserat
742 5064 1094 5119 Weitzianatn
1119 5066 1375 5134 optimum
1406 5065 1637 5129 censeri,
1671 5061 1921 5121 Heinsius
1953 5104 1961 5111 .

334 5143 523 5188 tamen
556 5133 866 5191 Weitziana:
906 5133 1196 5191 editionem
1240 5137 1467 5191 Giselini
1512 5138 1763 5205 pra-tulit.
1814 5138 1920 5192 Sed

332 5219 479 5275 opus
500 5214 581 5259 est
602 5208 901 5276 advertere,
916 5208 970 5263 in
988 5208 1304 5277 quibusdam
1322 5208 1718 5277 exemplaribus
1735 5209 1921 5264 deesse

334 5281 758 5334 commentarios
788 5281 1017 5345 Erasmi,
1048 5280 1319 5347 religionis
1347 5293 1507 5332 causa
1540 5280 1773 5346 avolsos,
1818 5294 1923 5348 quo

333 5349 542 5419 factum
572 5361 681 5417 est,
731 5360 786 5405 ut
830 5351 989 5405 simul
1021 5350 1306 5419 discerpta:
1346 5351 1545 5403 fuerint
1588 5364 1737 5404 nova:
1780 5365 1925 5405 cura:

335 5418 594 5493 Giselini,
622 5424 710 5491 qui
740 5423 891 5493 plura
923 5418 1378 5493 mendasustulit,
1412 5433 1471 5493 et
1492 5422 1778 5475 nonnullas
1809 5424 1926 5475 ani-

332 5491 991 5563 madversiones—adjecit.
1046 5494 1091 5546 A
1123 5492 1339 5547 Barthio
1372 5492 1510 5546 male
1548 5495 1808 5561 accipitur
1833 5493 1924 5548 Gi-

332 5562 581 5630 selinus,
625 5565 714 5634 qui
756 5562 976 5620 vocatur
1004 5564 1353 5637 Adversalib.
1381 5578 1455 5628 rx,
1486 5579 1603 5633 cap.
1634 5564 1729 5629 20,
1778 5565 1926 5619 homo

332 5644 500 5689 tanta:
550 5638 992 5707 praesumptionis,
1044 5646 1098 5689 ut
1148 5650 1563 5707 COSNENTARIUM
1616 5647 1760 5689 notas
1808 5653 1929 5689 suas

331 5707 614 5762 inscribere
638 5710 871 5763 voluerit.
903 5708 1181 5763 Rationem
1211 5709 1384 5762 reddit
1412 5706 1657 5761 Barthius
1688 5708 1779 5761 lib.
1805 5724 1913 5773 χιι,

333 5794 462 5849 cap.
500 5780 535 5833 4
568 5800 580 5835 :
620 5784 684 5834 At
727 5783 781 5835 in
819 5796 1060 5842 U'l'ttAQL'E
1101 5796 1201 5832 non
1240 5779 1447 5833 debebat
1472 5788 1686 5831 tantum
1736 5781 1922 5849 negotii

336 5854 465 5905 dare
492 5852 742 5918 Giselino,
773 5856 879 5907 viro
915 5850 1068 5923 probo
1106 5861 1150 5905 et
1179 5852 1402 5915 erudito,
1433 5850 1493 5903 de
1522 5866 1739 5923 quorum
1760 5852 1919 5923 altero

336 5925 486 5979 nobis
529 5942 591 5980 ea:
634 5926 878 5979 relatione
916 5920 1202 5990 doctorum,
1245 5922 1404 5977 altero
1447 5922 1646 5990 publice
1689 5920 1917 5976 omnibus

626 6031 897 6090 PATBOL.
953 6021 1120 6100 LIX};

2099 3374 2223 3427 H2.
2264 3374 2356 3429 59°
2398 3378 2554 3429 Anno
2588 3376 2743 3430 1574.
2794 3378 2990 3430 Aurelii
3020 3374 3293 3431 Prudentii
3322 3378 3619 3448 Clementis,

2024 3470 2120 3523 viri
2148 3469 2452 3537 consularis,
2478 3470 2759 3525 Christiani
2785 3471 3131 3539 antiquissimi
3157 3482 3338 3539 poetat,
3364 3474 3620 3527 carmina.

2028 3561 2276 3631 Prosperi
2299 3562 2589 3631 Aquitanici
2615 3562 3012 3631 epigrammata,
3039 3561 3258 3617 Joannis
3288 3562 3621 3633 Damasceni,

2028 3652 2200 3708 Cosmi
2252 3653 2759 3724 Hierosolymitani,
2814 3652 2981 3707 Marci
3031 3655 3256 3724 episcOpi
3305 3654 3621 3724 Taluontis,

2027 3748 2354 3819 Theophanis
2375 3748 2641 3819 apuscula.
2666 3747 2841 3803 Calari
2864 3764 3140 3803 stDLxxnn.
3168 3748 3468 3804 Excudebat
3497 3751 3621 3804 Vin-

2028 3843 2221 3897 centius
2248 3841 2549 3897 Sembenius
2572 3840 2891 3896 Salodiensis
2914 3842 3190 3911 impressor
3215 3842 3283 3897 R.
3311 3841 3376 3896 D.
3409 3843 3622 3898 Nicolai

2029 3935 2292 4006 Canyelles
2332 3937 2490 3990 t'icar.
2522 3952 2693 4005 gener.
2726 3938 2843 3989 sede
2884 3946 3114 3990 vacante.
3168 3938 3319 4004 11]-8,
3371 3954 3459 4008 pp.
3493 3939 3619 3993 55?.

2031 4029 2210 4083 Editio
2241 4029 2354 4083 haec
2384 4028 2716 4083 conformata
2758 4038 2840 4083 est
2879 4030 2943 4082 ad
2987 4030 3279 4085 editionem
3311 4032 3463 4098 Aldi,
3514 4050 3624 4088 nou

2030 4121 2321 4176 admodum
2364 4128 2631 4177 correcta.
2686 4121 3037 4176 Praamittitur
3083 4124 3326 4192 przelatio
3368 4126 3523 4193 Aldi,
3570 4138 3625 4185 et

2031 4215 2201 4270 altera
2230 4216 2296 4269 de
2337 4215 2523 4269 metris
2562 4229 2683 4269 cum
2708 4214 2830 4268 Vita
2863 4215 3134 4271 Prudentii
3167 4218 3235 4271 ab
3264 4217 3455 4273 eodem
3488 4235 3625 4275 ρους

2030 4317 2251 4377 scrtpta,
2285 4321 2393 4363 non
2420 4314 2599 4362 autem
2632 4306 2891 4361 lectiones
2916 4308 3098 4374 varim,
3148 4308 3216 4363 de
3246 4310 3437 4378 quibus
3469 4327 3619 4367 num.

2032 4397 2135 4453 104
2164 4398 2295 4453 dixi.
2346 4399 2495 4453 Hauc
2524 4398 2816 4455 editionem
2843 4398 2911 4453 cl.
2942 4398 3158 4453 Teolius
3185 4400 3315 4454 vidit
3346 4402 3397 4456 in
3430 4404 3623 4459 biblio-

2032 4491 2185 4547 theca
2215 4491 2319 4546 PP.
2352 4491 2694 4547 Minimorutn
2744 4492 2796 4545 in
2837 4490 3013 4547 Monte
3044 4492 3249 4561 Pincio,
3303 4509 3400 4565 ego
3447 4499 3495 4550 in
3542 4498 3625 4552 bi~

2032 4586 2314 4642 bliotliecis
2341 4586 2708 4641 Alexandrina
2740 4593 2795 4639 ct
2824 4586 3077 4656 Angelica
3098 4626 3113 4652 ,
3163 4597 3217 4642 et
3263 4599 3475 4644 exstare
3506 4591 3622 4646 scio

1955 4664 2087 4736 Din
2131 4680 2451 4737 bibliotheca
2495 4680 2921 4751 locupletissima
2968 4681 3313 4736 sacratissimi
3363 4683 3623 4755 principis

2036 4780 2115 4833 Pii
2145 4776 2233 4832 Vl.

2026 4932 2247 4988 constat,
2278 4924 2426 4976 modo
2455 4936 2557 4974 non
2584 4919 2772 4971 nimius
2797 4932 3012 4988 suarum,
3036 4933 3309 4985 operarum
3336 4922 3621 4975 aestimator

2024 4987 2303 5065 [ttisset,ut
2333 5009 2445 5046 cunt
2472 5007 2571 5045 (1οΜ
2582 5004 2885 5065 Maxumo.“
2906 4987 3329 5065 inprudentium
3352 4994 3621 5059 scripsisse

2027 5061 2119 5132 ait,
2164 5082 2354 5134 paucas
2385 5065 2503 5116 illas
2534 5064 2747 5131 paginas
2790 5061 2916 5113 tanti
2948 5062 3163 5131 faciens.
3211 5064 3618 5117 Commentarius

2026 5148 2193 5190 autent
2234 5139 2287 5189 in
2324 5134 2662 5189 Prudentium
2706 5149 2904 5185 necesse
2944 5134 3007 5185 sit
3049 5135 3325 5186 multorum
3361 5148 3614 5186 annorum

2028 5226 2173 5279 opus,
2204 5209 2255 5261 in
2286 5224 2384 5277 quo
2416 5206 2568 5259 etiant
2594 5205 3064 5279 ingeniosissimus,
3087 5214 3131 5255 et
3165 5206 3539 5279 eruditissimus
3566 5214 3614 5257 et

2028 5276 2455 5333 laboriosissimus
2484 5279 2594 5348 quis
2624 5291 2821 5329 omnem
2846 5277 3149 5334 industriam
3180 5276 3336 5348 possit
3358 5276 3614 5348 insumere

2030 5354 2220 5419 Optimo
2254 5345 2600 5404 mortalitatis.
2648 5348 2763 5402 Nic.
2794 5348 3058 5419 Antonius
3091 5356 3240 5399 notas
3272 5345 3493 5397 Giseltni
3530 5346 3616 5397 iu-

2031 5422 2502 5487 terpretationibus
2518 5421 2779 5484 omnium,
2797 5418 2886 5485 qui
2908 5426 3308 5484 prtccesserant,
3326 5418 3610 5487 praeponit.

2034 5485 2237 5549 ltevera
2278 5495 2347 5548 de
2390 5493 2677 5547 Prudentia
2718 5506 2766 5557 o;
2791 5499 2919 5543 time
2958 5488 3180 5541 meritus
3211 5496 3291 5557 est
3318 5485 3611 5549 Giselinus,

2029 5569 2120 5636 qui
2151 5565 2545 5619 controversias
2570 5556 3321 5636 etiamtheologicam-paucis
3348 5563 3612 5636 exceptis,

2032 5628 2138 5691 non
2170 5637 2457 5691 infeliciter
2483 5638 2589 5703 pro
2622 5629 3049 5703 medicoattigit.
3082 5628 3448 5703 _Vide_,_nutn.
3488 5632 3611 5703 117,

2034 5707 2381 5763 Cltamillardi
2409 5699 2669 5774 judicium
2711 5703 2774 5774 in
2806 5700 2932 5774 ejus
2961 5700 3165 5774 praefat.
3197 5699 3476 5774 Editionis
3508 5701 3609 5753 liu-

2024 5779 2112 5847 jus
2143 5780 2361 5835 Giselini
2404 5770 2679 5843 exemplar
2708 5771 2762 5824 in
2805 5770 3053 5847 biblioth.
3087 5772 3261 5847 Paris.
3289 5788 3400 5841 reg.
3435 5780 3612 5825 exstat

2030 5843 2185 5906 manu
2216 5852 2468 5905 collatum
2493 5861 2615 5901 cum
2645 5844 2960 5913 pcrantiquo
2989 5858 3092 5899 ms.
3119 5843 3251 5899 bibl.
3280 5857 3392 5912 reg.

3296 6009 3365 6074 21
