4142 6350
519 352 613 408 651

1870 390 1873 393 .
1919 343 2363 401 PBUDENTIUS.

3676 344 3703 396 (ι
3712 341 3783 394 33

590 468 683 525 40³
722 466 873 521 Anno
903 462 1057 521 1580.
1109 461 1254 517 Libri
1304 460 1558 515 adversus
1605 459 1990 531 Symmachum
2040 462 2093 513 in
2125 460 2325 519 Asitio
2374 460 2426 513 in
2472 457 2608 513 festo
2656 456 2836 511 Trium
2880 453 3115 523 Regum,
3171 453 3303 507 facta
3336 468 3401 509 ex
3450 454 3786 523 Apotheseos

522 563 753 619 editione
795 556 1138 627 epistularum
1178 554 1242 621 Q.
1276 553 1482 607 Aurelii
1526 552 1835 624 Symmachi
1880 568 2005 606 cura
2045 560 2099 607 et
2202 552 2514 624 quihusdam
2547 551 2808 617 versibus,
2837 558 3013 605 exstat
3036 549 3086 603 in
3121 547 3437 603 collectione
3463 548 3782 605 Weitziaua.

521 656 696 713 studio
740 649 1010 707 Francisci
1060 648 1232 703 Jureti
1282 647 1546 713 Parisiis,
1598 647 1747 715 ἰη-4,
1804 663 1920 718 pag.
1952 647 2093 701 317:

2275 649 2372 703 50°
2397 650 2549 702 Anno
2572 646 2759 702 eodem
2787 644 2942 701 1610.
2975 644 3285 712 Antucrpiae
3314 658 3479 713 opera
3507 644 3786 700 Prudentii

518 751 649 802 Aur.
673 742 946 797 Prudentii
968 739 1237 795 Clementis
1257 749 1433 794 contra
1457 738 1517 793 L.
1544 738 1806 793 Aurelium
1828 739 2101 792 Avianium
2203 740 2467 813 prodiisce
2510 739 2687 806 ἱππ-24,
2722 740 2837 793 sine
2877 736 2999 791 ullis
3026 738 3189 801 notis,
3222 734 3387 792 refert
3429 736 3501 791 cl.
3528 734 3750 792 Teolius
3770 752 3789 790 :

508 834 883 917 'Symmachum
909 834 1024 888 libri
1051 833 1172 903 duo,
1191 840 1295 887 etc.
1325 832 1381 888 In
1406 832 1581 887 fronte
1604 831 1725 885 libri
1749 830 2102 902 Symmachus

499 921 778 1002 lQuintus,
831 928 920 983 hic
962 926 1153 981 Lucius
1201 925 1414 981 dicitur.
1474 926 1599 993 Pag.
1652 924 1754 989 98,
1812 924 1863 977 in
1917 924 2099 977 notis:

522 1023 688 1079 Iureti
718 1032 855 1076 notae
891 1020 959 1074 ad
989 1018 1259 1074 Prudentii
1290 1019 1445 1071 libros
1488 1026 1672 1069 contra
1703 1016 2102 1085 Symmachum,

522 1134 658 1191 quos
686 1114 1084 1188 elegantissimos
1116 1112 1330 1167 Juretus
1374 1108 1641 1179 appellat,
1688 1114 1741 1162 et
1771 1123 1836 1162 ex
1882 1105 2107 1160 vetusti-

523 1211 758 1267 stissimo
788 1208 971 1264 codice
1002 1205 1251 1261 illustrat.
1286 1201 1413 1256 Haec
1450 1198 1619 1255 Jureti
1660 1210 1798 1253 noue
1842 1199 2110 1252 latuerunt

528 1304 781 1360 Weitzio.
1132 1334 1137 1337 -
2117 1272 2139 1293 ⁸

599 1396 691 1452 11°
730 1394 884 1449 Anno
914 1390 1073 1449 1585.
1131 1390 1306 1444 Editio
1356 1389 1695 1443 Coloniensis
1746 1386 1903 1454 hujus
1949 1383 2109 1449 anni,

533 1488 672 1555 in-8,
723 1486 969 1541 laudatur
1015 1496 1046 1537 a
1095 1481 1209 1535 Nic.
1258 1478 1490 1536 Antonio
1542 1489 1595 1535 et
1642 1476 1997 1547 Rodriguezio
2046 1475 2114 1530 de

529 1580 737 1647 Castra,
768 1590 889 1647 quae
933 1572 1162 1629 fortasse
1206 1572 1274 1627 ab
1322 1587 1385 1628 ea
1430 1586 1551 1643 quas
1596 1571 1843 1641 sequitur
1882 1578 1990 1623 non
2034 1575 2116 1621 est

531 1672 804 1727 distincta.

2206 833 2300 888 sed
2340 848 2459 887 cum
2490 831 2539 886 id
2572 830 2831 885 accidisse
2867 830 3007 883 dicat
3058 837 3177 898 post
3202 828 3494 884 editionem
3535 826 3791 886 Weitzia—

2208 942 2352 993 nam,
2386 926 2617 983 fortasse
2649 925 2808 980 alium
2834 940 3029 979 annum
3060 923 3225 979 voluit
3246 922 3482 979 indicare

2284 1023 2403 1078 113.
2433 1020 2523 1076 51‘
2547 1022 2702 1076 Anno
2732 1020 2916 1074 itidem
2942 1018 3099 1074 1610.
3129 1018 3403 1074 Prudentii
3432 1017 3793 1074 Dittochaaum

2212 1115 2263 1168 in
2325 1114 2427 1168 hoc
2452 1128 2659 1183 opere:
2703 1110 2949 1166 Manuale
3003 1111 3258 1180 biblicum,
3307 1110 3410 1165 sive
3451 1108 3794 1164 Enchiridion

2213 1205 2319 1261 SS.
2342 1205 2623 1275 Scriptura:
2646 1224 2675 1259 a
2697 1207 2960 1261 catholica:
2992 1204 3283 1275 apostolica:
3323 1204 3499 1258 veteris
3552 1201 3795 1257 Ecclesia:

2213 1297 2454 1354 Patribus
2476 1302 2918 1371 compendiatum,
2962 1310 3009 1352 et
3038 1316 3173 1353 nunc
3212 1300 3435 1367 primum
3483 1313 3545 1352 ea:
3588 1296 3795 1351 vetustis

2216 1394 2523 1447 membranis
2556 1412 2675 1447 mss.
2709 1394 2999 1455 collectum,
3030 1402 3075 1445 et
3104 1394 3329 1445 dicatum
3350 1390 3646 1459 venerabili,
3671 1390 3795 1443 reli-

2215 1487 2353 1556 gioso
2382 1488 2519 1556 patri
2547 1486 2609 1538 D.
2635 1487 2828 1539 Joanui
2858 1484 3271 1555 Myntzenbcrgio
3307 1484 3467 1555 priori
3496 1480 3799 1537 Carmelita-

2216 1596 2326 1632 rum
2358 1579 2410 1631 in
2439 1587 2681 1632 conventu
2716 1575 3197 1647 Francofurdiensi.
3228 1572 3601 1644 Francofurti,
3638 1574 3796 1639 1610,

2218 1673 2359 1739 apud
2392 1671 2751 1743 Egenolphum
2778 1669 3108 1724 Emmelium.
3138 1668 3279 1724 ln-8.
3312 1667 3499 1723 Editor
3524 1667 3625 1723 sub
3655 1667 3799 1721 litte-

597 1761 694 1816 λη’
742 1761 898 1815 Anno
943 1757 1102 1813 1588.
1176 1756 1352 1810 Editio
1400 1754 1522 1809 libri
1575 1752 2009 1820 Peristephancon
2063 1756 2119 1804 et

2231 1766 2295 1819 ris
2322 1765 2389 1819 Μ.
2425 1763 2490 1819 Η.
2516 1763 2602 1830 C.,
2630 1763 2899 1832 utcolligo
2926 1779 2991 1817 ex
3007 1760 3215 1816 Weitzii
3247 1760 3556 1830 praefatione
3587 1757 3653 1813 ad
3685 1758 3800 1812 Dit-

528 1854 972 1918 (Σθῑιῖθῐηθτίηωην
1006 1851 1144 1919 ίη“8,
1177 1850 1447 1913 Coum”,
1477 1861 1595 1917 qua?
1626 1845 1882 1899 mendosa
1917 1843 2116 1897 diem"
2148 1830 2195 1895 Β
2224 1855 2489 1910 tochzeum
2513 1897 2526 1920 ,
2553 1864 2635 1910 est
2679 1830 2936 1909 Melchior
2977 1854 3261 1909 Goldastus
3294 1850 3744 1916 Haminsfeldius,
3776 1863 3804 1905 a

532 1962 563 2001 a
606 1945 937 2015 Ludewigio,
984 1952 1040 1998 et
1087 1951 1171 1997 est
1219 1940 1496 1995 mendosa.
1550 1938 1874 2006 inscriptio:
1920 1933 2116 1987 Aurelii

533 2034 801 2091 Prudentii
817 2036 1106 2099 Clementis,
1125 2034 1219 2087 viri
1236 2032 1542 2096 consularis,
1557 2031 1730 2101 hymni
1751 2031 2115 2103 Καθημερινῶν,

534 2137 581 2184 et
606 2132 721 2206 περὶ
752 2128 1024 2201 Στεφάνὶυν.
1065 2126 1290 2180 Colonia:
1336 2124 1652 2195 Agrippinw,
1686 2124 1735 2173 in
1768 2122 1967 2189 oﬂicina
2000 2117 2120 2169 Bir-

534 2223 833 2276 cltmannica
850 2220 1133 2289 sumptibus
1151 2217 1367 2271 Arnoldi
1388 2216 1558 2285 Mylii.
1582 2230 1716 2267 anno
1742 2225 2117 2267 n.n.t.xxxvm.

607 2314 699 2370 45⁸
735 2315 890 2369 Anno
915 2314 1075 2369 1589.
1110 2311 1383 2365 Prudentii
1416 2324 1575 2378 opera
1606 2309 1843 2363 Parisiis.
1880 2309 1952 2361 Ex
1976 2314 2122 2361 catae

536 2412 658 2479 logo
691 2409 1027 2463 bibliothecae
1055 2406 1375 2467 Bodleianae,
1406 2403 1495 2458 ubi
1525 2403 1660 2457 nihil
1693 2403 1835 2457 aliud
1867 2401 2122 2470 exprimi-

536 2508 640 2555 tur.
669 2498 803 2554 Vide
830 2515 975 2552 num.
1002 2498 1104 2554 114
1134 2497 1187 2550 in
1219 2496 1348 2552 edit.
1376 2494 1468 2549 52.

607 2591 699 2646 41°
741 2592 897 2646 Anno
920 2588 1078 2644 1591.
1114 2588 1291 2642 Editio
1315 2585 1799 2656 Lugduno—Batava
1821 2582 2120 2650 Prudentii,

537 2684 710 2740 in-16.
744 2684 821 2737 Ex
847 2682 1066 2736 Nicolao
1091 2680 1346 2735 Antonio.

608 2775 703 2831 45°
744 2778 899 2829 Anno
929 2772 1087 2827 1595.
1142 2772 1377 2839 Operum
1417 2772 1582 2826 editio
1607 2767 1973 2830 Coloniensis,
2009 2764 2126 2819 in-S

540 2870 630 2941 (ex
655 2867 769 2922 Nic.
791 2868 1020 2921 Antonio
1049 2876 1102 2920 et
1130 2866 1534 2934 Rodriguezio).
1568 2863 1779 2918 Titulus
1807 2872 1924 2914 est:
1958 2860 2127 2929 Opere

541 2979 573 3014 a
608 2958 811 3013 Victore
837 2957 1063 3011 Giselino
1102 2958 1207 3025 91
1239 2965 1498 3021 correcta,
1536 2965 1582 3008 et
1609 2952 2024 3006 adnotationibus
2062 2948 2130 3001 il-

543 3052 780 3105 lustrata.
832 3050 911 3101 Ad
963 3048 1303 3119 Hippolytum
1358 3047 1621 3101 Estensem
1661 3044 2018 3105 cardinalem,
2070 3056 2129 3093 ac

543 3142 823 3212 principem
850 3140 1273 3193 illustrissimum.
1318 3138 1544 3193 Colonia:
1567 3138 1887 3206 Agrippinae,
1916 3136 1973 3187 in
2002 3134 2129 3201 offi—

548 3234 661 3285 cina
700 3231 1121 3299 Birckmannica,
1172 3230 1455 3298 sumptibus
1496 3229 1713 3282 Arnoldi
1760 3226 1944 3296 Mylii,
1995 3240 2129 3277 anno
2157 3212 2201 3275 C

549 3337 607 3375 Il.
626 3337 676 3374 ι).
696 3336 833 3375 xcrv.
862 3320 916 3374 In
946 3319 1259 3387 exemplari,
1287 3334 1390 3387 quo
1410 3327 1553 3382 utor,
1577 3317 1745 3371 solum
1770 3322 1979 3370 exstmt
2001 3314 2131 3383 Psy-

545 3413 891 3477 chomachia,
933 3412 1273 3481 Apotheosis,
1316 3411 1733 3479 l‘lamartigenia,
1776 3409 2130 3463 Dittnchaeum

546 3521 667 3561 cum
714 3506 855 3560 notis
886 3503 1129 3560 Giselini.
1184 3502 1388 3557 Caetera
1434 3520 1500 3558 ex
1540 3503 1778 3558 editione
1822 3501 2130 3555 Coloniensi

550 3598 675 3652 anni
706 3597 845 3652 1588
876 3606 1053 3651 assuta
1086 3605 1140 3650 et
1168 3604 1449 3664 compacta
1481 3604 1625 3649 sunt.
1670 3594 1847 3647 Editio
1879 3593 1992 3646 haec
2018 3593 2131 3646 edi-

548 3688 680 3744 tioni
706 3688 891 3757 prima:
913 3687 1133 3743 Giselini
1157 3686 1465 3755 respondet,
1488 3687 1725 3755 adeoque
1748 3685 2003 3739 mendosa
2027 3694 2127 3740 est.

619 3779 719 3834 16°
762 3784 915 3834 Anno
956 3780 1114 3835 1596.
1172 3780 1370 3833 Aurelii
1418 3778 1693 3832 Prudentii
1740 3778 2011 3833 Clementis
2068 3778 2129 3833 V.

549 3887 691 3925 cons.
727 3887 880 3942 opera
933 3887 995 3925 ea;
1032 3872 1324 3925 recensione
1365 3870 1579 3925 Victoris
1614 3857 1845 3925 Giselini.
1891 3871 2133 3941 Lugduni

550 3962 888 4049 Batavorum,
928 3981 992 4020 ea:
1028 3967 1224 4036 ofﬁcina
1253 3965 1587 4020 Plantiniana
1614 3967 1755 4035 apud
1800 3966 2133 4022 Franciscum

548 4056 994 4130 Raphelengium,
1045 4060 1207 4115 1596.
1256 4060 1438 4117 ln-20.
1472 4060 1642 4115 Nullae
1688 4069 1812 4116 sunt
1850 4070 2011 4115 notas.
2050 4058 2134 4114 Ea:

547 4151 839 4204 recensione
868 4150 1082 4206 Giselini
1105 4152 1340 4222 intellige
1365 4153 1431 4209 ad
1459 4168 1701 4209 normam
1730 4155 1919 4221 primae
1944 4154 2135 4207 editio-

549 4242 655 4308 nis,
690 4244 840 4312 cujus
863 4258 1075 4299 errores
1101 4246 1297 4315 saepius
1319 4254 1443 4300 sunt
1469 4247 1652 4302 excusi
1680 4246 2134 4317 typographorum

550 4344 603 4391 et
628 4338 893 4393 editorum
920 4341 1244 4396 intolerabili
1284 4342 1583 4412 ignorantia
1611 4351 1665 4397 et
1692 4340 2033 4421 negligentia.
2057 4341 2134 4395 Ac

549 4430 720 4483 miror
748 4430 813 4484 ab
842 4432 1019 4499 aliquo
1040 4432 1299 4486 affirmari
1349 4434 1642 4489 Giselinum
1676 4436 1813 4489 hanc
1842 4434 2133 4489 editionem

552 4531 789 4582 curasse,
824 4534 944 4573 cum
976 4522 1090 4588 ipse
1120 4518 1388 4576 Giselinus
1416 4524 1473 4577 in
1520 4525 1831 4593 praifatione
1881 4525 2134 4579 secundm

553 4608 805 4663 editionis
836 4613 1120 4679 monuerit,
1168 4615 1394 4683 primam
1426 4616 1573 4670 illam
1616 4617 1744 4673 anni
1779 4618 1914 4673 1562
1938 4619 2136 4672 tumul-
2162 4594 2218 4655 Β

549 4702 724 4756 tuarie
779 4701 1005 4770 factam,
1038 4713 1093 4759 et
1137 4706 1544 4764 innumerabilia
1590 4711 1782 4765 menda
1828 4711 1885 4765 in
1913 4725 2031 4766 eam
2060 4712 2134 4765 ir-

554 4793 806 4861 repsisse.

622 4884 716 4937 47°
744 4886 899 4941 Anno
930 4888 1088 4943 1603.
1116 4890 1389 4946 Prudentii
1417 4892 1538 4948 Vita
1568 4904 1621 4949 et
1651 4908 1834 4966 opera,
1867 4895 2131 4965 Lugduni.

553 4975 635 5030 Ex
658 4979 901 5047 catalogo
932 4981 1273 5038 bibliothecae
1300 4985 1620 5043 Bodleianm.

621 5066 715 5123 18'
744 5071 899 5123 Anno
928 5072 1082 5129 1610.
1126 5074 1298 5144 Opera
1332 5078 1630 5149 Prudentii,
1668 5081 1930 5151 Lugduni.
1958 5083 2011 5137 in
2042 5096 2133 5137 ca~

548 5159 727 5227 talogo
757 5160 1093 5217 bibliothecae
1138 5165 1463 5224 Bodleianre.

618 5250 721 5305 19°
758 5253 914 5307 Anno
946 5255 1135 5310 eodem
1186 5259 1343 5314 1610.
1381 5262 1623 5319 Andreas
1652 5263 1917 5321 Wilchius
1970 5266 2138 5320 edidit

544 5344 1057 5419 Heortographiam,
1090 5366 1185 5406 seu
1214 5353 1644 5411 Commentarios
1690 5360 1745 5413 in
1776 5371 2020 5416 veterum
2053 5376 2137 5416 re-

545 5438 888 5510 centiumque
920 5454 1194 5511 poetarum
1243 5446 1505 5517 hymnos,
1534 5450 1652 5505 ἰπὶ-8
1686 5451 1779 5521 (ex
1838 5453 2132 5519 Fabricio).

544 5526 657 5584 Hos
693 5538 1107 5592 commentarios
1145 5551 1248 5593 non
1278 5540 1410 5594 vidi.
1441 5542 1671 5596 Andreze
1702 5542 1921 5597 Wilchii
1958 5545 2134 5612 Expo-

619 5673 693 5742 (α)
721 5672 857 5755 Uiro“
879 5678 1165 5755 volumine,
1198 5684 1353 5751 cujus
1376 5684 1544 5753 prima
1596 5695 1751 5755 parte
1790 5686 2135 5742 continentur

546 5744 1088 5823 poemata‘i’rudentii
1111 5766 1230 5805 cum
1252 5744 1408 5808 rariis
1428 5744 1766 5821 lectionibus,
1790 5772 1878 5823 pp.
1904 5757 2006 5812 582
2028 5761 2131 5821 ;al-

547 5818 684 5873 tera,
716 5814 923 5881 Sylloge
940 5818 1342 5889 adnatationurn,
1360 5826 1699 5894 seholiorum,
1726 5814 2128 5887 obseruationum

2221 1964 2325 2018 quo
2362 1947 2624 2003 Weitzins
2668 1946 3006 2002 membranas
3057 1945 3282 2014 accepit,
3326 1942 3380 1998 in
3419 1944 3616 2012 quibus
3670 1942 3804 2003 liber

2220 2040 2677 2105 Cathemerinun,
2717 2049 2770 2095 et
2816 2039 3027 2094 Ammni
3081 2038 3327 2093 manuale
3375 2046 3510 2091 erat.
3550 2034 3657 2090 Sed
3704 2033 3807 2089 hoc

2223 2151 2355 2205 Opus
2388 2152 2493 2190 non
2519 2136 2729 2191 videtur
2761 2134 2953 2203 legisse
2996 2132 3278 2201 Weitzins,
3311 2131 3401 2203 qui
3430 2132 3601 2187 lsonis
3635 2131 3806 2201 magi-

2222 2228 2319 2282 stri
2351 2228 2554 2297 glossas
2594 2227 2893 2293 uberiores,
2933 2243 2959 2279 a
2994 2224 3248 2281 Goldasto
3275 2226 3553 2290 adductas,
3583 2224 3808 2289 omisit,

2224 2332 2525 2389 quanquam
2576 2320 2743 2373 miror
2775 2319 2923 2372 illum
2957 2334 2987 2373 e
3024 2317 3339 2388 prrel'atione
3376 2314 3620 2374 Goldasti
3661 2332 3809 2372 sum-

2226 2413 2397 2482 psisse
2423 2428 2541 2482 quae
2563 2412 2630 2466 ad
2651 2412 2998 2466 Prudentium
3025 2412 3315 2481 pertinent,
3344 2412 3449 2465 nisi
3474 2412 3663 2467 eadem
3688 2426 3810 2465 ver—

2225 2505 2291 2558 ba
2336 2502 2624 2559 Goldastus
2668 2504 2795 2559 alibi
2840 2505 2999 2558 etiam
3048 2504 3281 2572 scripsit.
3314 2502 3368 2556 In
3414 2503 3516 2558 hoc
3551 2504 3658 2574 92
3685 2516 3811 2570 ergo

2226 2596 2456 2650 Mannali
2490 2597 2707 2659 bihlico,
2738 2611 2855 2663 pag.
2893 2596 2943 2662 1,
2983 2604 3065 2649 est
3094 2592 3368 2648 Prudentii
3398 2594 3598 2647 Ληιωηὶ
3627 2591 3813 2663 Dipty-

2230 2690 2380 2752 chon,
2404 2704 2487 2741 seu
2506 2687 2663 2739 Tituli
2686 2687 3013 2740 historiarum
3048 2684 3239 2739 Veteris
3262 2695 3303 2738 et
3330 2683 3465 2737 Novi
3485 2682 3814 2737 Testamemi.

2232 2780 2351 2834 Duo
2382 2779 2484 2835 alia
2516 2779 2706 2832 similia
2737 2792 2899 2844 opera
2931 2778 2984 2831 in
3015 2777 3197 2831 eadem
3230 2776 3545 2829 collectione
3582 2782 3708 2828 sunt
3738 2774 3816 2827 in-

2228 2885 2404 2935 serta,
2452 2872 2657 2926 scilicet
2706 2886 2827 2940 pag.
2860 2871 2923 2923 17
2957 2869 3159 2923 Rustici
3210 2865 3475 2935 llelpidii,
3509 2875 3563 2920 et
3597 2881 3716 2935 pag.
3751 2864 3818 2920 85

2231 2964 2513 3021 Walafridi
2541 2963 2741 3018 Strabi.
2770 2962 3098 3017 Varietatem
3123 2960 3413 3015 lectionum
3444 2956 3692 3013 Goldasti
3720 2971 3817 3009 suo

2232 3061 2353 3116 loco
2399 3059 2722 3115 notabimus.
2756 3058 2832 3114 De
2862 3057 3017 3114 lsone
3058 3056 3178 3112 vide
3224 3072 3373 3110 num.
3420 3054 3485 3109 16
3512 3064 3567 3109 et
3602 3053 3733 3119 114,
3768 3052 3821 3107 in

2236 3162 2363 3207 nota

2310 3244 2432 3297 114.
2478 3240 2573 3295 52°
2606 3243 2762 3296 Anno
2794 3240 2952 3296 1611.
2986 3239 3263 3295 Prudentii
3290 3252 3452 3307 Opera
3501 3238 3555 3291 in
3599 3250 3821 3303 corpore

2236 3338 2472 3393 omnium
2501 3348 2776 3406 poetarum
2810 3336 3071 3400 Gencvae,
3101 3334 3238 3401 in-b,
3272 3346 3457 3386 recusa
3488 3331 3539 3383 in
3574 3329 3822 3384 omnibus

2238 3436 2560 3489 cditionibus
2590 3433 2746 3501 hujus
2776 3431 3143 3495 coilectionis,
3177 3428 3253 3483 uti
3299 3427 3457 3481 etiam
3490 3425 3541 3479 in
3572 3422 3822 3479 editioni-

2236 3526 2336 3579 bus
2386 3524 2729 3579 bibliotheca:
2769 3523 2861 3578 SS.
2902 3523 3133 3575 Patrum.
3172 3519 3387 3574 Scilicet
3417 3519 3467 3571 in
3500 3517 3823 3571 collectione

2238 3628 2481 3673 veterum
2514 3630 2790 3686 poetarum
2835 3616 3064 3670 Aureliae
3094 3614 3441 3681 Allobrogum
3484 3610 3641 3666 1640,
3678 3610 3818 3661 Lon-

2238 3711 2386 3787 dini,
2444 3711 2616 3775 1713,
2660 3718 2717 3762 ut
2774 3706 3145 3761 Pisaurensem
3204 3704 3440 3772 aliasque
3493 3701 3817 3755 recentiores

2239 3804 2504 3857 omittam.
2530 3801 2585 3855 in
2614 3801 2944 3855 BibliOtheca
2976 3798 3071 3853 SS.
3104 3798 3341 3861 Patrum,
3376 3792 3612 3854 Parisiis,
3648 3787 3811 3853 1589,

2238 3896 2345 3950 vol.
2377 3894 2448 3959 8;
2484 3893 2746 3962 Lugduni,
2780 3891 2931 3953 1677,
2973 3899 3102 3943 tom.
3128 3888 3193 3952 5;
3238 3888 3289 3939 in
3320 3883 3642 3939 Bibliotheca
3686 3893 3821 3933 vero

2238 3986 2335 4041 SS.
2369 3987 2587 4040 Patrum
2611 4027 2623 4050 ,
2668 3999 2823 4053 quam
2856 3990 3040 4035 nostro
3068 3989 3307 4048 tempore
3346 3974 3553 4044 collegit
3604 3974 3683 4025 vir
3731 3971 3823 4024 do-

2239 4088 2387 4145 ctus,
2423 4079 2666 4133 Andreas
2696 4074 3035 4137 Gallandius,
3068 4071 3337 4125 Prudentii
3368 4082 3530 4138 opera
3574 4068 3823 4135 leguntur

2246 4171 2389 4224 notis
2410 4171 2693 4233 illustrata,
2722 4166 3013 4234 praesertim
3040 4179 3109 4218 ex
3139 4160 3531 4224 Cliamillardo;
3565 4160 3822 4229 quasdam

2246 4262 2456 4317 notulas
2485 4259 2795 4314 Gallaudius
2817 4260 2932 4325 ipse
2960 4256 3173 4324 adjecit,
3204 4257 3289 4323 qui
3317 4254 3456 4307 hunc
3489 4254 3737 4307 ordinem
3759 4268 3821 4307 ex

2246 4368 2343 4408 suo
2374 4354 2510 4406 edito
2535 4352 2793 4419 (fortasse
2841 4345 3226 4413 Tornoesiano)
3266 4345 3545 4413 sequitur:
3594 4342 3824 4397 Periste-
3856 4330 3859 4333 ’

2242 4446 2495 4515 phanmn,
2522 4444 2866 4512 Apotheosis,
2915 4438 3330 4508 liamartigenia,
3363 4435 3783 4507 l’sychomacbia
3806 4477 3819 4498 ,

2242 4538 2361 4591 libri
2392 4539 2497 4591 duo
2524 4545 2705 4589 contra
2736 4532 3139 4603 Symmachum,
3164 4528 3618 4593 Cathemerinmn,
3650 4526 3822 4580 Ditto-

2246 4634 2472 4686 elucum.
2510 4629 2727 4681 Exstant
2752 4627 2864 4678 haec
2890 4638 3053 4692 Opera
3075 4630 3205 4677 tom.
3235 4620 3351 4675 V111
3383 4621 3499 4687 ejus
3530 4618 3829 4674 Bibliothe-

2247 4738 2361 4789 σω,
2402 4717 2858 4784 Venetiis,1772,
2892 4715 2982 4769 ubi
3032 4713 3309 4783 praemittit
3337 4711 3610 4766 Prudentii
3648 4710 3824 4763 Vitam

2248 4830 2353 4870 non
2382 4813 2514 4869 satis
2537 4820 2781 4865 accurate
2807 4810 3087 4877 digestam.

2319 4905 2410 4961 55°
2436 4908 2590 4958 Anno
2620 4902 2777 4955 1615.
2826 4900 3022 4954 Aurelii
3051 4897 3323 4951 Prudentii
3361 4895 3635 4951 Clementis
3666 4894 3735 4949 V.
3764 4893 3824 4949 C.

2234 5015 2402 5068 opera
2424 4998 2615 5051 naviter
2643 4995 2710 5046 ad
2744 5010 2869 5046 mss.
2903 4992 3058 5059 ﬁdem
3085 4989 3352 5055 recensita,
3382 4987 3722 5055 interpolata,
3746 4985 3827 5036 in-

2246 5090 2468 5145 numeris
2497 5105 2528 5140 a
2555 5087 2749 5140 mendis
2774 5097 3010 5154 purgata,
3057 5084 3285 5149 notisque
3320 5092 3365 5134 et
3390 5079 3557 5134 indice
3586 5087 3827 5130 accurato

2241 5182 2499 5237 illustrata
2520 5196 2551 5232 a
2583 5177 2629 5231 Μ
2645 5218 2656 5230 .
2680 5176 2880 5229 Joanne
2908 5174 3146 5242 Weitzio,
3176 5171 3241 5224 P.
3268 5172 3333 5227 L.
3357 5172 3690 5225 Accesserant
3720 5184 3828 5221 om-

2242 5278 2383 5330 nium
2414 5276 2678 5328 doctorum
2704 5270 2946 5327 virorum,
2970 5277 3211 5337 quotquot
3240 5268 3294 5319 in
3326 5264 3673 5319 Prudentium
3698 5263 3828 5315 scri-

2242 5375 2470 5439 pserunt,
2496 5372 2649 5429 ποίας,
2681 5360 2878 5415 scholia
2908 5369 3057 5426 atque
3086 5357 3472 5419 obseruationes,
3497 5370 3615 5407 cum
3642 5352 3827 5423 glareis

2244 5460 2507 5515 veteribus.
2532 5455 2815 5519 Hanovice,
2855 5452 2988 5521 typis
3022 5448 3397 5513 Wechclianis,
3425 5446 3568 5515 apud
3601 5444 3831 5499 Ilwa

2244 5550 2464 5604 Joannis
2491 5547 2669 5602 Aubrii
2702 5561 2759 5599 ιι.
2792 5559 2872 5597 uc.
2897 5556 3009 5595 xm.
3045 5541 3161 5595 ln-S
3190 5537 3287 5610 (a).

2240 5698 2286 5742 et
2300 5696 2537 5741 notarum
2552 5688 2602 5739 in
2615 5686 2809 5741 Aurelii
2828 5683 3096 5739 Prudentii
3110 5680 3382 5735 Clementis
3395 5694 3549 5747 opera
3564 5680 3827 5747 singulari

2236 5759 2402 5830 studio
2432 5758 2668 5830 collecta,
2700 5759 2893 5830 digesta
2909 5772 2968 5807 ac
2999 5753 3247 5830 disposita
3268 5769 3298 5804 a
3318 5746 3827 5830 M._Ll_oanne'l1'eit-

2235 5831 2313 5885 sio
2348 5828 2412 5882 Ρ.
2442 5828 2502 5883 L.
2535 5819 2796 5884 lndiéulu's
2822 5819 3169 5896 interpretum
3205 5823 3299 5877 hos
3330 5821 3565 5889 exhibet,
3603 5819 3824 5875 Nebris-
