4142 6350
597 409 705 474 655

2011 404 2468 463 PRUDENTIUS.

667 531 775 602 95
813 526 904 582 68°
930 538 1068 577 anno
1100 516 1256 575 1701.
1289 516 1417 571 Aur.
1444 515 1720 571 Prudentii
1742 516 2015 573 Clementis
2035 518 2100 571 V.
2124 516 2182 572 C.
2217 521 2264 579 Α
2295 516 2748 588 Peristephanmn,
2803 514 3144 587 Apotheosis,
3189 513 3605 590 Hamartigeuia,
3648 518 3889 591 Psycho-

564 613 570 631 ’
599 624 769 695 Opera
801 618 1063 674 cumnotis
1086 612 1294 669 Nicolai
1324 612 1520 667 Heinsii
1544 610 1683 667 Dan.
1712 612 1830 681 ﬁlii,
1856 623 1901 667 et
1926 613 2184 665 variarunt

596 720 861 773 doctorum
890 715 1112 765 virorum
1144 693 1363 763 maxime
1388 703 1711 761 necessariis.
1738 707 2011 779 Subjectus
2039 713 2112 758 est
2142 705 2193 757 in

594 810 699 876 [ine
726 808 881 859 index
908 820 1077 858 rerum
1106 810 1151 856 et
1182 801 1445 855 verborum
1468 798 1918 867 locupletissimus.
1946 796 2187 857 Colonia),

592 903 734 972 apud
772 900 1030 955 Joannem
1076 895 1499 967 Cltristophorum
1543 893 1780 949 Stoissel.
1828 891 1977 944 Anno
2013 905 2188 944 uocet.

592 994 739 1061 In-8,
773 1009 860 1062 pp.
886 992 1012 1047 978.
1046 990 1225 1045 Editio
1250 987 1528 1064 mendosa.
1552 985 1759 1040 Praeter
1785 983 1988 1038 lleinsii
2013 989 2189 1047 notas,

593 1095 717 1142 sunt
743 1084 1113 1139 commentarii
1146 1080 1516 1137 Nebrissensis
1549 1086 1602 1132 et
1631 1080 1822 1148 glossas
1852 1076 2043 1131 Isonis.

666 1176 761 1233 69°
793 1178 948 1232 Anno
982 1174 1135 1229 1⁸705.
1181 1174 1307 1227 Aur.
1340 1171 1501 1225 Prud.
1528 1170 1803 1224 Clementis
1831 1185 1945 1239 qum
1969 1175 2186 1231 exstant,

597 1273 845 1327 recensuit
895 1280 939 1325 et
986 1266 1400 1323 adnotationibus
1464 1265 1739 1319 illustravit
1795 1260 2192 1327 Christophorus

597 1365 873 1429 Cellarius,
906 1365 995 1435 qui
1036 1374 1082 1417 et
1130 1363 1325 1415 indices
1369 1360 1599 1427 copiosos
1636 1374 1805 1412 rerum
1847 1364 1897 1409 et
1925 1356 2191 1409 verborum

618 1448 829 1520 xddidit.
876 1455 1031 1509 Hala:
1087 1454 1500 1525 Magdeburgica:
1529 1453 1812 1522 sumptibus
1856 1451 2194 1519 orphanotro-

598 1553 730 1622 phii,
763 1551 917 1604 1705.
946 1548 1083 1611 1η-8,
1102 1564 1189 1616 pp.
1212 1546 1409 1601 559.111
1434 1544 1540 1599 ﬁne
1571 1554 1653 1599 est
1674 1542 1835 1597 index
1865 1556 2050 1597 eorum
2074 1555 2193 1608 qua:

596 1644 847 1699 licentius
876 1643 1032 1697 solito
1062 1640 1382 1697 Prudentius
1416 1640 1609 1708 posuit,
1663 1639 1715 1693 in
1748 1653 1853 1709 quo
1894 1652 2042 1706 saepe
2078 1637 2194 1705 ipse

597 1735 857 1792 Cellarius
906 1734 1151 1790 licentius
1195 1742 1403 1804 peccat,
1451 1742 1508 1787 ut
1556 1743 1744 1802 postea
1788 1730 2190 1786 demonstrabo.

597 1827 732 1882 Illud
782 1835 962 1882 autem
1010 1826 1194 1896 pejus,
1243 1826 1385 1894 quod
1435 1825 1703 1879 interdum
1751 1822 1983 1878 haeresin
2039 1836 2191 1877 suam

597 1930 796 1976 tuetur.

666 2015 757 2069 70°
783 2016 937 2069 Anno
964 2012 1118 2069 1759.
1146 2013 1321 2068 Editio
1348 2012 1582 2068 secunda
1608 2026 1729 2067 cum
1756 2008 2189 2066 adnotationibus

594 2107 805 2164 Cellarii
832 2110 1021 2164 eodem
1051 2109 1101 2163 in
1132 2109 1273 2175 loco,
1305 2123 1368 2163 ac
1399 2110 1591 2178 prima.
1624 2107 1763 2171 ln-8,
1798 2122 1887 2176 pp.
1918 2106 2047 2161 501.

576 2240 577 2243 η
667 2200 757 2253 71⁸
791 2203 947 2254 Anno
980 2201 1137 2255 1750.
1174 2200 1375 2253 Aurelii
1422 2198 1697 2253 Prudentii
1730 2199 2001 2252 Clementis
2038 2195 2103 2250 Υ.
2130 2194 2189 2251 C.

599 2308 751 2362 opera
774 2309 835 2345 ex
862 2300 1117 2360 postrema
1150 2290 1274 2346 Nic.
1310 2291 1532 2356 IIeinsii,
1559 2292 1788 2345 Danielis
1814 2292 1932 2356 lilii,
1957 2298 2003 2344 et
2024 2290 2192 2343 vario—

597 2402 711 2440 rum
759 2386 1023 2438 doctorum
1065 2386 1379 2440 recensione.
1433 2383 1681 2452 Coloniw,
1726 2384 1881 2440 1750.
1932 2384 2056 2439 ln-8
2105 2383 2190 2453 (ex

596 2479 949 2548 Rodriguezio
977 2478 1044 2533 de
1067 2476 1302 2548 Castro).
1329 2478 1629 2533 Videndum
1660 2486 1743 2533 est
1785 2494 1850 2530 an
1888 2476 2002 2530 haec
2028 2474 2192 2529 editio

596 2570 666 2625 sit
699 2586 917 2639 prorsus
942 2570 1129 2625 eadem
1163 2580 1321 2639 atque
1357 2570 1524 2625 editio
1554 2571 1680 2624 anni
1707 2569 1869 2633 l70l,
1899 2577 1953 2623 et
1995 2584 2061 2623 an
2094 2566 2193 2621 ali-

594 2662 713 2732 quis
743 2678 941 2716 annum
973 2661 1105 2716 1701
1132 2662 1518 2730 aliquantulum
1544 2663 1771 2715 obscure
1802 2660 1943 2729 typis
1967 2660 2191 2728 impres-

592 2770 712 2811 sum
737 2754 1007 2824 acceperit
1039 2769 1134 2822 pro
1162 2770 1301 2808 amto
1330 2755 1490 2817 1750,
1522 2770 1641 2807 nam
1675 2753 1723 2805 id
1758 2752 2075 2806 subvereor.

665 2850 757 2901 72°
790 2848 944 2901 Anno
967 2848 1199 2914 denique
1224 2846 1382 2900 1788.
1413 2846 1606 2898 Aurelii
1633 2844 1900 2899 Prudentii
1922 2844 2192 2900 Clementis

603 2937 666 2992 V.
700 2938 758 2993 C.
788 2956 941 3009 Opera
971 2940 1159 3003 omnia,
1194 2954 1330 2991 nunc
1360 2938 1579 3006 primum
1606 2954 1721 2991 cum
1747 2938 2006 2992 codicibus
2039 2937 2187 2991 Vati-

592 3031 731 3082 canis
754 3029 963 3095 collata,
981 3010 1631 3100 prtefatibne,variantibus
1652 3031 1968 3096 lectionibus,
1983 3032 2115 3085 notis
2132 3046 2191 3083 ac

592 3138 759 3175 rerum
784 3122 1147 3192 verborumque
1174 3123 1343 3177 iudice
1373 3124 1775 3192 locupletissimo
1805 3126 1914 3195 96
1951 3137 2106 3179 aucta
2142 3134 2191 3179 et

592 3214 876 3269 illustrata.
912 3214 1138 3284 Parmw,
1163 3232 1225 3268 ea:
1252 3204 1388 3289 regio
1407 3218 1757 3288 typograplteo
1779 3232 2182 3271 uocccxxxvm.

2296 610 2523 675 machia,
2554 610 2678 665 libri
2704 619 2889 665 contra
2921 608 3322 679 Symmachum,
3344 610 3891 681 Dittochteum,quod

2295 704 2494 758 mavult
2523 703 2794 774 appellare
2835 701 3149 773 Diptychon.
3206 703 3262 759 In
3293 719 3356 759 eo
3402 713 3582 761 tamen
3629 706 3891 775 deceptus

2298 808 2400 867 est,
2433 798 2574 868 quod
2608 798 2745 854 oden
2775 796 3015 851 lmmolat
3044 797 3151 851 Deo
3178 795 3323 851 Patri
3351 806 3495 853 recte
3527 798 3728 869 prastigi
3751 798 3894 853 libro

2295 891 2724 961 Peristephanmn
2758 889 2909 959 quasi
2936 906 3000 945 ex
3046 890 3245 945 Heinsii
3272 892 3542 945 sententia
3589 890 3891 945 censuerit.

2295 983 2544 1040 Heinsius
2573 985 2627 1038 in
2674 985 2926 1039 addendis
2974 985 3247 1048 conceptis
3289 985 3467 1039 verbis
3513 984 3587 1039 ait
3632 1000 3647 1036 :
3689 984 3895 1039 Vetusti

2297 1076 2495 1129 codices
2523 1076 2752 1146 plerique
2783 1077 3045 1147 epilogum
3073 1077 3345 1131 voluminis
3392 1078 3587 1148 faciunt
3618 1079 3897 1147 praefatio-

2295 1187 2410 1224 nem
2441 1170 2608 1233 illam,
2639 1186 2753 1241 quae
2781 1187 2915 1224 nunc
2952 1179 3070 1224 ante
3100 1170 3287 1225 librum
3312 1174 3432 1243 περὶ
3464 1174 3717 1244 Στεφάνων
3768 1172 3901 1242 legi-

2297 1273 2449 1318 tur...
2481 1264 2616 1317 unde
2646 1264 2789 1317 illam
2815 1280 3017 1334 quoque
3035 1263 3103 1317 ad
3121 1264 3411 1318 universum
3434 1262 3711 1319 Clementis
3732 1264 3898 1318 nostri

2296 1359 2545 1427 poeticum
2575 1373 2702 1428 Opus
2732 1357 3058 1427 epilogiJoco
3082 1358 3265 1426 referri
3292 1367 3523 1425 oportere
3545 1374 3650 1411 non
3676 1358 3900 1427 cli/ﬁcul-

2298 1461 2393 1517 ter,
2442 1460 2586 1523 puto,
2636 1468 2953 1525 agnoscas...
2990 1451 3316 1523 Quapropter
3364 1454 3539 1506 redeat
3590 1453 3898 1521 postliminii

2288 1543 2410 1612 jure
2441 1545 2494 1597 in
2520 1544 2793 1612 pristinum
2834 1545 3024 1609 locum,
3054 1546 3189 1597 unde
3227 1545 3489 1599 exsulabat
3528 1526 3808 1609 immerito,
3835 1561 3899 1598 ea

2300 1639 2411 1690 ode.
2445 1637 2599 1702 Quod
2634 1646 2809 1692 autem
2841 1638 3016 1692 ordini
3060 1639 3147 1707 qui
3181 1647 3425 1692 servatus
3461 1646 3543 1692 est
3573 1639 3624 1691 in
3656 1637 3899 1694 editione

2300 1729 2600 1794 Parmensi,
2633 1738 2724 1783 aut
2748 1744 2906 1801 quem
2951 1730 3154 1784 servari
3200 1728 3363 1785 voluit
3397 1728 3667 1795 Heinsius,
3700 1728 3897 1784 suffra-

2300 1830 2492 1891 gentur
2534 1820 2776 1877 Vaticani
2810 1822 3049 1877 melioris
3100 1830 3241 1875 nota:
3287 1820 3535 1887 codices,
3582 1837 3688 1875 non
3740 1822 3897 1877 video

2224 1885 2403 1986 Bquo
2445 1914 2566 1982 jure
2613 1916 2866 1969 aftirmari
2918 1915 3103 1983 possit.
3156 1915 3634 1985 Superioricapite
3671 1918 3895 1986 exposui

2295 2024 2453 2079 quem
2487 2009 2712 2078 quisque
2741 2008 2908 2063 codex
2942 2008 3228 2063 Vaticanus
3256 2009 3497 2063 Ordinem
3539 2009 3591 2063 in
3620 2010 3896 2065 Collocan-

2295 2100 2381 2155 dis
2412 2102 2670 2169 poematis
2702 2100 2963 2166 tenuerit;
2993 2100 3079 2154 alii
3114 2101 3181 2155 de
3204 2116 3263 2155 re
3296 2110 3404 2155 tota
3435 2100 3693 2169 judicent.
3736 2101 3894 2157 Certe

2297 2195 2464 2250 codex
2495 2195 2616 2249 Vat.
2647 2194 2803 2249 Alex.
2852 2194 2979 2261 321,
3027 2193 3094 2249 de
3133 2209 3241 2264 quo
3283 2209 3431 2248 num.
3460 2194 3525 2249 78
3572 2203 3624 2249 et
3665 2195 3718 2248 in
3754 2196 3893 2249 notis

2296 2290 2398 2360 egi,
2435 2289 2521 2359 qui
2564 2290 2713 2343 solus
2748 2288 2867 2343 e27
2899 2288 3023 2342 Vat.
3052 2288 3207 2343 codd.
3242 2289 3421 2342 omnia
3456 2286 3733 2343 Prudentii
3768 2302 3891 2357 poe-

2296 2391 2440 2436 mata
2485 2373 2878 2450 complectitur,
2913 2381 3081 2435 multo
3122 2382 3289 2451 magis
3332 2381 3396 2435 ad
3450 2390 3688 2435 nostram
3732 2396 3891 2452 quam

2296 2472 2363 2527 ad
2396 2472 2736 2527 Heinsianam
2777 2471 3088 2528 methodum
3119 2472 3346 2527 accedit.
3385 2470 3653 2527 Caeterum
3684 2474 3892 2542 gaudeo

2297 2565 2717 2635 pulcherrimam
2749 2564 2888 2621 hanc
2916 2564 3207 2621 editionem
3235 2576 3535 2636 opportune
3557 2566 3624 2621 ad
3665 2582 3749 2621 me
3770 2582 3894 2622 esse

2298 2661 2580 2729 perlatam,
2608 2668 2665 2714 ut
2707 2659 2850 2715 docti
2880 2660 3318 2716 commentatoris
3362 2660 3639 2731 diligentia
3692 2662 3893 2730 possim

2290 2753 2488 2822 juvari.
2525 2754 2615 2809 llle
2640 2755 2854 2824 quidem
2885 2754 3132 2810 brevitati
3162 2755 3387 2823 studuit,
3411 2765 3467 2810 et
3506 2766 3726 2811 secutus
3749 2755 3891 2811 vide-

2305 2854 2388 2900 tur
2414 2839 2701 2902 consilium
2734 2847 2793 2900 P.
2829 2847 3098 2902 Francisci
3130 2848 3324 2913 Pozzo,
3357 2848 3469 2903 sive
3512 2863 3543 2902 a
3576 2848 3774 2916 Puteo,
3804 2849 3889 2917 qui

2296 2938 2348 2992 in
2379 2955 2541 3008 opere
2585 2938 2831 2994 Memorie
2873 2939 3009 2993 della
3050 2942 3153 2993 vita
3180 2941 3235 2993 di
3281 2941 3341 2995 S.
3370 2940 3604 2996 Lorenzo
3630 2946 3888 2997 monitum

2296 3030 2399 3086 hoc
2426 3031 2620 3099 posuit,
2652 3040 2710 3086 ut
2739 3033 2791 3085 in
2817 3046 2954 3086 nova
2975 3032 3246 3087 Prudentii
3293 3032 3529 3087 editione
3556 3033 3885 3099 adornanda,

2294 3123 2504 3193 qualem
2534 3124 2649 3192 ipse
2690 3124 2995 3192 expetebat,
3038 3125 3408 3179 consuleretur
3438 3135 3545 3179 tum
3570 3127 3887 3181 animadver-

2293 3214 2494 3267 sionum
2541 3215 2795 3282 brevitati,
2825 3224 2934 3268 tum
2974 3215 3243 3269 voluminis
3293 3218 3473 3286 forma:
3517 3219 3885 3272 commoditati.

591 3304 711 3361 ln—l
744 3323 956 3377 magno,
992 3308 1099 3363 vol.
1127 3276 1151 3360 l
1185 3318 1237 3362 et
1268 3276 1328 3362 Il“.
1364 3276 1553 3365 Editio
1588 3276 1777 3375 nitida,
1821 3310 2099 3380 splendida
2132 3320 2186 3365 et
2215 3276 2260 3339 Ο
2292 3308 2683 3378 Magniﬁcentia
2734 3276 2860 3363 vero
2924 3308 3238 3378 typographi
3293 3276 3471 3364 ellecit
3517 3326 3586 3364 ne
3637 3312 3885 3366 volumen

593 3407 923 3469 sumptuosa,
951 3410 1105 3469 poeta
1132 3411 1313 3456 nostro
1336 3409 1387 3455 et
1409 3401 1698 3457 Maecenate
1725 3418 1821 3457 suo
1844 3401 2180 3472 dignissima.

592 3491 774 3547 Dicata
801 3502 883 3547 est
912 3494 1077 3562 equiti
1118 3494 1448 3564 amplissimo
1478 3494 1716 3565 .losepho
1742 3495 1961 3551 Nicolao
1988 3497 2180 3563 Azara,

591 3585 963 3655 Hispaniarum
992 3586 1130 3656 regis
1162 3586 1302 3655 apud
1326 3598 1566 3641 sanctam
1594 3588 1777 3644 sedem
1824 3603 1945 3643 cum
1974 3604 2184 3643 summa

591 3688 860 3748 potestate
907 3681 1099 3747 legato.
1155 3681 1467 3750 lnterpretis
1516 3698 1712 3737 nomen
1762 3681 1946 3751 ptimis
1990 3681 2184 3737 litteris

590 3771 853 3825 indicatur
876 3769 929 3825 1.
967 3769 1053 3836 T.,
1087 3771 1189 3825 hoc
1216 3780 1301 3825 est
1326 3772 1593 3841 Josephus
1642 3773 1880 3827 Teolius.
1916 3772 1970 3825 ln
2002 3772 2183 3841 ‘ephe-

592 3863 887 3919 meridibus
910 3862 1167 3917 Romanis
1198 3863 1356 3933 hujus
1382 3865 1611 3927 annidie
1640 3866 1704 3919 l9
1722 3863 1921 3933 Aprilis
1949 3865 2179 3934 elogium
2202 3944 2203 3947 η

592 3975 699 4015 non
732 3960 947 4028 vulgare
978 3959 1093 4028 ejus
1128 3960 1375 4016 editionis
1428 3962 1639 4031 legitur.
1690 3961 1878 4017 Editur
1905 3979 2024 4017 cum
2050 3963 2183 4017 duo-

593 4042 763 4109 decim
795 4061 848 4108 et
876 4054 1106 4122 amplius
1158 4068 1287 4107 mss.
1320 4053 1588 4109 Vaticanis
1621 4065 1865 4125 poemata
1908 4056 2181 4112 Prudentii

590 4145 834 4211 contulit,
862 4146 953 4215 qui
983 4154 1188 4215 gratum
1222 4146 1404 4201 multis
1432 4146 1665 4215 fecisset,
1690 4149 1735 4202 si
1760 4148 2067 4216 exprimere
2088 4165 2176 4204 cu‘

589 4247 761 4294 rasset
816 4251 883 4291 ex
931 4253 1035 4306 quo
1090 4238 1274 4293 codice
1332 4239 1567 4308 singulas
1614 4240 1884 4293 variantes
1925 4240 2181 4295 lectiones

590 4330 924 4400 sumpsisset.
977 4328 1150 4397 Opera
1214 4329 1487 4382 distribuit
1536 4345 1601 4383 eo
1658 4330 1846 4384 ordine
1902 4347 2059 4399 quem
2115 4332 2182 4385 ab

591 4420 807 4475 Heinsio
854 4422 1135 4488 probatum
1188 4422 1430 4489 putabat,
1476 4423 1682 4476 scilicet
1730 4414 2202 4491 Cathemerinon,

2289 3409 2396 3454 tam
2426 3409 2571 3455 esset
2598 3400 2963 3464 commodum,
2994 3416 3152 3470 quam
3190 3400 3507 3474 Franciscus
3537 3417 3567 3455 a
3593 3402 3759 3459 Puteo
3794 3418 3885 3458 vo-

2293 3492 2457 3547 lebat.
2492 3492 2717 3561 Scriptis
2751 3492 2909 3561 hujus
2937 3493 2997 3546 P.
3024 3492 3293 3548 Francisci
3325 3508 3353 3547 a
3382 3494 3576 3560 Puteo,
3622 3505 3674 3550 et
3701 3495 3761 3550 P.
3796 3494 3886 3549 Jo~

2292 3586 2441 3656 sephi
2471 3586 2788 3648 Blanchinii,
2824 3586 3259 3657 presbyterorum
3301 3589 3733 3658 congregationis
3756 3589 3886 3644 Ora-

2295 3681 2435 3744 torii,
2470 3695 2527 3734 se
2558 3680 2845 3749 plurimum
2879 3679 3118 3749 adjutum
3152 3681 3385 3752 ingenue
3412 3680 3659 3751 bonoque
3698 3697 3888 3737 exem-

2290 3773 2377 3842 plo
2405 3770 2622 3826 Teolius
2654 3772 2866 3836 fatetur,
2900 3772 3041 3842 quod
3072 3788 3103 3827 a
3154 3772 3309 3828 nobis
3351 3775 3885 3829 commemorandum

2288 3867 2405 3935 luit,
2436 3882 2501 3920 ne
2529 3865 2663 3921 duos
2694 3865 2814 3923 illos
2840 3861 3171 3921 clarissimos
3196 3866 3480 3938 viros,97
3499 3866 3631 3920 bene
3653 3865 3720 3918 de
3742 3865 3884 3920 Pru-

2290 3958 2472 4013 dentio
2497 3958 2739 4027 meritos,
2760 3956 2975 4012 silentio
3008 3959 3425 4027 praeteriremus.
3451 3958 3563 4013 lam
3590 3957 3636 4013 si
3656 3956 3890 4014 Teolius

2290 4055 2342 4109 in
2376 4070 2472 4109 suo
2504 4052 2894 4123 interpretandi
2926 4068 3123 4121 genere
3162 4068 3425 4108 summam
3478 4050 3692 4107 Iaudem
3739 4068 3884 4107 asse-

2291 4156 2449 4203 cutus
2478 4154 2578 4210 est,
2607 4161 2704 4217 ego
2726 4146 2779 4199 in
2808 4145 2940 4211 alio,
2963 4146 3170 4200 scilicet
3190 4144 3449 4211 uberiori,
3476 4144 3705 4214 pleniori
3736 4158 3816 4207 ac,
3837 4142 3880 4197 si

2291 4243 2392 4307 vis,
2426 4241 2658 4295 liberiori
2688 4242 2968 4310 acquirere
3000 4255 3163 4310 pauca
3191 4241 3235 4296 si
3261 4254 3505 4310 possum,
3530 4254 3637 4296 non
3664 4250 3884 4311 praeter-

2293 4330 2496 4383 mittam
2528 4329 2625 4400 (u).
2661 4327 2846 4383 Vertat
2876 4328 3068 4399 aliquis
3110 4329 3237 4384 olim
3285 4339 3460 4399 poeta:
3487 4340 3678 4385 nostro
3722 4328 3884 4394 laudi,

2292 4425 2432 4493 quod
2464 4423 2699 4479 editione
2731 4424 3011 4487 Parmensi
3038 4424 3126 4479 vix
3174 4424 3421 4480 absoluta
3450 4426 3592 4480 alius
3616 4423 3779 4479 aliam
3808 4424 3887 4479 in-

592 4572 819 4649 quamvis
846 4570 1122 4649 admodum
1145 4572 1311 4649 breuia
1332 4573 1453 4649 sint,
1479 4574 1727 4649 quidquid
1758 4586 1829 4629 est
1849 4585 2026 4649 tamen
2059 4596 2175 4649 gitja-
2206 4581 2257 4640 Ι)
2285 4594 2431 4649 δίκερε
2464 4579 2597 4635 l'also
2628 4595 2658 4634 a
2687 4578 2919 4634 Weitzio
2962 4589 3017 4636 et
3046 4589 3316 4647 auctores,
3344 4592 3400 4637 et
3426 4582 3577 4638 locos
3617 4583 3886 4649 indicari,

592 4643 743 4718 ttioris
769 4644 910 4718 nodi,
940 4644 1161 4718 solvunt.
1208 4642 1489 4718 Habendos
1505 4645 1622 4696 item
1652 4647 1811 4699 Itonos
1834 4647 2041 4718 Georgii
2059 4642 2176 4705 "Fa-

591 4714 735 4787 b_ricii
762 4717 895 4787 notis
934 4713 985 4765 in
1013 4723 1184 4787 poetas
1211 4714 1609 4787 ecclesiasticos,
1635 4727 1680 4768 et
1713 4720 1924 4785 hymnos
1957 4713 2181 4787 quinque

591 4783 882 4861 Ijrudentii,
917 4802 1039 4861 quos
1066 4785 1611 4861 illust_ra_vit._(.‘lautlet
1642 4783 1823 4857 agmen
1849 4783 2178 4861 interpretum

592 4856 859 4929 Erasmus,
888 4860 981 4929 qui
1009 4859 1238 4927 quamvis
1270 4859 1319 4910 in
1347 4857 1542 4911 duobus
1567 4856 1763 4912 tantum
1790 4856 2055 4923 postremis
2082 4862 2204 4919 Ca-.

591 4928 846 4980 tltimeiiui
878 4927 1079 4995 hymnis
1116 4928 1477 4994 elaborauerit,
1512 4931 1633 4998 quia
1674 4941 1838 4983 tamen
1870 4933 1942 4984 vir
1966 4934 2086 4999 fuit.
2118 4934 2179 4988 Si

589 4998 861 5073 quis_alius
877 5015 971 5049 sua
993 5008 1305 5073 tempestate,
1336 5000 1495 5073 acuti,
1524 5011 1569 5053 et
1596 5002 1981 5072 limatijudicii,
2008 5021 2178 5073 opera:

589 5069 802 5138 pretium
835 5084 935 5120 non
967 5069 1307 5141 pwnitendum
1341 5072 1490 5138 fecit,
1525 5089 1584 5124 ac
1613 5069 1917 5126 documento
1944 5069 2052 5127 esse
2080 5093 2176 5141 po-

591 5148 897 5208 test,iquam
941 5155 1039 5204 non
1073 5140 1383 5194 Prudentius
1420 5142 1481 5194 ab
1511 5145 1725 5197 eruditis
1776 5140 2177 5199 contemnendus

550 5227 560 5283 ι
587 5211 671 5283 sit.
703 5207 868 5283 Vides
890 5209 1307 5283 Chamillardmn
1333 5214 1397 5265 de
1430 5214 1610 5266 multis
1634 5216 2016 5280 interpretibus
2040 5216 2176 5270 Pru»

554 5324 562 5361 ι
587 5280 754 5361 dentii
784 5280 1212 5361 ttthil_autlivisse
1231 5323 1245 5343 ,
1276 5283 1357 5361 dc.
1385 5283 1685 5361 ψει-11161110
1705 5325 1718 5345 ,
1754 5286 2044 5361 deuJurclo
2063 5330 2076 5351 ,
2112 5287 2177 5342 de

587 5351 967 5426 Granaago._de
998 5352 1296 5426 Buchnero,
1328 5352 1393 5407 de
1425 5354 1670 5422 Mt-llet'o,
1707 5366 1763 5426 ut
1791 5359 1921 5411 alios
1954 5366 2177 5426 praeter-

586 5438 725 5477 eam.
794 5422 1060 5477 Jttdiciunt
1126 5424 1363 5488 ejusdem
1410 5426 1671 5479 adversus
1721 5422 2016 5481 Giselitttim
2066 5445 2171 5483 non

547 5494 839 5551 omnibus
892 5499 1081 5560 placet.
1134 5492 1252 5559 lpse
1303 5494 1573 5547 Giselinus
1616 5502 1681 5548 de
1733 5496 1980 5552 Nebrissa
2018 5500 2175 5553 aliter

550 5570 551 5573 “
586 5564 755 5638 sentit
802 5582 813 5615 :
861 5580 980 5617 nam
1014 5564 1137 5638 huic
1166 5579 1217 5638 et
1250 5565 1548 5638 Mortnellto
1579 5583 1839 5621 summam
1882 5570 2175 5638 diligentia:

586 5633 820 5706 laudem,
869 5636 1160 5700 pra-sertim
1204 5636 1254 5688 in
1287 5637 1522 5687 historiis
1554 5640 1916 5705 esplzcandis,
1956 5633 2171 5706 tribuit,

584 5704 829 5779 quamvis
847 5705 1168 5779 it_t__Neb_rissa
1193 5708 1323 5760 artis
1348 5718 1470 5775 poet
1492 5723 1568 5761 ea:
1584 5709 1863 5762 Scientiam
1885 5704 2169 5779 majorem,

588 5776 644 5847 i_n_
668 5774 968 5847 Murmellio
990 5777 1105 5847 plus
1133 5779 1565 5833 Observationum
1598 5782 1887 5835 tleuderet.
1917 5774 2068 5847 Quod
2098 5774 2174 5839 ait

586 5843 1000 5923 Qhamillardus,
1032 5845 1315 5923 Weitzium
1342 5862 1583 5923 veterum
1608 5863 1886 5923 attetorum
1912 5843 2057 5907 locos
2083 5855 2166 5908 in-

588 5913 827 5977 dicasse,
879 5930 1063 5970 verum
1101 5918 1311 5985 quidem
1357 5920 1406 5973 id
1454 5931 1564 5990 est,
1597 5923 1691 5977 sed
1721 5922 1915 5979 addere
1954 5924 2169 5989 debuit,

2286 4668 2446 4718 quem
2474 4652 2686 4705 incaute
2707 4662 2917 4705 secutus
2939 4651 3334 4708 Chamillardus
3358 4653 3558 4709 labitur
3587 4653 3884 4709 interdum.

2286 4723 2517 4777 Minutas
2548 4722 2805 4795 quasdam
2830 4763 2843 4787 ,
2877 4731 2952 4795 et,
2982 4739 3117 4795 pene
3146 4724 3384 4793 pueriles
3422 4740 3592 4795 nugas
3640 4725 3696 4779 in
3734 4727 3888 4794 Spie-

2283 4796 2424 4861 gelio
2459 4791 2833 4862 reprehendit;
2863 4794 2956 4848 sed
2990 4791 3221 4849 fortasse
3268 4811 3372 4848 non
3405 4791 3583 4849 minus
3618 4791 3885 4851 minutum

2285 4879 2347 4937 ac
2376 4866 2580 4933 puerile
2612 4874 2723 4931 est,
2757 4865 2897 4937 quod
2928 4865 3129 4937 ipsein
3157 4867 3419 4937 prooemio
3457 4867 3739 4922 Prudentii
3770 4869 3886 4925 voci

2284 4936 2454 5008 Roma
2483 4942 2660 4988 notam
2690 4936 2922 5008 subjecit
2956 4954 2968 4989 :
3020 4936 3306 4991 Urbssatis
3329 4947 3476 4998 nota,
3508 4938 3564 4992 In
3603 4940 3722 5008 ejus
3752 4956 3885 4994 vero

2283 5007 2521 5079 editione
2560 5021 2703 5079 sarpe
2743 5006 2968 5079 accidit,
3005 5008 3187 5062 nescio
3229 5010 3381 5078 cujus
3426 5006 3782 5079 negligentia,
3828 5021 3888 5064 ut

2282 5076 2385 5129 alia
2435 5078 2505 5130 sit
2533 5077 2796 5145 scriptura
2829 5078 2879 5130 in
2911 5078 3240 5134 carminibus
3266 5076 3621 5146 excusa—alia
3656 5081 3711 5135 in
3742 5084 3890 5137 notis

2283 5147 2522 5201 defensa.
2558 5146 2827 5223 Praetereo
2852 5151 3139 5204 nonnullos
3169 5166 3383 5205 errores
3426 5155 3847 5223 typographicos
3870 5195 3886 5217 ,

2282 5226 2337 5271 et
2385 5219 2784 5292 nonnunquatn'
2804 5229 3002 5292 contra
3020 5231 3271 5288 metrum,
3307 5223 3397 5292 qui
3430 5219 3619 5277 saltem
3657 5219 3888 5279 indicari

2284 5297 2340 5342 et
2364 5290 2556 5357 θυι-τίςί
2600 5289 2922 5344 debuerunt.
2967 5291 3260 5346 Fatendum
3307 5289 3393 5347 est
3432 5305 3609 5349 tamen
3641 5296 3889 5349 Chamil—

2283 5359 2490 5435 lardum
2520 5362 2569 5414 in
2600 5362 2990 5430 quaestionibus
3018 5362 3332 5432 theologicis
3355 5365 3697 5433 explicandis
3723 5367 3891 5435 longe

2282 5433 2492 5505 ueteris
2528 5435 3045 5505 commentatoribus
3086 5436 3411 5503 praestitisse
3436 5482 3450 5505 ,
3505 5438 3596 5505 qui
3653 5433 3889 5493 fortasse

2284 5503 2477 5575 melior
2518 5503 2706 5575 fuisset
2752 5505 3038 5573 interpres,
3074 5507 3175 5575 nisi
3209 5506 3277 5558 ad
3306 5503 3453 5561 usum
3487 5503 3736 5575 Delphini
3768 5511 3890 5563 edi-

2284 5573 2861 5649 ti‘_t_netn_qadornasset
2912 5590 3083 5630 suam.
3138 5574 3320 5645 Neque
3362 5579 3548 5634 dubito
3572 5573 3700 5649 quin
3761 5581 3885 5635 haec

2281 5644 2449 5697 editio
2467 5645 2586 5718 aliis
2609 5646 2861 5718 ommbus
2875 5663 2991 5716 qui-
3012 5644 3400 5715 praecesserant
3424 5651 3495 5704 sit
3516 5644 3885 5718 praeferenda,

2272 5725 2338 5791 ut
2370 5715 2653 5791 praefertur
2683 5733 2739 5791 a_
2764 5715 2918 5771 Joan.
2952 5719 3075 5791 Alb.
3105 5719 3352 5773 Fabricio
3375 5762 3390 5785 ,
3434 5715 3680 5791 quamvis
3713 5724 3889 5777 llein-

2278 5787 2489 5863 siusin
2522 5789 2685 5863 variis
2726 5788 3048 5863 lectionibus
3090 5793 3424 5861 exponendis
3450 5787 3651 5863 partes
3697 5796 3884 5850 critici

2279 5858 2601 5913 cumulatius
2628 5859 2945 5927 expleverit.

2352 5929 2425 5993 (al
2479 5928 2749 5985 Modestiae
2803 5932 2875 5987 cl.
2933 5932 3104 5990 Teolii
3165 5950 3272 5992 non
3322 5935 3519 5992 invitus
3583 5938 3889 5996 attribuatn

3784 412 3991 493 ssc.
