4142 6350
258 388 364 445 ϐὄτ

254 599 437 657 (lentio
481 596 666 660 latent,
708 595 781 650 ita
818 596 928 662 jam
972 606 1093 647 esse
1122 592 1381 649 illustrata
1407 599 1642 656 censeat,
1676 600 1734 647 ut
1760 593 1827 647 ab

254 708 383 759 uno,
410 690 496 745 vel
525 688 693 744 altero
721 688 926 757 possint
948 683 1239 750 exhauriri,
1264 684 1310 739 is
1328 698 1458 739 sane
1486 683 1568 739 vel
1590 683 1827 739 Pruden-

254 788 387 841 tium
414 798 519 839 non
544 782 691 851 legit,
724 781 806 835 vel
837 780 986 835 nullo
1016 780 1173 835 modo
1198 778 1457 835 intellexit
1484 778 1584 850 (a).

323 879 433 949 99
471 876 592 931 118.
633 874 927 939 Prudentii,
954 874 1009 928 in
1035 873 1280 940 vulgares
1312 873 1520 943 linguas
1554 876 1820 943 conversi,

252 987 361 1029 non
391 979 468 1025 tot
513 968 778 1039 proferam
826 967 1067 1033 exempla
1114 974 1243 1036 quot
1280 966 1496 1033 vellem,
1520 982 1822 1037 quanquam

252 1066 407 1135 plura
436 1063 662 1118 fortasse
702 1062 885 1116 latent.
918 1059 1023 1117 Sed
1053 1069 1198 1115 certe
1230 1074 1335 1115 non
1368 1070 1474 1115 tam
1505 1061 1674 1116 obvia:
1702 1070 1825 1116 sunt

252 1166 425 1228 poetae
454 1154 743 1211 Christiani
766 1153 1057 1219 versiones,
1087 1169 1243 1223 quam
1275 1154 1503 1209 aliorum
1527 1154 1820 1223 gentilium,

252 1264 285 1305 θ
308 1247 499 1319 quibus
528 1246 671 1302 nulla
701 1245 968 1300 interdum
999 1245 1223 1311 utilitas,
1254 1245 1484 1298 maxima
1513 1246 1824 1315 plerumque

253 1341 518 1413 pernicies
544 1340 596 1395 in
626 1340 897 1394 hominum
935 1353 1111 1393 mores
1142 1346 1315 1407 potest
1342 1338 1597 1393 derivari.
1635 1340 1824 1394 Rodri-

252 1432 470 1503 guezius
508 1430 574 1485 de
598 1428 788 1485 Castro
819 1429 1252 1500 Psycbomacbia:
1293 1430 1597 1485 versionem
1631 1430 1820 1499 Hispa-

252 1524 428 1579 nicam
454 1523 659 1580 viderat
680 1524 897 1591 (metro,
928 1530 988 1576 ut
1011 1521 1261 1589 conjicio,
1276 1519 1513 1593 factam),
1534 1522 1823 1591 interprete

185 1612 189 1616 ’
253 1614 598 1669 baccalaureo
649 1613 935 1667 Francisco
972 1611 1274 1677 Palomino,
1302 1611 1508 1670 ordinis
1551 1614 1607 1667 S.
1641 1614 1824 1669 Jacobi

252 1719 548 1765 conventus
559 1708 755 1765 Uclesii
777 1706 1066 1771 sacerdote,
1082 1706 1277 1761 editam
1296 1705 1489 1762 Uclesii
1514 1708 1648 1773 in-l,
1666 1722 1822 1778 quam

252 1802 365 1870 ipse
391 1800 568 1855 laudat
597 1800 646 1852 in
677 1798 880 1853 erudita
910 1811 1004 1853 sua
1036 1798 1281 1853 Biblioth.
1308 1797 1584 1867 llispanica
1618 1800 1715 1871 (b).

1610 385 1975 443 PBOLEGOM
1984 388 2134 442 ENA.

255 503 548 564 cboaverit.
582 501 713 558 Nam
747 515 835 572 qui
873 506 1184 569 argumenta
1228 510 1406 552 rerum
1452 511 1571 567 quae
1619 497 1670 552 in
1697 498 1828 553 Pru-
1856 504 1906 563 Α

3404 402 3506 457 658

2016 502 2129 557 120.
2173 506 2437 562 Antonius
2464 508 2533 562 du
2568 510 2807 577 Verdier,
2844 513 3090 569 Biblioth.
3128 516 3340 581 Gallic.,
3372 518 3499 571 edit.

1930 594 2197 664 Lugdun.,
2224 598 2392 662 1⁸685,
2427 615 2546 670 pag.
2581 604 2668 670 95,
2705 604 2755 657 id
2788 602 2982 660 habet:
3009 607 3209 661 Aurelie
3238 607 3505 663 Prudence

1930 686 2175 743 Clement.
2209 688 2285 742 La
2320 689 2539 746 Passion
2567 693 2630 747 de
2659 694 2838 749 Sainet
2871 697 3055 764 Quirin
3086 708 3277 769 martyr
3301 716 3505 767 evesque

1926 784 1990 837 de
2018 784 2224 850 Scissie,
2268 786 2401 853 prise
2440 786 2504 839 de
2551 788 2773 857 l‘ltymne
2814 791 2843 843 7
2898 792 2959 844 de
3013 792 3309 859 Prudente,
3360 799 3505 864 poe‘te

1928 876 2197 941 chrestien,
2222 893 2283 930 en
2308 893 2400 931 son
2430 877 2551 932 livre
2572 881 2658 933 des
2675 897 2979 948 couronnes,
3007 893 3052 936 et
3073 885 3295 938 traduite
3314 903 3373 939 en
3399 902 3504 941 vers

1926 971 2151 1039 francois
2183 972 2383 1040 couplet
2433 988 2563 1038 pour
2612 976 2834 1044 couplet.
2892 975 3041 1030 Edita
3074 988 3155 1031 est
3193 979 3334 1033 inter
3358 979 3505 1036 Vitas

1926 1072 2231 1116 sanctorum
2279 1063 2494 1119 Parisiis
2536 1081 2629 1134 per
2670 1066 2945 1122 Nicolaum
2998 1068 3295 1123 Chesneau.
3345 1072 3499 1138 Ibid.,

1926 1170 2046 1225 pag.
2074 1155 2232 1220 1025,
2267 1157 2457 1213 Petrus
2486 1160 2552 1215 de
2594 1161 2916 1219 Montchault
2946 1165 3103 1218 vertit
3140 1162 3339 1218 Gallice
3370 1165 3504 1219 duos

1927 1246 2155 1317 hymnos
2191 1248 2459 1305 Prudentii
2514 1252 2580 1306 de
2620 1252 2937 1321 Nativitate,
2982 1265 3036 1309 et
3088 1254 3155 1308 de
3210 1256 3501 1324 Epiphania

1926 1340 2202 1411 (carmine,
2227 1343 2463 1412 opinor).
2494 1345 2647 1411 Ibid.,
2672 1363 2792 1417 pag.
2817 1348 2940 1411 521,
2969 1348 3141 1402 Guido
3165 1349 3211 1403 le
3241 1348 3412 1403 Feure
3438 1349 3504 1404 de

1924 1432 1970 1491 la
2001 1433 2282 1490 Borderies
2303 1436 2469 1492 edidit
2488 1438 2703 1493 Parisiis
2723 1455 2814 1507 per
2833 1440 3123 1495 Rohertum
3146 1442 3194 1495 le
3214 1442 3497 1510 Maignier:

1925 1526 2155 1597 Hymnes
2206 1529 2625 1599 ecclésiastiques,
2659 1541 2705 1583 et
2750 1533 3027 1600 cantiques,
3070 1533 3231 1599 partio
3261 1533 3495 1597 traduits,

1924 1620 2087 1690 partie
2113 1623 2175 1674 de
2207 1636 2301 1674 son
2340 1622 2629 1691 invention;
2678 1625 2815 1692 ln-8,
2859 1639 2997 1678 anno
3033 1626 3203 1689 1582,
3228 1626 3390 1681 editio
3410 1641 3500 1681 sc-

1925 1714 2123 1778 cunda,
2148 1714 2235 1768 ubi
2264 1716 2475 1772 sunt-14
2498 1728 2587 1770 aut
2608 1716 2688 1781 15,
2716 1718 2956 1773 utcredit
2981 1718 3288 1782 Verderius,
3317 1718 3500 1787 hymni

1892 1840 1895 1847 ι
1926 1806 2294 1874 Prudentiani,
2326 1817 2499 1862 metro
2530 1807 2730 1863 Gallico
2750 1823 2779 1860 a
2804 1809 3045 1863 Guidone
3076 1810 3347 1878 eleganter
3374 1822 3501 1862 con-

324 1894 449 1947 119.
494 1891 634 1946 ldem
676 1890 840 1944 refert
866 1890 1021 1944 aliam
1049 1890 1350 1945 versionem
1377 1907 1390 1943 :
1418 1892 1731 1946 Traduccion
1759 1894 1819 1947 de
1850 1890 1896 1949 Β
1926 1903 2084 1956 versi.
2110 1900 2263 1965 lbid.,
2299 1916 2417 1971 pag.
2447 1902 2571 1967 959,
2605 1901 2873 1956 Paschalis
2902 1902 3071 1956 Robin
3098 1901 3298 1956 Gallice
3327 1900 3501 1954 reddi-

256 1983 331 2038 los
358 1982 593 2053 hymnos,
629 1998 719 2050 que
745 1982 859 2035 liizo
888 1982 1091 2035 Aurelio
1131 1982 1421 2037 Prudencio
1449 2001 1480 2036 α
1506 1986 1581 2038 los
1610 1986 1828 2040 ilustris-

253 2078 407 2129 simas
433 2078 660 2129 martires
686 2076 747 2129 S.
780 2076 1082 2141 Laurencio,
1117 2076 1177 2130 S.
1212 2075 1433 2143 Vicente,
1456 2076 1515 2131 S.
1546 2076 1824 2147 Engraeia,

254 2167 317 2220 S.
350 2166 618 2235 Lupercio,
642 2183 673 2235 ῃ
702 2167 777 2218 los
804 2166 975 2218 demas
994 2165 1387 2230 innumerables,
1413 2182 1506 2234 que
1526 2168 1825 2237 padecieron

253 2276 315 2314 en
341 2260 392 2313 la
418 2258 652 2325 imperial
678 2258 863 2310 ciudud
893 2257 955 2309 de
992 2257 1273 2328 Zaragoza.
1316 2256 1422 2311 Con
1450 2260 1496 2311 el
1526 2261 1827 2314 nacimiento

252 2369 284 2420 ῃ
307 2350 471 2421 patria
501 2349 589 2418 del
609 2365 799 2404 mesmo
826 2350 1031 2403 Aurelio
1053 2349 1364 2404 Prudencio.
1398 2349 1505 2404 Por
1541 2350 1665 2404 Luis
1700 2350 1827 2406 Dies

253 2444 317 2497 de
352 2443 486 2511 Aux,
531 2442 638 2514 hijo
668 2442 730 2495 de
759 2444 808 2495 la
843 2442 1020 2496 misma
1052 2443 1257 2507 ciudad,
1286 2459 1318 2495 a
1359 2444 1510 2512 quien
1548 2460 1602 2497 se
1628 2445 1826 2497 dedica.

254 2532 339 2589 En
363 2524 626 2604 Zaragoza
650 2550 743 2602 por
770 2531 909 2586 o'uan
943 2535 1005 2586 de
1033 2532 1233 2602 Lanaja
1270 2552 1302 2603 y
1336 2534 1638 2601 Quartanet,
1673 2536 1825 2591 1619.

254 2628 394 2683 1η-8.
427 2626 725 2681 Ludovicus
756 2625 900 2691 Diez,
934 2627 1568 2701 commentitiumpextri
1598 2627 1829 2682 Chroni-

253 2736 357 2778 con
389 2730 623 2787 secutus,
659 2721 891 2790 llispano
919 2721 1156 2775 carmine
1190 2720 1463 2775 Prudentii
1493 2720 1662 2775 Vitam
1697 2722 1831 2777 scri-

253 2816 379 2885 psit.
410 2814 488 2869 Cl.
523 2814 738 2868 Petrum
763 2812 951 2867 Garcia
981 2812 1047 2866 de
1077 2812 1123 2865 la
1156 2811 1351 2867 Huerta
1379 2813 1619 2867 versibus
1647 2813 1830 2882 Hispa-

254 2907 340 2962 nis
378 2904 651 2960 Prudentii
692 2905 915 2975 hymnos
948 2903 1173 2959 reddere
1216 2920 1280 2958 cx
1324 2905 1511 2961 eodem
1552 2906 1748 2972 audivi,
1780 2915 1833 2961 et

255 3000 362 3069 iam
393 2998 594 3067 pridem
632 2998 930 3054 versionem
982 2997 1166 3067 hymni
1196 2998 1262 3053 de
1297 2998 1449 3067 Novo
1479 2999 1704 3056 Lumine
1740 3016 1835 3071 pa-

255 3090 457 3148 schalis
483 3090 688 3147 sabbati
720 3104 907 3161 magna
935 3105 1062 3145 cura
1084 3091 1407 3159 elaboratam
1431 3092 1553 3162 legi.

1930 1992 2011 2046 dit
2042 1994 2192 2061 (puto
2215 1992 2475 2062 carmine)
2494 1993 2746 2062 hymnum
2770 1992 3058 2047 secundum
3077 1991 3500 2060 Peristephanwn

1930 2082 1996 2137 de
2025 2083 2080 2137 S.
2107 2083 2414 2149 Laurentio,
2443 2092 2497 2137 et
2528 2084 2741 2137 tertium
2770 2084 2835 2137 de
2868 2083 2925 2137 S.
2959 2082 3183 2137 Eulalia.

1999 2174 2109 2243 99
2146 2172 2267 2227 121.
2312 2173 2433 2227 llaec
2480 2173 2652 2227 habeo
2702 2174 2881 2228 Italica
2926 2173 3199 2227 Prudentii
3243 2174 3499 2227 carmina.

1930 2263 1957 2317 1
1991 2265 2087 2317 due
2108 2264 2223 2317 libri
2252 2266 2305 2317 di
2337 2264 2611 2319 Prudenzo
2641 2280 2814 2318 contra
2837 2265 3128 2333 Symmaco.
3175 2262 3408 2319 Tradotti
3450 2265 3503 2318 in

1931 2360 2060 2411 versi
2082 2358 2293 2413 Italiani
2324 2359 2411 2411 dal
2442 2357 2510 2412 P.
2543 2358 2617 2411 Μ.
2644 2356 2797 2411 Carlo
2819 2358 3065 2424 Agostino
3087 2357 3300 2411 Ansaldi
3333 2357 3501 2409 dome-

1932 2450 2134 2502 nieano.
2189 2447 2432 2514 Venezia,
2476 2466 2717 2519 oppresso
2763 2450 2936 2502 Pietro
2976 2448 3304 2513 Valttasense,
3348 2446 3503 2501 1751.

1936 2540 2078 2595 ln-8.
2106 2540 2159 2594 ln
2189 2539 2501 2609 praefatione
2528 2543 2601 2594 ait
2632 2541 2898 2594 Ansaldus
2931 2554 3128 2607 paucos
3155 2538 3205 2593 id
3233 2538 3503 2593 Prudentii

1934 2646 2067 2701 opus
2096 2631 2494 2686 commentariis
2544 2632 2857 2691 illustrasse,
2909 2644 2971 2685 ac
3017 2630 3192 2684 solum
3234 2629 3505 2683 lleinsium

1933 2724 2181 2787 feliciter,
2223 2724 2365 2791 quod
2412 2724 2609 2792 Oppido
2657 2723 2843 2776 falsum
2899 2732 3001 2784 est,
3052 2737 3173 2775 nam
3205 2736 3297 2775 eos
3342 2720 3509 2773 libros

1938 2816 2109 2871 doctis
2164 2815 2561 2869 commentariis
2609 2815 2939 2869 illustrarunt
2984 2812 3199 2868 Juretus
3243 2820 3298 2866 et
3334 2811 3510 2866 Gran-

1938 2921 2104 2978 gasus,
2135 2916 2191 2961 ut
2216 2908 2350 2962 alios
2382 2908 2621 2961 omittam
2661 2908 2750 2976 qui
2795 2906 3212 2960 commentarios
3239 2903 3293 2957 in
3330 2902 3508 2957 omnia

1939 3000 2175 3055 carmina
2206 3000 2505 3055 ediderunt.
2540 2998 2717 3054 Editio
2749 3014 2995 3054 versuum
3023 2998 3333 3053 Latinorum
3355 3011 3510 3050 men-

1941 3094 2026 3149 dis
2054 3104 2221 3149 scatet
2252 3095 2347 3164 (c),
2372 3094 2737 3165 interpretatio
2764 3109 2892 3163 pura
2924 3104 3026 3158 est,
3063 3093 3219 3163 100
3245 3099 3298 3145 et
3323 3089 3511 3144 nitida.

257 3208 443 3287 (quam
480 3204 707 3287 fortasse
747 3206 833 3287 alii
858 3222 969 3287 non
1016 3205 1498 3287 laudabuntiquod
1532 3208 1595 3259 ab
1620 3208 1833 3263 Heinsio
1862 3208 1909 3272 C
1941 3210 2208 3287 indicabo.
2261 3213 2404 3287 Inter
2441 3213 2595 3287 Acta_
2620 3212 3155 3287 siii_cera_martyrum
3211 3205 3513 3287 Tli'eod'orici

257 3275 349 3345 vix
381 3292 539 3331 ausus
567 3275 722 3330 fuerit
744 3276 825 3330 vel
858 3276 1017 3329 latum
1042 3292 1269 3345 unguem
1296 3277 1591 3340 discedere,
1616 3294 1733 3331 cum
1762 3288 1837 3333 tot

261 3341 552 3400 Vaticanos
575 3347 789 3401 codices
811 3341 1138 3409 lustraverit,
1155 3363 1289 3414 quos
1315 3348 1579 3401 interdum
1600 3349 1719 3415 jure
1740 3364 1837 3403 suo

262 3418 522 3488 praeferre
553 3418 802 3485 potuerit.
834 3417 1223 3471 Chamillardus
1253 3418 1465 3487 quidem
1498 3429 1550 3472 et
1578 3420 1838 3473 Cellarins

260 3490 440 3544 minus
470 3497 594 3542 sunt
646 3488 745 3541 hac
794 3488 846 3541 in
878 3503 935 3541 re
974 3488 1191 3541 notandi
1221 3506 1233 3540 :
1263 3504 1383 3542 nam
1426 3489 1597 3542 nullos
1627 3490 1839 3543 codices

262 3575 361 3627 per
389 3574 448 3613 se
478 3560 837 3625 inspexerunt,
881 3568 934 3612 et
965 3558 1240 3612 liberiores
1268 3568 1441 3613 tamen
1466 3575 1585 3613 esse
1603 3560 1729 3613 mihi
1764 3560 1839 3613 vi-

262 3631 480 3684 dentur.
504 3629 717 3684 Teolius
736 3632 896 3682 etiam
924 3630 1205 3697 quamdam
1236 3630 1667 3699 orthographiam
1705 3632 1839 3683 anti-

261 3710 478 3769 quatam
509 3716 574 3754 ex
602 3700 815 3753 Heinsio
842 3700 1121 3765 expressit,
1150 3712 1345 3771 urguet,
1375 3703 1579 3771 unguit,
1609 3711 1837 3769 temptat,

262 3786 334 3825 ex
356 3785 460 3839 quo
487 3772 682 3839 pariter
712 3772 878 3836 potuit
908 3772 1149 3837 accipere
1192 3772 1355 3835 labsa,
1390 3773 1560 3840 inpar,
1594 3772 1837 3840 loquella,

264 3852 319 3895 et
346 3842 558 3895 similia.
591 3842 642 3894 In
675 3840 888 3894 Heinsio
916 3842 1093 3893 malim
1126 3840 1226 3894 alia
1261 3842 1458 3895 imitari
1486 3860 1497 3893 :
1528 3842 1667 3910 quod
1696 3844 1838 3896 enim

265 3913 313 3966 is
340 3921 551 3966 veteres
576 3912 788 3965 codices
831 3911 1043 3979 allegat,
1078 3927 1181 3965 non
1214 3914 1343 3966 satis
1377 3926 1675 3980 congruens
1707 3914 1842 3967 ratio

265 3992 371 4046 est,
408 3992 461 4035 ut
492 3983 650 4035 aliam
696 3980 962 4037 scribendi
1003 3984 1262 4035 rationem
1297 3984 1407 4049 ipse
1453 3992 1649 4045 teneat,
1682 3984 1841 4037 aliam

265 4053 321 4106 in
355 4052 678 4106 carminibus
708 4052 974 4105 Prudentii
998 4054 1278 4106 examulis
1307 4053 1539 4118 adoptet.
1563 4053 1843 4122 Orthogra-

265 4125 461 4193 phiam,
493 4122 664 4190 inquit
690 4123 935 4193 Heinsius
971 4124 1021 4175 in
1069 4122 1398 4190 pratfatione,
1433 4122 1755 4177 Pulmannus
1783 4140 1845 4177 ea:

264 4194 473 4247 vetustis
502 4192 869 4259 exemplaribus
896 4208 995 4245 non
1022 4194 1317 4245 inconcinne
1341 4202 1426 4244 aut
1450 4194 1624 4247 inscite
1642 4210 1845 4261 expres-

267 4276 424 4328 serat,
454 4266 607 4333 quam
647 4272 810 4316 tamen
853 4280 945 4315 nos
986 4279 1048 4315 ea:
1088 4264 1387 4316 membranis
1434 4264 1711 4315 veterrimis
1764 4264 1845 4317 hic

266 4334 379 4387 illic
410 4336 807 4397 immutarimus,
837 4351 895 4385 ac
925 4334 1185 4386 meliorem
1218 4350 1305 4398 pro
1348 4334 1481 4386 virili
1507 4335 1840 4399 reddidimus,

270 4404 387 4473 plus
416 4406 727 4471 conspiranti
748 4406 978 4457 codicum
1004 4405 1466 4473 antiquissimorum
1487 4404 1733 4474 att/fragio
1758 4406 1844 4456 de-

269 4477 508 4543 ferentes,
537 4493 687 4542 quam
719 4478 977 4543 praeceptis
1018 4476 1480 4544 grammaticorum,
1521 4490 1632 4541 qua
1676 4476 1843 4527 minus

270 4548 495 4599 ueritatis
534 4547 769 4616 ﬁdeique,
801 4562 951 4611 quam
979 4546 1297 4615 argutiarum
1337 4555 1387 4597 ut
1425 4545 1699 4615 plurimum
1738 4562 1844 4613 pra:

271 4632 325 4668 se
357 4619 547 4683 ferunt.
574 4619 872 4685 Quanquam
901 4632 987 4669 nec
1021 4616 1309 4685 denegarint
1338 4618 1493 4668 multo
1524 4618 1676 4686 plura
1705 4632 1735 4667 a
1766 4632 1842 4668 me

271 4688 535 4739 immutari
582 4687 971 4755 ortliogrupltica
1001 4687 1241 4755 potuisse,
1294 4688 1336 4738 si
1366 4687 1667 4739 membranis
1698 4702 1843 4739 vene-

268 4760 494 4811 randam
534 4767 824 4810 vetustatem
868 4756 1230 4809 ostentantibus
1279 4758 1513 4808 assentiri
1544 4774 1633 4825 per
1676 4757 1845 4809 omnia

268 4834 289 4903 ί
295 4844 361 4881 us
388 4827 911 4903 [asque-habuisseni:
943 4837 987 4903 et
1008 4827 1142 4903 curis
1163 4828 1409 4903 secundis
1421 4828 1669 4903 nonnihil
1688 4842 1848 4903 reser-

267 4896 497 4955 ‘uandum
542 4900 817 4952 videbatur.
856 4896 1112 4962 Equidem
1162 4896 1214 4949 in
1245 4896 1516 4949 codicibus
1545 4896 1848 4963 antiquissi-

269 4971 383 5025 mis
413 4968 545 5022 nihil
572 4970 712 5023 aliud
743 4966 952 5036 reperio
984 4968 1081 5020 nisi
1120 4967 1403 5019 maximam
1438 4965 1847 5033 discrepantiam

271 5044 330 5097 in
363 5040 761 5108 orthographia,
791 5040 1203 5104 innumerosque
1227 5050 1453 5108 errores.
1477 5036 1659 5108 Neque
1692 5037 1849 5108 intel-

273 5116 408 5178 ligo,
442 5106 541 5163 cur
566 5106 837 5162 Prudentii
880 5108 1114 5162 carmina
1156 5106 1343 5178 magis,
1376 5122 1535 5174 quam
1575 5107 1851 5160 Ciceronis

274 5177 468 5251 opera,
498 5180 563 5232 ad
593 5180 1027 5251 orthographiam
1052 5177 1292 5251 codicum
1321 5193 1412 5251 vii,
1448 5193 1537 5229 vui
1565 5180 1646 5229 vel
1672 5193 1729 5251 ix
1755 5194 1852 5251 san:

275 5246 385 5307 culi
418 5254 657 5304 revocari
703 5246 950 5303 debeant.
989 5247 1179 5300 Verum
1214 5247 1279 5299 de
1329 5246 1543 5299 diversa
1591 5246 1853 5299 scribendi

268 5326 493 5377 ‘ratione
522 5321 764 5375 codicum
795 5328 848 5373 et
872 5318 1243 5371 nonnullarum
1268 5316 1558 5369 editionum
1585 5315 1855 5369 Prudentii

279 5393 458 5447 fusius
486 5392 658 5444 «licam
705 5391 769 5443 ad
820 5389 974 5456 hujus
1004 5389 1189 5453 capitis
1238 5387 1436 5440 calcent
1486 5388 1535 5439 in
1595 5398 1739 5439 nota.
1802 5386 1855 5440 In

277 5464 687 5518 commentariis
716 5462 907 5515 notabo
933 5460 1185 5526 quosdam
1210 5472 1422 5510 errores
1450 5458 1857 5526 typographicos

276 5532 535 5590 editionis
566 5530 863 5585 Parmensis
895 5531 944 5582 in
973 5528 1296 5584 carminibus
1319 5526 1611 5591 Prudentii,
1643 5530 1730 5580 ubi
1755 5528 1859 5580 Stri-

279 5607 413 5660 licet
438 5618 629 5657 sensus
651 5602 1002 5664 desideratur,
1044 5608 1134 5651 aut
1163 5599 1241 5651 lex
1278 5602 1453 5660 metri,
1482 5612 1531 5650 et
1563 5598 1858 5651 Latinitatis

280 5690 395 5730 non
417 5682 647 5733 constat,
685 5673 823 5740 quod
853 5672 1010 5724 simili
1039 5670 1197 5723 modo
1225 5684 1344 5722 cum
1368 5668 1583 5733 aptimis
1604 5669 1723 5740 aliis
1748 5669 1861 5721 edi-

283 5745 526 5798 tionibus
575 5739 746 5798 facere
792 5741 1024 5805 decrevi,
1058 5755 1123 5794 ne
1153 5740 1269 5809 quis
1302 5742 1566 5793 variantes
1607 5739 1861 5793 lectiones

284 5830 410 5871 esse
440 5820 605 5881 putet.

363 5879 451 5951 (al
467 5884 657 5939 Multos
674 5882 897 5946 hymnos
920 5879 1188 5936 Prudentii
1217 5893 1455 5938 seorsum
1478 5890 1704 5935 excusos
1728 5894 1864 5935 nunc

1871 4586 1924 4646 D

1942 3283 2164 3336 Ruinart
2194 3292 2317 3336 sunt
2347 3282 2528 3352 hymni
2559 3280 2800 3352 Eulaliae,
2830 3278 3094 3339 Cassiani,
3113 3277 3353 3352 Agnetis,
3378 3275 3513 3327 Lau-

1941 3352 2117 3417 rentii,
2154 3344 2453 3425 Hippolyii,
2490 3344 2794 3425 octodecim
2822 3359 3113 3425 martyrum
3167 3344 3514 3425 ansarangu:

1943 3416 2521 3489 stant-rum','Quirini.
2578 3420 2922 3491 HymnusiS.
2960 3416 3220 3491 :Dionysii
3271 3416 3514 3491 episcopi

1946 3486 2290 3549 Alexandrini
2319 3486 2375 3546 in
2423 3486 2638 3547 eisdem'
2656 3490 2802 3545 Actis
2833 3487 3119 3542 Prudentia
3148 3486 3431 3539 ascribitur
3462 3487 3513 3538 in

1944 3564 2122 3618 indice
2170 3564 2507 3618 bibliotheca:
2563 3561 2934 3616 Casauatensis
2985 3576 2995 3609 :
3049 3557 3141 3610 sed
3200 3556 3376 3609 nullus
3432 3564 3516 3607 est

1945 3634 2176 3704 hymnus
2205 3633 2262 3688 8.
2288 3634 2521 3705 Dionysii
2547 3633 2860 3705 ineditione
2884 3626 3331 3705 \leroiiensi,_qua
3373 3634 3516 3705 utor,

1946 3697 2068 3758 anni
2104 3706 2256 3759 1751.
2290 3697 2474 3759 Exstat
2506 3704 2556 3758 in
2587 3704 2772 3757 iisdem
2813 3700 2957 3754 Actis
2993 3699 3175 3753 Passio
3204 3697 3420 3749 infantis
3451 3711 3516 3748 ex

1947 3774 2144 3845 hymno
2176 3776 2230 3831 S.
2266 3776 2513 3829 Romani.
2547 3774 2696 3841 Apud
2732 3772 3307 3845 Bollandianos_exstat
3344 3766 3448 3819 vol.
3477 3766 3518 3819 ll

1948 3839 2144 3913 A'prilis
2176 3848 2404 3917 hymnus
2428 3839 2727 3917 octodecim
2752 3839 3519 3917 martyrUtn__Cmsarattgttsta-

1947 3908 2159 3979 norum,
2205 3908 2311 3970 vol.
2366 3916 2387 3969 ι
2440 3917 2611 3971 Martii
2662 3915 2757 3970 SS.
2794 3908 3081 3967 Heineterii
3121 3919 3173 3963 et
3224 3908 3518 3972 Celedonii,

1947 3987 2055 4059 vol.
2089 3987 2131 4039 ll
2162 3987 2381 4059 Augusti
2408 3988 2464 4059 Si.
2491 3986 2782 4049 Laurentii,
2815 3986 2919 4037 vol.
2945 3982 3007 4059 l_|l
3044 3979 3280 4047 ejusdem
3312 3980 3520 4059 mensis

1948 4056 2006 4110 8.
2036 4057 2297 4121 Cassiani,
2329 4066 2385 4127 ut
2411 4058 2513 4111 alia
2541 4071 2679 4110 nunc
2703 4056 3105 4127 praetermittam
3126 4065 3154 4101 a
3184 4056 3520 4127 continuato-

1949 4128 2098 4180 ribus
2152 4118 2387 4179 Bollandi
2438 4142 2503 4181 ex
2553 4118 2806 4193 operibus
2838 4122 3122 4193 Prudentii
3157 4121 3368 4193 egregie
3400 4118 3521 4193 illo:

1947 4207 2133 4268 strata.
2168 4196 2349 4268 Passio
2374 4198 2429 4250 S.
2456 4185 2674 4268 Eulalia:
2702 4202 2875 4268 exstat
2904 4195 2956 4268 in
2988 4189 3292 4268 Ilagiologio
3312 4185 3519 4268 Georgii

1956 4266 2155 4339 Yicclii,
2186 4265 2669 4339 Moguntitv,_154‘l.
2778 4262 3026 4339 Cypriani
3054 4260 3107 4311 in
3130 4256 3237 4339 ejus
3266 4256 3519 4339 aperibus,

1951 4336 2045 4410 SS.
2082 4325 2364 4410 Hemeterii
2392 4346 2446 4410 et
2466 4325 2759 4410 Celedonii,
2790 4325 2929 4388 et’S.
2956 4325 3228 4410 LeoCadize
3250 4328 3387 4408 apud
3415 4325 3521 4378 Su-

1950 4409 2099 4459 rium.
2139 4408 2191 4460 In
2223 4407 2353 4460 Vitis
2383 4406 2621 4472 Patrum,
2651 4406 2941 4459 collectore
2970 4398 3184 4478 Aloysio
3206 4397 3520 4478 Lipomatio,

1954 4478 2258 4531 inseruntur
2306 4479 2485 4546 hymni
2532 4466 2629 4533 SS'.
2680 4466 3219 4546 apostolorumPetri
3262 4478 3313 4520 et
3350 4466 3520 4546 Pauli,

1952 4547 2242 4610 Laurentii,
2288 4540 2525 4615 Agnetis,
2565 4540 2824 4601 Vincentii
2852 4588 2865 4612 ,
2908 4541 3177 4615 Cypriani,
3225 4540 3523 4615 octodecim

1950 4628 2138 4692 mart._,
2162 4610 2412 4692 Romani,
2441 4610 3027 4692 Cassiani,‘llippolyti,
3065 4611 3360 4692 fluctuum,
3382 4610 3525 4692 .Qni-

1949 4690 2073 4755 rini,
2104 4678 2345 4755 Eulaliae,
2375 4678 3039 4743 HemeteriiaAlii'exsiant
3064 4682 3116 4735 in
3146 4679 3431 4749 Ilymnario
3460 4678 3521 4733 V.

1950 4761 2243 4815 Thomasii.

2023 4830 2100 4900 (b)
2135 4829 2336 4883 Batalla
2364 4848 2393 4883 ο
2423 4832 2563 4897 pelea
2592 4831 2673 4883 del
2698 4832 2865 4882 anima
2886 4836 3294 4900 :_que‘com_puls‘o
3333 4838 3393 4874 en
3420 4837 3528 4873 rer-

1952 4890 2042 4953 sos‘
2064 4890 2274 4954 Latinos
2309 4916 2326 4953 :
2356 4890 2432 4953 el'
2458 4911 2604 4963 poeta
2650 4901 2856 4953 Aurelio
2908 4890 3197 4948 Prudencio
3228 4890 3481 4963 Clemente
3509 4907 3525 4943 :

1955 4981 2280 5023 nuevamente
2311 4962 2578 5023 traducida
2608 4974 2668 5023 de
2696 4968 2845 5020 Latin
2877 4983 2938 5020 en
2962 4966 3265 5020 Castellauo.
3297 4962 3408 5016 Sub
3430 4962 3529 5016 hoc

1958 5042 2111 5093 titulo
2142 5050 2355 5093 notatur
2390 5056 2559 5093 annus
2592 5041 2727 5093 1259
2774 5054 2866 5105 pro
2918 5051 3056 5090 anno
3087 5034 3222 5089 1559
3254 5033 3526 5095 editionis,

1958 5110 2228 5163 utCastro
2264 5125 2330 5164 ex
2370 5111 2674 5177 conjectura
2710 5104 2939 5162 videtur.
2973 5108 3150 5161 Dicata
3183 5104 3528 5177 est_AItonso

1958 5180 2248 5247 Maurique.
2302 5181 2411 5233 tilio
2450 5173 2651 5235 Garcim
2686 5181 2975 5247 Maurique,
3025 5176 3231 5231 comitis
3263 5173 3525 5234 Domino,

1960 5251 2203 5322 praesidis
2233 5252 2501 5303 ordinum.
2537 5251 2589 5305 Si
2623 5251 2809 5303 librum
2841 5251 3006 5322 oculis
3036 5249 3259 5322 lustrare
3292 5256 3527 5322 possem,

1960 5320 2227 5387 conjicere
2270 5331 2528 5375 tentarem
2570 5338 2633 5374 an
2684 5322 2836 5373 aliter
2877 5320 3133 5372 ordinatis
3164 5320 3400 5369 numeris
3428 5324 3527 5387 an-

1964 5380 2333 5444 nns'etlitiunis
2356 5402 2496 5445 esset
2528 5392 2683 5447 1529.
2716 5390 2901 5443 Garcia
2928 5388 3434 5459 Mauriqueucomes
3464 5380 3531 5431 de

1962 5461 2187 5517 (lsorno.
2215 5462 2411 5515 sarculo
2440 5479 2526 5515 xvr
2558 5464 2773 5516 ineunte
2797 5461 2905 5527 jam
2944 5450 3185 5511 ﬂorebat.
3228 5450 3529 5519 Rodrigue-

1964 5532 2077 5585 zius
2106 5532 2287 5584 scribit
2313 5531 2563 5598 Dosorno,
2594 5542 2646 5587 et
2666 5547 2785 5583 mox
2818 5529 3123 5581 Huartanet.

2038 5602 2107 5669 (ε)
2138 5602 2394 5656 Absoluto
2419 5604 2519 5656 hoc
2548 5592 2601 5656 et
2632 5600 2891 5668 superiori
2922 5598 3092 5666 capite
3119 5594 3185 5647 de
3214 5592 3527 5669 codd._inss.

1968 5681 2020 5725 et
2046 5664 2365 5727 editionibus
2395 5664 2709 5735 Prudentii,‘
2736 5664 3153 5736 quaedam‘nunc
3189 5667 3328 5717 circa
3359 5664 3533 5717 diver-

1968 5756 2082 5796 sam
2129 5744 2558 5812 orthographiam
2604 5742 2866 5812 cudicutn,
2896 5746 2981 5812 ’ςιῇ
3016 5736 3306 5812 editionum
3339 5748 3534 5812 conge-

1970 5828 2081 5865 ram
2110 5829 2122 5866 :
2149 5806 2444 5881 quanquam
2476 5811 2715 5881 nonnihil,
2740 5811 2845 5881 jam
2867 5808 3007 5881 dixi,
3053 5824 3171 5881 cum
3215 5808 3283 5881 de
3312 5806 3533 5881 singulis

1970 5876 2247 5939 codicibus
2290 5876 2588 5942 sermonem
2638 5876 2817 5944 habui,
2866 5878 3085 5937 Marietti
3132 5878 3297 5935 codex
3346 5876 3531 5936 scribit
