4142 6350
612 391 715 452 659

2015 381 2468 444 PRUDENTIUS.

615 508 926 567 Versionem
959 504 1192 560 Italicam
1224 517 1326 558 ms.
1371 503 1491 558 libri
1525 503 1954 572 Perislephanwn
1997 501 2196 558 Medio-
2225 509 2278 569 Α
2303 503 2431 578 dere
2476 503 2604 573 quid
2635 503 2736 558 viri
2769 503 2912 559 docti
2942 503 3050 559 hoc
3093 504 3315 571 sarculo,
3359 506 3606 576 proximo
3653 515 3710 562 et
3735 521 3904 579 supe-
3971 517 3978 526 ‘

611 605 726 660 lani
755 598 1278 666 videratAnsaldus,
1329 599 1648 670 interprete,
1699 600 1772 653 uti
1804 599 2038 662 aiebant,
2083 597 2202 654 Sal-

614 699 780 754 vinio.
813 698 928 766 Ego
953 695 1108 750 aliter
1137 695 1256 767 lego
1281 695 1422 766 apud
1451 697 1782 766 Argelatum,
1814 691 2100 749 Biblioteca
2124 695 2203 747 de’

613 790 996 861 uolgarizatori,
1051 798 1182 843 tom.
1239 789 1342 856 Ill,
1391 805 1510 860 pag.
1543 789 1682 858 509.,-
1722 789 1812 858 qui
1854 791 2200 857 interpretem

613 881 1004 936 dicit-Marcum
1029 880 1322 943 Antonium
1365 879 1645 948 Mozzium,
1695 879 2066 948 praelationem
2107 891 2202 932 au-

618 984 724 1026 tem
753 972 1014 1040 adjecisse
1044 969 1363 1027 Salvinium.
1398 971 1546 1026 lianc
1577 974 1878 1027 versionem
1905 985 2005 1025 ms.
2037 985 2202 1040 penes

617 1082 676 1121 se
709 1065 940 1123 habebat
967 1068 1271 1139 Argelatus,
1321 1075 1376 1122 et
1421 1063 1582 1121 edere
1626 1065 1896 1144 cogitabat
1941 1067 1994 1118 in
2039 1065 2202 1119 colle-

613 1161 792 1216 ctione
823 1161 1325 1232 interpretationum
1369 1168 1610 1214 veterum
1645 1157 1958 1214 Latinorum
2005 1157 2202 1213 carmi-

615 1269 772 1322 num;
803 1255 896 1310 sed
931 1265 1059 1326 puto
1083 1271 1206 1310 enm
1235 1269 1345 1309 rem
1375 1267 1482 1307 non
1513 1249 1824 1322 perfecisse.
1851 1249 2014 1306 Certe
2039 1251 2200 1305 Joan-

614 1361 711 1401 nes
739 1346 978 1410 Lamins,
1021 1345 1200 1400 tom.l
1245 1345 1538 1400 Memorah.
1591 1343 1771 1398 ltalor.
1801 1343 2022 1410 erudit.,
2075 1357 2196 1413 pag.

617 1437 723 1491 120
767 1437 897 1492 edit.
933 1435 1170 1493 Floreat.
1213 1435 1364 1504 1762,
1416 1437 1595 1504 lapsus
1643 1446 1752 1502 est,
1803 1449 1922 1490 cum
1973 1437 2200 1490 asseruit

613 1547 732 1587 eam
763 1532 1064 1586 versionem
1092 1530 1277 1586 Mozzii
1313 1539 1428 1598 post
1477 1531 1631 1598 hujus
1671 1531 1876 1584 obitum
1917 1529 2198 1585 Mediolani

613 1623 808 1692 publici
834 1623 970 1693 juris
1000 1623 1164 1678 fuisse
1208 1624 1424 1676 factam.
1483 1625 1520 1677 E
1551 1624 1826 1692 cujusdam
1858 1624 2018 1678 amici
2043 1623 2198 1678 sche-

613 1713 695 1767 dis
723 1727 850 1768 mss.
900 1715 1288 1784 huic-excerpo
1324 1714 1440 1768 :La
1489 1717 1724 1786 passione
1768 1725 1814 1768 et
1858 1725 2014 1768 morte
2055 1714 2192 1770 dis.

611 1806 892 1874 Cassiano,
951 1811 1178 1879 martyre
1224 1825 1251 1862 ε
1299 1823 1504 1862 vescotto
1555 1807 1813 1874 d‘lmola,
1871 1809 2096 1862 tradotta
2143 1809 2195 1861 in

2305 595 2438 652 riori
2469 595 2967 652 animadverterint.
2999 593 3195 668 Hymni
3223 613 3320 652 vni
3359 597 3464 658 cal.
3495 597 3714 653 Januar.
3743 613 3905 670 pum

2307 689 2530 762 phrasin
2577 689 2832 761 rhythmo
2879 687 3198 744 Germanico
3245 689 3594 755 elaboratam,
3650 701 3706 746 et
3753 707 3902 748 anno

2308 783 2444 838 1659
2471 783 2690 848 editam,
2727 785 2970 838 recensui
3013 799 3172 852 supra
3205 797 3352 838 num.
3400 783 3524 838 116.
3565 784 3900 855 Psychoma-

2304 875 2476 930 chiam
2522 885 2736 930 exstare
2777 889 2878 929 ms.
2925 875 3190 930 redditam
3220 873 3410 930 Graece
3449 875 3558 930 dixi
3607 891 3758 932 num.
3787 878 3856 934 91
3881 867 3906 944 ;’

2306 967 2408 1022 nisi
2439 967 2576 1022 forte
2605 967 2724 1038 quis
2753 981 2818 1022 ex
2851 966 2968 1022 solo
2997 967 3152 1022 titulo
3181 967 3369 1023 Graeco
3399 967 3700 1026 versionem
3731 970 3904 1026 totius

2304 1061 2480 1130 operis
2509 1060 2743 1130 collegit.

2920 1151 3149 1208 CAPUT
3189 1153 3276 1208 Vl.

2304 1242 2828 1316 Magdeburgensium
2871 1243 3192 1370 aliortznque
3233 1247 3300 1299 de
3341 1244 3616 1302 Prudetuii
3655 1249 3904 1304 doctrina

2966 1334 3021 1370 ru
3063 1334 3236 1370 totum.

2955 1334 3236 1388 Juatcmm.

2379 1430 2530 1500 101
2573 1429 2696 1485 122.
2727 1429 2894 1497 Quam
2925 1431 3088 1484 multa
3121 1431 3395 1501 religionis
3439 1439 3640 1488 nostra:
3685 1437 3890 1506 capita,

2301 1539 2457 1594 quam
2473 1524 2628 1578 docte
2642 1539 2704 1578 ac
2726 1538 2954 1578 nervose
2971 1523 3296 1579 Prudentius
3309 1525 3632 1592 defenderit,
3655 1528 3900 1584 stabilie-

2277 1618 2390 1680 'rit,
2425 1617 2846 1685 confirmaverit,
2879 1618 2920 1672 si
2953 1617 3322 1672 haereticorum
3361 1620 3534 1686 potius
3565 1635 3728 1689 quam
3759 1625 3900 1678 meis

2301 1721 2389 1766 aut
2408 1711 2630 1768 alti-rius
2651 1712 2900 1767 catholici
2925 1712 3104 1768 verbis
3125 1713 3453 1782 explicuero,
3479 1717 3660 1778 nemo,
3677 1717 3894 1786 opinor,

2301 1807 2430 1861 mihi
2471 1806 2845 1872 succensebit,
2889 1805 2934 1860 si
2976 1815 3200 1870 attente,
3239 1819 3346 1875 quo
3389 1821 3492 1875 ego
3535 1811 3896 1878 respexerim,

612 1911 776 1955 ottave
805 1905 932 1956 rime
953 1903 1037 1956 dai
1067 1895 1198 1956 uersi
1229 1901 1373 1954 latini
1404 1903 1456 1954 di
1489 1901 1547 1956 S.
1579 1901 1889 1966 Prudenzio,
1929 1903 1980 1955 in
2007 1899 2198 1956 Fet'ra-
2229 1911 2278 1968 Β
2303 1897 2712 1953 animadvertat.
2753 1897 3096 1966 Propositum
3139 1898 3284 1952 enim
3317 1899 3446 1953 mihi
3485 1911 3566 1953 est
3607 1901 3898 1958 ostendere

611 2007 690 2055 ra,
727 1993 885 2048 1585.
943 1994 1210 2063 lnterpres
1237 1994 1445 2048 videtur
1483 2007 1604 2047 esse
1645 1995 1862 2063 quidam
1895 1995 2198 2048 Ludovicus

613 2083 823 2151 Napoli,
874 2087 960 2154 qui
1015 2085 1266 2139 Mnsottio
1313 2086 1566 2154 episcopo
1622 2085 1872 2140 Imolensi
1921 2101 2053 2155 opus
2104 2086 2196 2140 de-

613 2178 778 2242 dicat,
811 2187 864 2230 et
899 2179 1103 2232 litteras
1135 2178 1198 2230 L.
1233 2178 1304 2230 Ν.
1351 2177 1506 2230 initio
1537 2179 1996 2246 interpretationis
2037 2193 2198 2247 appo-

613 2271 742 2321 suit.
773 2267 974 2322 Eodem
1001 2277 1177 2322 autem
1233 2269 1459 2338 judicio,
1511 2285 1618 2340 quo
1648 2272 1703 2325 S.
1737 2269 2051 2324 Cassianum
2081 2273 2197 2341 epi-

614 2375 832 2428 scopum
865 2362 1116 2431 appellat,
1168 2363 1515 2418 Prudentium
1563 2377 1776 2434 qnoque
1822 2375 2066 2418 sanctum
2100 2381 2198 2419 no—

612 2453 798 2508 minat.
851 2453 983 2508 Vide
1031 2469 1178 2508 num.
1231 2455 1300 2510 56
1346 2473 1357 2508 :
1397 2454 1532 2509 Inno
1574 2456 1630 2508 di
1671 2457 1878 2510 Aurelio
1909 2455 2200 2511 Prudenzio

611 2543 885 2612 Clemente,
918 2563 1068 2600 atomo
1094 2547 1376 2614 consolare,
1406 2565 1436 2600 α
1463 2548 1522 2602 S.
1545 2547 1792 2602 Cassiano
1823 2551 2046 2615 martire,
2067 2551 2199 2602 colla

610 2641 872 2706 parafrasi
901 2641 955 2693 in
978 2647 1142 2694 ottare
1162 2643 1288 2694 rime
1310 2657 1336 2694 e
1357 2641 1404 2696 le
1429 2644 1762 2696 annotazioni
1789 2644 1870 2696 del
1891 2645 1990 2710 sig.
2021 2645 2201 2697 abbate

611 2729 868 2803 Giuseppe
906 2731 1133 2788 Antonio
1180 2734 1420 2786 cavalieri
1470 2734 1522 2786 di
1559 2733 1836 2788 Comachio
1882 2738 2202 2790 accademico

617 2823 913 2892 Argonaula
937 2825 992 2876 di
1021 2821 1271 2889 Ferrara,
1299 2841 1326 2878 e
1349 2823 1583 2892 pubblico
1614 2833 1830 2879 ntaestro
1865 2827 1916 2879 di
1944 2843 2196 2896 gramma-

614 2913 714 2964 tica
753 2913 806 2966 in
841 2913 1244 2984 Bagnacavallo.
1303 2915 1544 2985 Venezia,
1577 2918 1734 2983 i772,
1775 2935 1946 2988 presso
1987 2918 2198 2974 Bartolo

613 3001 960 3057 Barurchelli.
996 3005 1345 3072 Cavallerius,
1381 3008 1459 3061 vir
1487 3009 1885 3077 grammaticus,
1921 3019 2196 3067 atavorum

614 3097 1020 3164 explicationem
1061 3100 1203 3153 circa
1251 3107 1407 3154 notas
1437 3099 1503 3154 γ.
1533 3101 1594 3156 (1.
1633 3104 1817 3156 maluit
1847 3106 2018 3173 sequi,
2069 3106 2200 3160 Pru-

615 3187 958 3258 dentiumque
990 3190 1158 3244 virum
1189 3192 1528 3246 consularem
1557 3191 1758 3258 dicere,
1805 3209 1963 3263 quam
1999 3211 2198 3268 expen-

613 3345 848 3424 Iicrastte
891 3363 986 3424 pro
1009 3357 1238 3424 cerastis,
1266 3348 1481 3424 conicio,
1511 3349 1696 3424 deicio,
1731 3353 1944 3424 proicio,
1977 3353 2194 3424 harena,

615 3419 844 3494 frutecta,
869 3421 1078 3494 uirecta,
1106 3419 1344 3494 Adlantis
1373 3435 1467 3494 pro
1497 3421 1738 3494 Atlantis,
1763 3421 1886 3476 haut
1911 3440 2005 3492 pro
2031 3419 2194 3494 haud,

615 3488 838 3560 dispero,
872 3491 1038 3557 [cruos
1070 3507 1164 3558 pro
1193 3491 1378 3560 fervor,
1411 3491 1590 3544 clodus
1623 3507 1716 3554 pro
1742 3488 1980 3547 claudus.
2027 3488 2196 3552 Aldus

613 3559 797 3613 scribit
847 3561 1138 3622 obmutiace,
1186 3559 1443 3624 deminuo,
1492 3560 1780 3617 holuscula.
1839 3564 1960 3618 Vat.
1991 3566 2053 3629 A,
2102 3571 2194 3621 ob-

610 3631 844 3706 rttntisce,
877 3633 1058 3706 police,
1106 3633 1250 3686 milia
1281 3647 1379 3706 pro
1406 3631 1598 3694 millia,
1650 3634 1899 3706 disuesco,
1943 3639 2195 3706 subfodit,

614 3699 806 3776 obicio,
853 3704 1066 3756 asacitur
1105 3719 1203 3776 pro
1241 3703 1487 3776 adscitur,
1515 3705 1750 3776 vagantis
1793 3721 1886 3769 pro
1933 3699 2191 3776 uaghntes,

614 3769 699 3846 alii
729 3771 923 3846 habent
951 3769 1228 3846 uaganteis.
1256 3772 1534 3846 We'tzius,
1565 3769 1746 3842 pulice,
1769 3777 1954 3840 tunica,
1987 3769 2194 3846 uulnus,

615 3839 847 3908 inrepsit,
882 3839 1081 3910 atquin,
1136 3843 1328 3902 saltim,
1359 3839 1591 3904 veridico,
1635 3859 1723 3895 ora
1753 3861 1846 3909 pro
1875 3839 2021 3902 horti,
2056 3839 2196 3903 tenus

609 3923 708 3987 pro
739 3925 942 3987 Ismuus.
980 3913 1246 3966 Puteanus
1275 3915 1464 3972 codex,
1506 3913 1749 3978 dispuite,
1789 3916 2052 3983 solporeus
2099 3935 2194 3987 pro

609 3980 940 4053 sulphureas,
991 3993 1158 4036 vertex
1187 3999 1290 4036 non
1321 3993 1514 4046 vortex,
1549 3980 1922 4053 marsuppium,
1955 3980 2192 4042 Solomo-

609 4051 936 4124 n_i(t._Codex
982 4055 1397 4120 Alexandrinus,
1454 4051 1802 4124 ferrugeneus,
1855 4061 2034 4111 (otii-ns
2073 4077 2191 4114 cum

611 4119 830 4195 biarielt'
861 4126 1065 4188 codice,
1091 4127 1321 4195 neglegat
1345 4119 1463 4178 ctttri
1491 4119 1701 4189 eodem,
1735 4119 1834 4180 luis
1867 4129 1918 4181 in
1949 4131 2196 4186 nornina-

608 4191 737 4266 tivo,
767 4194 978 4262 fatosco,
1013 4191 1171 4248 nirhil
1197 4191 1253 4248 et
1283 4197 1454 4260 michi,
1485 4207 1690 4262 (erupto.
1723 4197 2044 4266 Notandum,
2091 4219 2194 4256 sac-

612 4264 732 4315 culo
761 4279 873 4324 vm,
919 4281 968 4318 l\'
1002 4275 1056 4319 et
1089 4283 1118 4318 x
1165 4269 1428 4334 prmcipne
1475 4266 1702 4334 viguisse
1755 4269 1888 4323 hanc
1918 4264 2190 4327 scribendi

609 4335 870 4408 rationem
904 4347 1108 4407 tempto,
1155 4339 1436 4406 condepno,
1481 4345 1534 4389 ct
1567 4339 1781 4408 similia.
1816 4341 2194 4408 Egmondanus

611 4404 823 4482 codex,”
849 4404 1194 4482 postlimineo,
1222 4404 1546 4482 distractum,
1581 4407 1769 4482 futtile,
1797 4404 2029 4482 elegitur,
2061 4413 2193 4482 ligu-

569 4479 576 4484 '
609 4475 760 4550 mitte.
791 4475 1071 4542 Pragensis
1089 4479 1277 4550 codex,
1303 4479 1559 4550 disparati,
1583 4475 1656 4527 hii
1681 4475 2186 4550 pr0_hi,'dispo.‘iavre,

611 4543 736 4613 assit
760 4557 969 4608 semper
1003 4560 1097 4613 pro
1118 4548 1274 4612 adsit,
1301 4557 1354 4598 et
1376 4549 1500 4597 liqut
1529 4561 1628 4612 pro
1655 4548 1812 4600 haud.
1843 4543 2194 4608 Ratisbmten;

613 4612 704 4690 sis,
737 4612 1014 4690 disparsa‘,’
1033 4617 1249 4679 conicio,
1284 4617 1954 4690 deicio,_proicio,,Itarena,
1985 4625 2190 4690 virecta,

611 4683 850 4748 frutecta,
879 4685 1062 4737 nothus
1087 4701 1180 4752 pro
1207 4697 1374 4748 notus,
1401 4687 1488 4754 qui
1515 4695 1592 4738 est
1625 4685 1855 4754 Africus,
1888 4683 1978 4744 seu
2003 4683 2192 4750 Ventus

611 4755 1010 4824 meridionalis;
1049 4757 1334 4818 holuscula,
1371 4756 1578 4820 clodusl,
1603 4760 1847 4824 cooqola,
1893 4764 2186 4824 conubium,

609 4821 878 4899 lleinsiani
903 4839 1089 4899 omnes
1113 4837 1201 4879 aut
1231 4827 1490 4894 plurique,
1508 4821 1800 4896 Abcssolon,
1823 4821 2186 4899 atquin,setius

612 4907 706 4958 pro
724 4895 908 4960 secius,
928 4897 1168 4949 rrnmimr
1192 4915 1288 4964 pro
1304 4913 1575 4959 crumenw,
1599 4901 1733 4951 t‘ertit
1751 4901 1859 4954 ibus
1883 4895 1974 4964 pro
1991 4895 2164 4959 uertici
2173 4936 2190 4948 -

613 4965 723 5017 bus.
748 4965 1078 5042 Viennensis,
1107 4971 1320 5042 conicio,
1350 4965 1824 5042 frutectu.Widm.,
1848 4977 2041 5042 atquin,
2063 4977 2188 5032 hora

611 5049 708 5100 pro
733 5035 1167 5114 ora-Lft'aglatpru
1185 5035 1401 5114 fragrat,
1423 5038 1690 5114 alitnspro
1705 5035 2072 5108 Itrrlittts,'sevus
2092 5063 2187 5114 pro

607 5119 786 5186 arrvns.
817 5107 1233 5186 Bongarsianus,
1251 5107 1454 5186 atquin,
1469 5110 1898 5186 sultim,_ﬂugrat,
1927 5127 1978 5170 et
1997 5107 2186 5186 [raptat

611 5189 707 5242 pro
739 5179 956 5247 fragrat.
1003 5180 1124 5234 llaec
1167 5179 1374 5246 aliaque
1406 5181 1485 5234 his
1515 5196 1618 5233 non
1653 5179 1952 5250 dissimilia,
1997 5179 2057 5240 'in
2081 5179 2180 5240 've-

607 5249 764 5323 tustis
794 5250 1064 5305 codic-bus
1109 5251 1380 5306 l‘rudemii
1413 5267 1516 5305 non
1564 5256 1737 5309 minus
1781 5273 1936 5323 quam
1981 5257 2034 5310 in
2065 5261 2182 5314 aliis

607 5317 1100 5394 aliorttmuvelerttm
1127 5325 1324 5394 passim
1349 5325 1705 5392 reperiuntur,
1733 5317 1924 5394 partim
1950 5345 2010 5379 ex
2037 5323 2180 5383 ce’rta

608 5397 660 5440 et
688 5391 926 5444 stabilita
958 5393 1222 5446 scribendi
1267 5395 1476 5447 ratione
1507 5401 1598 5445 aut
1635 5391 1816 5450 su-culi
1855 5408 1946 5451 aut
1976 5403 2182 5453 exscri-

609 5465 1034 5536 pturishpartim
1067 5479 1130 5536 ett
1163 5465 1478 5530 negligentia
1509 5471 1600 5536 aut
1627 5481 1828 5521 errore.
1877 5469 2054 5523 V'idcri
2089 5485 2182 5536 po-

613 5537 713 5579 test
743 5531 979 5606 (illanius
1012 5534 1071 5606 in,
1107 5535 1282 5606 iudice
1316 5532 1575 5606 ,Lm-retii‘,
1622 5537 1710 5601 qui
1743 5539 1888 5602 plura
1921 5531 2179 5595 vocabula

609 5610 674 5666 ex
707 5603 970 5656 veteribus
1022 5604 1170 5658 libris
1220 5608 1269 5656 in
1313 5601 1601 5658 Prudentia
1645 5601 1809 5661 valuit
1859 5615 2178 5666 restituere:

610 5665 730 5734 lege
763 5673 921 5746 verba
952 5676 1180 5742 pignora,
1215 5679 1534 5744 pra'stringo,
1565 5675 1783 5736 suboles,
1824 5681 2014 5746 tinguo,
2060 5665 2180 5746 put;

610 5752 712 5818 alter:
741 5741 1235 5818 cortinucesL’ttolnera’,
1269 5759 1421 5814 pagg.
1453 5741 1580 5800 mihi
1612 5747 1735 5812 578,
1759 5741 2023 5814 582,112,
2048 5741 2178 5818 M9,

539 5861 546 5868 _
609 5805 734 5870 458,
767 5805 894 5874 ΜΟ,
922 5811 1048 5865 445.
1081 5815 1138 5866 In
1171 5805 1572 5873 cotiim'evntariis
1599 5818 1700 5872 alia
1724 5805 1843 5870 ’νιος
1869 5805 2177 5874 ὸὴεεένειιίίί

615 5887 728 5927 tzttr
759 5895 768 5926 τ
797 5883 888 5931 so"
917 5897 964 5933 tn
997 5897 1133 5932 nunc
1180 5885 1618 5950 snit-nativertam,
1670 5896 1782 5944 toto
1828 5893 1964 5946 ccelo
1995 5905 2174 5948 errare

2306 1990 2488 2059 quanti
2516 1990 2806 2044 auctoritas
2825 1989 3103 2044 Prudentii
3133 1991 3202 2043 sit
3232 1989 3471 2044 iacienda
3501 2002 3690 2046 contra
3711 2008 3900 2048 recen-

2308 2090 2387 2136 tes
2419 2081 2724 2146 haereticos,
2775 2081 3018 2150 aliosque
3052 2081 3194 2136 male
3221 2082 3542 2149 catholicos,
3585 2085 3786 2152 quibus
3811 2085 3900 2141 ille

2306 2184 2492 2243 aperte
2520 2174 2746 2228 resistit.
2793 2173 2846 2228 ld
2877 2183 3056 2230 autem
3095 2189 3418 2246 consequar,
3449 2174 3498 2228 si
3536 2185 3734 2244 prater
3773 2193 3898 2248 spe-

2307 2279 2500 2326 ctatam
2545 2269 2778 2324 hominis
2831 2270 3084 2339 pietatem
3129 2269 3506 2340 egregiamque
3549 2271 3896 2340 probitatem,

2307 2377 2646 2432 summopere
2673 2363 2739 2418 ab
2769 2363 3024 2418 omnibus
3063 2362 3516 2424 commendatam,
3549 2365 3710 2418 simul
3736 2367 3900 2420 etiam

2307 2459 2630 2524 constiterit,
2659 2471 2780 2512 eum
2817 2458 3086 2526 exquisito
3129 2457 3386 2512 doctrinm
3415 2467 3674 2526 apparatu
3709 2467 3761 2512 et
3789 2461 3902 2513 sin-

2305 2551 2472 2620 gulari
2513 2551 2712 2618 judicio
2751 2549 3100 2606 difﬁcillimas
3149 2551 3430 2620 theologia:
3470 2554 3796 2622 qumstiones
3841 2561 3900 2608 et

2307 2643 2622 2712 gravissima
2665 2657 2890 2712 qumque
2935 2643 3058 2696 ﬁdei
3087 2643 3403 2698 Christiana:
3435 2643 3688 2714 dogmata
3719 2644 3902 2714 expla-

2309 2749 2486 2791 nasse.
2531 2736 2694 2804 Igitur
2727 2737 3120 2790 centuriatores
3159 2736 3650 2806 Magdeburgenses
3687 2747 3898 2792 centur.

2307 2830 2358 2892 4,
2389 2843 2510 2896 cap.
2545 2829 2642 2896 10,
2675 2843 2996 2884 recensente
3027 2829 3306 2886 Ludovico
3332 2832 3519 2896 Lucio,
3547 2830 3900 2888 Prudentium

2306 2922 2524 2976 tradunt
2547 2923 2714 2976 fuisse
2743 2924 3102 2993 ingeniosum,
3135 2939 3376 2992 gravem,
3401 2927 3644 2982 moribus
3683 2941 3902 2996 compo-

2304 3017 2488 3082 situm,
2529 3015 2828 3071 litterarum
2871 3015 2925 3070 in
2960 3016 3320 3072 adolescentia
3353 3018 3678 3086 studiosum,
3713 3035 3780 3074 ex
3811 3020 3898 3074 ill-

2303 3109 2487 3172 suauia
2509 3109 2730 3162 Romam
2755 3108 3050 3178 profectum
3077 3111 3144 3164 ad
3169 3113 3570 3167 venerationem
3600 3125 3896 3184 martyru

2305 3201 2514 3256 (confer
2556 3217 2702 3256 num.
2749 3201 2864 3270 58),
2909 3202 2962 3256 in
3007 3201 3159 3256 libris
3203 3202 3462 3258 adversus
3511 3201 3896 3274 Symmachum

2224 3360 2269 3422 C
2303 3360 2392 3428 qui
2426 3367 2605 3432 putant
2637 3358 3160 3432 seiorthographiam
3189 3359 3416 3426 alicujus
3439 3363 3680 3416 auctoris
3713 3361 3890 3432 sequi,

2303 3432 2346 3484 si
2377 3431 2569 3483 vetusti
2600 3429 2823 3492 codicis,
2848 3431 3058 3486 duobus
3081 3441 3172 3484 aut
3202 3432 3444 3496 pluribus
3473 3441 3596 3502 post
3615 3429 3892 3488 auctorem

2303 3502 2514 3554 smculis
2541 3503 2770 3564 exarati,
2806 3505 2962 3554 verba
2993 3511 3044 3556 et
3077 3504 3256 3570 apices
3286 3515 3476 3556 omnes
3521 3505 3844 3558 aemulentur
3867 3521 3885 3558 :

2305 3573 2432 3625 nihil
2466 3574 2608 3626 enim
2643 3581 2768 3625 tunc
2798 3585 2977 3642 agunt,
3039 3575 3138 3627 nisi
3185 3581 3243 3627 ut
3273 3574 3508 3642 imperiti
3544 3575 3772 3644 alicujus
3805 3591 3894 3628 ex-

2303 3643 2582 3707 scriptoris
2601 3645 2811 3706 menda,
2830 3654 2940 3706 aut,
2957 3644 2998 3696 si
3025 3645 3124 3708 vis,
3141 3645 3578 3713 orthographiam
3601 3661 3666 3698 eo
3691 3646 3894 3698 saeculo

2304 3715 2552 3766 usitatam
2590 3713 2743 3766 nobis
2773 3715 3079 3770 exhibeant.
3127 3716 3316 3769 Inutile
3343 3723 3520 3770 tamen
3549 3731 3656 3769 non
3683 3727 3766 3769 est
3801 3731 3896 3770 va-

2301 3799 2408 3836 ruas
2443 3783 2743 3851 linjnsmodi
2790 3787 3084 3852 scripturas
3125 3786 3412 3852 adnotare;
3465 3801 3582 3839 nam
3627 3801 3776 3852 saepe
3829 3788 3888 3841 in

2249 3911 2266 3922 ι
2303 3855 2433 3906 locis
2465 3855 2705 3907 obscuris
2738 3871 2802 3910 ex
2835 3857 2990 3909 unius
3029 3856 3278 3910 litterulae
3323 3857 3606 3912 mutatione
3641 3870 3766 3908 vera
3797 3857 3886 3909 le-

2299 3927 2406 3979 ctio
2435 3925 2662 3978 eruitur.
2710 3925 2823 3992 Qua
2853 3931 2900 3978 in
2939 3943 2996 3980 re
3036 3941 3134 3995 ego
3173 3943 3346 3996 neque
3400 3939 3498 3982 tam
3537 3927 3608 3980 l'ni
3647 3927 3890 3996 diligi-ns

2299 4011 2455 4062 quam
2487 3997 2660 4049 solent
2691 4011 2811 4050 esse
2843 3997 3104 4050 laboriOsa
3139 3997 3460 4052 Batavorum
3491 3999 3726 4066 ingenia,
3759 4015 3886 4052 nam

2300 4066 2608 4119 nonnullam
2637 4066 2912 4134 judicandi
2952 4077 3007 4122 et
3045 4068 3302 4136 seligendi
3335 4071 3604 4124 licentiam
3635 4071 3768 4123 mihi
3801 4087 3882 4122 ar-

2298 4138 2503 4204 rogavi,
2555 4151 2727 4203 neque
2757 4146 2864 4190 tam
2895 4153 3083 4206 parcus
3116 4155 3273 4208 quam
3321 4141 3472 4193 multi
3515 4141 3743 4194 fortasse
3773 4141 3878 4195 vel-

2298 4209 2428 4274 lent,
2477 4209 2564 4273 qui
2598 4207 2965 4276 hujuscemodi
3010 4207 3186 4264 rerum
3217 4212 3378 4264 taedio
3425 4211 3722 4264 incredibili
3769 4213 3886 4264 alli-

2299 4281 2563 4350 ciuntur,
2592 4279 2850 4347 Equidem
2893 4280 3080 4350 sedulo
3109 4281 3228 4334 dedi
3264 4297 3507 4350 operam,
3557 4297 3622 4335 ne
3661 4283 3788 4350 quid
3821 4299 3886 4337 ex

2297 4350 2378 4401 his
2405 4365 2522 4415 trum
2553 4347 2604 4402 in
2637 4353 2736 4403 hoc
2765 4364 2961 4415 genere
2995 4349 3227 4406 Joannes
3257 4347 3530 4407 Maricttus
3573 4353 3628 4406 in
3667 4347 3762 4406 sua
3792 4353 3886 4406 ad~

2296 4421 2530 4472 versaris
2561 4421 2884 4488 conjecerat,
2918 4429 2970 4473 et
2999 4421 3216 4475 editioni
3245 4421 3457 4476 Aldina:
3488 4423 3553 4476 ad
3583 4423 3882 4491 marginem

2297 4491 2641 4558 ascripserat,
2687 4491 2738 4544 in
2789 4506 2904 4544 mea
2937 4492 3172 4546 editione
3201 4493 3632 4558 desideraretur,
3687 4497 3788 4548 nisi
3837 4497 3880 4548 si

2298 4563 2508 4624 quando
2537 4563 2850 4616 varietatem
2895 4561 3142 4616 lectionis
3186 4575 3374 4630 aperte
3421 4579 3880 4630 supervacaneam

2299 4631 2586 4684 arbitratus
2615 4647 2754 4684 sum.
2809 4632 3104 4686 Editionem
3144 4643 3320 4688 autem
3348 4635 3617 4697 Aldinam,
3646 4635 3880 4690 Mttticlli

2300 4701 2438 4773 notis
2471 4717 2597 4755 mss.
2632 4703 2965 4765 illustratum,
3019 4711 3075 4756 ut
3119 4704 3218 4756 hoc
3245 4709 3408 4758 semel
3441 4705 3636 4766 dicam,
3673 4707 3880 4773 primus

2299 4772 2424 4824 mzhi
2453 4773 2700 4826 indicavit
2739 4774 2806 4826 cl.
2837 4773 3154 4828 Laurentius
3185 4775 3405 4840 llervas,
3437 4776 3588 4842 ‘copia
3615 4772 3878 4831 et'varie-

2297 4851 2404 4895 tate
2433 4843 2752 4910 scriptorum
2783 4845 2911 4896 satis
2939 4846 3046 4907 iam
3095 4853 3271 4909 notus,
3321 4847 3717 4900 mathematicis
3747 4863 3878 4900 vero

2295 4913 2484 4966 studiis
2513 4914 2775 4981 itnpritnis
2803 4916 3065 4980 excultus,
3116 4915 3202 4983 qui
3243 4917 3366 4968 dum
3409 4919 3568 4970 codd.
3603 4933 3732 4970 mss.
3765 4920 3876 4972 col-

2294 4983 2416 5048 legii
2451 4983 2672 5038 Romani
2717 4995 3008 5052 excuteret,
3043 4987 3092 5038 in
3145 4986 3302 5048 hanc,
3349 5003 3507 5054 quam
3558 4989 3692 5054 dixi,
3749 4989 3874 5042 Aldi

2291 5055 2584 5125 editionem
2631 5057 2833 5122 incidit,
2886 5071 2949 5109 ex
2994 5071 3096 5120 qua
3143 5057 3520 5125 cogitationem
3571 5059 3874 5114 illustrandi

2292 5123 2563 5196 Prndentii
2593 5130 2820 5194 suscepi.
2855 5127 3098 5182 Addebat
3127 5123 3266 5180 idem
3298 5127 3516 5192 llervas,
3542 5143 3600 5182 se
3625 5129 3872 5196 ejusdem

2293 5194 2522 5248 Murietli
2573 5197 2813 5264 qttatdam
2858 5199 3229 5252 mathematica
3279 5201 3472 5265 scripta
3523 5194 3668 5254 inter
3709 5202 3868 5254 codd.

2295 5279 2421 5318 mss.
2450 5267 2732 5334 aliquando
2767 5267 2983 5324 t'itlissti,
3015 5270 3192 5336 Nequa.-
3218 5269 3358 5322 aliud
3385 5269 3511 5322 tnihi
3537 5271 3605 5324 de
3625 5271 3874 5324 Maricam

2291 5337 2430 5390 scire
2459 5337 2700 5404 contigit,
2745 5339 2842 5390 nisi
2876 5339 3012 5406 quod
3043 5340 3110 5392 cl.
3145 5339 3294 5392 Vitus
3323 5340 3392 5393 Μ.
3425 5339 3746 5394 Giovenazzi
3797 5343 3876 5395 lo.

2291 5421 2409 5458 cum
2443 5408 2694 5461 indicavit
2729 5407 2780 5460 in
2817 5407 3034 5462 historia
3069 5423 3180 5462 δυο.
3215 5409 3338 5462 .lesu
3366 5425 3394 5462 a
3425 5411 3690 5465 .luvencio
3724 5413 3872 5465 edita

2291 5475 2380 5548 lib.
2415 5493 2541 5540 xvn,
2574 5495 2719 5532 num.
2753 5477 2819 5532 ’56
2849 5487 2902 5531 et
2931 5493 3104 5548 seqq.,
3155 5481 3242 5534 ubi
3285 5492 3532 5534 narratur
3577 5485 3872 5537 Antonium

2291 5547 2591 5622 Mariettnm
2624 5551 2916 5603 ltomanum
2944 5547 3030 5622 ett
3058 5552 3288 5620 quadam
3319 5565 3468 5616 sacra
3499 5553 3870 5622 expeditione,

2289 5617 2353 5692 ad
2405 5633 2560 5692 quam
2607 5636 2704 5674 una
2737 5637 2858 5692 cum
2908 5620 3013 5673 alio
3062 5617 3208 5676 socio
3256 5635 3284 5675 a
3325 5617 3584 5692 pontilice'
3623 5623 3796 5678 Paulo
3831 5617 3872 5679 ν

2285 5689 2456 5743 literal
2483 5691 2778 5758 delegatus,
2823 5691 3046 5745 Romam
3079 5694 3300 5747 rediisse
3326 5689 3468 5746 anno
3501 5693 3660 5748 1616.
3717 5696 3874 5751 Hunc

2283 5775 2402 5814 esse
2447 5773 2686 5816 nostrum
2719 5761 2977 5818 Joannem
3025 5763 3317 5820 Antonium
3348 5764 3650 5820 Mariettum
3693 5767 3874 5824 liben-

2279 5832 2482 5885 tissime
2510 5833 2746 5888 credam.
