4142 6350
360 382 453 437 861

264 565 269 626 ί
361 588 668 644 ostendere.
704 589 777 644 De
802 589 918 655 ejus
948 603 1073 644 vero
1113 588 1355 643 doctrina
1395 585 1508 641 haec
1537 584 1646 639 fere
1677 585 1842 647 aiunt,
1871 582 1939 637 de

362 695 464 737 una
496 680 674 735 divina
705 690 756 735 et
784 689 982 735 :eterna
1006 681 1259 745 essentia,
1283 679 1526 734 distincta
1559 677 1726 731 tribus
1757 689 1941 745 perso-

363 775 466 836 nis,
507 781 656 829 recte
699 775 952 840 sensisse,
995 775 1132 830 sicut
1173 775 1223 827 in
1270 774 1418 827 initio
1465 770 1936 844 Psychnmachiae:

365 863 535 920 Unum
589 881 806 933 namque
859 864 1020 919 Deum
1072 864 1284 919 colimus
1335 867 1395 917 de
1451 864 1650 917 nomine
1697 862 1854 927 trino,
1889 869 1942 914 et

361 957 562 1027 hymno
604 961 741 1012 Ante
789 971 1034 1012 somnum
1066 972 1206 1012 vers.
1247 956 1296 1020 1,
1332 956 1462 1009 Ades
1495 953 1646 1007 Pater
1685 967 1937 1023 supreme.

365 1050 442 1106 De
480 1049 692 1105 Christo
733 1052 858 1106 item
891 1051 1186 1118 llamartig.
1240 1063 1379 1103 vers.
1415 1049 1504 1113 5|,
1539 1045 1733 1098 Forma
1769 1043 1943 1096 Patris

363 1145 467 1198 veri
489 1161 634 1198 verus
661 1154 762 1198 stat
792 1143 980 1198 Filius.
1017 1145 1089 1199 De
1121 1143 1488 1197 incarnatione
1527 1139 1725 1194 Christi
1754 1138 1937 1208 hymn.

363 1237 503 1290 Ante
536 1236 710 1290 cibum
741 1251 882 1290 vers.
916 1234 1040 1301 156,
1076 1233 1206 1288 Ecce
1235 1235 1366 1286 venit
1403 1247 1533 1286 nova
1558 1229 1850 1299 progenies;
1890 1236 1945 1281 et

362 1343 548 1383 rursus
577 1330 627 1383 in
655 1331 839 1400 hymn.
869 1330 1024 1383 Omni
1056 1328 1205 1392 hora,
1231 1327 1395 1381 Corde
1424 1336 1570 1379 natus
1590 1341 1650 1378 e:c
1673 1323 1942 1385 Parentis;

363 1427 418 1474 et
449 1419 634 1489 hymn.
660 1435 748 1474 vttt
778 1422 878 1475 cal.
915 1420 1032 1475 Jan.
1070 1437 1084 1477 :
1113 1420 1348 1488 Strugem
1375 1419 1462 1472 sed
1488 1418 1639 1469 istaut
1669 1432 1772 1468 non
1802 1414 1938 1466 tulit.

433 1511 556 1566 1‘23.
594 1512 668 1566 De
685 1513 957 1566 creatione
989 1514 1040 1565 in
1064 1494 1188 1566 eod.
1214 1511 1397 1580 hymn.
1424 1526 1567 1563 vers.
1597 1508 1691 1573 22,
1722 1506 1940 1571 Cretum,

361 1605 612 1676 diemque,
644 1619 690 1661 et
741 1617 940 1660 uetera.
973 1607 1136 1660 Deum
1179 1621 1280 1658 non
1333 1619 1453 1658 esse
1500 1611 1770 1655 auctorem
1817 1599 1941 1652 mali

362 1697 652 1769 llamartig.
680 1713 817 1753 vers.
854 1698 976 1762 159,
1017 1697 1254 1750 Inventor
1291 1697 1402 1749 vitii
1432 1711 1533 1747 non
1567 1707 1637 1747 est
1674 1694 1828 1746 Deus.
1869 1693 1942 1745 De

361 1803 538 1842 rerum
566 1799 870 1844 creatarum
901 1789 1270 1858 corruptione,
1305 1797 1358 1840 et
1390 1786 1607 1840 interitu
1640 1785 1768 1839 ibid.
1799 1799 1937 1837 vere.

1703 361 2077 429 'PROLEGOM
2088 372 2238 429 ENA.

261 533 267 554 ι
355 495 658 552 doctrinam
717 510 866 551 suam
924 497 1134 565 vimque
1195 490 1390 564 ingenii
1449 506 1553 546 non
1611 489 1934 547 mediocrem
1963 485 2018 548 Δ
2043 504 2204 558 gnare
2231 487 2366 545 Deo.
2400 490 2621 548 Videtur
2670 497 2726 549 et
2762 498 3098 564 postremum
3141 494 3258 566 ejus
3296 495 3475 566 Operis
3503 510 3625 552 car-

3524 381 3626 440 662

2049 597 2170 635 men
2219 582 2512 638 instituisse
2552 592 2775 655 propter
2818 598 2914 640 eos
2965 587 3180 656 proprie
3229 587 3316 656 qui
3369 594 3630 658 negarunt

2046 673 2287 741 corporis
2322 676 2796 742 resurrectionem,
2827 675 2881 730 in
2923 691 3029 746 quo
3053 677 3277 748 pulchre
3303 678 3380 732 ait
3410 697 3423 730 ;
3456 677 3628 731 Nosco

2046 781 2211 820 meum
2242 765 2296 819 in
2329 765 2528 820 Christo
2559 783 2744 838 corpus
2773 784 3098 840 consurgere.
3138 767 3388 823 Confutat
3417 768 3627 838 prolixo

2048 858 2250 926 libello,
2303 857 2729 927 iiamartigenia,
2760 858 3043 914 Marcionis
3071 862 3321 915 haeresin.
3349 861 3628 915 Postremo

2047 967 2169 1007 cum
2227 951 2549 1024 Symmacho
2587 939 2960 1022 congreditur,
3013 955 3262 1011 refellens
3291 972 3481 1014 omnes
3511 956 3629 1024 ejus

2049 1047 2282 1101 rationes
2312 1047 2504 1117 quibus
2540 1047 2866 1117 persuadere
2911 1047 3208 1116 priscorum
3244 1048 3442 1102 rituum
3469 1047 3628 1103 resti-

2048 1139 2304 1195 tutionetn
2336 1151 2560 1194 conatus
2589 1150 2723 1196 erat.

2120 1233 2241 1288 1‘26.
2280 1234 2485 1288 Passim
2534 1235 2692 1289 etiam
2727 1236 3120 1291 centuriatores
3162 1235 3463 1291 doctrinam
3498 1235 3632 1292 Pru-

2047 1325 2216 1380 dentii
2258 1325 2498 1392 laudant,
2535 1342 2654 1381 eum
2694 1337 3040 1383 recensentes
3081 1329 3218 1382 inter
3258 1337 3554 1399 prirstantes
3584 1337 3631 1380 et

2045 1420 2269 1474 illustres
2297 1419 2551 1486 doctores,
2599 1436 2662 1473 ex
2693 1421 2873 1490 quibus
2899 1421 3244 1490 potissimum,
3291 1435 3402 1488 quia
3441 1417 3633 1471 doctri-

2047 1529 2124 1565 nm
2151 1513 2314 1580 forma
2343 1513 2531 1565 swculo
2560 1527 2609 1563 Iv
2643 1513 2834 1563 usitata
2862 1512 3033 1579 fuerit,
3059 1511 3344 1580 colligitur.
3371 1511 3480 1577 Sic,
3508 1525 3627 1578 cap.

2047 1605 2103 1670 1,
2133 1604 2296 1658 Deum
2322 1618 2441 1658 esse
2472 1604 2668 1672 ubique
2693 1602 3012 1656 Prudentius
3045 1602 3279 1670 tradidit,
3318 1603 3537 1672 Apoth.,
3568 1602 3633 1654 At

2051 1697 2184 1751 Deus
2225 1697 2424 1767 ingens,
2471 1706 2622 1766 atque
2669 1697 2991 1765 superfusus.
3031 1696 3086 1749 ιιι
3128 1711 3232 1748 una
3280 1696 3510 1749 essentia
3552 1695 3633 1748 di-

2050 1789 2168 1841 vina
2222 1795 2332 1842 tres
2396 1791 2626 1841 existere
2681 1801 2978 1855 personas,
3036 1786 3328 1854 Apotheos.
3388 1785 3630 1854 praefat.,

309 1913 314 1918 -
363 1880 490 1946 504,
529 1879 666 1931 Nam
703 1896 916 1943 vanum,
951 1880 1200 1948 quidquid
1234 1879 1310 1932 sol
1337 1881 1539 1946 aspicit,
1580 1885 1685 1930 etc.
1731 1876 1804 1929 De
1843 1889 1936 1928 an-
1973 1857 2023 1918 Β
2051 1880 2140 1932 Est
2172 1883 2271 1933 tria
2298 1897 2496 1933 summa
2529 1879 2685 1932 Deus.
2721 1879 2787 1932 Et
2833 1879 2886 1932 in
2919 1879 3032 1948 ipsa
3080 1877 3280 1946 Apoth.
3330 1893 3469 1931 vers.
3504 1878 3633 1946 “238,

361 1972 492 2040 gelis
537 1972 672 2026 bene
703 1971 871 2040 inquit
902 1970 1148 2025 conditos
1179 1985 1271 2024 eos
1300 1984 1419 2024 esse
1451 1984 1644 2037 magno
1694 1983 1937 2032 numero,

361 2071 416 2116 et
439 2079 467 2116 a
502 2065 608 2117 Deo
635 2064 687 2117 in
713 2079 839 2117 suos
871 2080 997 2116 usus
1028 2063 1229 2116 servari
1262 2063 1349 2114 lib.
1386 2077 1420 2114 ιι
1453 2061 1575 2116 adv.
1617 2061 1763 2130 Sym.
1794 2074 1936 2113 vers.

358 2153 482 2207 253.
517 2154 683 2208 Vocat
723 2157 890 2208 aerios
932 2155 1192 2207 ministros
1221 2153 1510 2221 Hamartig.
1545 2168 1686 2206 vers.
1722 2151 1847 2214 166,
1888 2159 1938 2203 et

358 2261 421 2301 ex
455 2261 640 2300 eorum
675 2260 901 2300 numero
932 2254 986 2300 et
1016 2246 1202 2299 ordine
1245 2243 1513 2298 diabolum
1554 2243 1765 2312 propria
1795 2243 1938 2296 exci-

361 2339 507 2392 disse
527 2337 813 2407 petulantia
857 2337 1063 2406 prolixe
1091 2336 1267 2392 docet.
1303 2336 1376 2390 De
1407 2335 1623 2390 homine
1661 2335 1934 2404 perfectis-

357 2431 492 2483 sime
530 2429 768 2493 condito,
815 2437 870 2484 et
913 2430 980 2483 (le
1027 2429 1178 2497 lapsu
1209 2429 1324 2496 ejus
1362 2443 1425 2482 ac
1467 2428 1805 2481 restitutione
1846 2441 1939 2494 per

355 2520 627 2573 Christum
661 2530 806 2573 recte
849 2519 1020 2573 sensit
1064 2529 1172 2572 tum
1213 2517 1358 2582 alibi,
1404 2526 1511 2572 tum
1548 2517 1640 2570 lib.
1677 2533 1711 2572 ιι
1752 2527 1937 2570 contra

365 2615 518 2684 102
548 2613 698 2684 Sym.
747 2627 887 2666 vers.
935 2610 1057 2665 260.
1091 2619 1145 2665 et
1179 2627 1329 2682 seqq.
1382 2623 1434 2666 et
1466 2612 1756 2678 llamartig.
1793 2624 1934 2662 vers.

360 2705 485 2771 065,
517 2704 642 2757 Labi
688 2705 926 2767 hominis,
959 2719 1159 2757 servare
1191 2702 1286 2756 Dei
1315 2714 1410 2756 est.
1454 2703 1638 2756 Eidem
1674 2702 1934 2770 integram

363 2796 549 2862 fuisse,
592 2804 646 2850 et
679 2806 880 2850 rectam
915 2803 1235 2862 potestatem
1260 2794 1550 2848 voluntatis
1582 2804 1705 2846 ante
1733 2793 1935 2860 lapsum

357 2888 720 2957 prolixissime”
746 2895 927 2942 narrat
948 2887 1185 2940 Hamart.
1211 2902 1351 2940 vers.
1381 2887 1504 2948 675,
1535 2885 1739 2950 Nescis,
1763 2884 1935 2948 stulte,

358 2991 459 3033 tute
486 2980 584 3033 vim
606 2979 848 3032 libertatis
877 2978 940 3030 ab
969 2981 1078 3049 ipso
1104 2976 1407 3032 Formatere
1422 2980 1614 3030 datam.
1639 2977 1788 3044 Quod
1811 2990 1936 3030 vero

358 3074 463 3130 hoc
513 3075 634 3128 loco
682 3073 977 3128 obtrudunt
1025 3072 1523 3142 Magdelairgenses,
1560 3071 1754 3125 docere
1798 3070 1932 3123 Pru-

357 3167 618 3231 dentium,
650 3174 873 3234 peccato
900 3165 1145 3236 originali
1175 3165 1502 3220 destructum
1539 3165 1590 3218 ln
1626 3166 1933 3218 universam

2052 1973 2206 2045 103
2251 1972 2375 2025 11(ιέ
2397 1982 2468 2027 est
2501 1983 2674 2026 nostra
2705 1973 2867 2026 salus.
2900 1970 3112 2026 Patrem
3141 1986 3260 2026 esse
3285 1980 3543 2024 aeternum
3580 1979 3635 2026 et

2048 2069 2392 2131 immensum,
2411 2066 2612 2134 Apoth.
2636 2080 2779 2119 vers.
2807 2065 2933 2133 111,
2963 2062 3120 2117 Pater
3147 2074 3240 2132 est,
3269 2081 3413 2133 quem
3436 2080 3635 2117 cernere

2045 2159 2175 2210 nu’li
2201 2168 2270 2209 est
2296 2158 2509 2211 licitum.
2565 2156 2748 2224 Qualis
2793 2157 2861 2210 sit
2908 2156 3092 2221 Filius,
3149 2155 3286 2225 quod
3333 2157 3520 2209 attinet
3568 2155 3633 2209 ad

2044 2250 2159 2319 ejus
2176 2250 2549 2316 substantiam,
2581 2248 2952 2320 proprietates,
2995 2248 3190 2312 officia,
3224 2247 3500 2318 diligenter
3541 2263 3633 2301 ex-

2045 2343 2208 2412 plicat
2231 2343 2520 2412 llamartig.
2549 2358 2690 2396 vers.
2721 2341 2844 2406 516,
2881 2339 3126 2394 Conditor
3146 2357 3262 2412 ergo
3313 2340 3430 2393 boni
3480 2338 3633 2392 Pater

2043 2447 2136 2502 est,
2164 2448 2208 2489 et
2237 2453 2351 2488 cum
2383 2435 2540 2488 Patre
2568 2434 2820 2490 Christus.
2856 2434 3245 2488 Doctrinamde
3272 2433 3477 2487 duabus
3505 2433 3634 2487 Jesu

2045 2528 2238 2580 Christi
2271 2530 2495 2594 naturis,
2528 2527 2916 2597 Psychomach.
2946 2543 3088 2582 vers.
3115 2527 3202 2593 71,
3236 2528 3396 2597 Atque
3419 2526 3636 2595 innupta

2048 2617 2211 2673 Deum
2239 2624 2469 2690 concepit
2497 2621 2685 2689 femina
2715 2618 2975 2671 Christum
3003 2619 3208 2671 mortali
3259 2618 3321 2670 de
3351 2627 3510 2671 matre
3539 2618 3632 2672 ho-

2045 2713 2252 2766 mittant.
2284 2713 2425 2766 Bima
2460 2713 2633 2766 omnia
2662 2727 2687 2763 a
2720 2711 2829 2765 Deo
2880 2711 3091 2765 condita
3146 2727 3282 2779 esse,
3339 2711 3627 2781 llamartig.

2044 2822 2185 2861 vers.
2213 2806 2340 2868 558,
2366 2803 2633 2874 Principio
2659 2822 2848 2858 rerum.
2875 2805 2951 2858 De
2977 2820 3133 2858 causa
3164 2806 3360 2872 lapsus,
3412 2805 3630 2859 liamar—

2045 2898 2136 2967 tig.
2170 2911 2308 2951 vers.
2348 2895 2468 2962 184,
2505 2896 2788 2968 Scdfactus
2818 2897 2880 2950 de
2900 2898 3056 2964 stirpe
3077 2897 3254 2951 bonus.
3291 2897 3366 2953 De
3401 2896 3630 2952 hominis

2044 2991 2190 3058 lapsu
2223 3000 2276 3044 et
2299 2998 2438 3043 statu
2467 2989 2585 3054 ejus
2628 2997 2744 3057 post
2793 2989 3021 3058 lapsum,
3057 2990 3150 3046 lib.
3190 3007 3224 3043 ιι
3263 2990 3384 3044 adv.
3436 2990 3581 3061 Synt.
3613 3031 3630 3056 ,

2042 3099 2183 3138 vers.
2215 3082 2342 3147 c2.60,
2369 3079 2706 3136 Condideram
2734 3083 3011 3153 perfectum
3030 3082 3304 3138 hominem.
3331 3083 3395 3138 Et
3419 3083 3631 3138 llainar-

2047 3177 2137 3246 tig.
2157 3190 2299 3230 vers.
2319 3174 2443 3241 697,
2485 3174 2649 3238 Vade,
2666 3175 2736 3228 ait
2753 3176 2858 3244 ipse
2884 3192 3086 3242 parens.
3124 3175 3196 3229 De
3220 3175 3387 3230 libero
3407 3174 3632 3230 arbitrio

356 3266 678 3328 potestatem
710 3235 1022 3325 voluntatis,
1055 3266 1112 3312 et
1152 3259 1204 3312 in
1238 3258 1470 3327 pessima
1507 3273 1733 3326 qumque
1764 3269 1936 3309 muta-

2047 3277 2168 3320 ante
2192 3267 2422 3334 lapsum,
2456 3265 2752 3334 llamartig.
2780 3281 2919 3321 vers.
2946 3267 3070 3332 675,
3106 3265 3305 3331 Nescis,
3327 3269 3501 3334 stulte,
3535 3278 3632 3321 tua!

359 3360 489 3419 tam,
522 3349 679 3419 quale
709 3349 812 3404 hoc
844 3350 910 3403 sit
941 3365 1061 3404 mox
1081 3349 1398 3404 videbimus.
1423 3349 1659 3420 Pergunt
1688 3350 1832 3403 enim
1856 3349 1936 3402 di-

355 3458 480 3499 cere
512 3453 660 3500 recte
689 3460 811 3499 eum
847 3445 1080 3501 sensisse
1112 3445 1178 3501 de
1208 3453 1430 3517 peccato
1456 3445 1678 3514 originis
1704 3445 1754 3498 in
1780 3448 1832 3508 fA
1846 3461 1937 3514 po-

358 3540 530 3596 theosi
560 3554 701 3595 vers.
749 3538 872 3605 908,
906 3538 1034 3592 ch
1076 3541 1239 3606 prima
1280 3548 1350 3591 est
1391 3547 1575 3591 natura
1611 3539 1814 3592 animle.
1867 3538 1938 3592 De

353 3633 667 3688 discrimine
699 3632 830 3701 legis
860 3639 914 3686 et
943 3628 1215 3700 Evangelii
1265 3628 1418 3696 ibid.,
1469 3629 1573 3685 Sed
1607 3629 1744 3683 cadit
1778 3629 1829 3682 in
1860 3630 1938 3699 fa-

355 3725 482 3779 ciem
518 3722 680 3792 plebs,
712 3739 813 3778 non
853 3723 1022 3776 visura
1065 3721 1356 3791 profundat,
1388 3737 1527 3776 vers.
1561 3721 1664 3776 550
1691 3731 1742 3775 et
1773 3736 1926 3790 seqq.

430 3815 553 3869 121.
588 3817 802 3870 Addunt
839 3815 1183 3869 Prudentium
1229 3813 1463 3868 haereses
1493 3813 1780 3868 nonnullas
1808 3829 1940 3868 eon-

355 3909 575 3972 futasse,
628 3907 744 3961 illas
786 3907 1017 3961 maxime
1043 3921 1161 3975 quas
1203 3906 1254 3958 in
1296 3920 1579 3974 personam
1612 3916 1662 3960 et
1700 3906 1936 3959 officium

353 4002 553 4057 Christi
602 4001 820 4056 fuerunt
869 3999 1216 4065 blasphemas,
1266 3998 1322 4053 in
1375 3998 1573 4067 Apoth.
1617 3999 1790 4067 priet,
1849 3999 1938 4055 tibi

355 4100 542 4147 contra
569 4091 846 4162 gentilium
875 4091 1067 4145 stultas
1111 4091 1487 4145 contentiones
1527 4100 1581 4144 et
1610 4093 1937 4160 quaestiones

355 4185 427 4240 de
448 4184 557 4239 Deo
585 4192 640 4239 et
659 4184 920 4254 religione
941 4193 1086 4238 recte
1108 4183 1182 4237 ait
1204 4199 1218 4232 :
1245 4182 1450 4236 Idcirco
1472 4183 1650 4236 mundi
1670 4185 1824 4238 stulta
1847 4186 1935 4238 de-

359 4280 479 4352 legit
508 4277 663 4333 Deus.
697 4278 925 4334 Dimicat
958 4278 1012 4333 in
1044 4280 1289 4348 sequenti
1315 4279 1552 4333 carmine
1593 4280 1788 4332 acriter
1811 4291 1939 4332 con-

358 4379 442 4423 tra
471 4369 892 4439 Patripassianos
924 4386 938 4423 :
965 4379 1148 4430 contra
1181 4385 1314 4440 quos
1343 4371 1535 4424 asserit
1579 4368 1800 4433 Filium,
1832 4385 1938 4424 non

359 4459 882 4522 Patrem,hominem
914 4461 1134 4526 factum,
1169 4475 1382 4528 passum
1424 4470 1478 4515 et
1513 4470 1821 4514 mortuum:
1858 4460 1940 4516 Fi-

360 4551 491 4604 lium
515 4551 664 4617 item,
689 4567 796 4606 non
820 4552 1053 4618 Patrem,
1098 4568 1126 4606 a
1157 4553 1474 4622 patriarchis
1505 4567 1624 4607 esse
1653 4554 1844 4608 visum.
1874 4555 1937 4606 Et

357 4643 564 4698 diserte
590 4643 761 4714 inquit
784 4658 928 4698 vers.
965 4645 1089 4711 111,
1127 4644 1282 4698 Pater
1311 4654 1383 4698 est
1408 4661 1555 4715 quem
1583 4661 1787 4699 cernere
1813 4644 1941 4698 nulli

358 4747 438 4789 est
462 4735 679 4790 licitum.
717 4735 919 4790 Deinde
944 4745 1129 4789 contra
1161 4735 1495 4790 Sabellianos
1528 4736 1842 4805 gravissime
1863 4736 1946 4790 di-

358 4836 542 4896 sputat
569 4836 622 4883 et
649 4828 940 4891 concludit,
971 4827 1099 4880 Hart:
1121 4838 1194 4881 est
1232 4839 1405 4882 nostra
1426 4827 1592 4892 salus,
1618 4836 1722 4882 etc.
1754 4827 1944 4882 Postea

359 4921 416 4974 in
446 4918 658 4972 Judzens
691 4919 958 4972 invehitur
997 4921 1280 4986 acerrime,
1315 4918 1394 4973 En
1431 4921 1521 4973 tibi
1553 4919 1834 4984 Christum,
1866 4923 1946 4972 in-

360 5009 494 5078 felix
516 5010 724 5074 Judtea,
760 5008 947 5066 Deum.

438 5101 560 5155 1‘25.
618 5100 819 5156 Contra
880 5103 1142 5169 Ebionis,
1187 5103 1515 5170 Artemonis,
1575 5103 1938 5173 Samosateni,

361 5190 577 5246 Photini
605 5200 660 5246 et
703 5193 938 5249 Marcelli
979 5200 1296 5261 sectatores,
1335 5209 1470 5265 quos
1504 5194 1942 5250 llomuncionitas

357 5283 514 5347 dicit,
561 5294 760 5353 pugnat
805 5287 1010 5354 prolixo
1057 5287 1314 5351 carmine,
1367 5303 1427 5342 ac
1475 5289 1804 5342 memorabili
1848 5289 1945 5341 do-

359 5378 539 5432 ctrina
577 5392 697 5433 eam
728 5378 1146 5448 disputationem
1185 5380 1478 5445 concludit,
1515 5380 1782 5449 inquiens,
1825 5379 1943 5448 Ipse

355 5470 513 5543 gerit,
538 5471 675 5539 quod
703 5471 888 5524 struxit
930 5487 1078 5542 opus,
1121 5481 1224 5525 etc.
1256 5471 1460 5525 Rursus
1491 5481 1672 5525 contra
1715 5470 1941 5526 hieresin

356 5562 652 5628 (Jerdonis,
676 5559 878 5630 Apellis
899 5564 1237 5631 aliorumque
1269 5563 1720 5632 phantasticorum
1751 5566 1856 5634 agit
1888 5565 1939 5618 in

355 5655 609 5723 ejusdem
629 5656 807 5724 Ope'ris
825 5657 1084 5722 carmine,
1113 5657 1197 5711 ubi
1222 5665 1276 5710 et
1301 5656 1600 5721 Manicbtei,
1627 5659 1713 5725 qui
1737 5658 1938 5712 aerium

355 5747 582 5804 Christo
633 5763 826 5818 corpus
871 5751 1136 5816 attribuit,
1189 5751 1504 5805 nominatim
1559 5752 1820 5816 meminit,
1867 5754 1940 5805 Ac

358 5846 591 5908 inimum
622 5855 815 5914 sputa,
859 5862 924 5900 an
953 5846 1126 5902 deceat
1167 5847 1446 5916 quidquam
1487 5846 1781 5902 simulatum
1813 5849 1952 5925 αλιιίοὲ

1965 4600 2020 4663 Ι)

2042 3359 2142 3409 vim
2170 3357 2415 3410 libertatis
2439 3355 2502 3408 ab
2526 3357 2658 3425 ipso.
2696 3357 2747 3408 In
2796 3356 2988 3424 quibus
3034 3356 3192 3409 rebus
3239 3357 3483 3410 voluntas
3534 3357 3634 3409 hu-

2044 3467 2200 3506 mana
2231 3449 2393 3505 libera
2425 3451 2494 3504 sit
2517 3450 2597 3503 vel
2623 3449 2842 3514 serviat,
2870 3449 3161 3519 llamaitig.
3199 3463 3339 3503 vers.
3391 3448 3517 3515 269,
3548 3449 3633 3503 En

2045 3543 2136 3596 tibi
2166 3543 2417 3611 signatum
2469 3543 2715 3596 libertatis
2763 3543 3138 3594 documentum.
3197 3541 3271 3595 De
3324 3539 3634 3597 discrimine

2044 3633 2250 3688 Veteris
2279 3643 2332 3687 et
2369 3632 2502 3687 Novi
2553 3633 2902 3697 Testamenti,
2950 3632 3144 3702 Apoth.
3179 3647 3319 3687 vers.
3348 3631 3470 3697 550,
3526 3633 3634 3688 Sed

2044 3726 2176 3778 cadit
2199 3726 2249 3778 in
2277 3726 2458 3793 faciem
2513 3725 2686 3796 plebs,
2741 3742 2842 3779 non
2887 3727 3056 3778 visura
3103 3725 3371 3796 profunda;
3427 3724 3552 3795 legis
3578 3726 3633 3779 in

2043 3821 2213 3889 effigie
2241 3820 2484 3888 scriptum
2514 3835 2603 3886 per
2624 3820 2876 3889 enigmata
2905 3817 3180 3874 Christum.

2119 3909 2238 3966 127.
2275 3911 2540 3966 Praeterea
2573 3911 2637 3965 de
2655 3912 2909 3980 operibus
2933 3909 3359 3965 Christianorum
3399 3909 3631 3981 propriis

2042 4015 2096 4060 et
2121 4006 2300 4059 animo
2335 4012 2581 4074 prompto
2634 4014 2795 4072 atque
2849 4005 3005 4058 alacri
3049 4004 3383 4072 praestandis,
3443 4005 3630 4074 hymn.

2042 4098 2220 4167 .lejun.
2251 4097 2512 4150 t'ers.2|1
2553 4095 2646 4148 Est
2688 4097 2871 4166 quippe
2921 4105 2967 4148 et
3011 4095 3141 4148 illud
3193 4097 3384 4166 grande
3434 4095 3630 4148 virtutis

2042 4204 2218 4258 genus.
2258 4187 2460 4240 Deloco
2490 4189 2806 4250 animarum,
2851 4186 3035 4256 hymn.
3073 4186 3456 4255 Exsequiarum
3486 4201 3630 4241 vers.

2045 4282 2148 4335 149
2168 4322 2181 4346 ,
2218 4280 2324 4333 Sed
2336 4277 2604 4332 resolubile
2630 4294 2832 4348 corpus.
2867 4278 2940 4332 De
2963 4268 3360 4332 reSnrreetione
3395 4286 3633 4332 mortuo-

2043 4385 2184 4438 rum,
2219 4369 2374 4437 ihid.,
2405 4384 2546 4423 vers.
2579 4371 2671 4435 55,
2708 4368 2846 4422 Ναηι
2890 4367 3027 4439 quod
3071 4369 3378 4438 requiescere
3427 4385 3630 4437 corpus.

2047 4465 2107 4516 lit
2135 4461 2329 4531 Apoth.
2354 4476 2494 4517 vers.
2523 4460 2680 4525 1062,
2734 4459 2906 4514 Nosco
2951 4475 3118 4512 meum
3184 4461 3236 4512 in
3277 4459 3500 4526 Christo,
3557 4460 3634 4516 De

2045 4558 2150 4610 vita
2174 4565 2394 4622 teterna,
2430 4554 2614 4626 hymn.
2633 4554 3028 4608 Defunct.vers.
3056 4553 3144 4619 97,
3165 4552 3316 4616 Ha’c,
3347 4569 3457 4623 quae
3482 4553 3632 4607 modo

2053 4649 2249 4718 pallida
2268 4649 2399 4702 tabe.
2427 4647 2503 4702 De
2531 4647 2732 4713 inferis,
2761 4645 2855 4699 lib.
2887 4651 3082 4698 ncont.
3109 4643 3256 4714 Sym.
3320 4658 3459 4698 vers.
3503 4643 3631 4706 185,

2054 4741 2295 4803 Interior,
2328 4740 2413 4809 qui
2431 4740 2589 4809 spirat
2616 4738 2784 4804 homo,
2819 4738 2923 4790 luet
2946 4737 3032 4788 ille
3059 4751 3292 4806 perenne.
3318 4737 3513 4790 Contra
3542 4749 3634 4789 va-

2055 4847 2174 4884 nam
2209 4831 2639 4900 philosophiam,
2685 4826 3025 4895 astrologiam
3075 4834 3130 4879 et
3168 4827 3416 4896 magiam,
3470 4826 3561 4880 lib.
3597 4839 3635 4884 ιι

2053 4924 2172 4977 adv.
2203 4924 2376 4993 Sym.,
2409 4936 2549 4975 vers.
2580 4919 2702 4983 ΗΟ,
2735 4919 2960 4988 Quisque
2989 4928 3131 4990 putat
3163 4921 3267 4989 fato
3295 4938 3400 4974 esse
3439 4921 3629 4976 locum.

2128 5014 2248 5066 128.
2283 5011 2568 5066 Videamus
2602 5024 2740 5064 nunc
2769 5008 2894 5078 quid
2923 5024 2950 5063 a
2984 5008 3274 5064 Prudentia
3302 5011 3473 5064 minus
3499 5024 3633 5063 con-

2047 5113 2298 5176 gruenter
2319 5103 2516 5158 dietutn
2546 5102 3026 5172 Magdeburgen‘ses
3041 5101 3237 5169 aliique
3261 5100 3496 5155 bzeretici
3526 5100 3633 5152 cri-

2050 5201 2336 5254 minentur.
2366 5195 2496 5265 Cap.
2529 5195 2562 5248 4
2585 5197 2969 5250 invocationem
2994 5201 3297 5248 sanctorum
3322 5193 3371 5246 in
3398 5190 3633 5244 Pruden-

2052 5292 2124 5346 tio
2156 5289 2556 5359 reprehendunt
2584 5287 2769 5358 bymn.
2796 5287 2853 5342 S.
2886 5285 3158 5340 Laurentii
3187 5324 3201 5348 ,
3253 5285 3309 5339 S.
3370 5281 3632 5340 \‘incentii

2051 5392 2104 5439 et
2133 5381 2392 5438 Cassiani.
2424 5381 2478 5435 in
2503 5397 2605 5449 qua
2633 5391 2806 5434 tamen
2830 5378 3073 5434 doctrina
3120 5375 3294 5429 socios
3339 5372 3630 5427 Prudentia

2051 5475 2544 5530 dantAthanasium
2579 5514 2593 5539 ,
2638 5459 2959 5539 Basilium,~
2988 5467 3301 5536 Gregorium
3340 5465 3633 5521 Nazianze-

2054 5582 2199 5632 nurr.,
2226 5566 2584 5634 Ambrosium,
2626 5563 2961 5633 impudenter
2983 5559 3313 5612 affirmantes
3352 5557 3633 5629 malignum

2049 5662 2283 5731 spirilunt
2315 5661 2567 5716 lahtorum
2597 5659 2821 5712 virorum
2847 5654 3050 5723 scriptis
3073 5651 3295 5722 plurima
3338 5653 3630 5716 inseruisse,

2050 5757 2224 5825 qualia
2253 5765 2366 5809 sunt
2394 5754 2486 5808 illa
2507 5755 2568 5806 de
2597 5757 2885 5804 sanctorum
2912 5745 3264 5814 defunctorum
3307 5744 3630 5799 invocationi-

2053 5848 2163 5902 bus.
2190 5847 2406 5904 Addunt
2450 5843 2822 5908 Ambrosium,
2869 5838 2981 5895 sive
3025 5837 3160 5895 alius
3210 5838 3487 5893 sitsuctor
3512 5851 3630 5892 ora-
