4142 6350
555 323 660 377 ὓὺδ

1956 322 2405 384 PRUDENTIUS.

3737 350 3843 407 664

554 433 714 489 tionis
738 431 976 488 funebris
1005 430 1071 485 de
1096 431 1243 495 obitu
1270 429 1581 497 Theodosii,
1613 430 1779 485 multa
1810 445 2143 490 commemo-
2170 443 2228 503 Α
2252 458 2592 515 oppugnasse
2626 455 2681 501 et
2702 447 3004 517 damnasse,
3038 450 3417 522 Symmachum
3462 461 3675 532 egregie
3706 476 3842 519 con-

550 542 680 583 rare
698 525 1065 596 superstitiosa
1093 524 1161 578 de
1190 537 1347 578 cruce
1377 522 1591 577 inventa
1647 523 1716 577 ab
1769 524 1991 592 Helena,
2029 545 2147 598 qua:

553 621 941 677 contumeliosa
968 624 1092 673 sunt
1115 618 1167 672 in
1204 618 1453 674 meritum
1476 618 1699 687 Christi,
1726 621 1801 674 uti
1831 622 1973 691 quod
1987 622 2149 679 habet

552 716 877 772 Prudentius
926 714 1111 783 hymn.
1155 713 1294 768 Ante
1336 728 1603 780 somnum,
1652 729 1793 770 vers.
1826 714 1949 784 155,
2007 716 2148 772 Crua:

548 809 694 879 pellit
722 822 870 860 omne
896 806 1108 872 crimen,
1147 815 1251 861 etc.
1312 804 1488 859 Videri
1537 805 1697 860 etiam
1748 807 2147 877 crucis.signa-

550 898 681 952 tioni
714 897 936 951 nimium
964 897 1216 952 tribuisse
1240 896 1588 967 Ephremum,
1619 908 1675 954 et
1698 899 1882 954 multis
1912 914 2017 955 non
2043 916 2143 957 ne-

478 988 489 993 ”
547 990 800 1049 cessariis
821 998 875 1046 et
899 991 1175 1045 inutilibus
1201 1001 1480 1046 oneratam
1529 991 1695 1047 fuisse
1750 992 2068 1060 Ecclesiam,
2097 998 2143 1051 si

488 1074 493 1079 ’
548 1098 617 1140 eo
646 1093 886 1153 tempore
907 1083 959 1137 in
1014 1097 1079 1138 ea
1123 1082 1303 1137 usitati
1335 1092 1487 1137 erant
1527 1097 1761 1139 canones
1812 1086 2142 1153 paenitentiae

546 1176 696 1233 Petri
742 1177 1107 1233 Alexandrini.
1149 1176 1226 1231 De
1267 1177 1573 1246 purgatorio
1625 1185 1813 1231 notant
1837 1180 2143 1235 consentire

547 1273 848 1329 doctrinam
887 1272 1043 1345 104
1072 1272 1345 1326 Prudentii
1379 1272 1673 1341 Hamartig.
1698 1314 1712 1337 ,
1744 1272 1800 1327 in
1830 1272 1956 1341 ﬁne,
2016 1274 2141 1329 Esto

546 1385 843 1432 cavernoso,
865 1382 983 1422 cum
1011 1366 1306 1436 Lactantio,
1334 1365 1423 1421 lib.
1458 1382 1553 1431 vu,
1587 1380 1705 1434 cap.
1728 1366 1818 1434 21,
1869 1377 1923 1421 et
1952 1368 2141 1425 Hiero-

546 1477 732 1533 nymo,
760 1461 850 1515 lib.
893 1476 943 1514 IV
982 1469 1273 1515 comment.
1316 1458 1369 1511 in
1430 1458 1640 1527 Isaiam,
1685 1473 1802 1530 cap.
1828 1458 1882 1524 ι,
1931 1469 1984 1514 et
2043 1460 2134 1516 lib.

546 1568 675 1608 xvm
697 1568 835 1607 com.
855 1553 905 1605 in
936 1551 1146 1605 Isaiam.

532 1658 533 1661 ‘
622 1645 745 1700 129.
772 1644 886 1698 Jam
910 1646 1049 1699 circa
1084 1644 1218 1699 ritus
1264 1644 1656 1699 ecclesiasticos
1680 1645 2131 1710 animadvertunt.

545 1747 795 1791 crescente
816 1737 1369 1807 superstitioneswculo
1398 1752 1471 1805 ιν,
1491 1739 1841 1793 caeremonias
1859 1739 2127 1806 funebres,

2254 541 2473 597 futasse.
2500 541 2565 596 In
2594 542 2691 597 hoe
2716 554 2887 598 autem
2903 556 3068 615 poeta,
3092 548 3258 615 addit,
3282 550 3375 604 hoc
3417 552 3672 624 imprimis
3700 574 3842 614 com-

2252 637 2616 701 mendandum,
2639 646 2683 692 et
2702 637 3001 693 Christianis
3032 642 3191 709 poetis
3217 645 3377 699 nostri
3426 648 3602 702 saeculi
3642 650 3845 709 imitan-

2252 728 2373 782 dum
2388 740 2479 795 est,
2508 730 2643 799 quod
2670 748 2769 785 non
2793 734 3012 801 invocat,
3045 743 3136 788 aut
3183 738 3288 792 suis
3326 742 3639 810 poematibus
3668 748 3839 802 admi-

2250 831 2355 875 scet
2376 823 2503 876 deos
2531 822 2778 889 ethnicos,
2805 843 2963 896 neque
2993 827 3301 901 theologiam
3332 834 3549 901 impuris
3569 842 3843 910 gentilibus

2247 913 2439 981 fabulis
2466 925 2770 983 conspurcat
2801 933 2820 971 .'
2847 923 2934 971 sed
2956 930 3134 975 sancta
3153 923 3331 991 phrasi
3353 944 3433 982 res
3483 930 3681 986 divinas
3706 936 3839 991 serio

2249 1014 2295 1059 et
2332 1016 2502 1060 tamen
2547 1009 2671 1062 satis
2715 1011 2972 1080 eleganter
3019 1022 3223 1069 tractat.
3281 1019 3356 1073 lla
3392 1019 3628 1078 haeretici
3664 1040 3841 1084 causa:

2246 1098 2524 1169 religionis
2546 1099 2826 1156 catholicae
2856 1118 3102 1173 magnum
3133 1108 3340 1176 pondus
3384 1112 3663 1182 adjiciunt,
3712 1118 3838 1173 dum

2248 1189 2595 1247 Prudentium
2616 1195 2983 1265 maximopere
3010 1198 3251 1269 laudant,
3292 1213 3388 1259 eta
3428 1208 3540 1263 suis
3568 1211 3841 1278 opinioni-

2246 1282 2347 1338 bus
2375 1285 2603 1339 alienum
2635 1287 2800 1343 fuisse
2822 1290 2963 1343 ultro
2997 1292 3249 1350 fatentur.
3296 1298 3387 1355 llis
3430 1298 3692 1358 Joannem
3724 1306 3841 1362 Cle-

2245 1375 2683 1443 ricum,fortasse
2715 1395 2819 1434 non
2874 1382 3028 1437 valde
3076 1398 3481 1458 repugnantem,
3526 1394 3839 1466 adjungam,

2243 1470 2330 1538 qui
2361 1478 2488 1525 tom.
2524 1473 2614 1527 ΧΙΙ
2638 1475 2893 1532 Biblioth.
2922 1481 3163 1538 univers.
3196 1484 3621 1557 Pythagoreismi
3656 1495 3843 1563 suspis

2241 1566 2450 1621 cionem
2489 1567 2781 1625 Prudentio
2813 1573 3040 1629 intentat
3065 1591 3129 1632 ex
3178 1580 3361 1650 hynm.
3388 1580 3442 1649 5,
3483 1585 3635 1657 105
3680 1586 3840 1651 Cath,

2240 1674 2381 1714 vers.
2413 1660 2510 1726 58,
2542 1660 2685 1715 Absit
2751 1665 2884 1717 enim
2916 1667 3095 1736 procul
3122 1669 3214 1723 illa
3270 1672 3451 1741 fames,
3526 1678 3749 1732 caedibus
3784 1698 3841 1743 su

2239 1752 2491 1820 pecudum
2512 1754 2664 1807 libeat
2687 1761 2993 1829 sanguineas
3022 1761 3247 1817 lacerare
3273 1765 3449 1837 dapes.
3484 1768 3649 1826 Multa
3678 1773 3841 1830 etiam

543 1838 657 1883 tum
714 1844 781 1883 ex
856 1828 1176 1883 ethnicismo
1241 1838 1349 1884 tum
1404 1844 1468 1885 ex
1519 1830 1794 1885 Judaismo
1841 1834 2138 1889 cumulatas
2166 1831 2215 1892 B
2246 1841 2478 1899 blaterat
2493 1845 2636 1900 circa
2658 1850 2955 1904 orationem
2984 1853 3033 1906 in
3065 1853 3354 1926 llamartig.
3383 1875 3398 1913 :
3430 1859 3474 1912 Ο
3516 1861 3608 1917 dee
3636 1866 3840 1919 cuncti-

542 1922 732 1991 fuisse,
761 1932 813 1978 et
842 1924 1120 1993 proferunt
1166 1939 1283 1993 cap.
1341 1924 1373 1979 6
1427 1924 1700 1980 Prudentii
1754 1941 1894 1983 vers.
1953 1928 2135 1999 hymn.

544 2015 769 2086 Exseq.,
802 2014 1035 2071 Candore
1060 2018 1274 2071 nitentia
1300 2019 1461 2085 claro,
1492 2028 1547 2074 et
1577 2019 1688 2075 Nos
1711 2030 1840 2074 tecta
1862 2022 2140 2093 fovebimus

545 2127 681 2165 ossa.
707 2112 839 2165 Aras
868 2112 920 2165 in
959 2113 1171 2182 templis
1202 2112 1365 2167 fuisse
1411 2129 1479 2167 ex
1517 2114 1755 2169 historiis
1784 2115 1899 2184 ejus
1929 2118 2132 2184 saeculi,

543 2202 811 2269 Socratis,
860 2203 1169 2270 Sozomeni,
1213 2204 1536 2259 Theodoreti
1590 2206 1812 2275 aliisque
1864 2206 2133 2276 fatentur,

542 2295 637 2351 sed
657 2298 808 2350 aiunt
838 2312 867 2350 a
890 2296 1088 2351 Iudaeis
1118 2300 1256 2352 hanc
1286 2300 1726 2354 consuetudinem
1768 2314 2133 2370 permanasse.

541 2387 825 2456 Referunt,
851 2389 1201 2444 Prudentium
1224 2390 1483 2459 indicare,
1537 2392 1796 2462 imagines
1840 2409 2138 2465 repraesen-

540 2488 720 2535 tantes
737 2480 1011 2549 passiones
1029 2493 1322 2553 martyrum
1346 2482 1397 2537 in
1420 2483 1632 2553 templis
1652 2484 1907 2540 collocari
1924 2486 2132 2553 solitas,

539 2574 637 2628 sed
668 2575 898 2643 picturas
924 2575 976 2629 in
1000 2574 1515 2645 templisimprobari
1536 2576 1604 2631 ab
1619 2576 1948 2647 Hieronymo
1969 2580 2127 2648 epist.

538 2668 607 2723 ad
639 2667 799 2723 Joan.
829 2668 1183 2740 llierosolym.
1219 2669 1534 2724 Concedunt
1561 2668 1910 2725 Prudentium
1940 2671 2131 2725 memi-

538 2763 687 2817 nisse
708 2777 987 2817 cerearum
1035 2762 1379 2817 candelarum
1425 2763 1615 2832 hymn.
1651 2764 1709 2819 S.
1746 2764 1933 2830 Laur.,
1973 2774 2026 2819 et
2070 2765 2129 2822 S.

536 2854 923 2926 Hieronymum
948 2864 1133 2908 contra
1164 2854 1509 2922 Vigilantium
1556 2866 1821 2925 asserere,
1870 2872 1967 2926 per
1996 2865 2133 2914 totas

537 2947 773 3002 Orientis
796 2947 1087 3011 Ecclesias,
1110 2948 1617 3017 quandolegendum
1636 2957 1720 3003 est
1749 2949 2098 3020 Evangelium
2114 2992 2130 3018 ,

537 3038 755 3095 accendi
775 3040 1076 3108 luminaria,
1091 3042 1207 3112 jam
1245 3042 1352 3095 sole
1404 3043 1671 3111 rutilante,
1721 3059 1821 3098 non
1866 3044 2040 3114 utique
2064 3045 2132 3098 ad

536 3134 796 3205 fugandas
846 3134 1093 3202 tenebras,
1120 3136 1207 3189 sed
1237 3136 1305 3189 ad
1334 3136 1537 3207 signum
1564 3137 1753 3192 ltetitia:
1774 3137 2130 3192 demonstran-

537 3229 682 3284 dum.
721 3230 825 3287 Sed
860 3242 1125 3300 reponunt
1160 3232 1276 3289 hate
1312 3248 1525 3305 quoque
1567 3249 1632 3290 ex
1664 3235 1940 3289 Judaismo
1988 3244 2126 3291 orta.
2155 3218 2204 3287 Ο

535 3322 797 3393 Denique,
822 3339 939 3393 cap.
968 3326 1057 3392 10,
1090 3326 1230 3381 inter
1270 3342 1455 3383 naevos
1497 3328 1775 3385 Prudentii
1823 3338 2128 3396 numerant,

534 3417 678 3486 quod
705 3432 813 3472 non
838 3427 921 3473 sat
948 3420 1232 3476 commode
1266 3422 1514 3492 loquatur
1543 3423 1611 3478 de
1642 3422 1893 3479 libertate
1941 3424 2130 3479 huma-

532 3523 619 3565 nae
639 3509 929 3565 voluntatis
957 3511 1247 3582 Hamartig.
1293 3529 1435 3569 vers.
1484 3513 1608 3581 769,
1632 3513 1715 3567 En
1741 3515 1833 3569 tibi
1848 3518 2126 3587 signatum.

529 3599 784 3671 thuod,
816 3604 1014 3661 ibidem
1047 3622 1171 3662 vers
1192 3608 1320 3676 509,
1345 3604 1414 3662 de
1443 3609 1624 3663 carnis
1666 3609 1971 3664 innocentia
2010 3610 2127 3664 vio-

530 3692 753 3761 lentam,
780 3705 837 3750 ut
859 3698 987 3766 ipsis
1019 3698 1249 3762 videtur,
1278 3699 1775 3769 interpretationem
1804 3700 1933 3755 dieti
1974 3700 2127 3756 Pauli

533 3784 601 3839 ad
626 3785 887 3852 Ephesios
914 3802 964 3840 vr
991 3789 1269 3856 amplexus
1283 3790 1440 3845 fuerit
1467 3808 1478 3843 :
1515 3790 1695 3857 Errat,
1724 3794 1816 3857 ait,
1842 3793 1928 3863 qui
1966 3792 2129 3845 lucta-

534 3891 647 3928 men
679 3893 790 3929 cum
812 3880 1062 3949 sanguine
1088 3880 1250 3934 nobis.
1278 3881 1409 3937 Item
1443 3884 1591 3952 quod,
1609 3893 1906 3957 martyrum
1936 3887 2124 3942 merita

534 3966 839 4025 civitatibus
868 3968 972 4024 illis
994 3969 1579 4045 profuturascripserit,
1615 3978 1669 4033 in
1707 3979 1899 4049 quibus
1929 3981 2126 4037 obdor-

531 4058 769 4126 mierint,
800 4060 985 4131 hymn.
1010 4064 1307 4121 octodecim
1364 4079 1588 4139 martyr.
1639 4068 1866 4138 Caesam,
1914 4070 2041 4127 Sola
2070 4074 2124 4127 in

534 4166 799 4205 occursum
822 4157 1212 4213 numerosiores.
1252 4158 1361 4215 Nec
1404 4162 1535 4217 satis
1578 4173 1733 4220 caute
1758 4164 1960 4221 dixisse
2012 4167 2118 4221 illis

531 4242 741 4298 videtur
757 4245 1062 4304 Cathemer.
1096 4250 1278 4322 hymn.
1314 4254 1452 4310 Ante
1474 4255 1671 4323 cibum,
1698 4272 1839 4313 vers.
1866 4260 1989 4326 M6,
2011 4258 2123 4314 Hoc

532 4336 705 4390 odium
752 4351 891 4394 vetus
940 4342 1072 4395 illud
1116 4354 1243 4398 erat.
1288 4346 1538 4413 Quaedam
1596 4363 1659 4403 ex
1714 4349 1797 4403 his
1831 4350 2120 4407 Prudentio

531 4443 742 4496 quoque
772 4431 957 4496 objicit
981 4433 1155 4487 Lucas
1177 4435 1439 4490 Osiander
1470 4439 1523 4491 in
1548 4439 1719 4508 Epist.
1751 4440 1943 4496 eccles.
1968 4440 2119 4508 hist.,

531 4527 673 4571 cent.
708 4519 763 4585 4,
793 4521 882 4573 lib.
900 4537 937 4586 ι,
956 4537 1075 4591 cap.
1100 4525 1190 4593 26,
1218 4528 1355 4593 Quos
1386 4545 1604 4595 errores,
1625 4531 1818 4601 inquit,
1842 4532 2119 4587 Dominum

2246 1950 2451 2003 parens,
2475 1944 2530 1991 et
2553 1937 2709 2015 quod,
2732 1939 3055 1998 Prudentius
3089 1947 3320 2002 animam
3369 1960 3527 2007 vocet
3566 1955 3837 2024 liquorem.

2246 2025 2398 2094 Quod
2415 2037 2593 2084 autem
2626 2032 2859 2100 mireris,
2906 2034 3146 2094 Clericus
3191 2041 3243 2095 in
3275 2041 3437 2098 rebus
3482 2048 3709 2115 poeticis
3731 2066 3838 2107 non

2247 2122 2665 2179 meliorcriticus
2690 2141 2848 2196 quam
2876 2128 2928 2183 in
2960 2132 3125 2188 sacris
3149 2174 3165 2201 ,
3206 2134 3552 2194 Prudentium
3603 2142 3839 2200 afﬁrmat

2243 2213 2509 2270 interdum
2524 2232 2717 2288 repere
2744 2219 2915 2288 humi,
2949 2238 3069 2278 cum
3108 2221 3340 2284 maxime
3382 2231 3436 2285 in
3481 2233 3711 2291 sublime
3738 2253 3835 2293 vo-

2244 2306 2357 2362 lare
2384 2316 2646 2376 conatur;
2671 2311 2788 2382 ejus
2818 2323 2993 2370 tamen
3026 2316 3310 2375 lectionem
3336 2322 3401 2377 ad
3444 2325 3835 2387 ecclesiasticas

2244 2399 2587 2470 antiquitates
2608 2407 3009 2473 cognoscendas
3051 2420 3405 2480 Opportunam
3435 2431 3554 2472 esse
3577 2434 3700 2489 ,non
3734 2423 3835 2477 dif-

2243 2490 2442 2546 ﬁtetur.
2482 2493 2750 2549 Bailiusin
2766 2496 2903 2552 Dict.
2927 2500 3070 2567 crit.,
3102 2502 3267 2558 verbo
3298 2503 3589 2577 Prudence,
3642 2514 3831 2580 partim

2241 2583 2451 2640 Clerico
2490 2587 2750 2656 adhaeret,
2783 2593 2979 2660 partim
3010 2594 3078 2650 ab
3127 2611 3190 2651 eo
3260 2598 3563 2656 dissentit:
3605 2620 3725 2660 nam
3778 2617 3833 2663 et

2240 2680 2542 2736 orationem
2591 2682 3003 2754 Hamartigenize
3043 2688 3258 2745 defendi
3319 2702 3372 2748 et
3423 2694 3627 2751 laudari
3674 2714 3833 2769 posse

2242 2780 2437 2837 tuetur,
2469 2782 2523 2829 et
2550 2775 2742 2830 animae
2793 2779 3243 2838 immortalitatem
3267 2800 3295 2838 a
3319 2785 3830 2849 Prudentiodiserte

2238 2863 2497 2919 afﬁrmari
2533 2874 2773 2923 testatur.
2822 2870 2896 2925 De
2944 2872 3354 2931 Manichaeorum
3402 2877 3597 2935 haeresi
3645 2884 3824 2950 potius

2236 2956 2436 3013 Bailius
2486 2959 2715 3030 laborat,
2754 2978 2981 3034 quorum
3028 2967 3359 3036 olijectiones
3418 2972 3548 3027 satis
3604 2974 3831 3033 diluisse

2234 3048 2579 3106 Prudentium
2617 3065 2795 3124 negat,
2832 3072 2952 3112 cum
2997 3074 3254 3129 nusquam
3306 3061 3553 3120 idoneam
3603 3081 3828 3139 respon-

2232 3142 2443 3198 sionem
2468 3145 2805 3205 seinvenisse
2822 3151 3165 3219 pertinaciter
3188 3167 3481 3214 asseveret.

2837 3287 3068 3344 CAPUT
3096 3288 3205 3346 Vll.

2232 3397 2312 3452 De
2350 3405 2643 3453 sanctorum
2674 3402 2815 3487 cultis
2834 3410 2880 3456 et
2891 3408 3243 3487 lvengratione,
3262 3425 3545 3487 eorumque
3564 3416 3819 3487 reliquiis,

2655 3487 2718 3525 ea:
2752 3471 3027 3530 Prudentii
3057 3471 3387 3537 carminibus.

2303 3607 2425 3663 150.
2455 3607 2521 3662 Ut
2550 3616 2726 3665 autem
2783 3612 2869 3666 via
2926 3622 2980 3667 et
3024 3617 3233 3673 ratione
3268 3618 3544 3679 Prudentii
3571 3625 3816 3683 doctrina

2232 3697 2553 3765 vindicetur,
2580 3702 2812 3771 primum
2843 3704 3015 3761 dicam
3049 3708 3117 3764 de
3146 3710 3209 3764 iis
3240 3711 3293 3766 in
3347 3715 3541 3783 quibus
3572 3717 3818 3774 Pruden-

2231 3788 2338 3844 tius
2361 3805 2484 3845 cum
2508 3792 2791 3850 catholicis
2806 3800 3101 3866 consentit,
3125 3802 3192 3856 ab
3216 3801 3482 3861 haereticis
3509 3808 3807 3879 discrepat;

2231 3889 2341 3935 tum
2370 3896 2429 3937 ea
2462 3884 2743 3953 explicabo
2773 3903 2894 3958 qua:
2923 3890 3193 3961 aliquibus
3222 3896 3335 3950 visa
3360 3908 3480 3952 sunt
3521 3914 3548 3953 a
3573 3902 3813 3959 veritate

2228 3974 2349 4029 ﬁdei
2378 3974 2695 4033 Christiana:
2742 3980 3015 4037 aberrare.
3074 3984 3472 4045 lnvocationem
3500 4001 3817 4050 sanctorum

2227 4069 2537 4139 cultumque
2566 4072 2910 4142 reliquiarum
2942 4075 3175 4134 afﬁrmat
3202 4079 3546 4138 Prudentius.
3589 4084 3696 4141 Sed
3729 4102 3820 4142 so-

2226 4160 2381 4216 lusne
2402 4163 2452 4217 id
2481 4163 2802 4221 Prudentius
2833 4167 3103 4224 afﬁrmat?
3133 4171 3245 4227 lmo
3267 4174 3354 4229 alii
3384 4176 3545 4231 etiam
3564 4222 3579 4243 ,
3621 4180 3771 4235 aiunt
3796 4201 3807 4235 :

2225 4254 2345 4324 quia
2372 4254 2482 4323 jam
2535 4266 2751 4325 ceperat
2808 4259 2915 4313 Isaac
2964 4263 3254 4331 superstitio
3300 4265 3400 4336 (a).
3434 4267 3574 4334 Quid
3622 4270 3670 4324 si
3704 4281 3817 4328 toto

2225 4349 2353 4403 orbe
2388 4348 2692 4404 Christiano
2736 4349 2932 4407 factum
2980 4353 3033 4409 id
3084 4356 3245 4412 fuisse
3275 4359 3577 4426 ostendam,
3620 4378 3815 4433 appro.

2224 4442 2473 4497 bantibus
2503 4453 2556 4498 et
2586 4438 2968 4513 plaudentibus
2990 4436 3292 4521 episcopis?
3318 4451 3637 4509 Dicemusne
3666 4468 3815 4512 vete-

2224 4549 2311 4590 res
2340 4536 2461 4590 illos
2483 4551 2718 4603 errasse,
2773 4550 3059 4598 novatores
3097 4558 3225 4598 vera
3266 4546 3507 4602 sentire?
3538 4549 3810 4619 Relegan-

1702 4596 1713 4601 ν
2704 4596 2716 4603 ,
3016 4596 3053 4598 νὴ
3266 4596 3500 4602 _-----_--
3538 4596 3777 4619 ---.-,,-...

530 4608 629 4678 ipsi
671 4611 984 4666 condonasse
1018 4631 1120 4669 non
1176 4618 1485 4673 dubitamus.
1530 4622 1630 4689 Qui
1681 4631 1856 4679 tamen
1901 4596 2200 4693 fatetur,D
2225 4637 2310 4684 tur
2338 4628 2607 4683 Prudentii
2656 4632 2916 4701 carmina,
2967 4643 3022 4689 et
3064 4635 3266 4705 liquido
3310 4640 3591 4708 apparebit
3639 4658 3748 4696 nan
3776 4660 3811 4698 a

531 4707 813 4779 recteeum
832 4703 897 4758 de
920 4704 1187 4776 plerisque
1218 4710 1457 4777 partibus
1496 4713 1770 4784 religionis
1798 4715 2117 4772 Christianae
2220 4719 2515 4775 Prudentia
2554 4722 2863 4791 opinionem
2920 4703 3152 4796 aliquam
3205 4744 3354 4785 suam
3406 4735 3656 4802 proponi,
3716 4738 3815 4791 sed

921 4772 931 4774 _
1101 4772 1116 4776 _
1218 4772 1234 4777 _
1595 4772 1625 4784 υ
2221 4772 2235 4774 _
2920 4772 3152 4796 _--.,__...
3407 4772 3656 4802 ,...,,......,
3716 4772 3811 4791 se...

530 4772 786 4860 sensisse,
813 4798 900 4865 pio
918 4799 1033 4855 zelo
1069 4809 1124 4856 et
1148 4811 1297 4859 recto
1338 4803 1541 4874 judicio
1580 4807 1815 4866 haereses
1856 4811 2116 4881 quasdam
2222 4813 2477 4869 Ecclesia:
2497 4814 2761 4871 universae
2782 4819 3228 4877 consuetudinem
3263 4823 3419 4894 106
3438 4826 3681 4881 enarrari
3705 4828 3811 4899 (b).

2270 4976 2421 5025 lllitas
2440 4990 2615 5027 cruore
2637 4986 2801 5027 sancto
2826 4994 2953 5030 nunc
2974 4994 3149 5031 arenas
3172 4983 3339 5033 incola:

2270 5038 2685 5104 Confrequentant
2709 5043 3025 5091 obsecrantes
3049 5057 3190 5104 voce,
3211 5047 3356 5104 votis,
3380 5059 3609 5097 munere.

2333 5086 2511 5149 Extei'i
2524 5086 2731 5151 necnon?
2743 5086 2797 5152 éi
2805 5086 3068 5155 'dniié'iﬁic'
3082 5086 3284 5157 coldnus
3300 5086 3514 5159 advenit.

2271 5161 2419 5233 [ama
2445 5175 2551 5210 nam
2571 5178 2753 5214 renus
2776 5180 2821 5213 IN
2848 5180 3005 5233 οιᾳςεε
3029 5171 3335 5231 percucurrit
3353 5172 3611 5233 proditrix,

2270 5223 2361 5272 Hic
2387 5231 2615 5287 patronos
2640 5239 2753 5276 esse
2773 5229 2958 5289 mundi,
2980 5223 3103 5292 quos
3125 5223 3387 5294 precantes
3407 5223 3643 5285 ambiant.

603 4959 676 5028 (τι)
707 4960 980 5036 Fabricius
1020 4965 1071 5021 in
1112 4980 1399 5027 comment.
1442 4974 1830 5033 invocationem
1882 4992 2097 5036 sancto-

528 5042 646 5110 rum
698 5035 1026 5112 temporibus
1067 5037 1339 5096 Prudentii
1386 5045 1436 5097 in
1480 5045 1776 5103 Ecclesiam
1815 5049 1924 5118 jam
1962 5053 2096 5108 irre-

529 5101 700 5178 psisse
741 5103 835 5178 ait,
864 5115 917 5157 et
945 5121 1197 5178 errorem
1223 5126 1377 5166 suum
1408 5126 1589 5171 contra
1625 5101 2098 5178 Prudentium-au-

526 5172 781 5258 εξὶιοτὶιιιιιθ⁸
808 5174 1068 5258 Joacliimi
1085 5181 1385 5258 .Camerarii
1419 5188 1553 5240 tueri
1581 5188 1693 5243 vult
1746 5172 1753 5173 ⁷
1770 5172 2100 5258 diii"5§§€rii

478 5306 485 5316 ι
526 5240 875 5332 Prudeptium
904 5247 1061 5328 nimis
1084 5250 1133 5304 in
1165 5252 1246 5305 bis
1272 5255 1434 5332 fuisse
1455 5240 1687 5332 poetam,
1710 5240 2097 5332 l-t‘a'éiﬁiﬁii'c'é

525 5310 1080 5390 veritalerecessisse,
1122 5310 1484 5380 amoenitatem
1528 5310 1785 5385 musicam
1830 5310 2091 5390 secuium.

523 5378 801 5470 Yerumnin
831 5378 1253 5470 hisnaudiendus
1282 5378 1395 5450 non,
1428 5408 1510 5452 est
1546 5400 1900 5470 Camerarius,
1947 5423 2096 5461 senex

523 5450 803 5543 ill-effulta
824 5460 1003 5541 melius
1030 5461 1093 5543 de
1113 5462 1304 5543 Plauto
1325 5450 1480 5543 quam
1496 5450 1574 5521 dei

522 5523 839 5609 quod'recte
868 5530 918 5583 in
951 5532 1183 5609 quodam
1216 5523 1441 5609 Fabricii
1496 5523 2102 5609 θωπιρῖεὲἰῖιίξῆιῖἷᾶ

522 5604 819 5681 marginem
848 5603 1140 5670 ascriptum
1164 5608 1362 5681 reperi,
1382 5603 1715 5681 Prudentius
1745 5628 1890 5681 sznpe
1935 5617 2098 5673 histo-

521 5661 638 5747 rice
656 5663 905 5747 loquitur,
928 5661 1109 5747 neque
1138 5661 1243 5731 alio
1273 5661 1454 5746 modo,
1476 5661 1736 5737 acieinteri
1767 5661 2097 5747 ss'fpatiéi.

597 5732 673 5803 (bi
701 5734 891 5790 Ρθτίδῑ-
927 5732 1110 5809 hymn.
1138 5748 1188 5817 ί.
1222 5732 1454 5805 versv:
1498 5732 1531 5734 "
1563 5732 1736 5737 """‘
1767 5732 1865 5741 νην-
1890 5732 1944 5796 --!

651 5823 741 5878 Hic
764 5828 984 5884 calentes
1006 5834 1163 5891 hausit
1188 5843 1337 5894 undas
1358 5846 1494 5897 caede
1521 5848 1698 5901 tinctus
1719 5849 1937 5914 dnplicl,>

2203 5346 2484 5475 Praeclgrlia
2514 5359 2638 5407 sunt
2689 5366 2875 5409 versus
2920 5353 2999 5409 illi
3053 5355 3109 5411 in
3166 5357 3425 5417 Passione
3477 5359 3796 5429 Laurentii,

2203 5432 2347 5475 vers.
2501 5439 2513 5473 :

2203 5432 2347 5475 vers.
2378 5432 2513 5475 516:

2455 5556 2697 5620 Quidquld
2723 5561 2963 5616 Quiritum
2986 5571 3223 5614 sueverat

2418 5668 2428 5677 .
2517 5619 2671 5684 Qrare
2692 5624 2979 5684 simpuvium
3007 5623 3197 5683 Numa»,

2514 5681 2690 5745 Christi
2718 5681 3037 5745 frequentans
3059 5681 3199 5744 atria,

2514 5743 2712 5805 Hymnis
2735 5743 2941 5810 resultat.
2961 5743 3245 5810 martyrem.

2453 5803 2570 5866 Ipsa
2588 5814 2638 5856 et
2657 5813 2855 5856 senatus
2875 5808 3071 5866 lumina,

2488 5882 2493 5888 λ
2517 5867 2765 5926 Quondam
2792 5868 2996 5931 luperci,
3024 5874 3104 5921 aut
3124 5872 3359 5935 ﬂamines,
