4142 6350
335 295 439 350 ὃὺε

1691 281 2216 341 ΡιιυιεθοΜΕΝΑ.

3491 287 3592 347 666

332 410 544 479 Hymno
575 423 625 461 tv
657 406 1007 477 patrocinium
1035 413 1330 474 martyrum
1357 417 1483 474 erga
1511 401 1757 458 civitates
1785 415 1905 472 qua
1933 404 1983 464 Α
2011 400 2302 456 invaluisse
2327 399 2772 456 consuetudinem
2803 401 3088 457 venerandi
3124 413 3430 461 sanctorum
3462 406 3586 463 reli-

330 517 516 558 eorum
545 517 667 557 ossa
695 509 1018 558 venerantur
1038 498 1400 568 concelebrat,
1453 510 1596 552 vers.
1625 494 1706 552 15.

575 636 708 686 Orbe
731 637 794 685 de
811 648 993 698 magno
1014 641 1159 698 caput
1183 635 1394 698 excitata

575 699 775 747 Obviam
799 696 986 748 Christo
1009 696 1330 760 properanter
1355 696 1445 744 ibit

577 760 753 822 Civitas
773 773 1001 822 quasque,
1025 761 1235 822 pretiosa
1254 766 1450 821 portans

730 821 866 870 DOna
891 821 1128 872 canistris.

323 931 459 987 Tum
492 928 803 999 singillatim
844 924 1088 984 recenset
1129 925 1530 996 Carthaginem,
1573 925 1900 992 Cordubam,

327 1022 710 1087 Tarraconem,
763 1020 1092 1086 Gerundam,
1138 1018 1490 1089 Calagurrim,
1523 1019 1899 1085 Barcinonem,
1937 1070 1940 1071 ν

323 1114 646 1179 Narbonem,
681 1113 978 1181 Arelatem,
1009 1111 1324 1176 Emeritam,
1355 1110 1720 1180 Complutum,
1774 1109 1904 1164 Tin-

321 1209 450 1280 gim,
481 1207 751 1278 praicipue
781 1220 911 1260 vero
938 1204 1168 1258 Romam
1217 1213 1270 1259 et
1315 1204 1797 1273 Caesaraugustam.
1842 1201 1901 1256 ln

322 1300 569 1371 passione
593 1299 856 1354 Vincentii
880 1299 1311 1369 observarelicet
1331 1296 1657 1367 diligentiam
1682 1310 1782 1366 qua
1809 1310 1902 1350 ve-

323 1399 464 1448 teres
486 1391 562 1446 illi
585 1390 873 1447 Christiani
896 1390 1150 1461 reliquias
1175 1401 1470 1462 martyrum
1492 1390 1896 1460 comparabant,
1955 1395 1963 1403 ‘

321 1494 380 1544 ut
407 1496 589 1542 essent
613 1484 717 1540 sibi
741 1483 958 1554 suisque
988 1482 1219 1554 posteris
1247 1490 1506 1547 tutamen,
1531 1496 1674 1537 vers.
1721 1482 1827 1537 555
1848 1490 1902 1537 et

320 1578 710 1744 se¥6;)l51.
760 1669 839 1726 Ex
868 1669 967 1725 hac
1016 1679 1159 1725 tanta
1203 1669 1632 1725 Christianorum
1687 1681 1816 1724 cura
1841 1667 1896 1722 in

321 1772 617 1834 martyrum
637 1763 850 1818 ossibus
879 1764 1217 1834 colligendis,
1247 1779 1367 1833 quae
1387 1780 1494 1819 non
1510 1765 1682 1820 solum
1715 1779 1743 1816 a
1768 1764 1900 1818 Pru-

321 1857 505 1914 dentio
529 1857 843 1926 afllrmatur,
885 1859 978 1915 sed
1013 1861 1171 1915 etiam
1220 1876 1285 1914 ex
1322 1861 1645 1916 anthenticis
1695 1870 1898 1932 marty-

321 1966 444 2006 rum
496 1951 628 2007 actis
676 1953 943 2008 uberrime
993 1954 1362 2021 conlirmatur,
1406 1964 1551 2010 recte
1593 1955 1896 2024 colligimus

317 2057 426 2097 non
459 2051 659 2099 tantum
685 2045 881 2100 saeculo
915 2061 989 2112 tv,
1045 2047 1135 2101 sed
1179 2047 1450 2116 prioribus
1489 2049 1648 2104 etiam
1695 2049 1891 2120 ubique

622 2286 963 2351 Apostolorum
988 2293 1040 2338 et
1065 2294 1324 2351 tnartyrum

627 2349 978 2400 Eitosculantur
1003 2349 1207 2400 limina;

559 2410 600 2460 Ο
621 2418 721 2475 ter,
745 2420 1041 2475 quaterque,
1060 2415 1318 2475 etsepties

620 2471 806 2521 Beatus
833 2471 976 2522 Urbis
999 2471 1173 2534 incola,

621 2534 714 2592 Qui
736 2540 805 2591 te,
828 2547 882 2583 ac
905 2541 1097 2584 tuorum
1122 2537 1342 2585 cominus

620 2595 798 2644 Sedem
823 2595 1041 2646 celebrat
1060 2611 1271 2650 ossuum.

567 2657 654 2708 Cui
680 2664 878 2718 propter
904 2659 1085 2709 advolvi
1114 2660 1248 2718 licet,

622 2720 713 2777 Qui
739 2720 934 2768 ﬂetibus
958 2724 1144 2782 spargit
1162 2722 1334 2782 locum,

625 2784 714 2847 Qui
741 2787 912 2847 pectus
937 2784 1188 2847 interram
1213 2788 1415 2847 premit,

623 2843 718 2902 Qui
746 2848 851 2892 vota
876 2844 1028 2894 fundit
1053 2843 1319 2894 murmure.

309 2970 379 3026 Et
407 2969 605 3041 hymno
625 2970 677 3036 δ,
709 2969 776 3024 de
803 2969 1033 3036 Eulalia,
1058 2936 1200 3026 vers.
1237 2972 1332 3028 l9l
1361 2979 1413 3028 et
1435 2987 1586 3043 seqq.

555 3103 649 3154 Hic
671 3105 755 3153 ubi
775 3117 1022 3167 marmore
1046 3107 1302 3167 perspicuo

616 3167 752 3215 Atria
773 3166 972 3216 luminat
994 3166 1116 3216 alma
1143 3166 1269 3216 nitor

617 3227 676 3292 Et
697 3232 1016 3292 peregrinus,
1043 3234 1095 3278 et
1119 3230 1371 3292 indigena,

619 3289 912 3353 Belliquias,
937 3289 1418 3353 cineresque'rsacrOs

615 3351 789 3402 Servat
813 3351 988 3401 humus
1011 3351 1287 3402 veneranda
1313 3355 1437 3402 sinu.

557 3413 946 3476 Sic_venerarier
970 3427 1074 3463 (ssa
1101 3413 1240 3476 libet,

621 3474 825 3538 stibus
849 3476 968 3524 altar
993 3482 1044 3523 et
1069 3474 1363 3538 impositum,

621 3535 710 3600 illa
735 3536 828 3586 Dei
847 3539 938 3586 sita
962 3538 1052 3587 sub
1071 3535 1277 3600 pedibus

619 3597 862 3661 Prospicit
878 3600 1003 3660 huic,
1031 3597 1332 3661 populosque
1355 3613 1472 3651 suos

619 3659 842 3710 Carmme
864 3659 1114 3723 propitiata
1139 3659 1288 3710 fovet.

495 3745 569 3808 (a)
595 3743 735 3808 fgire
755 3745 1136 3808 totorrexVOppido

617 3806 829 3855 Turbam
849 3806 1041 3856 ﬁdelem
1069 3819 1321 3867 cerneres,

614 3867 806 3917 Mollire
832 3868 1107 3930 praeiultum
1132 3875 1311 3927 torum,

614 3931 813 3980 Siccare
836 3931 980 3979 cruda
1001 3931 1221 3979 vulnera.

553 3991 644 4042 llle
668 3992 959 4053 ungularum
983 3990 1206 4053 duplices

615 4053 788 4103 Sulcos
806 4056 1034 4114 pererrat
1055 4053 1253 4112 osculis,

613 4114 706 4177 Hic
729 4123 1089 4177 purpurantem,
1101 4117 1317 4175 corporis

617 4175 807 4227 Gaudet
825 4175 1055 4226 cruorem
1080 4175 1317 4226 lambere.

557 4239 792 4289 Plerique
815 4248 1002 4289 vestem
1027 4237 1226 4287 linteam

618 4254 792 4348 εει-ηαδ
815 4254 1002 4289 vestem
1029 4254 1251 4312 llnteam.

618 4300 710 4362 Sttl
729 4309 843 4349 ante
866 4303 1060 4362 tingunt
1081 4313 1343 4362 sanguine,

620 4361 859 4412 Tutamen
883 4361 1146 4412 ut'sacrum
1170 4365 1272 4412 suis

612 4423 754 4474 Domi
778 4432 1040 4475 reservent
1060 4425 1288 4487 posteris.

296 4533 376 4592 Et
397 4545 538 4589 vers.
571 4530 674 4588 509
696 4529 750 4586 in
771 4530 958 4586 eodem
992 4530 1191 4602 hymno
1220 4530 1278 4586 S.
1311 4531 1579 4588 Vincentii
1608 4549 1620 4584 :

557 4646 681 4696 Dum
706 4658 822 4696 cura
844 4651 1120 4707 sanctorum
1147 4648 1222 4707 pia

615 4707 816 4770 Densus
834 4706 1036 4757 adornat
1051 4706 1308 4770 aggerem,

616 4769 922 4831 Tumuloque
943 4781 1120 4829 corpus
1141 4769 1381 4819 creditum

615 4831 742 4882 Vitae
766 4838 991 4881 reservat
1009 4837 1234 4892 posterae.

298 4943 366 5000 In
394 4940 642 5011 passione
666 4938 938 5009 Hippolyti
959 4952 1098 4992 vers.
1136 4936 1238 4993 155
1257 4946 1312 4992 et
1339 4951 1507 5006 seqq:

370 5052 585 5102 Moeram
609 5051 815 5109 attoniti,
842 5054 991 5110 atque
1015 5047 1167 5096 oculis
1186 5048 1472 5110 rimantibus
1493 5049 1648 5108 ibant,

438 5112 810 5174 lmplebantque
833 5109 967 5159 sinus
992 5110 1259 5174 visceribus
1281 5109 1472 5158 laceris.

369 5177 464 5226 llle
489 5170 632 5233 caput
654 5170 850 5222 niveum
871 5170 1230 5232 complectitur,
1257 5183 1312 5218 ac
1335 5171 1661 5220 reverendam

433 5236 680 5287 Canitiem
706 5233 837 5282 molli
869 5233 1090 5282 confovet
1119 5234 1165 5280 in
1192 5233 1400 5293 gremio.

367 5300 463 5349 Hic
487 5298 736 5356 humeros,
761 5303 1055 5356 truncasque
1079 5307 1268 5352 manus,
1293 5303 1343 5342 et
1365 5294 1575 5356 brachia,
1601 5301 1653 5344 et
1679 5295 1830 5346 ulnas.

435 5359 495 5410 Et
517 5370 698 5419 genua,
722 5355 774 5406 et
796 5355 988 5419 crurum
1012 5355 1243 5416 fragmina
1270 5356 1398 5404 nuda
1422 5355 1561 5414 legit.
1794 5383 1803 5388 -

372 5417 758 5485 Palliolisetiam
779 5417 955 5485 bibulae
975 5420 1212 5485 siccantur
1239 5429 1422 5476 arente,

432 5483 507 5532 Ne
533 5478 642 5544 quis
663 5481 712 5544 in
732 5479 911 5544 infecto
935 5478 1136 5544 pulvere
1160 5491 1240 5544 ros
1263 5485 1474 5544 maneat.

369 5546 422 5594 Si
449 5539 565 5606 quis
585 5550 636 5591 et
659 5543 706 5606 in
732 5539 1198 5606 sudibus’recalenti
1213 5541 1476 5602 aspergine
1500 5544 1697 5606 sanguis

443 5603 644 5663 Insidet,
669 5603 798 5651 hunc
821 5614 1010 5651 omnem
1031 5603 1233 5663 spongia
1257 5615 1424 5664 pressa
1451 5605 1593 5664 rapit.

287 5717 296 5727 η
347 5669 479 5719 .Nec
499 5668 596 5727 jam
619 5665 770 5714 densa
790 5676 927 5727 sacro
947 5663 1206 5727 quidquam
1221 5663 1290 5727 de
1315 5663 1520 5721 corpore
1545 5665 1662 5718 silva

269 5725 303 5777 )
380 5792 404 5798 η
435 5724 662 5788 ()litinet,
688 5733 771 5775 aut
796 5725 954 5798 plenis
978 5724 1164 5798 fraudat
1189 5726 1257 5798 ab
1271 5729 1542 5798 exsequiis.

374 5792 593 5844 Cumque
620 5787 874 5840 recensitis
898 5792 1139 5840 constaret
1159 5788 1376 5844 partibus
1395 5787 1480 5839 ille

1918 3147 1966 3212 C

2013 496 2184 567 quias.
2235 494 2499 550 Praeterea
2546 494 2684 550 ratio
2730 493 2971 551 redditur
3009 509 3104 550 cur
3139 499 3371 566 pretiosa
3403 499 3587 559 isthmc

2011 596 2364 644 monumenta
2394 587 2460 641 ad
2489 596 2724 652 nostram
2749 601 2914 657 usque
2940 595 3150 642 aetatem
3180 602 3585 649 COBSCI‘VCDIUI‘.

2010 683 2086 735 Ac
2120 695 2308 736 revera
2357 678 2684 734 Prudentius
2725 677 2976 736 lectulum
3011 693 3118 749 quo
3154 679 3319 749 jacuit
3351 681 3411 736 S.
3458 683 3586 738 Vin-
3635 706 3639 712 -

2008 773 2219 828 centius
2281 787 2379 828 suo
2429 771 2608 828 adhuc
2661 781 2900 853 tempore
2951 771 3220 830 exstitisse
3274 785 3584 844 asseverat,

2004 880 2146 922 vers.
2176 864 2300 922 553.

2257 959 2356 1008 Per
2379 958 2598 1020 fragmen
2624 957 2737 1006 illud
2764 966 2994 1016 testeum,

2319 1023 2424 1078 Quo
2449 1027 2580 1082 parta
2605 1022 2764 1069 crevit
2788 1021 2964 1082 gloria,

2320 1083 2432 1140 Per,
2457 1096 2603 1144 quem
2630 1089 2905 1131 trementes
2930 1083 3110 1142 posteri

2315 1144 2682 1201 Excaeulamur,
2709 1144 2961 1200 lectulum,

2256 1204 2497 1255 Miserere
2523 1213 2794 1255 nostrarum
2817 1217 3040 1267 precum,

2317 1268 2543 1316 Placatus
2570 1276 2622 1316 ut
2642 1268 2860 1315 Christus
2881 1269 2986 1316 suis

2319 1331 2520 1379 lnclinet
2543 1342 2708 1377 aurem
2735 1341 3031 1389 prosperam,

2315 1391 2478 1442 Noxas
2504 1405 2594 1440 nec
2616 1404 2789 1440 omnes
2812 1393 3023 1451 imputet
3043 1390 3133 1454 (b).

2084 1493 2240 1563 108
2270 1492 2388 1547 l59.
2415 1492 2531 1547 Non
2563 1493 2737 1548 solum
2758 1503 2936 1550 autem
2953 1494 3228 1550 Prudentii
3259 1497 3586 1564 testimonio,
3607 1507 3636 1535 '-

2002 1589 2099 1645 sed
2130 1590 2359 1659 plurium
2389 1591 2616 1644 aliorum
2646 1590 2804 1645 dictis
2841 1591 3225 1660 comprobatur
3263 1591 3402 1646 hunc
3432 1605 3585 1648 usum

2005 1681 2059 1736 in
2092 1684 2338 1738 universa
2369 1683 2612 1739 Ecclesia
2639 1683 2805 1739 fuisse
2830 1698 3190 1739 communem.
3227 1684 3323 1750 Et,
3367 1695 3424 1739 ut
3452 1685 3588 1740 alios

2001 1775 2270 1842 omittam,
2302 1775 2360 1831 S.
2390 1776 2668 1832 Paulinum
2715 1777 2974 1832 Nolanum
3001 1778 3288 1848 proferam,
3320 1778 3441 1848 quia
3465 1792 3587 1833 sen-

2008 1866 2207 1922 tentias
2237 1868 2614 1925 Prndentianis
2643 1870 2942 1926 simillimas
2969 1871 3014 1926 is
3039 1871 3174 1927 solet
3199 1869 3504 1940 complecti,
3535 1877 3590 1926 et

2002 1963 2214 2032 egregie
2247 1964 2502 2020 miracula
2553 1964 2619 2019 ad
2679 1965 2739 2020 S.
2803 1965 3001 2020 Felicis
3041 1967 3346 2046 sepulcrum
3379 1974 3588 2037 patrata

2001 2065 2390 2112 commemOrat
2421 2056 2520 2130 (c).
2563 2058 2719 2130 109
2756 2057 2996 2127 Quantus
3023 2058 3184 2114 fuerit
3211 2060 3278 2116 ad
3323 2073 3585 2116 veneran-

3601 835 3616 875 l

2128 2295 2360 2358 Corporis
2382 2301 2565 2360 integri
2589 2300 2673 2361 qui
2698 2297 2858 2348 fuerat
2882 2311 3131 2348 numerus.

2068 2356 2171 2420 Nec
2198 2356 2398 2420 purgata
2428 2356 2871 2419 aliquid'deberent
2897 2362 3001 2410 avia
3030 2368 3132 2410 toto

2129 2417 2208 2467 Ex‘
2225 2417 2437 2484 homine,
2465 2417 2676 2471 estersis
2700 2423 2950 2471 frondibus
2974 2430 3024 2470 et
3047 2421 3277 2484 scapulis,

2067 2479 2305 2544 Metando'
2321 2483 2523 2542 eligitur
2547 2484 2733 2532 tumulo
2757 2484 2892 2532 locus
2914 2498 2926 2532 :
2955 2484 3089 2532 OSlia
3114 2479 3338 2544 linquunt
3357 2497 3370 2509 '

2103 2583 2106 2586 .
2129 2541 2276 2592 Roma
2303 2544 2481 2608 placet,
2506 2558 2697 2596 sanctos
2720 2556 2828 2609 qua:
2855 2554 3024 2596 teneat
3045 2541 3257 2596 cineres.

2005 2647 2166 2702 Vides
2189 2664 2286 2704 cur
2315 2651 2366 2704 in
2397 2652 2658 2718 sepulcris
2689 2661 2980 2722 martyrum
3015 2653 3212 2721 passim
3240 2653 3579 2722 reperiantur

2004 2733 2129 2793 vasa
2158 2735 2276 2793 cum
2306 2723 2585 2789 sanguine,
2611 2737 2767 2792 quem
2787 2740 2969 2776 verum
2995 2725 3306 2792 sanguinem
3329 2739 3450 2779 esse
3480 2725 3580 2793 ipsi

2004 2788 2240 2864 hzerelici
2266 2788 2646 2861 experimentis
2667 2788 3120 2863 comprobarunt?
3143 2794 3382 2864 adeoque
3402 2788 3581 2864 hujus.

2003 2861 2147 2916 modi
2179 2878 2302 2916 vasa
2333 2872 2682 2935 certumesse
2713 2861 2952 2935 martyrii
3004 2866 3211 2935 signum
3235 2861 3393 2920 nemo
3421 2861 3581 2922 sanus

2002 2936 2300 3001 negaverit.
2326 2934 2460 3000 Quid
2483 2937 2625 2989 enim
2651 2935 2793 2990 aliud
2815 2934 2876 2990 ea
2903 2934 3140 2990 indicant
3159 2937 3182 2990 ?
3204 2936 3434 2992 Consule
3462 2937 3581 2992 Bul-

2000 3003 2228 3078 dettnm,
2261 3005 2350 3058 lib.
2374 3005 2424 3058 l.
2457 3006 2762 3068 Observat.,
2805 3023 2921 3075 cap.
2955 3007 3024 3062 28
3045 3017 3100 3064 et
3135 3023 3273 3078 seq.,
3323 3009 3414 3065 ubi
3459 3023 3580 3064 eru-

2002 3073 2112 3128 dite
2134 3075 2234 3129 ltoc
2259 3085 2631 3145 argumentum
2661 3073 2900 3146 exponit.
3213 3073 3229 3078 ’
3259 3073 3265 3075 “
3576 3091 3578 3095 ·

2069 3186 2147 3259 (b)
2172 3187 2249 3241 De
2278 3187 2378 3242 SS.
2404 3188 2730 3259 martyribus
2756 3188 3053 3247 Fructuoso
3073 3200 3128 3246 et
3153 3192 3314 3248 sociis
3343 3191 3459 3248 haec
3487 3207 3578 3249 rc-

1996 3256 2101 3312 fert
2132 3258 2331 3328 hymno
2360 3259 2418 3313 6:
2547 3256 2560 3259 ⁷
3184 3289 3191 3298 -

2120 3368 2242 3432 Tum
2260 3369 2323 3418 de
2346 3372 2634 3432 corporibus
2655 3373 2807 3420 sacris
2821 3371 3017 3432 favillae,

2183 3430 2243 3494 Et
2265 3430 2458 3492 perfusa
2479 3445 2617 3482 mero
2632 3434 2866 3494 leguntur
2889 3430 3020 3494 ossa,

2181 3493 2300 3550 Quae
2326 3498 2498 3553 raptim
2522 3497 2613 3543 sibi
2640 3493 2851 3558 quisque
2870 3493 3159 3558 vindicabat.

2120 3553 2339 3602 Fratrum
2365 3563 2526 3605 tantus
2550 3553 2686 3605 amor
2708 3553 2900 3604 domum
2926 3557 3117 3608 referre

2178 3615 2462 3681 Sanctorum
2487 3621 2706 3666 cinerum
2731 3619 2888 3681 dicata
2913 3619 3053 3681 dona,

2180 3680 2274 3742 Aut
2301 3687 2502 3742 gestare
2523 3681 2632 3729 sinu
2659 3679 2802 3729 lidele
2825 3681 3014 3742 pignus.

2118 3739 2218 3804 Sed
2245 3754 2308 3790 ne
2336 3739 2587 3804 relliquias
2610 3739 2990 3804 resuscitandas,

2177 3802 2239 3869 [Et
2264 3816 2511 3869 nioxcum
2537 3803 2744 3869 Domino
2767 3804 2910 3853 simul
2929 3802 3140 3869 laturas,

2181 3863 2419 3912 Discretis
2446 3864 2546 3913 loca
2567 3865 2784 3929 dividant
2803 3866 3062 3929 sepulcris,

2117 3920 2396 3973 Cernuntur
2419 3929 2576 3975 niveis
2597 3927 2734 3976 stolis
2758 3920 2938 3983 amicti,

2184 3985 2407 4050 Mandant
2435 3990 2644 4046 restitui,
2668 4001 2884 4050 cavoque
2904 3989 3060 4038 claudi

2179 4046 2367 4110 Mistim
2393 4061 2631 4110 marmore
2657 4046 2909 4110 pulverem
2934 4051 3238 4102 sacrandum.

2117 4107 2382 4172 Exsullare
2402 4109 2522 4157 libet
2547 4107 2706 4172 tribus
2728 4113 2956 4170 patronis,

2186 4169 2399 4225 Quorum
2427 4171 2648 4230 praesidio
2671 4169 2892 4219 fovemur
2914 4185 3085 4224 omnes

2179 4231 2445 4280 Terrarum
2468 4232 2629 4295 p0puli
2655 4233 3006 4295 Pyrenearum.

2004 4333 2532 4408 Huefaciuntverba
2570 4335 2868 4408 Braulionis
2918 4336 2968 4391 in
3017 4339 3173 4408 epist.
3220 4340 3284 4394 ad
3313 4339 3576 4397 lactatum

1998 4405 2392 4486 presbyterum,
2422 4419 2550 4460 tom.
2568 4405 2718 4486 XXX
2736 4407 2884 4478 Hisp.
2918 4405 3064 4486 sac‘r.’
3088 4411 3143 4464 in
3167 4412 3394 4480 appetit].
3416 4413 3479 4467 ὃς
3504 4413 3577 4486 De

1946 4485 1970 4549 “
2004 4474 2237 4549 reliquiis
2260 4493 2375 4531 vero
2397 4483 2788 4549 quaerendorum
2815 4474 3182 4549 opostolorum,
3204 4474 3343 4549 quos
3371 4502 3402 4537 a
3436 4484 3577 4538 nobis

2004 4548 2276 4616 ﬂagitastis
2324 4548 2460 4601 vobis
2491 4549 2670 4601 debere
2714 4550 2868 4614 mitti,
2899 4550 3122 4617 ﬁdeliter
3160 4548 3338 4618 narro,
3385 4557 3578 4609 nullius

2004 4628 2379 4692 martyrumme
2400 4619 2470 4671 ita
2492 4618 2694 4692 habere,
2717 4630 2772 4673 ut
2787 4636 2898 4689 quae
2913 4625 3063 4692 cujus
3090 4623 3210 4689 sint,
3227 4626 3413 4691 possim
3427 4627 3575 4679 scire.

2005 4685 2384 4765 Prtvéessorum
2411 4699 2456 4742 et
2481 4685 2808 4765 dominorum
2828 4685 3052 4765 meatum
3079 4685 3328 4748 sententia
3351 4699 3466 4765 fuit,
3500 4707 3575 4761 ut,

2003 4758 2124 4836 quin
2154 4761 2348 4828 passim
2379 4769 2470 4836 out
2494 4761 2675 4836 furtim
2691 4770 2780 4836 out
2812 4764 2961 4836 etiam
2987 4765 3128 4820 inriti
3167 4765 3265 4836 ipsi
3319 4758 3364 4820 el
3414 4758 3577 4820 coacti

2005 4830 2278 4882 multarunt
2307 4832 2516 4882 caritate
2553 4847 2614 4884 ea:
2655 4831 2734 4884 his
2761 4847 2875 4900 quae
2919 4830 3297 4888 habebant'aut
3346 4838 3469 4892 dare
3492 4848 3578 4891 aut

2003 4914 2177 4977 carere
2208 4901 2861 4977 cogebantur,_cunctorum
2889 4905 3082 4977 notitia:
3111 4922 3171 4959 ne
3200 4907 3354 4960 ullius
3383 4917 3577 4977 pateret

2002 4968 2282 5029 indicium,
2301 4971 2439 5024 tituli
2467 4971 2786 5037 tollerentur,
2817 4983 2866 5026 et
2887 4974 2978 5027 sub
3017 4992 3118 5028 uno
3155 4968 3577 5030 conclavi'mitte-

2003 5051 2198 5116 rentur.
2238 5039 2525 5116 "eset-uota:
2558 5051 2698 5116 sunt,
2719 5052 2889 5097 tamen
2919 5044 3198 5100 admodum
3239 5048 3576 5116 septuaginta,

2011 5125 2124 5176 qua:
2155 5111 2208 5163 in
2238 5127 2359 5187 usus
2389 5112 2811 5187 habentur,_inter
2833 5131 2959 5187 quas
2981 5132 3050 5169 ea:
3069 5133 3196 5186 quas
3220 5111 3578 5187 quieris'rnini-

2007 5195 2086 5233 me
2128 5182 2469 5253 t'epet'iurltur.
2516 5184 2830 5253 Suspicarer
2846 5182 2852 5184 ⁷
2870 5185 3059 5240 festum
3083 5182 3576 5242 innumerabilium

2010 5261 2306 5325 martyrum
2338 5251 2938 5322 Caesaraugustanorum
2989 5257 3112 5311 inde
3165 5263 3336 5308 crtum
3388 5256 3573 5325 fuisse,

2011 5322 2118 5395 nisi
2149 5332 2266 5395 acta
2298 5337 2482 5395 eorum
2508 5328 2715 5380 veriora
2737 5334 2938 5387 essent,
2967 5342 3126 5395 quam
3160 5335 3215 5380 ut
3251 5325 3373 5379 ullis
3399 5322 3576 5394 suspié

2005 5392 2481 5466 cionibnspossint
2507 5398 2739 5451 concuti.
2789 5392 2997 5466 Eodem
3021 5398 3129 5466 lere
3159 5397 3425 5464 pertinent
3460 5392 3575 5466 «tua:

2005 5461 2059 5514 in
2095 5461 2307 5535 caeteris
2336 5464 2764 5534 Peristephanwn
2790 5461 3174 5535 hymnisrirca'
3189 5468 3388 5522 cultum
3413 5461 3575 5524 et'in-

2000 5534 2340 5588 vocationem
2371 5548 2680 5592 sanctorum
2707 5534 2850 5592 canit
2880 5534 3220 5592 Prudentius.

2067 5624 2143 5693 (ο)
2174 5624 2343 5680 Natali
2368 5627 2419 5682 5.

2054 5735 2300 5806 gernere,
2312 5743 2640 5806 tunepassim
2667 5746 2764 5806 est,
2790 5754 2926 5792 sacra
2945 5751 3150 5806 purgata
3174 5746 3367 5796 medela

2053 5797 2264 5851 Pectora
2287 5797 2532 5854 liminibus
2555 5805 2734 5868 sterni,
2749 5797 2846 5869 iam
2870 5797 3296 5873 me'uteVrefectos,
