4142 6350
501 366 592 423 6⁵11

563 480 701 530 Fellc
726 485 879 541 putat.
902 477 1183 541 calidisque
1200 470 1404 521 animam
1429 484 1631 541 peccare
1651 470 1902 541 medullis._

560 542 667 592 Non
692 536 909 590 mentem
931 552 1015 587 sua
1040 536 1255 585 membra
1279 540 1523 596 premunt,
1556 547 1646 583 nec
1671 541 1835 583 terrea
1864 536 2016 581 virtus

562 602 823 665 Oppugnat
840 613 1013 665 sensus
1036 596 1258 665 liquidos,
1280 594 1477 665 bellove
1497 595 1705 665 lacessit.

564 619 637 665 UP
672 619 823 665 ugnas
840 619 1013 650 sensus
1036 619 1258 659 ιιψιιυυδ,
1283 619 1436 644 ucuut
1450 619 1477 643 c
1497 619 1705 645 ιαιτεδδιι.

564 619 672 715 Sed
687 679 793 713 cum
816 663 1061 724 spiritibus
1086 660 1364 710 tenebrosis
1388 664 1533 707 nocte
1555 658 1737 721 dieque

564 726 934 788 Congredimur.

954 784 1113 833 Facile
1139 786 1216 832 est
1238 781 1436 831 frenare
1459 780 1678 831 rebelles

562 849 779 898 Affectus
815 848 993 896 carnis.

562 911 713 972 hlajor
732 911 861 959 inest
883 911 958 958 vis
984 908 1059 956 illa
1080 907 1291 972 homini,
1306 919 1414 968 quae
1438 904 1590 955 ﬂatile
1608 905 1738 954 virus

563 967 767 1034 Ingerit,
798 980 849 1020 et
873 977 1073 1020 tenuem
1098 968 1234 1019 tenui
1270 967 1386 1017 ferit
1408 980 1525 1017 aere
1552 975 1787 1017 mentem.

502 1074 681 1146 Neque
719 1075 1039 1130 Prudentius
1067 1088 1281 1129 omnem
1316 1074 1527 1142 culpam
1570 1074 1621 1125 in
1652 1071 1959 1125 daemonem
1988 1085 2077 1126 re-

504 1167 633 1241 iicit,
657 1168 751 1224 sed
791 1184 979 1239 magna
1018 1183 1080 1223 es
1119 1177 1270 1239 parte
1298 1166 1365 1221 ad
1392 1165 1568 1222 cordis
1597 1165 1871 1236 animique
1904 1173 2079 1221 motus

507 1259 735 1316 rebelles
765 1268 983 1315 revocat
1008 1274 1149 1314 vers.
1183 1258 1309 1315 553.

566 1374 664 1435 Sed
703 1376 820 1437 quid
867 1386 962 1437 ego
1000 1386 1143 1423 omne
1182 1372 1361 1421 malum
1404 1371 1691 1433 mundique,
1732 1369 2076 1490 horlqrilqiligllqiue

1821 1443 2018 1492 maligni

566 1498 730 1549 Hostis
749 1499 805 1548 ad
826 1498 1046 1547 invidiam
1068 1498 1335 1558 detorqueo
1356 1493 1380 1543 ‘i
1403 1507 1511 1543 cum
1532 1494 1653 1543 mala
1674 1498 1837 1543 nostra

564 1560 637 1609 Ex
664 1562 838 1610 nostris
857 1568 1079 1609 concreta
1102 1556 1291 1617 animis,
1316 1571 1491 1619 genus,
1520 1568 1567 1605 et
1592 1563 1756 1619 caput,
1788 1564 1839 1604 et
1868 1556 1984 1619 vim,

567 1623 691 1680 Quid
710 1628 825 1683 sint,
853 1622 969 1683 quid
996 1621 1203 1679 valeant,
1228 1618 1420 1668 sumant
1444 1620 1507 1667 de
1528 1618 1675 1667 corde
1697 1618 1929 1683 parenti?

563 1679 653 1733 llle
672 1679 883 1746 quidem'
901 1682 1057 1731 fomes
1081 1691 1369 1736 nostrorum,
1400 1686 1451 1746 et
1474 1693 1615 1746 causa
1637 1679 1868 1727 malorum
1896 1687 1986 1731 est.

567 1747 666 1794 Sed
688 1742 871 1806 iantum
896 1746 1093 1794 turbare
1121 1748 1298 1806 potest,
1326 1750 1408 1791 aut
1429 1742 1617 1802 fallere,
1644 1749 1873 1803 quantum

564 1808 662 1856 Nos
697 1805 968 1857 volumus...

568 1868 822 1932 Gignimus
844 1881 989 1919 omne
1012 1867 1188 1917 malum
1214 1866 1409 1930 prOprio
1430 1865 1493 1915 de
1516 1878 1722 1928 corpore
1742 1870 1979 1915 n0strum.

505 1970 757 2042 Plerique
802 1973 1242 2040 interpretantur,
1291 1969 1529 2039 Apostoli
1560 1970 1777 2033 verbis,
1829 1968 2083 2022 Adversus

509 2078 712 2118 carnem
741 2072 787 2118 et
817 2064 1135 2136 sanguinem,
1169 2062 1411 2116 homines
1459 2062 1703 2131 intelligi.
1731 2061 1788 2116 S.
1820 2061 2082 2132 Hierony-

512 2170 629 2210 mus
651 2153 717 2208 ad
743 2169 805 2209 ea
832 2153 992 2208 verba
1042 2152 1314 2207 Prudentii
1359 2152 1851 2222 interpretationem
1885 2152 2047 2208 refert
2066 2196 2081 2221 ,

514 2260 614 2299 nec
634 2244 842 2299 videtur
864 2244 1120 2298 damnare
1147 2244 1248 2315 (a).
1280 2244 1361 2298 Cl.
1388 2243 1605 2298 Teolius
1627 2244 1677 2298 in
1703 2253 1991 2299 comment.
2019 2245 2084 2300 ad

511 2336 651 2391 hunc
694 2320 970 2392 Prudentii
999 2336 1174 2392 locum
1208 2336 1438 2401 notavit,
1472 2336 1676 2390 Estium
1714 2337 1993 2392 sententiae
2025 2337 2082 2392 S.

515 2426 661 2482 Pauli
688 2442 792 2482 non
820 2426 980 2481 alium
1008 2426 1450 2482 commentarium
1473 2426 1781 2495 adhibuisse
1806 2443 1963 2497 quam
1987 2428 2085 2483 hos

514 2528 682 2589 poetze
712 2520 879 2574 nostri
910 2534 1096 2575 versus
1123 2533 1256 2589 quos
1279 2520 1331 2575 in
1360 2534 1424 2574 eo
1462 2520 1692 2575 maxime
1722 2502 2083 2585 commendat,

510 2612 650 2681 quod
680 2612 899 2666 mundus
914 2611 1231 2666 tenebrarum
1259 2611 1443 2664 Irarum
1472 2611 1681 2667 dicatur
1705 2626 1825 2667 esse
1856 2612 2085 2667 mundus

510 2704 596 2759 hic
630 2705 868 2772 inferior,
905 2705 1261 2770 turbulentus,
1299 2713 1457 2773 atque
1484 2704 1835 2774 caliginosus,
1864 2704 1951 2759 cui
1978 2705 2088 2758 dte-

509 2814 692 2855 mones
720 2799 991 2869 przepositi
1039 2808 1164 2851 sunt
1205 2798 1395 2852 merito
1424 2798 1868 2867 transgressionis
1897 2798 2087 2851 huma-

511 2905 594 2945 na:
617 2930 631 2943 .
662 2890 778 2944 sive
816 2890 883 2943 ad
916 2888 1197 2944 tentandos
1227 2888 1501 2954 homines,
1533 2886 1645 2942 sive
1674 2888 1739 2942 ad
1784 2889 2085 2944 nocendum

511 2984 605 3037 cis.
644 2984 799 3055 115
830 2982 989 3037 Certe
1022 2983 1198 3037 Estius
1227 2980 1365 3037 hanc
1394 2980 1850 3051 interpretationis
1880 2992 2085 3053 partem

513 3076 784 3131 Prudentii
814 3076 1131 3130 auctoritate
1158 3075 1494 3142 corroborat,
1526 3090 1755 3147 eumque
1787 3084 1941 3132 vocat
1966 3094 2087 3146 poe-

514 3179 616 3223 tam
670 3168 977 3240 theologum.
1028 3169 1133 3225 Sed
1163 3168 1216 3224 in
1248 3168 1412 3238 prima
1461 3178 1515 3224 et
1564 3168 1829 3239 praecipua
1880 3178 2028 3239 parte
2056 3187 2084 3225 a

514 3262 801 3318 Prudentio
840 3261 1065 3317 dissidet
1086 3305 1101 3331 ,
1131 3270 1185 3316 et
1216 3262 1377 3316 verba
1420 3276 1535 3315 cum
1564 3278 1718 3315 carne
1752 3272 1798 3316 et
1838 3263 2087 3333 sanguine

514 3356 734 3426 intelligi
767 3356 883 3413 vult
926 3371 1030 3411 non
1060 3356 1129 3412 de
1156 3356 1633 3426 concupiscentiis,
1667 3356 1760 3413 sed
1796 3357 1864 3413 de
1912 3356 2085 3413 llomi-

512 3447 687 3505 uibus.

1122 3541 1349 3597 CAPUT
1390 3542 1454 3596 X.

512 3634 684 3689 Lectio
713 3636 951 3690 editionis
987 3636 1215 3703 Vulgata:
1253 3633 1383 3687 Gen.
1420 3648 1497 3701 lu,
1524 3632 1613 3700 15,
1648 3633 1713 3687 Et
1733 3635 1846 3705 ipsa
1865 3643 2085 3689 conteret

583 3735 735 3796 caput
769 3736 943 3793 tuum,
974 3727 1239 3797 insigniter
1271 3741 1331 3778 ea:
1358 3723 1643 3778 Prudentia
1672 3726 1992 3793 conﬁrmata.

588 3818 710 3872 157.
754 3817 1014 3887 Objicitur
1044 3827 1300 3886 praeterea
1327 3815 1637 3880 Prudentio,
1665 3815 1807 3885 quod
1837 3815 1971 3871 Gen.
2007 3831 2082 3883 nl,

516 3908 601 3972 15,
627 3924 687 3963 ea
708 3910 868 3963 verba
897 3910 1105 3978 legerit,
1136 3924 1252 3977 quae
1280 3922 1421 3962 nunc
1450 3921 1634 3962 revera
1658 3906 1711 3961 in
1737 3907 1955 3975 Vulgata
1975 3907 2086 3962 edi-

514 4001 658 4057 tione
697 4001 975 4071 leguntur:
1005 4000 1310 4053 Inimicitias
1344 4015 1531 4068 ponam
1572 4000 1703 4053 inter
1748 4010 1796 4051 te
1834 4008 1879 4053 et
1906 3999 2085 4053 mulie-

518 4092 640 4167 rem,
660 4109 708 4153 et
732 4116 899 4154 semen
921 4108 1085 4162 tuum,
1109 4108 1155 4151 et
1170 4114 1340 4152 semen
1361 4095 1501 4150 illius
1522 4111 1539 4151 :
1560 4096 1673 4165 ipsa
1688 4102 1909 4150 conteret
1934 4104 2086 4165 caput

512 4203 676 4258 tuum,
708 4201 754 4245 et
785 4201 839 4245 tu
868 4190 1187 4245 insidiaberis
1225 4190 1457 4243 calcaneo
1479 4191 1609 4259 ejus.
1642 4187 1961 4243 Prudentius
1989 4186 2085 4241 Ca-

515 4285 855 4339 tltenlerinmn
888 4284 941 4347 5,
966 4296 1107 4337 vers.
1142 4281 1234 4349 121
1262 4300 1275 4335 :

688 4395 885 4445 Conscia
910 4393 1045 4454 culpa
1084 4392 1243 4440 Deum
1277 4394 1494 4453 pavitans

750 4456 881 4504 Sede
909 4456 985 4515 pia
1012 4454 1173 4514 procul
1195 4455 1434 4514 exigitur.

754 4514 936 4563 lnnuba
959 4514 1135 4561 femina
1160 4528 1268 4574 quae
1291 4517 1469 4574 fuerat,

752 4577 979 4636 Conjugis
1000 4577 1187 4637 excipit
1206 4577 1480 4637 imperium,

756 4635 958 4685 lt‘trdera
989 4637 1141 4683 tristia
1173 4635 1302 4693 iussa
1328 4638 1444 4696 pati.

735 4707 869 4747 urtor
895 4705 945 4745 et
970 4699 1075 4758 ipse
1101 4697 1197 4745 doli
1222 4696 1423 4747 coluber

754 4760 988 4809 Plectitur
1007 4760 1271 4819 improbus,
1292 4768 1343 4807 ut
1368 4759 1546 4809 mulier

750 4820 880 4870 Colla
905 4820 1151 4881 trilinguia
1169 4821 1303 4870 calce
1327 4828 1468 4871 terat.

580 4994 653 5066 in)
689 4993 838 5049 Dicat
856 4996 1109 5066 quispiam
1134 5011 1152 5049 :
1186 4995 1297 5048 Hoc
1323 4996 1481 5064 quod,
1504 4994 1608 5059 ait,
1647 5012 1665 5045 ι
1694 4992 1814 5047 Νοη
1840 5002 1911 5047 est
1936 4995 2077 5049 nobis

509 5065 796 5120 colluctatio
820 5065 1059 5120 adversus
1104 5067 1399 5135 sanguinem
1426 5076 1470 5119 et
1506 5080 1731 5125 carnem.
1772 5084 1789 5115 ι
1817 5074 1933 5127 etc.,
1962 5066 2075 5120 ideo

508 5137 607 5191 diri
630 5148 679 5189 ut
710 5136 1005 5203 doceamur,
1045 5154 1107 5191 ne
1133 5153 1189 5191 et
1218 5138 1439 5205 quidem,
1474 5151 1589 5206 qua!
1618 5136 1760 5188 nobis
1801 5137 2076 5190 ministrari

505 5208 622 5261 vitia
651 5217 888 5277 putamus
912 5225 975 5262 ea:
1000 5225 1177 5272 carne,
1205 5208 1374 5259 carnis
1418 5222 1524 5260 esse
1561 5209 1635 5260 vel
1660 5207 1919 5274 sanguinis
1939 5247 1953 5269 ,
1988 5208 2075 5260 sed

505 5295 537 5331 a
566 5279 863 5345 quibusdam
883 5280 1233 5344 spiritualibus
1256 5279 1488 5343 nequitiis
1516 5278 1785 5347 suggeri...
1820 5277 1952 5342 Quia
1971 5279 2073 5329 vult

504 5366 647 5419 ergo,
680 5350 842 5415 aiunt,
871 5351 1141 5421 Apostolus
1163 5366 1253 5401 nos
1296 5350 1493 5411 docere,
1528 5364 1626 5421 non
1665 5364 1727 5421 ea:
1750 5359 1933 5421 natura
1962 5362 2075 5398 cor-

506 5417 645 5487 poris
672 5422 808 5475 etde
833 5417 1047 5475 materia
1084 5421 1255 5473 carnis
1297 5428 1341 5471 et
1378 5419 1644 5487 sanguinis
1693 5417 1798 5469 htrc
1844 5418 2074 5469 vitiorum

507 5504 690 5561 genera
702 5494 980 5561 procreari,
993 5492 1081 5546 sed
1102 5492 1343 5561 instinctu
1357 5489 1667 5544 dwmonum.
1691 5499 1955 5561 praptereu
1982 5490 2073 5561 ait,

510 5557 633 5612 Non
661 5557 731 5611 est
760 5562 920 5625 nobis,
954 5572 1049 5615 etc.
1084 5560 1210 5614 Ideo
1241 5568 1410 5612 autem
1440 5572 1574 5610 nunc
1607 5571 1781 5608 eorum
1802 5557 1889 5627 qui
1917 5559 2080 5627 magi-

508 5630 579 5681 cis
608 5628 834 5699 infelices
859 5632 1049 5685 artibus
1069 5632 1310 5695 serviunt,
1343 5637 1391 5699 et
1421 5632 1587 5697 facere
1613 5628 1709 5679 ista
1728 5626 2073 5699 perhibentur,

509 5697 739 5768 exempla
759 5702 1059 5769 protulimus
1078 5743 1094 5767 ,
1126 5712 1180 5754 ut
1210 5698 1543 5754 retundamus
1571 5712 1745 5769 eorum
1788 5697 2077 5769 opinionem

546 5772 594 5820 ui
618 5767 797 5835 putant
823 5771 995 5824 omnia
1020 5773 1138 5823 vitia
1168 5788 1271 5825 esse
1295 5770 1463 5823 carnis
1489 5776 1535 5821 et
1566 5767 1850 5835 sanguinis,
1886 5775 1929 5817 et
1962 5768 2078 5820 nul-

535 5854 616 5891 am
640 5838 821 5899 habere
843 5841 1093 5897 detinentes
1113 5852 1433 5907 potestatem,
1460 5850 1511 5894 ut
1537 5856 1625 5896 nos
1646 5838 1849 5893 incitent
1874 5837 1941 5889 ad
1960 5852 2076 5899 pec-

1878 338 2336 413 PRUDENTIUS.
3266 336 3267 339 ‘
3656 357 3721 407 in

2106 468 2159 526 Α
2338 496 2342 501 ς
2428 466 2508 515 Sic
2531 465 2731 515 coluber
2756 464 2994 514 muliebre
3018 464 3171 512 solum

3729 358 3759 409 '2

2430 528 2653 590 SuSpicit,
2680 535 2825 588 atque
2845 532 2994 577 virum
3015 526 3201 590 mulier.

2367 588 2493 638 Ecce
2521 588 2653 638 venit
2689 602 2807 639 nova
2831 589 3108 649 progenies,

2431 651 2635 701 Ethere
2656 650 2875 711 proditus
2895 650 3017 700 alter
3037 651 3197 709 homo,

2431 713 2537 762 Non
2572 712 2756 773 luteus,
2788 714 2918 761 velut
2944 711 3025 760 ille
3053 715 3202 774 prior,

2426 775 2524 836 Sed
2548 774 2682 822 Deus
2711 777 2815 836 ipse
2836 786 3015 833 gerens
3048 774 3305 825 hominem.

2427 835 2791 897 Corporeisque
2814 848 2986 883 carens
3012 836 3153 884 vitiis.

2367 897 2445 947 Fit
2468 911 2582 947 caro
2614 898 2788 958 vivida,
2814 910 2972 945 sermo
2999 897 3177 957 Patris,

2428 958 2635 1007 Numine
2659 972 2805 1020 quem
2830 957 3057 1007 rutilante
3076 962 3239 1020 gravis

2430 1020 2535 1069 Non
2558 1020 2783 1081 thalamo,
2812 1033 2976 1079 neque
3000 1021 3107 1079 iure
3138 1024 3247 1081 tori,

2429 1081 2533 1131 Nec
2555 1082 2827 1142 genialibus
2853 1081 3094 1131 illecebris

2431 1143 2728 1193 lntemerata
2752 1142 2909 1204 puella
2938 1146 3080 1203 parit.

2367 1205 2472 1255 Hoc
2495 1206 2659 1253 odium
2683 1214 2827 1253 vetns
2852 1204 2965 1252 illud
2992 1212 3115 1262 erat,

2424 1268 2529 1329 Hoc
2546 1274 2651 1315 erat
2671 1266 2866 1329 aspidis,
2893 1274 3038 1329 atque
3063 1267 3270 1315 hominis

2430 1328 2755 1389 Digladiablle
2787 1328 3055 1390 dissidibm,

2429 1390 2566 1448 Quod
2594 1390 2736 1438 modo
2761 1404 2938 1438 cernua
2963 1390 3187 1439 femineis

2428 1452 2607 1513 Vipera
2636 1454 2900 1513 proteritur
2922 1452 3145 1513 pedibus.

2368 1510 2529 1563 Edere
2553 1510 2760 1575 namque
2793 1510 2949 1560 Deum
2977 1516 3149 1562 merita

2431 1575 2602 1637 ania
2622 1577 2757 1637 virgo
2776 1588 2967 1623 venena
2985 1575 3178 1637 domat:

2426 1636 2681 1685 Tractibus
2700 1634 2878 1697 anguis
2899 1634 3193 1697 inexplicitis

2433 1698 2579 1746 Virus
2616 1700 2805 1747 inerme
2832 1699 2971 1758 piger
2996 1700 3200 1748 revomit

2433 1758 2659 1809 Gramine
2676 1758 2896 1809 concolor
2920 1762 2968 1807 iu
2994 1760 3149 1809 viridi.

2106 1838 2154 1898 Β
2186 1864 2324 1932 Quid
2356 1864 2612 1919 illustrius
2632 1864 2699 1919 ad
2724 1863 2961 1933 Vulgata:
2989 1864 3273 1919 lectionem
3304 1862 3761 1918 conﬁrmandam!

2188 1955 2323 2023 Quid
2345 1955 2542 2010 clarius
2572 1956 2638 2009 ad
2667 1956 3060 2011 immaculatum
3092 1954 3335 2024 Deiparaa
3358 1956 3766 2023 conceptionem

2186 2045 2554 2101 Stabiliendam
2583 2045 2606 2097 ‘l
2647 2046 2809 2100 Aiunt
2840 2045 3075 2101 haeretici
3118 2046 3462 2101 Prudentium
3493 2048 3767 2116 exemplar

2186 2138 2400 2207 aliquod
2441 2147 2750 2205 corruptum
2793 2152 3067 2193 sacrorum
3106 2137 3363 2192 librorum
3405 2138 3617 2208 legisse.
3658 2138 3767 2193 Sed

2196 2243 2293 2283 cur
2318 2237 2627 2299 corruptum
2666 2229 2793 2285 illud
2824 2238 2941 2285 erat
2981 2230 3291 2299 exemplar?
3317 2230 3439 2299 quia
3470 2231 3677 2285 scilicet
3704 2246 3767 2286 ea

2189 2321 2354 2377 verba
2378 2322 2447 2377 ibi
2476 2323 2621 2393 legit,
2662 2339 2779 2393 qua:
2809 2323 2909 2392 ipsi
2944 2323 3148 2377 nollent
3173 2322 3392 2389 scripta.
3424 2323 3500 2377 Ita
3531 2340 3637 2377 non
3664 2324 3766 2379 alia

2188 2418 2395 2472 ratione
2428 2418 2558 2471 tueri
2591 2425 2836 2485 possunt,
2883 2416 3165 2471 lectionem
3200 2415 3437 2483 Vulgata:
3482 2428 3605 2470 esse
3648 2429 3765 2469 cor-

2188 2516 2429 2578 ruptam,
2458 2494 2558 2562 uisi
2589 2507 2857 2562 affirmem
2878 2552 2891 2575 ,
2919 2507 3030 2576 jam
3063 2522 3115 2560 lv
3158 2507 3359 2561 saeculo
3417 2506 3763 2562 Prudentium

2186 2607 2279 2655 aut
2304 2616 2407 2653 uno
2454 2609 2544 2653 aut
2592 2599 2831 2667 pluribus
2880 2598 3272 2667 exemplaribus
3310 2601 3577 2668 corruptis
3614 2614 3764 2653 usum

2188 2692 2377 2748 fuisse.
2400 2692 2575 2760 Quid?
2600 2692 2741 2762 quod
2768 2691 3141 2761 interpretatio
3166 2707 3194 2745 a
3221 2691 3507 2746 Prudentia
3528 2691 3766 2746 adhibita

2188 2788 2318 2842 satis
2348 2785 2652 2855 persuadet,
2697 2801 2803 2839 non
2826 2784 2998 2839 solum
3022 2784 3131 2852 jam
3161 2792 3287 2837 tunc
3315 2797 3512 2853 passim
3538 2782 3609 2836 ita
3639 2782 3765 2853 legi,

2189 2878 2284 2933 sed
2313 2879 2473 2933 etiam
2503 2877 2567 2931 ad
2591 2877 2652 2931 Β.
2683 2876 2984 2946 Virginem,
3028 2876 3197 2929 omnia
3225 2891 3416 2929 venena
3447 2875 3766 2943 domantem,

2188 2971 2323 3041 quod
2364 2969 2531 3025 Deum
2578 2969 2725 3022 edere
2774 2969 2953 3021 merita
2982 2968 3167 3037 fuerit,
3203 2967 3303 3020 hoc
3346 2975 3456 3033 est,
3498 2967 3618 3020 sine
3652 2968 3768 3021 labe

2191 3072 2535 3131 conceptam,
2588 3060 2763 3115 locum
2813 3060 2963 3113 illum
3001 3059 3157 3130 116
3196 3057 3419 3113 Genesis
3467 3058 3767 3127 applicari?

2193 3157 2307 3212 Non
2337 3156 2479 3211 enim
2519 3155 2708 3225 ﬁnges,
2740 3163 2854 3218 aut,
2885 3152 2932 3206 si
2956 3152 3047 3207 tibi
3090 3152 3278 3221 ﬁngas,
3309 3151 3439 3205 milii
3474 3151 3723 3220 probabis
3749 3192 3765 3217 ,

2190 3249 2531 3305 Prudentium
2556 3264 2621 3303 ex
2655 3262 2761 3302 uno
2790 3246 2874 3301 vel
2904 3247 3075 3301 altero
3108 3253 3359 3313 corrupto
3382 3244 3675 3313 exemplari
3703 3259 3764 3298 ea

2188 3343 2353 3398 verba
2380 3342 2695 3411 arripuisse,
2723 3340 2916 3410 quibus
2950 3353 3139 3392 novam
3172 3339 3286 3407 ipse
3321 3351 3473 3391 suam
3498 3338 3766 3406 interpre-

2188 3438 2439 3491 tationem
2487 3435 2754 3489 fundaret.
2785 3432 2892 3487 Cur
2932 3442 3107 3486 autem
3135 3441 3239 3485 tam
3272 3431 3610 3501 perspicuam
3640 3428 3764 3484 Pru-

2185 3529 2352 3584 dentii
2394 3528 2768 3583 auctoritatem
2823 3527 2855 3579 ii
2900 3525 3231 3594 potissimum
3277 3538 3385 3577 non
3424 3530 3643 3591 urgent,
3676 3522 3764 3590 qui

2187 3620 2247 3674 Β.
2270 3620 2447 3673 Mariae
2474 3619 2847 3673 intemeratam
2873 3615 3282 3684 conceptionem
3304 3622 3382 3667 tot
3402 3612 3764 3667 voluminibus

2187 3711 2341 3767 editis
2373 3710 2755 3779 propugnant?
2785 3708 2915 3762 Nam
2937 3706 3087 3770 Alva,
3121 3706 3211 3774 qui
3243 3706 3297 3758 in
3321 3719 3381 3758 ea
3408 3718 3563 3757 causa
3594 3703 3762 3757 eﬂ'nse

2187 3810 2431 3857 versatus
2467 3810 2579 3865 est,
2646 3800 2696 3853 in
2750 3799 2930 3853 Militia
2968 3796 3332 3863 conceptionis
3377 3796 3462 3848 vix
3502 3794 3753 3862 pauculos

2188 3891 2467 3949 Prudentii
2499 3906 2705 3955 versus,
2751 3890 2888 3960 apud
2932 3889 3218 3944 Eusebium
3268 3888 3609 3954 Nierernberg
3634 3899 3664 3937 a
3694 3900 3755 3939 se

2190 3987 2381 4054 lectos,
2416 3985 2469 4039 in
2499 3984 2729 4037 medium
2765 3984 2979 4053 protulit
3020 3981 3118 4051 (ὁ).
3150 3979 3632 4041 MelchiorCanus,
3663 3978 3760 4033 lib.

2187 4092 2259 4131 vlt
2300 4076 2368 4131 de
2402 4075 2529 4130 Loc.
2561 4074 2817 4143 theolog.,
2848 4088 2967 4140 cap.
2993 4071 3046 4139 5,
3083 4072 3180 4126 bac
3209 4072 3292 4124 via
3316 4070 3577 4139 potuisset
3606 4084 3766 4138 argu-

2188 4176 2425 4221 mentum
2449 4164 2768 4220 Achillicum
2798 4164 3003 4218 Erasmi
3030 4162 3293 4228 refellere,
3327 4176 3431 4230 quo
3457 4161 3503 4215 is
3522 4162 3763 4215 omnium

2186 4271 2494 4315 sanctorum
2530 4258 2837 4313 testimonio
2861 4272 2965 4311 non
3008 4272 3065 4311 se
3104 4256 3372 4310 existimat
3401 4254 3760 4319 obruendum,

2187 4355 2448 4424 siquando
2474 4354 2742 4410 universis
2768 4350 3142 4420 repugnaverit
3169 4367 3181 4401 :
3220 4363 3339 4402 nam
3376 4352 3549 4402 sancti
3576 4363 3766 4402 omnes

2188 4447 2280 4517 qui
2308 4448 2361 4502 in
2393 4447 2507 4516 ejus
2536 4446 2614 4501 rei
2661 4446 2988 4500 mentionem
3040 4443 3369 4508 inciderunt,
3403 4457 3511 4496 uno
3551 4458 3677 4508 ore,
3709 4452 3767 4495 ut

2146 4540 2351 4609 "jactat
2372 4540 2645 4606 Erasmus,
2678 4537 3128 4593 asseveraruntB.
3164 4536 3430 4605 Virginem
3460 4538 3513 4591 ill
3544 4548 3766 4607 peccato

2190 4631 2438 4701 originali
2461 4639 2794 4699 conceptam.
2827 4629 3003 4685 Canus
3030 4646 3134 4683 rem
3163 4630 3320 4695 hanc,
3352 4631 3483 4682 alias
3523 4632 3767 4701 gravissi-

2190 4739 2348 4788 mam,
2380 4723 2569 4777 nullius
2596 4724 2649 4777 in
2675 4721 2970 4777 Christiana
2994 4722 3239 4791 religione
3270 4736 3376 4775 esse
3411 4721 3654 4773 momenti
3687 4736 3765 4774 re-

2191 4816 2438 4886 spondet.
2464 4816 2646 4885 Nulla,
2672 4816 2863 4885 inquit,
2894 4814 3038 4881 mihi,
3070 4818 3233 4885 fateor
3273 4814 3514 4883 ingenue.
3544 4814 3651 4867 alia
3682 4816 3763 4867 via

2183 5006 2372 5051 catum.
2408 4998 2473 5051 Et
2504 5005 2624 5061 post
2652 4998 2845 5049 multa:
2883 4995 3145 5049 Prouxsus
3175 4998 3393 5064 forsitan
3432 5012 3585 5063 quam
3609 4997 3765 5049 lector

2183 5069 2427 5125 voluerit.
2478 5068 2540 5121 de
2584 5067 2680 5119 hoc
2723 5067 2945 5136 capitulo
2984 5067 3292 5136 disputatum
3328 5066 3430 5117 sit:
3469 5068 3559 5119 sed
3594 5083 3765 5128 quieto

2184 5139 2269 5193 det
2308 5139 2502 5191 veniam
2534 5138 2816 5206 difﬁcultati
2845 5138 3005 5205 ipsius
3034 5137 3151 5197 loci.
3183 5145 3231 5189 ct
3259 5152 3489 5206 persona:
3515 5137 3765 5205 Ephesio-

2181 5226 2317 5273 rum,
2344 5211 2427 5277 qui
2456 5220 2563 5277 post
2588 5204 2724 5261 artes
2762 5204 2985 5278 magicas
3025 5207 3152 5259 scire
3188 5204 3462 5260 debuerant
3482 5247 3495 5270 ,
3523 5204 3763 5275 aquibus

2180 5278 2396 5349 fuissent
2418 5278 2692 5349 aliquando
2715 5278 2929 5342 decepti.

2256 5350 2331 5416 (li)
2352 5346 2527 5412 Plaza',
2555 5350 2751 5413 aliique
2774 5364 2841 5401 ne
2859 5348 3133 5401 nominant
3154 5347 3367 5415 quidem
3386 5346 3759 5401 Prudentium.

2187 5418 2252 5472 Et
2284 5420 2384 5473 hoc
2403 5422 2630 5473 maxime
2648 5418 2985 5471 desideratur
3009 5420 3058 5470 in
3082 5432 3244 5485 opere
3274 5418 3443 5470 l‘lazae
3471 5419 3538 5470 ita
3572 5419 3762 5471 inscri-

2185 5500 2311 5559 pto:
2344 5488 2515 5543 Causa
2560 5490 2900 5542 immaculata:
2937 5487 3413 5559 conceptionisSS.
3449 5487 3637 5559 Matris
3671 5488 3762 5539 Dei

2186 5558 2373 5612 Maria:
2396 5559 2615 5613 dominre
2643 5572 2827 5613 nostra:
2842 5559 3000 5612 sacris
3027 5558 3321 5612 testimoniis
3344 5559 3522 5610 ordine
3545 5558 3765 5611 chrono-

2186 5630 2383 5711 logico,
2425 5631 2656 5711 utrinque
2705 5630 2975 5712 allegatis,
3022 5638 3068 5683 et
3119 5630 3421 5712 adlexamen
3452 5629 3764 5712 theologica-

2186 5697 2413 5770 criticum
2435 5702 2697 5770 revocatis,
2737 5697 2964 5770 agitata,
2990 5708 3037 5753 et
3066 5697 3324 5770 conclusa,
3357 5710 3565 5753 auctore
3598 5698 3763 5755 Bene»

2158 5772 2321 5833 .dicto
2356 5769 2519 5825 Plasa
2543 5771 2602 5827 S.
2636 5769 2686 5824 Ι.
2722 5768 2968 5826 Panormi
3002 5768 3156 5824 1747.
