4142 6350
343 310 449 411 ετξ.

338 572 632 616 sanctorum
652 560 1011 615 auctoritatem
1037 569 1184 614 acute
1216 558 1306 613 ille
1326 558 1532 628 quidem
1570 558 1779 613 tentavit
1810 560 1919 612 elu-

340 654 477 707 dere.
510 652 565 706 ln
591 651 885 708 Prudentio
913 661 1091 707 autem
1124 651 1314 707 videre
1356 651 1479 706 licet
1521 650 1672 720 piam
1702 659 1920 705 senten-

340 746 494 811 tiam,
519 760 623 800 non
642 748 813 801 solum
837 745 1049 816 qualem
1074 745 1306 815 theologi
1332 742 1619 813 explicant,
1644 742 1739 797 sed
1761 742 1923 797 etiam

337 838 552 907 qualem
582 840 814 908 pictores
861 838 997 893 vivis
1028 837 1299 893 coloribus
1330 837 1666 907 exprimunt,
1701 835 1914 905 depicta

340 930 577 999 imagine
607 930 878 999 Deipara),
906 930 1060 999 cujus
1092 929 1314 999 pedibus
1352 944 1571 982 cernuus
1599 928 1779 999 anguis
1807 943 1926 996 pro-

338 1024 543 1091 teritur,
585 1022 823 1077 tractibus
851 1023 1162 1095 inexplicitis
1192 1024 1327 1076 virus
1357 1023 1550 1076 inerme
1572 1037 1851 1075 revontens.

416 1114 542 1167 158.
575 1113 718 1168 ldem
748 1114 924 1168 Canus
968 1115 1109 1168 inter
1139 1113 1333 1169 menda
1368 1129 1486 1183 quae
1507 1129 1571 1167 ex
1613 1113 1817 1167 incuria
1846 1112 1926 1165 vi-

340 1202 535 1260 delicet
559 1206 1043 1277 typographorum,
1084 1215 1175 1261 aut
1213 1221 1399 1261 eorum
1423 1206 1513 1275 qui
1548 1205 1883 1272 exscripscre
1905 1244 1922 1271 .

339 1296 613 1367 imperitia
646 1297 699 1351 in
737 1298 905 1352 sacris
950 1298 1170 1353 Litteris
1212 1298 1603 1366 obrepserunt,
1649 1303 1926 1351 enumerat

340 1402 462 1442 eum
495 1388 669 1443 locum
704 1386 951 1455 Genesis,
985 1388 1054 1442 Et
1078 1390 1195 1456 ipsa
1222 1399 1446 1444 conteret
1476 1400 1631 1457 caput
1658 1400 1803 1443 tuum
1830 1402 1926 1458 pro

339 1479 408 1534 Et
436 1483 625 1550 ipsum,
670 1498 863 1553 nempe
892 1497 1109 1547 semen.
1155 1492 1249 1538 aut
1294 1486 1432 1554 ipse,
1466 1485 1604 1554 quod
1653 1494 1802 1553 putat
1832 1498 1928 1553 po-

340 1572 513 1627 suisse
544 1573 775 1641 primum
816 1575 1191 1644 interpretem,
1216 1576 1307 1644 qui
1330 1590 1514 1630 semen
1539 1577 1594 1629 in
1628 1576 1927 1630 masculino

339 1679 537 1736 genere
563 1667 877 1731 transtulit,
912 1682 1026 1721 rem
1075 1667 1422 1737 signiﬁcatam
1464 1668 1801 1737 perpendens
1824 1708 1837 1732 ,
1862 1684 1928 1723 ex

341 1760 669 1829 Hieronymo
700 1761 754 1815 in
772 1760 974 1827 Quaest.
1010 1760 1172 1814 Hebr.
1206 1761 1261 1814 In
1288 1763 1477 1815 eadem
1506 1774 1631 1816 sunt
1660 1762 1927 1817 sententia

1701 349 2161 408 PROLEGOMEN
2173 352 2230 408 A.

234 528 243 533 _
338 465 503 539 patuit
528 467 595 518 ad
630 464 760 520 illud
803 462 1009 520 Erasmi
1046 473 1406 538 argumentum
1450 462 1789 531 eludendum,
1817 482 1916 533 quo
1943 472 1995 532 Α
2022 482 2217 535 rnanr,
2250 464 2479 519 nondum
2504 464 2712 520 inventa
2736 465 2834 535 fuit
2857 465 3123 534 Augustini
3147 474 3467 539 tempore,et
3490 483 3613 542 cap;

3512 353 3613 409 674

2028 564 2097 619 15
2126 581 2138 615 :
2172 561 2417 628 Quamvis
2462 575 2583 631 ergo
2621 558 2841 614 Patrum
2869 560 3075 629 quidem
3106 572 3155 615 to
3186 578 3297 618 IPSA
3336 565 3608 635 retineant,

2028 655 2364 725 praedicatum
2394 662 2563 707 tamen
2590 666 2865 708 CONTERET
2887 666 3055 707 csrur
3082 670 3175 708 nec
3195 666 3494 726 agnoscunt,
3524 674 3614 715 nec

2028 756 2309 817 exponunt.
2338 746 2493 814 Quod
2542 745 2663 803 ideo
2710 745 2862 811 dicit,
2901 745 3025 815 quia
3058 748 3300 802 nonnulli
3330 747 3612 818 legerunt:

2028 842 2143 911 ipsa
2170 854 2517 897 OBSERVABIT.
2548 838 2735 910 Neque
2765 838 2945 895 verius
2985 838 3175 895 eodem
3206 854 3327 908 cap.
3352 852 3619 911 oppugnat

2030 932 2373 988 Franciscum
2422 932 2782 1003 Brugensem,
2814 930 2901 1000 qui
2942 930 3133 1000 probat
3162 930 3472 999 lectionem,
3505 946 3615 987 IPSA

2029 1043 2328 1093 conrsnnr,
2353 1028 2518 1083 textui
2545 1026 2807 1083 Hebraico
2835 1040 2939 1082 non
2972 1039 3294 1096 repugnare.
3324 1025 3492 1095 Negat
3514 1024 3617 1079 ibi-

2030 1123 2148 1179 dem
2179 1122 2461 1180 commoda
2492 1121 2854 1192 expositione,
2889 1135 3049 1191 quam
3078 1118 3459 1186 Bellarminus,
3495 1118 3625 1173 Bru-

2028 1216 2230 1287 gensis,
2262 1215 2467 1285 aliique
2492 1215 2770 1279 exhibent,
2806 1212 3088 1269 lectionem
3120 1211 3401 1282 Vulgatam
3454 1211 3622 1280 accipi

2029 1322 2208 1378 posse.
2253 1307 2448 1363 Verum
2492 1307 2865 1363 Heterodoxus
2901 1305 3117 1361 Grotius
3148 1305 3380 1374 ingenue
3428 1303 3625 1359 fatetur

2028 1416 2247 1457 sensum
2280 1401 2412 1456 satis
2434 1401 2777 1456 commodum
2801 1416 2871 1455 ex
2895 1414 2955 1455 ea
2983 1398 3215 1454 lectione
3241 1398 3379 1454 erui.
3405 1398 3520 1452 Hoc
3549 1406 3626 1450 ta-

2032 1512 2154 1551 men
2212 1494 2439 1561 fatebor,
2489 1495 2845 1565 antiquiorem
2898 1504 3081 1555 nostro
3105 1502 3262 1564 poeta
3294 1492 3562 1547 neminem
3593 1505 3623 1546 a

2036 1602 2123 1642 me
2152 1587 2345 1653 visum,
2377 1586 2466 1656 qui
2492 1586 2635 1641 clare
2663 1587 2856 1656 legerit
2881 1601 3179 1651 conrnnnr,
3215 1584 3309 1640 sed
3339 1599 3445 1639 non
3467 1582 3622 1637 dubi-

2033 1689 2089 1735 to
2109 1681 2236 1750 quin
2286 1679 2376 1734 alii
2409 1680 2821 1749 praecesserint:
2847 1687 2902 1734 et
2929 1678 3113 1748 hymni
3143 1678 3359 1748 quidem
3389 1676 3625 1731 Pruden-

2034 1773 2187 1837 tiani,
2244 1772 2297 1828 in
2349 1772 2532 1827 multis
2593 1772 2836 1827 ecclesiis
2891 1773 3170 1840 celebrati,
3228 1772 3359 1827 satis
3400 1771 3627 1840 probant

343 1867 466 1908 cum
491 1852 602 1916 alii,
635 1862 742 1906 lum
784 1852 987 1906 Natalis
1017 1852 1323 1908 Alexander
1371 1855 1425 1907 in
1455 1854 1670 1909 dissert.
1704 1854 1772 1909 de
1802 1853 1931 1908 Vui-
1960 1853 2009 1916 Β
2034 1879 2194 1933 quam
2246 1864 2549 1918 communis
2592 1872 2718 1919 tunc
2765 1864 2923 1919 fuerit
2979 1866 3246 1919 sententia
3298 1863 3367 1919 de
3414 1863 3629 1933 Virgine

345 1956 467 2016 gata
496 1946 553 2001 S.
582 1944 779 2015 Script.
808 1947 1075 2002 versione.
1110 1946 1215 2001 Sed
1244 1962 1351 2002 non
1374 1948 1660 2003 advertunt
1693 1950 1931 2018 potuisse

346 2053 468 2093 esse
495 2048 818 2109 corruptum.
838 2048 1041 2093 textum
1084 2040 1399 2107 Hebraeum,
1432 2056 1553 2095 cum
1583 2056 1773 2096 revera
1810 2042 1931 2096 Bel-

343 2130 629 2197 larminus,
675 2133 767 2186 lib.
799 2147 836 2185 ιι
862 2132 930 2186 de
967 2132 1146 2187 Verbo
1178 2132 1293 2196 Dei,
1342 2146 1459 2201 cap.
1493 2132 1581 2195 12,
1614 2132 1807 2201 legerit
1834 2148 1929 2188 co-

342 2221 513 2276 dicem
577 2223 630 2276 in
659 2238 765 2293 quo
794 2223 1049 2294 scriptum
1087 2234 1203 2279 erat
1235 2224 1497 2281 Hebraice
1524 2227 1657 2294 ipsa.
1691 2226 1757 2281 Et
1785 2227 1927 2297 quod

346 2329 443 2369 vox
475 2314 696 2370 Hebraea
724 2331 845 2385 quae
868 2331 961 2385 per
982 2318 1147 2388 ipsum
1178 2317 1445 2387 redditur,
1478 2318 1744 2389 signiticet
1764 2320 1929 2374 etiam

346 2407 483 2476 ipsa,
516 2407 757 2476 quamvis
784 2408 962 2464 minus
1008 2410 1314 2480 frequenter
1362 2412 1431 2465 ita
1473 2412 1800 2481 accipiatur,
1832 2414 1931 2467 do-

343 2511 466 2556 cent
495 2511 743 2558 auctores
770 2503 964 2573 lingute
994 2504 1272 2560 llebraicae
1295 2506 1627 2574 peritissimi.
1656 2506 1714 2562 S.
1748 2509 1930 2577 Augu-

343 2596 516 2651 stinus
540 2596 608 2651 ad
637 2596 889 2652 editionis
934 2606 1132 2653 nostra:
1173 2599 1458 2654 lectionem
1506 2603 1712 2656 accedit
1745 2602 1835 2656 lib.
1872 2618 1929 2657 xt

344 2686 409 2742 de
431 2688 629 2743 Genesi
662 2689 727 2743 ad
752 2690 858 2756 lit.,
889 2704 1007 2760 cap.
1031 2689 1099 2744 36
1133 2687 1481 2746 :Inimicitias
1506 2708 1695 2762 ponam
1724 2693 1855 2746 inter
1884 2702 1930 2747 te

345 2791 390 2835 et
416 2784 696 2850 mulierem,
726 2792 777 2837 et
805 2784 935 2838 inter
962 2800 1132 2839 semen
1162 2795 1305 2840 tuum
1325 2796 1373 2840 et
1400 2804 1567 2842 semen
1606 2789 1769 2845 illius.
1802 2778 1931 2861 Ipsa

355 2875 508 2945 117
540 2874 627 2927 tibi
656 2875 873 2929 servabit
894 2888 1069 2946 caput,
1092 2887 1139 2931 et
1160 2888 1212 2931 tu
1230 2879 1453 2933 servabis
1474 2882 1582 2951 ejus
1610 2882 1926 2935 calcaneum.

348 2966 414 3021 Et
442 2967 537 3021 lib.
572 2968 704 3022 nde
748 2968 944 3024 Genesi
995 2969 1252 3025 adversus
1296 2972 1653 3039 Manichmos,
1694 2989 1811 3044 cap.
1859 2976 1927 3028 6:

351 3058 480 3127 Ipsa
498 3070 636 3114 tuum
668 3062 945 3115 observabit
973 3072 1147 3132 caput,
1175 3071 1220 3116 et
1252 3072 1307 3116 tu
1328 3063 1620 3119 calcaneum
1640 3065 1802 3120 illius.
1832 3065 1932 3120 Pa-

349 3156 486 3211 riter
501 3155 556 3209 S.
598 3155 936 3223 Ambrosius,
967 3156 1035 3211 de
1066 3157 1209 3227 Fuga
1241 3158 1422 3213 saeculi
1446 3173 1562 3228 cap.
1596 3159 1663 3213 7:
1689 3158 1814 3229 Ipsa
1843 3160 1931 3215 tibi

347 3250 627 3306 obseruabit
656 3262 833 3321 caput;
866 3262 910 3304 et
938 3260 994 3304 tu
1023 3251 1163 3305 illius
1190 3252 1505 3305 calcaneunt.
1545 3249 1801 3307 Claudius
1827 3252 1931 3307 Ma-
1957 3233 2005 3300 θ

347 3342 459 3398 rius
488 3342 762 3399 Victorius
784 3344 984 3398 saeculo
1015 3359 1045 3397 v
1070 3344 1121 3397 in
1152 3342 1384 3399 Genesin
1410 3361 1421 3397 :

566 3482 579 3523 ς
594 3457 809 3523 Pedibus
831 3470 997 3520 repes,
1024 3464 1076 3507 et
1099 3464 1299 3519 pectore
1328 3471 1495 3520 prono,

406 3520 444 3569 Τ
514 3520 580 3569 ne
602 3527 686 3570 tuo
710 3522 886 3569 mulier
909 3523 1121 3582 perimet
1142 3534 1249 3569 cum
1268 3524 1461 3576 semine
1504 3522 1643 3583 cujus

408 3533 618 3630 Caeiiidus
643 3585 882 3630 extremis
905 3590 1091 3630 tantum
1117 3583 1413 3630 insidiabere
1435 3561 1629 3630 uiantis.

408 3561 619 3644 arma
627 3561 703 3632 ’ἐχ
710 3561 882 3632 ῐῖἔὶἐιῖὲ
905 3561 1097 3631 natat;
1105 3561 1629 3644 ἰιῖεὲὶιίεἶιῖἒὲἕῖιίεἷιῖἶὲξ

410 3643 475 3695 Ut
498 3645 746 3707 trepidans
768 3646 915 3695 etiam
936 3646 1081 3707 capiti
1103 3646 1308 3707 vestigia
1334 3643 1463 3707 ligat.

346 3748 551 3805 Eadem
584 3758 741 3804 aetate
769 3747 1009 3804 Alcimus
1038 3751 1225 3805 Avitus
1256 3750 1573 3805 Viennensis
1617 3751 1928 3821 episcopus,

347 3841 588 3912 Vulgatze
616 3843 896 3898 lectionem
931 3842 1309 3912 Prudentiique
1326 3842 1821 3913 interpretationem
1841 3858 1929 3900 se-

346 3943 503 3990 cutus
532 3942 615 3988 est
640 3933 735 3989 lib.
769 3950 825 3988 ιιι
850 3933 1080 3989 Genes.:

412 4025 536 4091 Qlim
559 4027 674 4089 erit,
696 4033 750 4075 ut
772 4040 947 4077 sexum
971 4026 1468 4091 muliebrempronus
1491 4028 1685 4091 adores,

414 4088 561 4151 Cujus
584 4097 636 4137 tu
659 4088 932 4151 quanquam
951 4088 1135 4150 pavidae
1160 4090 1458 4139 insidiabere
1482 4093 1621 4140 calci.

412 4150 647 4213 (pateret
665 4162 758 4199 una
778 4150 919 4212 caput
942 4153 1138 4199 tandem
1161 4152 1249 4200 tibi
1268 4154 1447 4201 femina
1470 4154 1668 4213 victrix,

412 4212 817 4275 Nascendumque
846 4214 990 4263 etiam
1014 4214 1097 4261 tali
1120 4214 1184 4264 de
1216 4214 1387 4276 stipite
1410 4226 1636 4277 germen.

351 4316 502 4373 Alios
524 4317 855 4373 recentiores
868 4318 1086 4373 omitto.
1112 4317 1235 4373 Haec
1253 4317 1393 4373 enim
1414 4317 1626 4373 abunde
1639 4316 1932 4387 sufﬁciunt,

350 4418 411 4464 ut
434 4410 646 4481 penitus
675 4409 949 4465 refellatur
976 4410 1314 4466 Abrahamus
1342 4410 1601 4466 Costerus
1641 4412 1695 4466 in
1728 4426 1826 4467 suo
1872 4412 1938 4465 li-

351 4500 526 4558 bello:
560 4502 760 4561 Vindex
779 4504 879 4558 loci
905 4502 966 4559 S.
998 4504 1281 4573 Scriptura:
1302 4503 1487 4560 Cenes.
1516 4521 1595 4573 tu,
1621 4505 1710 4573 15,
1739 4522 1772 4559 a
1798 4506 1938 4561 vitio-

2037 1964 2326 2009 conterente
2350 1965 2502 2027 caput
2528 1957 2793 2026 serpentis,
2828 1955 2933 2011 hoc
2961 1966 3067 2021 est,
3100 1966 3379 2025 peccatum
3397 1956 3629 2025 origina-

2034 2047 2107 2114 le,
2143 2056 2199 2101 ut
2229 2047 2327 2103 SS.
2359 2047 2548 2104 Patres
2578 2060 2631 2103 et
2662 2049 2981 2119 interpretes
3009 2059 3302 2119 exponunt.
3324 2048 3630 2105 Mazocbius

2032 2137 2085 2192 in
2115 2139 2281 2193 addit.
2316 2142 2382 2193 ad
2416 2140 2654 2207 Junium,
2685 2154 2803 2211 pag.
2832 2141 2937 2195 990
2984 2151 3113 2195 tom.
3145 2140 3209 2194 ΙΙΙ
3241 2140 3449 2196 calend.
3486 2132 3623 2210 prai-

2030 2230 2173 2286 clare
2219 2231 2492 2287 Ambrosii
2535 2233 2712 2288 locum
2768 2248 2933 2289 serm.
2965 2233 3036 2288 22
3064 2234 3117 2288 in
3141 2234 3278 2304 psal.
3312 2248 3492 2301 cxvm,
3527 2247 3626 2303 pro

2030 2326 2293 2379 sententia
2319 2324 2400 2393 pia
2424 2324 2682 2394 explicat.

2640 2438 2865 2496 CAPUT
2913 2440 3003 2495 XI.

2032 2550 2187 2607 Ritus
2224 2553 2576 2627 ecclesiastici,
2614 2555 2700 2623 qui
2738 2572 2878 2627 nunc
2924 2556 3113 2627 uigent,
3142 2553 3413 2609 Prudentii
3441 2572 3548 2611 (evo
3574 2558 3624 2612 in

2231 2623 2464 2679 Ecclesia
2495 2625 2689 2678 usitati.
2723 2623 3007 2679 Luminum
3036 2643 3175 2692 usus,
3210 2637 3257 2681 et
3277 2630 3445 2699 capia.

2110 2739 2422 2810 118159.
2472 2739 2659 2793 Solent
2698 2738 2939 2795 haeretici
2972 2740 3154 2810 (atque
3190 2740 3393 2796 utinam
3438 2743 3472 2796 ii
3523 2743 3624 2799 soli

2030 2830 2271 2900 essent!)
2317 2830 2666 2886 czeremonias
2696 2846 2833 2900 pene
2864 2846 3072 2896 omnes,
3119 2835 3441 2902 praesertim,
3489 2850 3623 2904 quas

2033 2921 2277 2977 Romana
2309 2923 2527 2977 adhibet
2551 2923 2814 2990 Ecclesia,
2850 2933 3226 2993 contemnere,
3259 2936 3312 2980 et
3342 2942 3461 2980 cum
3487 2926 3619 2995 ipsis

2033 3016 2354 3070 venerabilis
2385 3016 2678 3086 antiquitas
2708 3016 2978 3086 objicitur,
3022 3026 3111 3072 aut
3145 3029 3338 3087 negant
3376 3020 3475 3074 sub
3508 3020 3624 3089 ipso

2033 3108 2300 3163 nascentis
2331 3108 2583 3163 Ecclesia:
2616 3108 2769 3163 initio
2799 3123 2891 3163 eas
2916 3108 3081 3163 fuisse
3110 3110 3402 3178 adhibitas,
3430 3121 3522 3166 aut
3551 3126 3622 3166 ex

2033 3199 2354 3257 ethnicismo
2380 3210 2434 3255 et
2449 3199 2474 3253 ,1
2484 3200 2727 3254 udaismo
2746 3201 3005 3270 originem
3026 3200 3240 3255 trahere
3263 3203 3617 3271 respondent.

2035 3292 2091 3347 In
2119 3307 2225 3362 quo
2254 3308 2440 3363 parum
2482 3291 2687 3357 vident,
2712 3292 2824 3346 sive
2849 3292 2978 3347 caeci
3016 3293 3235 3346 omnino
3266 3301 3408 3356 sunt,
3434 3292 3623 3348 duces-

2034 3370 2454 3455 que'catcorum.
2496 3383 2650 3450 Quod
2681 3384 2824 3439 enim
2868 3383 2933 3437 ad
2964 3384 3143 3452 priora
3175 3384 3275 3437 tria
3314 3384 3508 3438 saecula
3537 3400 3623 3455 ap-

2033 3476 2258 3547 pellant,
2314 3475 2542 3544 primum
2592 3474 2817 3544 plurima
2864 3474 3136 3543 perierunt
3181 3473 3522 3541 documenta,
3553 3490 3623 3530 ex

2033 3570 2227 3640 quibus
2258 3568 2376 3624 haec
2412 3568 2525 3637 ipsa
2566 3582 2687 3636 qua:
2714 3564 3049 3631 desiderant,
3099 3576 3315 3635 possent
3346 3564 3622 3621 illustrari.

2034 3663 2203 3730 Quam
2234 3662 2397 3716 multa
2427 3661 2569 3715 enim
2592 3667 2717 3715 sunt
2744 3675 2864 3729 quae
2903 3675 2966 3714 ex
2996 3675 3098 3713 uno
3126 3667 3324 3712 tantum
3365 3659 3535 3728 aliqua
3563 3660 3624 3713 li-

2036 3754 2124 3809 bro
2178 3764 2402 3811 exstante
2432 3754 2498 3809 ad
2527 3762 2765 3809 nostram
2800 3754 3055 3808 notitiam
3082 3753 3449 3809 devenerunt?
3478 3770 3620 3824 quae,

2034 3848 2081 3903 si
2112 3848 2158 3904 is
2186 3847 2324 3905 liber
2363 3848 2633 3918 periisset,
2691 3847 2881 3903 eodem
2918 3848 3039 3917 jure
3091 3862 3229 3903 nunc
3275 3859 3619 3918 negarentur.

2037 3941 2240 3996 Deinde
2290 3943 2341 3995 in
2373 3941 2439 3997 iis
2468 3958 2587 4012 qua:
2641 3941 2707 3996 ad
2734 3941 2935 3996 cultum
2989 3941 3261 4011 publicum
3322 3943 3620 4012 praesertim

2037 4036 2180 4090 circa
2204 4036 2423 4106 templa,
2452 4036 2640 4090 altaria
2683 4050 2976 4105 eorumque
3006 4044 3253 4091 ornatum
3284 4045 3338 4091 et
3371 4038 3622 4105 splendet

2037 4142 2152 4183 rem
2197 4128 2489 4197 pertinent,
2530 4143 2717 4184 norma
2748 4128 3023 4197 religionis
3052 4128 3433 4197 congruentius
3460 4144 3524 4183 cx
3570 4144 3621 4183 tv

2038 4217 2260 4286 saeculo,
2288 4218 2339 4272 in
2365 4232 2473 4287 quo
2502 4232 2605 4287 pax
2648 4217 2856 4272 reddita
2883 4225 2968 4272 est
2999 4217 3271 4283 Ecclesiae,
3297 4218 3405 4287 peti
3435 4219 3619 4288 debet,

2036 4323 2197 4379 quam
2228 4325 2293 4365 ex
2326 4310 2495 4373 tribus
2538 4309 2988 4380 praicedentibus,
3023 4311 3075 4365 in
3102 4310 3292 4378 quibus
3331 4310 3621 4366 Christiani

2040 4417 2146 4458 non
2164 4418 2228 4458 ea
2249 4403 2428 4458 omnia
2444 4414 2591 4458 certe
2611 4419 2730 4473 quae
2754 4403 2980 4471 vellent,
3008 4412 3254 4474 poterant
3280 4404 3499 4474 exsequi
3518 4404 3618 4475 (a).

2039 4497 2173 4553 Cum
2223 4508 2405 4553 autem
2458 4498 2633 4554 cultus
2680 4513 2804 4570 erga
2872 4497 3038 4553 Deum
3102 4498 3343 4557 externis
3402 4500 3621 4569 quihus—

350 4612 411 4651 sa
437 4596 855 4667 interpretatione
883 4596 945 4652 de
970 4596 1033 4651 Β.
1073 4596 1281 4668 Virgine
1306 4595 1500 4666 Maria,
1533 4614 1649 4669 qua:
1676 4599 1731 4651 in
1752 4595 1934 4652 Bibliis
1961 4625 2018 4687 Β
2039 4590 2162 4646 dam
2188 4591 2400 4661 ritibus,
2425 4600 2480 4647 et
2508 4592 2845 4647 cmremoniis
2873 4590 3067 4647 debeat
3118 4591 3381 4657 exerceri,
3431 4607 3621 4648 eorum

352 4687 598 4743 Ecclesite
622 4687 868 4742 Romanae
890 4692 1007 4761 jam
1038 4689 1130 4741 diu
1163 4689 1475 4755 inveteravit,
1499 4692 1587 4759 qui
1618 4697 1791 4745 exstat
1822 4689 1928 4745 vol.

351 4780 396 4835 11
426 4781 684 4837 Thesauri
718 4781 840 4837 libr.
885 4780 1082 4850 philog.
1114 4790 1169 4836 et
1198 4780 1437 4837 historic.
1470 4781 1692 4837 Thomas
1722 4782 1926 4839 Crenii.

350 4872 608 4929 Costerus
650 4889 770 4943 cap.
801 4873 833 4929 5
873 4874 1098 4929 ﬁdenter
1130 4874 1204 4927 ait
1235 4891 1246 4926 :
1277 4870 1453 4928 Lectio
1489 4872 1616 4942 huic,
1652 4870 1765 4930 trs;
1802 4889 1931 4930 CON—

423 5033 501 5105 (a)
552 5033 735 5106 Neque
759 5034 898 5090 enim
930 5033 1215 5106 Lutlterus,
1246 5032 1498 5090 Calvinus
1529 5036 1728 5106 aliique
1768 5034 1929 5106 huju-

350 5105 586 5160 scemodi
610 5108 993 5161 ret’ormatores
1028 5105 1219 5159 melius
1248 5117 1447 5161 norunt
1494 5105 1738 5177 quanam
1769 5105 1930 5165 fuerit

350 5178 702 5248 consuetudo,
750 5192 1001 5248 quaenam
1053 5190 1204 5248 mens
1247 5178 1502 5232 Ecclesia:
1531 5178 1698 5233 tribus
1745 5179 1931 5248 primis

304 5247 605 5318 λδιιξοιιιίδ.
637 5247 763 5318 quid
809 5248 976 5318 magis
1024 5257 1142 5315 post
1169 5247 1423 5303 Ecclesia:
1472 5263 1659 5316 pacem
1716 5247 1927 5317 deceat,

351 5332 513 5386 quam
540 5317 636 5373 SS.
658 5317 661 5318 ⁷
684 5320 761 5372 illi
810 5317 1016 5383 Patres,
1058 5318 1306 5374 doctores
1323 5329 1377 5374 et
1414 5320 1670 5389 episcopi,
1701 5336 1928 5388 quorum

350 5389 594 5444 consiliis
619 5398 673 5445 et
702 5390 941 5445 doctrina
974 5398 1253 5458 tantopere
1301 5392 1413 5457 ipsa
1446 5391 1685 5447 Ecclesia
1732 5394 1930 5447 saculo

352 5475 404 5514 tv
438 5461 638 5515 tloruit.
670 5460 899 5515 Joannes
923 5461 1298 5529 Marangonius
1322 5461 1514 5517 librum
1544 5464 1713 5518 edidit
1741 5479 1756 5516 :
1781 5463 1926 5517 Delle

352 5547 467 5586 case
494 5533 796 5603 gentilesclte
832 5550 858 5585 e
888 5536 1103 5602 profane
1129 5541 1431 5601 trasportate
1458 5533 1527 5587 ad
1555 5551 1646 5589 uso
1674 5534 1737 5588 ed
1772 5550 1924 5588 orna-

350 5613 522 5676 mento
548 5605 693 5667 delle
718 5604 900 5658 citiese.
942 5603 1099 5657 Petro
1130 5603 1366 5670 Lazzeri,
1397 5608 1540 5661 claro
1577 5606 1630 5659 in
1661 5606 1924 5676 theologia

350 5683 408 5728 et
447 5675 669 5730 historia
690 5676 1047 5730 ecclesiastica
1071 5677 1295 5743 nomini,
1322 5677 1564 5746 displicet
1589 5678 1702 5731 haec
1726 5675 1927 5731 Maran-

349 5747 497 5815 gonii
523 5746 857 5816 aliorumque
883 5746 1089 5814 opinio;
1115 5746 1206 5816 qui
1233 5748 1288 5802 in
1304 5750 1679 5805 dissertatione
1691 5763 1786 5803 seu
1813 5747 1926 5802 dia-

354 5818 513 5889 triba,
545 5817 623 5872 De
646 5816 779 5889 falsa
805 5827 1028 5889 veterum
1048 5816 1451 5875 Christianorum
1476 5820 1668 5874 rituum
1692 5836 1723 5873 α
1752 5819 1928 5873 ritibus

350 5886 672 5944 ethnicorum
702 5889 911 5952 origine.
944 5905 974 5940 a
1007 5887 1158 5943 Petro
1180 5890 1392 5949 Rinaldi
1422 5894 1475 5948 in
1490 5891 1703 5955 colleqio
1736 5890 1930 5947 Roma.
1959 5892 1962 5895 λ

2041 4702 2169 4743 vero
2195 4688 2395 4743 rituum
2436 4702 2690 4743 numerus
2734 4687 2804 4742 sit
2842 4686 3236 4757 quodammodo
3279 4686 3620 4743 circumscri-

2035 4791 2178 4853 ptus,
2200 4792 2255 4839 et
2273 4798 2304 4836 a
2326 4790 2513 4837 natura
2539 4782 2609 4836 sit
2628 4788 2993 4850 comparatum
3016 4789 3161 4836 certa
3183 4781 3448 4852 obsequii,
3465 4792 3517 4839 et
3537 4798 3623 4840 re-

2035 4878 2289 4934 verentiae
2315 4877 2465 4946 signa
2488 4874 2766 4940 exhibere,
2788 4888 2907 4945 quae
2927 4874 3040 4930 fere
3068 4874 3206 4945 apud
3224 4890 3413 4933 omnes
3436 4885 3619 4947 gentes

2037 5053 2102 5092 no
2122 5036 2298 5091 habita
2321 5051 2454 5090 anno
2491 5034 2650 5103 1777,
2674 5033 2894 5104 'probat,
2927 5035 2990 5089 l°
3029 5034 3235 5091 nullum
3266 5035 3441 5091 atlerri
3470 5052 3619 5105 argu-

2030 5118 2279 5171 mentum
2305 5122 2411 5176 quo
2437 5117 2747 5161 nostrorum
2771 5107 2969 5161 rituum
2991 5121 3023 5162 ιι
3064 5107 3253 5163 ritibus
3278 5108 3614 5163 ethnicorum

2039 5180 2187 5248 origo
2218 5193 2342 5233 vere
2380 5178 2812 5243 demonstretur;
2836 5178 2894 5231 2°
2925 5178 3124 5233 nullam
3156 5176 3419 5247 assignari
3445 5192 3614 5245 caere-

2035 5250 2271 5305 moniam
2313 5259 2548 5304 veterem
2605 5265 2633 5303 a
2676 5250 2937 5305 catholica
2985 5248 3224 5304 Ecclesia
3254 5248 3616 5304 communiter

2035 5322 2398 5385 observatam,
2431 5336 2551 5391 qua:
2582 5320 2752 5376 multo
2776 5322 2968 5375 melius
2988 5328 3149 5391 atque
3169 5318 3505 5391 commodius
3534 5335 3617 5374 re-

2034 5395 2142 5462 peti
2164 5392 2380 5448 aliunde
2395 5388 2498 5447 non
2518 5394 2716 5462 possit;
2733 5392 2787 5447 5°
2804 5400 3040 5459 spectata
3062 5388 3158 5462 SS.
3186 5390 3398 5443 Patrum
3422 5388 3621 5462 doctri-

2030 5461 2099 5519 na
2129 5470 2184 5518 et
2222 5461 2662 5519 veteriEcclesia:
2704 5462 3005 5530 disciplina,
3038 5461 3319 5530 originem,
3348 5474 3507 5529 quam
3537 5461 3611 5516 illi

2034 5534 2245 5600 volunt,
2268 5536 2528 5605 assignari
2552 5536 2699 5589 nullo
2722 5529 2882 5605 modo
2900 5546 3086 5605 posse.
3116 5529 3374 5600 Loquitur
3390 5532 3457 5605 de
3483 5548 3612 5602 qua-

2032 5614 2155 5661 tuor
2199 5604 2397 5675 primis
2430 5608 2661 5672 saaculis,
2715 5613 2770 5659 et
2794 5604 2923 5675 illud
2968 5613 3140 5675 urget,
3189 5612 3395 5657 natura:
3446 5604 3616 5670 legem

2033 5674 2223 5747 ipsam,
2280 5688 2440 5748 atque
2494 5678 2799 5731 instinctum
2845 5674 2909 5748 ad
2942 5674 3220 5748 quasdam
3270 5674 3619 5730 caeremonias

2034 5743 2187 5819 quasi
2237 5743 2397 5803 manu
2441 5759 2680 5815 tempore
2732 5745 2878 5799 omni
2924 5743 3233 5819 deduxisse,
3268 5761 3392 5819 non
3437 5748 3615 5819 minus

2036 5816 2195 5889 quam
2216 5819 2282 5873 ad
2306 5821 2439 5874 alias
2465 5820 2732 5886 actiones,
2762 5826 2815 5873 ut
2840 5816 3218 5885 manducandi,
3261 5816 3502 5887 bibendi,
3528 5834 3617 5875 ve-

2038 5890 2211 5946 stibus
2239 5906 2298 5946 se
2321 5890 2589 5946 induendi.
