4142 6350
479 359 584 427 ὕῖὸ

1890 353 2345 415 PRUDENTIUS.

3659 358 3765 413 G76

479 486 673 551 eadem
694 491 847 550 sunt,
869 495 975 537 non
997 475 1705 546 estmirandum,multoque
1718 476 1898 531 minus
1917 478 2073 549 ιιθ
2098 480 2153 540 Α
2180 485 2393 532 nantur.
2422 475 2495 531 Et
2524 486 2700 532 tamen
2746 476 2861 531 haec
2889 473 2959 529 ab
2998 474 3129 544 ipsis
3158 473 3431 531 haereticis
3468 473 3527 529 in
3574 474 3769 543 primis

481 577 1018 653 reprehendendum,
1066 573 1193 629 siin
1238 572 1472 628 ecclesia
1511 571 1777 628 catholica
1829 571 1992 628 etiam
2043 586 2075 625 a

482 686 726 742 tempore
774 667 1140 739 apostolorum
1186 664 1606 720 consuetudines
1646 665 1843 735 aliqua:
1874 663 2075 718 fuerint

481 770 733 837 inductae,
764 781 995 835 quarum
1026 763 1231 818 similes
1257 763 1326 819 ab
1371 763 1603 819 ethnicis
1634 761 2073 819 celebrabantur.

481 862 717 919 Gentiles
737 875 804 914 ex
832 858 1072 915 Hebraeis
1093 858 1390 926 sumpsisse
1414 870 1551 925 pene
1578 870 1791 911 omnem
1808 858 2075 913 rationem

480 967 531 1012 et
558 954 802 1021 modum,
826 968 935 1022 quo
965 952 1096 1007 deos
1117 966 1245 1009 suos
1260 952 1520 1015 colerent.
1545 950 1972 1007 demonstratum
1994 956 2079 1005 est

481 1048 534 1103 in
562 1047 940 1103 dissertatione
966 1054 1099 1101 tom.
1132 1044 1224 1099 Vll
1271 1045 1535 1115 Antiquit.
1586 1042 1762 1098 Graec.
1810 1040 2074 1107 Gronov.,

481 1153 599 1212 pag.
629 1143 652 1195 1
683 1158 697 1195 :
730 1139 964 1195 Danielis
1003 1138 1230 1194 Clasenii
1260 1137 1519 1209 theologia
1548 1138 1836 1207 gentilium,
1866 1152 1957 1189 seu
1987 1135 2076 1187 de.

482 1236 805 1300 mogstratio,
852 1250 955 1302 qua
1004 1232 1273 1301 probatur,
1308 1229 1913 1300 gentiliuntlheologiam
1962 1227 2078 1296 (ceu

485 1326 760 1397 tenebras),
788 1325 936 1391 deos,
990 1324 1267 1392 κατεβόα.
1318 1332 1367 1377 et
1397 1324 1503 1377 alia
1524 1338 1594 1379 ea:
1621 1322 1764 1390 {onte
1795 1320 2079 1391 Scriptura:

487 1423 603 1491 (ceu
628 1418 772 1489 luce)
798 1418 1047 1489 originem
1082 1418 1325 1471 traxisse.
1369 1416 1596 1471 Domum
1622 1414 1836 1470 Hebraei
1881 1428 1914 1466 a
1968 1413 2078 1468 Deo

489 1512 666 1568 edocti
689 1511 905 1567 fuerunt
929 1510 1125 1581 quibus
1151 1526 1273 1564 eum
1302 1510 1499 1564 ritibus
1516 1508 1760 1569 venerari
1790 1505 2072 1570 deberent,

421 1637 430 1644 -
488 1606 731 1675 adeoque
760 1605 1035 1674 sapienter
1061 1604 1220 1674 primi
1244 1603 1523 1657 christiani
1556 1603 1819 1667 fecerunt,
1850 1600 1977 1655 dum
2008 1598 2077 1653 ad

485 1708 722 1754 veterem
753 1698 934 1768 populi
968 1678 1605 1765 lsraeliticidisciplinant
1632 1694 1924 1750 nonnullas
1950 1706 2076 1747 suas

488 1792 838 1847 caeremonias
892 1790 1229 1845 stabilierunt
1301 1804 1395 1858 pro
1468 1804 1529 1843 ea
1595 1796 1858 1858 potestate
1914 1802 2073 1857 quam

2180 573 2280 627 fuit
2326 580 2579 641 praetexta
2633 585 2793 625 causa
2824 568 3177 625 dissensionis
3218 584 3249 624 a
3292 569 3489 638 capite.
3536 566 3798 647 Aiebam.

2178 666 2383 722 clerum
2414 666 2714 733 Romanum
2747 676 3057 733 corruptum
3098 678 3241 729 esse,
3266 662 3655 718 reformatione
3686 663 3771 717 in-

2178 760 2386 829 digere.
2436 759 2539 828 lpsi
2587 768 2785 824 autem,
2818 758 2944 813 dum
2973 757 3196 826 cupiunt
3217 758 3388 813 vitare
3408 756 3768 827 Charybdim,

2180 853 2483 908 inciderunt
2516 853 2565 907 in
2593 852 2853 923 Scyllam,
2889 851 2971 907 vel
2996 851 3170 907 dicam
3203 852 3416 915 melius.
3462 851 3773 906 inciderunt

2180 946 2233 1000 in
2283 946 2541 1015 Scyllam,
2590 960 2764 1015 neque
2804 943 3131 1016 Charybdim
3162 946 3419 1000 vitarunt.
3474 946 3631 1016 [ao
3669 943 3772 997 Fa-

2178 1038 2280 1094 cile
2300 1046 2453 1097 esset
2485 1046 2648 1092 totam
2677 1038 2811 1093 hanc
2839 1037 3261 1095 controversiam
3290 1036 3547 1093 adversus
3579 1051 3769 1091 recen-

2180 1142 2260 1188 tes
2288 1133 2546 1203 quasdam
2592 1134 2861 1186 novitates
2914 1131 3211 1197 instruere;
3260 1145 3383 1185 nam
3430 1132 3593 1186 etiam
3623 1142 3770 1184 nunc

2178 1235 2303 1282 sunt
2331 1226 2421 1295 qui
2455 1226 2747 1279 novitatem
2777 1225 2830 1278 in
2858 1225 3177 1293 antiquitate
3206 1224 3491 1290 rimantur,
3516 1231 3577 1278 ut
3595 1221 3663 1277 dc
3684 1220 3769 1278 sui

2179 1320 2436 1388 temporis
2477 1318 2747 1373 haereticis
2778 1326 2934 1372 acute
2963 1317 3105 1372 dixit
3157 1318 3497 1372 MaldOnatus
3547 1316 3614 1371 ad
3644 1330 3767 1384 cap.

2179 1414 2375 1471 tJoan.
2410 1428 2551 1468 vers.
2584 1412 2715 1483 1(a).
2741 1412 2941 1467 Verum
2995 1428 3084 1466 res
3117 1412 3255 1479 ipsa,
3294 1426 3385 1466 me
3428 1418 3661 1474 tacente,
3700 1408 3774 1465 ια

2179 1507 2380 1576 quitur.
2410 1505 2595 1561 Unum
2629 1506 2851 1559 atTeram
2884 1504 3193 1572 exemplum
3228 1504 3298 1560 de
3340 1517 3441 1559 usu
3486 1502 3770 1569 limitum,

2179 1614 2247 1654 ne
2273 1615 2302 1653 a
2333 1598 2628 1653 Prudentia
2658 1609 2845 1652 nostro
2874 1596 3146 1653 recedam.
3720 1633 3738 1659 ,

2256 1691 2380 1746 Mi.
2414 1691 2737 1746 Benedictus
2764 1690 2903 1756 XIV,
2939 1691 3032 1747 lib.
3066 1710 3112 1757 ι,
3142 1706 3264 1761 cap.
3294 1692 3353 1755 ὃ,
3396 1694 3466 1747 de
3492 1688 3771 1745 Sacriﬁcio

2183 1786 2364 1843 missae
2403 1796 2588 1842 contra
2622 1786 2841 1841 Vertum
2881 1795 2934 1841 et
2974 1786 3312 1842 Joaehimum
3342 1783 3773 1840 Hildebrandum

484 1882 729 1938 Christus
753 1880 1009 1936 Ecclesiae
1031 1895 1142 1936 sine
1158 1880 1603 1935 concessitnovas
1615 1878 1884 1935 condendi
1902 1878 2071 1946 leges,
2105 1866 2154 1927 Β
2181 1878 2466 1935 ostendere
2489 1888 2740 1944 conatur,
2768 1878 2958 1947 primis
2986 1879 3244 1934 Ecclesia
3280 1878 3495 1934 saeculis
3530 1874 3773 1931 adhibita

483 1984 641 2046 prout
666 1990 753 2031 res
797 1974 913 2044 ipsa
938 1982 995 2031 et
1027 1982 1267 2043 tempora
1288 1974 1650 2043 opportunius
1678 1973 1898 2042 exigere
1928 1970 2077 2026 vide-

484 2079 689 2129 rentur.

554 2160 679 2217 ΜΟ.
706 2158 804 2215 His
843 2158 1141 2217 rationibus
1190 2158 1495 2214 vindicatur
1534 2158 1881 2225 Prudentius,
1915 2173 2074 2226 quem

489 2251 773 2308 acatholici
802 2261 857 2306 et
888 2250 1277 2315 semicatliolici
1320 2260 1600 2317 accusant,
1651 2250 1793 2321 quod
1825 2250 1958 2304 ritus
1985 2265 2077 2304 ve-

486 2356 629 2401 teres
660 2343 1075 2407 ecclesiasticos,
1109 2358 1243 2410 quos
1276 2358 1419 2396 nunc
1453 2343 1552 2412 ipsi
1594 2342 1906 2411 reprobant,
1949 2357 2076 2411 gra-

484 2437 641 2507 phice
671 2436 1037 2505 descripserit.
1065 2435 1196 2489 Nam
1226 2450 1348 2490 cum
1383 2436 1483 2489 viri
1532 2435 1689 2505 hujus
1730 2436 2072 2501 nobilissimi,

484 2528 627 2583 inter
658 2527 937 2582 siccularia
986 2526 1197 2595 negotia
1229 2524 1450 2590 versati,
1482 2527 1671 2594 pietas,
1716 2540 1820 2595 qua
1850 2526 2077 2595 ipsemet

483 2620 746 2689 sepulcris
776 2628 1085 2673 sanctorum
1122 2618 1529 2683 advolvebatur,
1560 2627 1825 2689 martyres
1859 2620 2074 2672 terven-

466 2714 705 2769 ‘tissitnis
735 2712 980 2782 precibus
1010 2710 1110 2766 sibi
1144 2720 1403 2781 patronos
1428 2711 1733 2777 invocabat,
1762 2727 1950 2766 eorum
1980 2725 2075 2765 ve-

446 5342 468 5388 ι

483 2807 819 2862 nerationem
850 2804 1223 2874 promovebat,
1255 2804 1352 2857 hos
1380 2812 1711 2858 novaturesa
1732 2818 1829 2857 sua
1861 2812 2075 2857 senten-

484 2899 555 2952 tia
602 2898 883 2952 deterrere
940 2894 1165 2948 omnino
1194 2894 1445 2961 deberct,‘
1472 2909 1576 2947 non
1627 2895 1729 2949 alia
1763 2896 1985 2949 ratione.
2017 2910 2075 2949 se

483 2989 796 3059 expediunt,
829 2988 930 3041 nisi
954 2987 1349 3056 superstitionis
1378 2987 1641 3041 voeahulo
1671 2997 1871 3042 temere
1898 2998 1951 3042 et
1979 2990 2076 3041 im-

485 3092 718 3153 portune
748 3081 1011 3135 adhibito.
1046 3080 1230 3150 Neque
1261 3095 1359 3149 ego
1387 3082 1717 3150 negaverim,
1737 3082 1950 3151 ignaros
1981 3084 2076 3136 ho-

486 3180 659 3233 mines
710 3175 979 3231 interdum
1030 3179 1096 3228 ad
1142 3176 1575 3244 superstitionem
1621 3175 1913 3231 declinare.
1968 3176 2073 3231 Sed

484 3282 842 3340 prmtcrquam
877 3267 1019 3338 quod
1065 3272 1233 3321 nostri
1277 3270 1457 3321 saeculi
1502 3283 1678 3323 mores
1708 3271 1873 3323 multo
1906 3271 2074 3339 magis
2102 3254 2147 3316 C

485 3362 775 3430 impietatis
805 3361 935 3415 vitio
970 3376 1129 3430 quam
1161 3361 1565 3429 soperstitionis
1588 3362 1856 3431 laborant,
1883 3380 2073 3432 super-

485 3457 630 3511 Slitio
659 3470 777 3523 qua:
804 3455 859 3508 in
876 3454 960 3509 his
982 3455 1567 3523 ritibusmnmmquam
1594 3455 1828 3524 obrepit,
1860 3473 1965 3510 non
1993 3468 2073 3511 est

484 3562 761 3619 peccatum
815 3551 1010 3620 legum,
1073 3548 1167 3604 sed
1224 3547 1537 3614 hominum,
1572 3552 1659 3619 qui
1707 3549 1993 3605 difﬁculter
2022 3552 2074 3605 in

483 3644 657 3699 media
690 3644 884 3697 virtute
926 3645 1247 3698 consismnt.
1282 3643 1494 3696 Memini
1528 3645 1579 3697 in
1624 3645 1922 3698 Annalibus
1952 3645 2077 3698 Lin-

484 3737 625 3805 gueti
659 3750 743 3789 me
774 3736 975 3803 legere,
1000 3751 1120 3789 eum
1147 3734 1376 3787 Londini
1405 3735 1532 3787 dum
1568 3745 1897 3801 versaretur,
1922 3737 2075 3791 valde

486 3829 734 3883 miratum
765 3829 927 3882 luisse
946 3828 1379 3895 superstitionem
1399 3830 1595 3896 gentis,
1622 3845 1778 3898 quam
1806 3847 1925 3883 cum
1962 3832 2075 3899 ipse

485 3921 797 3975 anteuinter
818 3919 1113 3973 catholicos
1143 3922 1287 3974 solos
1310 3937 1535 3991 regnare
1562 3922 1902 3987 credidisset,
1930 3940 2077 3978 com-

486 4014 624 4082 perit
641 4028 790 4083 teque
803 4012 887 4067 vel
909 4013 1075 4083 magis
1100 4013 1239 4082 apud
1262 4015 1465 4083 Anglos
1486 4016 1837 4085 triumphare.
1866 4018 1919 4071 ln
1945 4018 2073 4085 alio,

484 4106 580 4162 sed
614 4122 717 4160 non
756 4108 978 4160 multum
1012 4106 1257 4160 dissimili
1310 4122 1506 4175 genere
1555 4107 1960 4163 reformatorqu
2002 4112 2075 4165 in-

483 4200 836 4255 constantiam
868 4210 1057 4254 notare
1090 4198 1233 4254 licet.
1262 4199 1393 4253 Nam
1429 4200 1612 4254 Romae
1635 4202 1875 4256 videmus
1904 4219 2062 4273 serpe,

482 4301 537 4348 et
558 4292 674 4345 aliis
702 4293 863 4347 etiam
896 4292 951 4345 in
973 4292 1198 4347 urbibus
1220 4293 1311 4347 alii
1338 4294 1611 4355 \‘idcbuttl,
1640 4311 1755 4361 eos,
1791 4314 1923 4365 quos
1971 4298 2070 4368 ipsi

484 4386 765 4454 episcOpus
792 4392 849 4440 et
866 4386 1221 4455 prtedicantes
1249 4401 1342 4439 seu
1367 4402 1610 4456 paswres
1634 4390 1836 4446 habent
1879 4402 1932 4446 et
1979 4408 2070 4446 vo-

485 4488 626 4543 cant,
658 4492 762 4531 non
786 4477 887 4531 alia
919 4494 979 4533 re
1000 4478 1153 4531 valde
1184 4481 1472 4547 excellere,
1518 4497 1691 4550 neque
1722 4493 1776 4537 ut
1806 4486 2072 4539 excellunt

484 4560 749 4637 laborare,
792 4572 893 4626 nisi
932 4579 991 4625 ut
1017 4572 1157 4625 bene
1200 4573 1456 4641 cquitent,
1493 4578 1662 4641 perite
1707 4577 1921 4644 SLiilClil,
1954 4590 2007 4633 et
2044 4595 2072 4633 a

488 4663 616 4739 viris
637 4662 983 4719 saecularibus
1007 4678 1180 4732 neque
1198 4662 1406 4729 habitu,
1430 4680 1606 4733 neque
1629 4667 1867 4721 moribus
1879 4670 2075 4724 discer-
2102 4664 2156 4724 Β

560 4868 632 4940 (a)
671 4865 832 4921 Vertit
862 4866 989 4936 forte
1038 4866 1245 4934 quidam
1276 4874 1453 4921 nostra
1489 4872 1732 4921 memoria
1763 4887 1855 4940 pro
1908 4888 2077 4929 \‘ERBO

486 4954 837 4996 sannosum...
887 4941 1042 4990 secuti
1085 4949 1198 4989 sunt
1245 4940 1515 4991 novitatem
1563 4956 1736 4994 omnes
1776 4945 2073 5000 literetici...

484 5013 674 5066 Darem
703 5010 927 5079 aliquam
950 5010 1243 5082 veniam,_si
1276 5013 1432 5063 secuti
1468 5011 2068 5082 fuissentantiquitatem,

483 5086 537 5138 in
569 5100 688 5151 qua,
722 5090 773 5132 u!
798 5082 965 5133 statim
996 5080 1355 5143 indicabimus,
1391 5084 1533 5133 multi
1562 5086 1634 5134 ita
1659 5080 1930 5137 verterunt.
1968 5080 2072 5140 Sed

484 5158 727 5224 indignor
745 5152 1096 5204 hereticorum
1118 5152 1380 5219 ingenium
1412 5153 1710 5207 diverticula
1738 5160 2066 5218 sectantium,

484 5243 578 5280 nec
606 5226 711 5277 alia
748 5225 945 5275 ratione
974 5224 1264 5273 vocantium
1293 5238 1590 5289 ssnuoxen,
1632 5242 1784 5293 quam
1811 5228 1931 5297 quia
1983 5245 2071 5281 nos

484 5312 689 5352 vennun
713 5296 1056 5364 appellamus,
1091 5304 1136 5346 et
1164 5308 1462 5347 NOVITA'I‘EM
1492 5296 1848 5358 QU.£ttENTIUltl
1891 5315 1940 5352 ιιι
1975 5316 2070 5351 ΛΝ-

483 5363 788 5430 τιριιιτλτεέ
814 5363 951 5416 Nam
974 5367 1067 5438 etsi
1088 5365 1143 5438 id
1165 5365 1428 5432 antiquum
1455 5368 1731 5433 aliquando
1753 5370 1871 5438 fuit,
1902 5380 2068 5424 tamen

445 5442 602 5508 unia
624 5442 737 5508 jam
768 5439 935 5504 [uerat
965 5435 1245 5489 obsoletum
1263 5438 1371 5504 jam
1400 5446 1471 5488 est
1501 5453 1705 5493 novum.

554 5507 849 5577 (bilielege
880 5510 1135 5577 hymnum
1169 5508 1234 5560 de
1277 5522 1415 5561 novo
1456 5507 1652 5562 lumine
1701 5511 1902 5564 sabbati
1938 5512 2064 5565 Pas-

484 5580 651 5634 chalis
676 5595 688 5628 :
715 5576 1172 5641 lmentari-utili,
1214 5578 1332 5631 dua:
1373 5578 1517 5641 bone,
1562 5578 1837 5633 luminis...
1883 5582 2067 5635 Lucem

485 5653 639 5705 redde
674 5649 795 5712 tuis,
822 5647 1036 5713 Christe,
1066 5650 1369 5716 fidelibus...
1402 5646 1622 5701 Incussn
1666 5652 1821 5703 silicis
1863 5653 2058 5707 Iuntina

488 5739 578 5775 nos
600 5732 767 5791 tamen
806 5716 1062 5772 Monstras
1089 5722 1335 5791 saxigeno
1362 5721 1820 5791 semineﬁqntvrere.
1856 5722 1904 5773 Ν
1911 5740 1938 5776 e
1970 5740 2057 5775 ne-

489 5795 636 5846 sciret
684 5790 853 5853 home,
888 5804 1027 5857 spem
1064 5791 1160 5843 sibi
1182 5790 1388 5844 luminis
1430 5791 1497 5843 In
1525 5790 1713 5845 Christi
1742 5793 1905 5845 solido
1946 5810 2050 5845 cor-

483 5879 612 5921 pore
647 5862 995 5917 conditam...
1029 5858 1190 5915 Vivax
1206 5864 1415 5929 ﬂamma
1441 5864 1592 5932 riget,
1613 5880 1699 5919 seu
1719 5880 1840 5919 cava
1875 5865 2057 5919 testula

2180 1988 2208 2026 a
2235 1971 2550 2026 Christianis
2596 1966 2798 2026 lumina
2830 1985 2936 2025 non
2984 1971 3157 2025 solum
3206 1970 3275 2025 ad
3304 1968 3651 2040 depellendus
3705 1976 3775 2022 te-

2178 2064 2393 2129 nebras,
2452 2064 2547 2119 sed
2606 2064 2767 2118 etiam
2821 2078 2890 2119 ex
2932 2064 3234 2134 symbolica
3298 2079 3459 2119 causa
3502 2065 3562 2118 in
3615 2061 3775 2117 Vete-

2181 2158 2227 2212 ri
2259 2158 2517 2227 Novoque
2546 2156 2895 2214 Testamento
2936 2158 3191 2214 indicata.
3223 2157 3622 2213 Hildebrandus
3647 2156 3773 2211 late-

2190 2260 2276 2304 tur
2305 2250 2506 2306 saeculo
2536 2265 2587 2304 tv
2617 2265 2769 2305 usum
2798 2250 3058 2305 luminum
3093 2249 3428 2307 Christianos
3455 2249 3767 2313 retinuisse,

2182 2345 2283 2400 sub
2312 2345 2468 2398 ﬁnem
2491 2344 2708 2399 demum
2725 2345 2907 2398 smculi
2926 2360 2977 2399 ιν
3005 2354 3600 2408 monumentaexsture,
3629 2340 3771 2412 quod

2180 2436 2379 2491 lumina
2410 2436 2633 2493 accendi
2655 2438 3060 2503 consueverint,
3086 2438 3251 2493 etiam
3278 2451 3399 2492 cum
3428 2436 3538 2505 jam
3566 2434 3772 2490 illusis-

2179 2539 2259 2584 set
2288 2529 2426 2585 dies.
2452 2529 2511 2583 in
2544 2530 2660 2599 lege
2692 2529 2863 2584 veteri
2890 2530 3117 2600 mystica
3149 2529 3321 2598 magis
3338 2527 3408 2596 de
3422 2541 3587 2582 causa
3612 2539 3773 2595 quam

2179 2626 2245 2681 ad
2272 2625 2528 2695 iugandas
2556 2627 2806 2680 tenebras
2824 2626 3028 2680 lumina
3064 2625 3288 2680 accendi
3308 2623 3681 2685 consuevisse,
3700 2634 3774 2676 ex

2180 2717 2509 2773 candelabro
2544 2718 2729 2786 templi
2780 2727 2926 2773 recte
2968 2717 3209 2787 colligas.
3272 2716 3479 2770 Revera
3519 2711 3773 2768 accensis)

2180 2808 2443 2866 luniinutn
2470 2809 2693 2864 honoris
2720 2810 2838 2865 loco
2876 2810 3018 2879 apud
3048 2819 3262 2865 veteres
3309 2808 3489 2861 habita
3524 2815 3631 2860 est.
3665 2803 3773 2858 bla-

2189 2902 2346 2957 chab.
2403 2901 2467 2957 ll.
2514 2918 2602 2965 ιν,
2655 2902 2759 2967 22,
2806 2902 3106 2957 Antiochus
3174 2903 3226 2956 in
3282 2899 3619 2955 Hierusalem
3664 2912 3774 2949 ma-

2186 2996 2370 3067 gniﬁce
2394 3013 2426 3049 a
2453 2994 2646 3050 Iasone
2681 3004 2727 3049 et
2770 2996 2974 3051 civitate
2998 3004 3283 3065 susceptus,
3311 3010 3426 3046 cum
3459 3003 3774 3046 FACULAIUI

2182 3104 2481 3153 LUIUNIBUS,
2516 3098 2565 3141 et
2595 3088 2832 3141 laudibus
2861 3088 3122 3156 ingressus
3150 3094 3250 3140 est.
3280 3085 3468 3141 Cicero
3498 3083 3593 3137 lib.
3622 3098 3677 3136 ιιι
3707 3080 3774 3135 de

2179 3184 2383 3239 (illiciis
2411 3201 2425 3237 :
2453 3182 2652 3237 Marius
2674 3182 2976 3237 asubselliis
2999 3184 3054 3236 in
3077 3194 3245 3235 rostra
3264 3189 3432 3235 recte:
3450 3180 3607 3245 idque
3638 3176 3774 3246 quod

2181 3279 2514 3333 communiter
2537 3279 2873 3346 compositum
2901 3283 3093 3345 fuerat,
3114 3277 3255 3330 solus
3284 3276 3464 3329 elisit.
3492 3273 3557 3327 Et
3586 3290 3647 3327 ea
3672 3289 3774 3337 res,

2180 3375 2223 3425 si
2247 3372 2456 3441 quwris,
2481 3375 2523 3424 ei
2558 3387 2739 3439 magno
2782 3371 2972 3424 honore
3010 3370 3128 3439 fuit.
3165 3369 3413 3424 Omnibus
3439 3368 3565 3421 vicis
3590 3376 3775 3419 statuta

2184 3469 2373 3536 factm:
2416 3465 2482 3517 ad
2513 3481 2597 3517 eas
2642 3468 2758 3517 thus
2786 3473 2832 3518 et
2862 3467 3012 3517 cerei.
3066 3463 3238 3517 Eccur
3280 3460 3555 3531 igiturhic
3605 3460 3771 3512 honor

2182 3560 2291 3612 Deo
2328 3556 2611 3610 habendus
2641 3571 2745 3609 non
2769 3556 2907 3611 erit?
2938 3556 3007 3609 At
3049 3555 3238 3623 primis
3266 3553 3519 3607 Ecclesiae
3560 3551 3772 3605 sacculis

2181 3650 2514 3707 consuetudo
2570 3666 2673 3704 non
2733 3660 2850 3703 erat
2902 3648 3231 3704 accendendi
3276 3647 3477 3703 lumina
3514 3645 3769 3700 interdiu.

2186 3746 2488 3802 Concedam
2524 3762 2629 3800 non
2661 3755 2909 3801 constare
2942 3746 3008 3800 de
3033 3760 3095 3798 ea
3120 3742 3506 3798 consuetudine
3531 3758 3545 3793 :
3567 3750 3621 3793 at
3663 3739 3769 3794 rei-

2184 3856 2279 3909 psa
2312 3855 2417 3891 non
2450 3838 2636 3904 fuisse,
2670 3837 2921 3907 siquando
2943 3838 3007 3890 ad
3038 3836 3334 3891 Ecclesium
3364 3832 3643 3889 Christiani
3677 3830 3762 3881 in-

2182 3933 2349 3985 terdiu
2388 3932 2760 3998 convenerint,
2817 3944 3085 3999 nunquam
3118 3928 3357 3983 evinces.
3406 3927 3509 3979 lmo
3541 3935 3669 3976 vero
3698 3935 3768 3977 ex

2187 4026 2251 4079 iis
2283 4041 2400 4093 qua:
2423 4025 2582 4080 habet
2606 4024 2929 4078 Prudentius
2965 4022 3166 4093 hymno
3194 4022 3248 4087 5,
3282 4030 3337 4073 ut
3370 4019 3502 4073 nihil
3530 4030 3671 4071 nunc
3691 4014 3772 4068 di-

2182 4133 2299 4172 cam
2331 4118 2398 4171 de
2432 4100 2769 4171 candelabris
2816 4118 2995 4171 aureis
3040 4116 3471 4185 persecutionum
3504 4123 3771 4180 tempore,

2168 4213 2245 4267 de
2272 4213 2463 4281 quibus
2512 4226 2700 4265 rursus
2754 4227 2901 4266 num.
2965 4210 3089 4276 152,
3140 4224 3324 4279 arguo,
3378 4207 3581 4261 lumina
3613 4207 3773 4261 etiam

2175 4322 2299 4361 cum
2324 4316 2482 4359 noctu
2507 4306 2958 4370 accendebantur,
2986 4321 3092 4359 non
3109 4313 3307 4357 tantum
3324 4302 3389 4356 ad
3417 4302 3667 4355 tenebras
3689 4299 3775 4355 de-

2184 4399 2479 4470 pellendus,
2496 4399 2590 4452 sed
2615 4402 2878 4468 praecipue
2890 4398 2953 4452 ad
2975 4397 3235 4452 honorem
3254 4396 3362 4450 Deo
3383 4393 3773 4465 prtestandum,

2183 4492 2297 4546 sive
2326 4491 2723 4546 multitudinem
2755 4490 3085 4557 consideres,
3139 4491 3253 4545 sive
3279 4491 3437 4553 ritus,
3472 4488 3641 4559 fuisse
3680 4484 3774 4540 ad~

2183 4583 2350 4637 hibita
2376 4582 2477 4654 (b).

2185 4875 2407 4931 Succum
2439 4876 2649 4930 linteolo
2671 4877 2892 4944 suggerit
2924 4876 3081 4944 ebrio,
3115 4878 3219 4933 Seu
3263 4877 3412 4945 pinus
3444 4872 3640 4943 piceam
3673 4878 3774 4944 fers

2179 4948 2510 5012 alimoniam,
2548 4946 2649 5001 Sen
2681 4964 2843 4999 ceram
2894 4957 3092 5001 teretem
3137 4959 3322 5014 stuppa
3372 4948 3539 5001 calens
3580 4948 3771 5005 bibit...

2181 5017 2461 5087 Splendent
2493 5034 2612 5087 ergo
2644 5020 2744 5069 tuis
2773 5020 3079 5083 muneribus,
3121 5019 3292 5081 Pater,
3328 5018 3578 5072 Flaminis
3608 5020 3771 5072 mobi-

2179 5088 2314 5141 libus
2344 5090 2533 5141 scilicet
2563 5091 2717 5149 atria,
2745 5088 3107 5156 Absentemque
3135 5091 3265 5141 diem
3299 5091 3389 5141 lux
3426 5090 3529 5159 agit
3558 5090 3768 5158 rrmula,

2179 5160 2344 5223 Quam
2375 5177 2476 5213 πίνω
2505 5176 2616 5210 rum
2651 5163 2814 5211 lacero
2857 5161 2988 5231 vicia
3015 5162 3141 5231 fugit
3171 5161 3347 5231 peplo1
3375 5160 3479 5214 Sed
3505 5162 3615 5228 quis
3662 5177 3768 5212 non

2176 5231 2345 5299 rapidi
2383 5232 2587 5299 luminis
2618 5231 2858 5293 arduam,
2894 5229 3286 5297 Manu/temque
3320 5229 3424 5283 Deo
3457 5242 3632 5282 cernat
3660 5236 3767 5282 ori-

2180 5297 2451 5370 ginem?.:.
2483 5300 2712 5353 Pendeat
2740 5302 3009 5353 mobilibus
3034 5301 3228 5353 Iuntina
3256 5303 3478 5369 funibus,
3508 5300 3634 5365 Qua:
3661 5302 3769 5370 suf-

2178 5375 2285 5439 fixa
2314 5374 2497 5425 micant
2526 5389 2614 5441 per
2646 5373 2927 5434 laquearia,
2961 5371 3022 5423 Et
3051 5373 3111 5424 de
3139 5372 3449 5441 languidulis
3480 5374 3590 5440 fota
3621 5384 3767 5424 nata-

2180 5442 2313 5495 tibus
2344 5440 2533 5495 Lucem’
2555 5444 2818 5512 perspicuo
2848 5444 3204 5511 ﬂammajacit
3225 5444 3371 5493 ritro.
3403 5440 3618 5507 Credas,
3650 5447 3767 5494 stel-

2182 5516 2391 5581 ligeram
2422 5515 2637 5582 desuper
2667 5530 2840 5565 aream
2884 5514 3131 5565 Ornatam
3173 5514 3387 5582 geminis
3416 5522 3553 5565 stare
3586 5514 3767 5565 trioni-

2178 5584 2291 5647 bus,
2330 5584 2413 5647 Et,
2439 5601 2537 5650 qua
2562 5644 2571 5651 ,
2594 5584 2928 5653 bosphoreum
2959 5595 3086 5636 temo
3117 5585 3244 5653 regit
3287 5585 3472 5653 jugum
3492 5626 3512 5649 η,
3560 5582 3765 5636 Passim

2179 5671 2462 5725 purpureos
2492 5656 2722 5723 spargier
2749 5660 3005 5723 hesperos.
3041 5655 3201 5708 Visne
3230 5655 3416 5707 audire
3439 5667 3655 5725 Causam
3694 5664 3769 5706 tot

2169 5724 2387 5791 tamque
2414 5726 2541 5778 varii
2573 5728 2786 5795 generis
2823 5726 3116 5778 luminum?
3168 5725 3238 5777 Ita
3267 5740 3394 5792 ergo
3424 5724 3769 5795 pergitﬂi‘ru-

2167 5796 2379 5853 (lentius
2411 5814 2424 5848 :
2462 5796 2505 5848 0
2526 5794 2607 5849 res
2639 5795 3017 5868 digna,__Pater2
3045 5812 3193 5862 quam
3216 5797 3303 5847 tibi
3332 5795 3548 5868 roscidis
3578 5794 3767 5868 {iouis

2167 5868 2419 5936 principio
2452 5884 2573 5939 grex
2601 5864 2717 5921 tuus
2749 5866 2954 5934 o/ferat,
2989 5864 3181 5921 Lucem
3207 5882 3306 5936 qua
3336 5865 3514 5919 tribuis
3541 5865 3617 5917 nil
3648 5882 3765 5932 pre-

2282 6012 2425 6030 ~A-4
