4142 6350
212 390 215 391 ν
298 359 401 415 677

900 426 1123 524 CAPUT
1165 464 1278 521 xu.

297 564 690 619 Celeberrimum
754 563 894 631 apud
958 574 1140 617 veteres
1198 560 1513 616 Christianos
1560 560 1881 631 pervigilium

312 643 318 647 “
368 635 584 688 Pascha:
618 635 878 688 Prudentii
903 652 1070 687 tersus
1096 636 1161 686 de
1179 650 1306 686 novo
1333 634 1521 685 lumine
1541 632 1739 685 sabbati
1762 648 1881 701 pas—

365 707 556 773 chalis,
591 723 736 760 verus
766 708 940 759 titulus
976 705 1153 775 hymni
1183 704 1341 773 quinti
1372 702 1795 756 Cathemerinon.

374 845 524 913 121
568 841 692 895 M2.
725 842 987 906 Quoniam
1020 839 1340 893 Prudentius
1365 840 1416 893 in
1447 840 1659 897 laudato
1688 840 1887 911 hymno

298 950 329 986 ν
361 934 782 987 Cathemerinon
804 931 1141 1002 pervigilium
1158 931 1222 984 ad
1244 930 1693 985 resurrectionem
1712 933 1885 986 domi-

298 1025 473 1079 nicam
500 1023 787 1086 describit,
819 1022 941 1077 inde
972 1036 1155 1076 verum
1204 1021 1322 1089 ejus
1354 1020 1567 1075 titulum
1600 1036 1783 1075 eruam
1823 1036 1891 1076 ac

298 1116 599 1171 vindicabo.
632 1114 857 1168 Codices
888 1113 1090 1167 Heinsii
1144 1113 1361 1181 habent,
1395 1114 1475 1165 Ad
1519 1113 1782 1165 incensum
1811 1111 1893 1165 lu-

298 1222 484 1275 cerna,
512 1206 657 1275 quod
703 1206 803 1275 ipsi
840 1204 1062 1269 arridet,
1112 1204 1235 1273 quia
1288 1205 1420 1259 ritus
1448 1205 1589 1259 cerei
1630 1203 1895 1272 paschalis

302 1296 581 1353 Prutleutii
611 1313 726 1353 aevo
748 1297 960 1367 ignotus
982 1306 1120 1351 erat.
1152 1298 1207 1351 in
1235 1297 1357 1351 cod.
1390 1297 1593 1350 Ratisb.
1644 1296 1783 1351 idem
1815 1306 1899 1352 est

308 1391 509 1445 titulus.
549 1392 692 1445 lianc
721 1391 1121 1458 inscriptionem
1156 1390 1394 1458 plerique
1440 1388 1771 1444 recentiores
1812 1403 1900 1443 se-

303 1492 536 1552 quuntur
585 1483 640 1536 in
688 1483 867 1549 editis,
916 1484 1016 1537 nisi
1045 1482 1188 1551 quod
1220 1483 1402 1552 aliqui,
1440 1484 1517 1535 Ad
1562 1485 1901 1536 incensionem

305 1576 389 1629 vel
419 1577 769 1631 accensiortem
817 1576 1037 1629 lucerna:
1065 1576 1329 1629 scribunt.
1364 1575 1677 1644 Rodolphus
1710 1574 1903 1642 Hospi-

305 1672 519 1733 nianus,
551 1670 618 1724 de
644 1668 863 1738 Origine
896 1668 1085 1722 festor.
1116 1668 1339 1733 Christ.,
1381 1682 1542 1735 agens
1583 1666 1649 1720 de
1675 1666 1900 1719 sabbato

307 1773 492 1815 sancto
522 1761 713 1828 allegat
764 1760 1164 1828 Naogeorgeum
1215 1759 1305 1811 lib.
1354 1773 1407 1810 tv
1442 1758 1590 1825 regni
1637 1756 1899 1824 papistiri,

1673 352 2205 411 PROLEGOHENA.

1908 469 2257 532 Amaveram
2313 471 2581 541 Hymnod.
2641 472 2863 541 llispan.
2907 472 2959 533 in
3003 469 3142 526 notis
3197 469 3264 525 ad
3313 469 3569 545 hytttllum
3616 508 3625 509 κ

3460 356 3568 412 678

1987 561 2041 616 S.
2080 561 2372 623 Laurentii.
2411 565 2549 618 male
2592 580 2621 617 a
2652 565 2965 634 quibusdam
3012 564 3150 618 hunc
3193 565 3444 634 hymnum
3491 564 3567 616 iu-

1989 657 2171 721 scribi,
2202 657 2281 707 Ad
2309 657 2570 715 incensum
2599 662 2731 711 cerei
2762 656 3039 727 paschalis,
3074 671 3485 725 sermonemque
3521 656 3571 709 in

1990 764 2055 803 eo
2086 763 2206 803 esse
2232 764 2335 802 non
2363 751 2430 802 de
2460 763 2616 804 ceree
2649 743 2903 817 paschali,
2927 750 3018 802 sed
3052 749 3115 803 de
3158 764 3302 802 cerea
3324 749 3409 815 qui
3439 764 3568 814 quo-

1989 839 2111 891 tidie
2141 839 2544 903 accendebatur,
2594 840 3035 907 quemadmodum
3090 838 3261 894 Grarci
3311 839 3577 893 habebant

1993 930 2247 1001 hymnum
2295 930 2383 999 qui
2433 931 2656 997 singulis
2690 929 2932 983 noctibus
2982 930 3278 992 dicebatur,
3309 946 3428 983 cum
3468 930 3579 998 pri-

1998 1040 2141 1077 mum
2173 1020 2350 1076 lumen
2384 1021 2732 1088 inferebatur,
2763 1018 2828 1075 de
2857 1037 2962 1090 quo
2989 1023 3096 1091 agit
3129 1023 3185 1076 S.
3216 1022 3440 1075 Basilius
3482 1022 3577 1076 lib.

1996 1116 2061 1170 de
2120 1114 2321 1184 Spiritu
2370 1126 2574 1167 sancto.
2611 1113 2924 1167 Couhrmari
2983 1122 3163 1181 posset
3206 1114 3325 1166 htec
3373 1114 3577 1182 Opinio,

1998 1208 2136 1281 quod
2167 1210 2217 1263 in
2248 1208 2351 1263 hoc
2388 1222 2601 1278 quoque
2631 1207 2831 1276 hymno
2866 1206 3133 1261 Prudentii
3167 1207 3448 1274 doxologia
3480 1207 3579 1262 SS.

2001 1300 2275 1355 Trinitatis
2302 1301 2639 1367 exprimitur,
2676 1297 2779 1351 Per
2826 1297 3085 1350 Christum
3128 1298 3390 1369 genitum,
3423 1312 3580 1364 quant

2004 1394 2055 1447 in
2092 1392 2398 1448 Grtecorum
2429 1390 2628 1462 hymno
2655 1390 2959 1457 vespertino
2988 1384 3157 1441 laudat
3196 1388 3437 1442 Basilius.
3470 1386 3586 1441 Cae-

2005 1498 2174 1540 terum
2223 1485 2323 1537 etsi
2352 1499 2524 1553 neque
2570 1498 2709 1536 nunc
2736 1482 2948 1551 quidem
2974 1481 3193 1551 probem
3242 1481 3473 1543 titulum,
3507 1480 3585 1532 Ad

2004 1579 2266 1631 incensum
2298 1575 2441 1628 Cerei
2471 1574 2750 1642 paschalis,
2788 1584 2966 1627 tamen
2998 1573 3062 1625 de
3092 1588 3150 1626 re
3182 1573 3290 1640 ipsa
3324 1573 3477 1640 longe
3500 1570 3587 1624 di-

2012 1683 2168 1721 verso
2202 1667 2358 1720 modo
2390 1666 2584 1720 sentio.
2616 1665 2740 1719 Seio
2768 1665 3009 1731 qumdam
3038 1679 3101 1718 ex
3142 1663 3241 1716 hue
3274 1664 3468 1733 hymno
3496 1678 3588 1731 op-

2013 1761 2139 1814 timc
2163 1758 2425 1828 quadrare
2464 1760 2517 1812 in
2562 1757 2797 1811 ofﬁcium
2840 1758 3259 1811 ecclesiasticmn
3292 1756 3429 1824 quod
3462 1757 3588 1809 olim

310 1854 707 1908 describentem
739 1854 896 1906 ritum
942 1852 1289 1906 benedicendi
1317 1865 1531 1905 cereum
1565 1848 1893 1918 paschalem,

2016 1859 2284 1913 licebatur
2313 1856 2682 1920 lucernarium,
2717 1866 2767 1909 et
2819 1870 2846 1908 a
2894 1856 2949 1909 S.
2986 1854 3268 1907 Ambrosio
3302 1854 3393 1905 lib.
3444 1868 3496 1905 tt:
3526 1853 3590 1913 de

310 1961 469 2015 quem
517 1944 945 2013 superstitiosum
979 1944 1128 1997 dicit.
1179 1942 1321 1997 Idem
1374 1940 1729 2009 Hospiuianus
1764 1941 1903 1992 hunc

313 2040 473 2091 ritum
524 2037 737 2091 Zosimo
785 2036 1028 2090 Pontihci
1078 2038 1220 2089 circa
1269 2050 1465 2088 annum
1515 2033 1619 2087 ΩΟ
1653 2048 1715 2085 ex
1766 2032 1903 2084 libro

312 2128 635 2193 Pontilirali,
685 2130 932 2193 Alcuino,
970 2128 1261 2191 Amalario,
1306 2126 1549 2191 Rabauo,
1588 2123 1899 2185 Walalrido,

312 2222 625 2289 Micrologo,
666 2220 905 2289 Ruperto
934 2219 1223 2283 Tuitiensi,
1268 2219 1490 2285 aliisque
1530 2215 1752 2268 ascribit
1790 2230 1803 2267 :
1836 2229 1901 2267 ex

311 2311 433 2363 aliis
478 2309 601 2379 (qui
654 2310 871 2363 minime
909 2317 1191 2363 suntcum
1236 2308 1501 2375 prioribus
1549 2305 1902 2373 conferendi)

314 2399 591 2455 Theodoto
616 2401 815 2470 (quem
843 2400 1211 2465 Theodorum,
1245 2414 1338 2453 seu
1369 2399 1683 2452 'l'heodoton
1714 2398 1901 2467 appel-

317 2491 468 2561 lant)
501 2492 638 2544 cirea
671 2507 867 2545 annum
912 2490 1037 2555 615,
1088 2506 1182 2545 seu
1216 2490 1450 2543 llonorie
1478 2492 1497 2541 l
1529 2490 1670 2542 circa
1710 2504 1905 2542 anuutn

318 2580 422 2635 622
468 2581 989 2649 adjudicat.~Notat,
1038 2583 1177 2634 circa
1227 2597 1422 2634 annum
1470 2580 1570 2633 627
1606 2580 1655 2631 in
1688 2579 1906 2649 Gallicia

325 2688 530 2726 morem
563 2688 665 2725 non
699 2672 861 2726 fuisse
895 2673 1165 2725 lucernam
1195 2683 1243 2725 et
1273 2687 1483 2725 cereum
1513 2670 1859 2725 consecrandi
1893 2687 1904 2720 :

320 2764 515 2831 quippe
564 2778 683 2817 cum
732 2777 853 2830 cap.
903 2762 936 2814 8
977 2764 1186 2817 concilii
1233 2763 1474 2816 Toletani
1526 2778 1576 2815 IV
1626 2772 1907 2828 statuatur,

321 2866 543 2925 prepter
573 2856 828 2909 unitatem
860 2855 1005 2924 pacis
1049 2854 1101 2907 in
1146 2855 1249 2908 illis
1277 2854 1434 2909 etiam
1463 2853 1718 2908 Ecclesiis
1751 2853 1909 2906 ritum

324 2948 469 3000 illum
501 2936 854 3001 benedicendi
884 2961 1004 3000 esse
1033 2947 1431 2999 instituendum.
1474 2947 1548 2998 Ex
1576 2946 1769 3015 quibus
1798 2946 1912 2999 col-

322 3037 455 3107 ligit,
491 3038 747 3107 hymnum
778 3052 808 3091 v
828 3036 1009 3100 Cath.,
1044 3051 1147 3089 non
1172 3054 1289 3089 esse
1322 3037 1717 3090 inscribendum
1740 3036 1806 3088 ad
1828 3051 1915 3088 ac-

322 3131 609 3182 censionent
642 3128 770 3181 cerei
796 3128 1069 3196 paschalis.
1106 3130 1258 3197 122
1292 3126 1464 3181 Utitur
1489 3128 1569 3180 his
1596 3127 1909 3193 rationibus,

2012 1950 2177 2019 Virg.,
2202 1964 2321 2017 cap.
2348 1949 2404 2012 4,
2433 1947 2583 2001 Hora
2604 1948 2819 2010 incensi,
2842 1961 2869 1997 a
2894 1945 3148 2001 Cassiano
3178 1945 3269 1999 lib.
3295 1960 3372 2009 ut,
3394 1960 3508 2013 cap.
3536 1945 3591 2012 '5,

2007 2041 2133 2095 hora
2166 2040 2460 2094 lucernalis.
2496 2041 2552 2094 lu
2586 2040 2781 2093 concil.
2813 2038 2987 2093 Tolm.
3022 2055 3061 2102 ι,
3093 2051 3209 2106 cap.
3242 2039 3303 2102 9,
3340 2036 3591 2090 Lucerna-

2006 2133 2141 2183 rt'um
2170 2148 2286 2183 vero
2318 2131 2415 2184 nisi
2459 2131 2513 2183 in
2560 2130 2773 2184 ecclesia
2818 2148 2918 2183 non
2960 2133 3181 2199 legatur.
3228 2129 3360 2182 Vide
3414 2138 3591 2183 notam

2007 2220 2212 2278 Garsiae
2267 2221 2507 2294 Loaysae,
2564 2223 2654 2292 qui
2705 2222 2933 2291 probare
2976 2221 3087 2275 vult
3136 2221 3482 2274 lucernarium
3528 2220 3592 2277 ad

2011 2326 2223 2371 nostras
2254 2330 2506 2384 vesperas
2538 2315 2829 2383 pertinere.
2879 2314 3117 2385 Hymnus
3143 2313 3355 2382 quidem
3406 2330 3437 2367 χ
3488 2313 3592 2366 En-

2010 2406 2178 2464 nodii.
2234 2408 2323 2474 qui
2377 2407 2691 2473 vespertinus
2722 2406 2938 2470 dicitur,
2996 2404 3061 2459 ad
3112 2405 3467 2458 lucernarittm
3518 2411 3593 2459 est

2011 2500 2341 2568 compositus
2372 2501 2485 2553 sine
2516 2499 2615 2552 ulla
2646 2500 3034 2552 controversia.

2085 2592 2206 2647 144.
2253 2592 2503 2658 Quamvis
2534 2601 2709 2645 autem
2750 2591 2978 2658 hymt-us
3015 2592 3279 2645 Prudentii
3313 2606 3378 2645 eo
3406 2590 3593 2648 ordine

2014 2686 2307 2739 eullocetur
2334 2700 2439 2754 quo
2485 2682 2716 2754 hymnus
2749 2688 3083 2752 vespertinus
3115 2685 3457 2753 quotidianus
3506 2685 3596 2739 de-

2014 2780 2166 2833 beret
2215 2779 2447 2847 reponi,
2504 2793 2609 2830 non
2664 2786 2945 2846 propterea
3006 2777 3157 2847 123
3214 2776 3411 2830 inferas
3465 2790 3596 2844 quo-

2021 2870 2282 2925 tidianum
2326 2885 2465 2925 esse.
2514 2869 2643 2923 Nam
2682 2884 2801 2923 cum
2845 2869 2896 2923 in
2942 2884 3007 2923 eo
3051 2869 3247 2936 hytnuo
3292 2869 3455 2922 multa
3500 2868 3597 2927 sint

2017 2982 2135 3033 qua:
2184 2974 2307 3033 apte
2352 2964 2549 3017 cadunt
2594 2964 2644 3017 in
2678 2962 2931 3032 hymnum
2966 2964 3349 3030 vespertinum,
3381 2972 3436 3017 et
3469 2977 3599 3030 pra:-

2022 3066 2163 3111 terea
2217 3058 2269 3110 in
2324 3056 2582 3123 principio
2620 3056 2791 3108 noctis
2838 3055 3043 3107 sabbati
3088 3056 3358 3124 paschalis
3387 3069 3601 3109 cauerea

2024 3160 2127 3212 tur,
2178 3164 2280 3202 non
2329 3149 2559 3203 absurde
2606 3149 2654 3201 is
2710 3149 2859 3201 locus
2905 3149 2976 3201 illi
3022 3148 3176 3201 datus
3223 3158 3326 3213 est,
3376 3149 3488 3203 sive
3539 3148 3602 3202 alt

311 3223 465 3301 quod
503 3223 750 3276 ZOsimus
778 3222 847 3277 40
878 3228 1033 3276 annis
1063 3233 1180 3291 post
1214 3222 1555 3277 Prudentium
1591 3225 1761 3278 tenuit
1788 3220 1919 3293 poué
1944 3215 1994 3280 ε
2023 3250 2261 3303 auclore,
2292 3240 2426 3301 sive,
2465 3248 2519 3292 ut
2541 3254 2637 3309 ego
2670 3239 2841 3305 magis
2872 3240 3057 3301 credo,
3089 3242 3157 3292 ab
3194 3242 3258 3291 iis
3292 3241 3379 3307 qui
3424 3250 3604 3306 postea

328 3316 629 3370 tilicetum.:
663 3315 717 3367 in
740 3329 846 3383 quo
873 3315 1084 3384 egregie
1116 3316 1336 3369 fallitur.
1372 3316 1500 3368 Nam
1531 3314 1780 3369 Zosimus
1823 3331 1917 3368 au-

327 3422 399 3462 no
427 3409 532 3462 M7
579 3408 811 3476 pontifex
843 3417 925 3461 est
963 3411 1186 3475 electus,
1245 3408 1566 3461 Prudentius
1606 3420 1735 3460 vero
1778 3422 1918 3460 anno

324 3500 436 3555 405
485 3500 772 3565 scribebat,
817 3515 991 3569 neque
1027 3510 1240 3553 eoustut
1278 3516 1383 3568 quo
1433 3515 1572 3554 anno
1604 3500 1725 3553 inde
1754 3515 1783 3553 e
1815 3501 1915 3553 \ild

331 3593 646 3647 excesserit.
680 3592 943 3645 Praeterea
971 3593 1042 3643 ait
1073 3590 1451 3659 llostiiuianus,
1475 3607 1663 3645 omnes
1691 3591 1919 3661 hymnus

332 3687 454 3741 libri
485 3687 905 3740 Cathemerinon
950 3687 1177 3754 scriptos
1202 3700 1321 3739 esse
1353 3700 1457 3739 non
1490 3702 1584 3754 pro
1626 3695 1778 3738 certo
1827 3685 1922 3737 ali-

333 3800 437 3855 quo
468 3782 554 3835 die
586 3782 733 3846 anni,
767 3783 862 3834 sed
892 3795 1011 3833 rsse
1040 3782 1338 3849 generales,
1368 3790 1418 3833 et
1450 3781 1738 3833 convenire
1770 3780 1921 3832 titulo

335 3873 456 3930 libri
485 3872 907 3935 Cathemeritmn,
940 3886 1033 3924 seu
1062 3870 1397 3923 Diurnorum.
1450 3871 1557 3923 Sed
1596 3886 1700 3922 non
1746 3870 1923 3921 minus

334 3966 439 4021 hoc
468 3968 588 4021 loco
616 3966 969 4019 hallucinatus
993 3976 1073 4019 est
1099 3981 1111 4017 :
1142 3980 1263 4017 nam
1289 3965 1516 4032 hymnus
1541 3964 1919 4032 Jejunantium,

338 4056 467 4111 Post
486 4058 764 4128 jejunium,
799 4056 949 4109 ()mni
990 4056 1135 4120 hora,
1168 4054 1232 4107 In
1264 4056 1513 4123 exsequiis
1543 4055 1920 4123 defunctorum,

338 4166 431 4206 vm
463 4150 587 4204 Kal.
612 4151 760 4216 Jan.,
790 4152 841 4204 in
876 4150 1167 4220 Epiphania
1197 4151 1418 4212 Domini,
1450 4164 1552 4201 non
1583 4151 1746 4217 magis
1775 4149 1925 4202 titulo

334 4230 764 4299 Cathemerinon
792 4246 1133 4312 conveniunt,
1165 4260 1321 4315 quam
1355 4243 1583 4313 hymnus
1630 4241 1723 4311 qui
1753 4242 1922 4296 solum

339 4338 567 4393 sabbato
596 4348 783 4394 sancto
811 4348 1114 4393 caneretur.

416 4432 537 4484 M5.
583 4430 818 4484 Validior
851 4431 1015 4483 videri
1048 4437 1224 4498 potest
1270 4429 1373 4482 alia
1404 4430 1579 4494 ratio,
1625 4445 1690 4483 ex
1737 4429 1923 4483 ordine

344 4524 508 4592 petita
540 4538 644 4591 quo
676 4522 759 4576 hic
791 4522 1020 4593 hymnus
1052 4538 1080 4574 ν
1104 4522 1318 4590 ponitur
1349 4523 1483 4575 inter
1515 4523 1766 4592 hymnum
1800 4522 1925 4575 Post

2026 3348 2183 3400 Opera
2234 3340 2638 3399 compegerunt,
2698 3339 2753 3385 et
2810 3331 2948 3384 hunc
2998 3332 3253 3400 hymnum
3305 3343 3605 3400 separatum

2027 3424 2161 3476 inter
2209 3423 2341 3476 alios
2405 3422 2798 3475 ratltemerinos
2855 3422 3205 3475 collocarunt.
3267 3422 3319 3474 In
3370 3423 3604 3478 editione

2026 3514 2144 3567 Aldi
2179 3516 2260 3568 bis
2284 3514 2456 3566 editus
2483 3525 2584 3575 est,
2630 3514 2860 3581 primum
2902 3515 3078 3566 statim
3129 3524 3245 3580 pest
3284 3514 3606 3585 Psychoma-

2027 3606 2200 3656 ehiam
2262 3612 2316 3656 et
2367 3613 2488 3657 ante
2537 3603 2730 3656 librum
2781 3604 3236 3667 Cathemerinon,
3299 3613 3408 3659 tum
3471 3606 3605 3661 inter

2027 3696 2279 3769 hymnum
2314 3713 2365 3750 Iv
2409 3707 2459 3751 et
2495 3713 2542 3749 vt
2583 3698 3033 3760 Cathemerinon;
3077 3712 3143 3751 cx
3189 3712 3295 3766 quo
3338 3708 3479 3766 patet
3511 3712 3606 3753 eos

2028 3808 2212 3845 versus
2239 3791 2304 3842 ab
2336 3790 2470 3843 Aldo
2495 3789 2655 3843 fuisse
2686 3806 2927 3843 seorsum
2960 3800 3223 3858 repertus,
3268 3790 3509 3856 quamvis
3546 3790 3606 3844 iu

2029 3885 2164 3939 libro
2192 3900 2403 3952 quoque
2433 3884 2856 3937 Cathemerinon]
2890 3884 3085 3936 fuerint
3116 3884 3322 3937 inserti.
3360 3883 3475 3936 .larn
3510 3897 3608 3935 uo-

2032 3977 2137 4031 tavi
2182 3992 2327 4029 num.
2382 3976 2501 4042 105,
2559 3976 2753 4029 οίιιιηη]
2809 3976 2967 4028 fuisse
3016 3976 3156 4027 hanc
3197 3975 3481 4044 hymnum,
3528 3975 3604 4028 ita

2029 4070 2364 4135 inscriptum,
2405 4067 2477 4119 De
2507 4069 2662 4136 phase
2685 4067 2861 4136 populi
2892 4066 3183 4119 Israelitici.
3210 4068 3262 4119 In
3296 4068 3601 4136 llymnariis

2030 4162 2094 4215 ν.
2125 4161 2420 4215 Cardinalis
2446 4161 2713 4239 ThOIIllLSll
2758 4161 2913 4212 modo
2956 4160 3276 4222 inscribitur,
3316 4160 3396 4210 Ad
3437 4160 3609 4211 incen-

2029 4272 2139 4309 sum
2168 4256 2405 4323 lacerate,
2457 4254 2612 4307 modo
2643 4255 2710 4307 ad
2748 4253 3143 4307 benedictionem
3169 4253 3298 4305 cerei
3327 4252 3607 4322 paschalis,

2031 4346 2188 4417 prout
2208 4348 2273 4401 ad
2301 4349 2439 4401 hunc
2464 4348 2541 4399 vel
2565 4348 2726 4400 alium
2761 4361 2911 4399 nsum
2937 4346 3004 4398 ab
3030 4344 3289 4399 Ecclesiis
3318 4345 3607 4399 adhibeba-

2034 4449 2137 4494 tur.
2174 4439 2227 4494 ln
2260 4440 2456 4493 Ordine
2486 4438 2727 4492 Romano
2760 4437 2923 4491 veteri
2962 4437 3188 4503 legitur:
3222 4436 3364 4492 Ordo
3399 4440 3459 4489 de
3500 4438 3611 4492 sabn

2034 4538 2151 4589 bato
2178 4544 2350 4588 sancto
2380 4534 2429 4586 in
2458 4534 2556 4587 die.
2610 4534 2779 4601 Aliqui
2810 4543 2978 4584 tamen
3011 4531 3092 4595 hic
3119 4542 3325 4584 cantant
3358 4531 3611 4602 hymnum

342 4614 522 4668 cibum
552 4623 605 4668 et
632 4613 888 4685 hymnum
934 4619 1069 4669 Ante
1100 4628 1341 4667 somnum
1364 4655 1379 4679 ,
1407 4629 1469 4668 ac
1493 4612 1712 4683 proinde
1738 4612 1802 4667 ad
1835 4612 1913 4666 ho

2035 4626 2308 4681 Prudentii
2332 4644 2349 4680 :
2378 4625 2613 4680 Inventor
2642 4626 2805 4691 rutili,
2831 4626 2936 4679 dum
2962 4626 3106 4691 bone,
3141 4626 3366 4680 luminis.
3412 4626 3463 4677 In
3497 4624 3612 4678 olli-

332 4720 461 4777 ,ram
514 4708 799 4762 lucernarii
824 4716 909 4762 est
953 4707 1281 4761 referendus.
1336 4707 1545 4772 lliscus,
1578 4716 1707 4760 tom.
1760 4704 1947 4759 ΧΧΧῘ.

344 4800 500 4869 Hisp.
558 4800 702 4854 Sacr.
727 4842 741 4867 ,
777 4802 909 4853 hanc
950 4801 1267 4863 sententiam
1316 4808 1569 4869 tauquam
1602 4800 1929 4869 exploratam

345 4890 544 4956 habet,
601 4906 847 4946 asserens
907 4891 1045 4946 hunc
1094 4874 1348 4962 hymnum
1398 4908 1516 4946 esse
1564 4892 1928 4961 quotidianum

346 4989 713 5055 vespertinum
731 5002 795 5040 ex
820 4986 1007 5040 ordine
1038 4986 1354 5055 hymnorum
1375 4986 1617 5055 usquead
1646 4986 1929 5053 septimum

347 5094 442 5148 per
472 5079 712 5134 Ordinem
746 5081 1182 5147 distributorum;
1235 5080 1366 5132 nihil
1398 5079 1602 5132 referre
1630 5081 1767 5147 quod
1802 5079 1932 5133 Pru-

349 5173 564 5226 demius
589 5172 828 5242 quzedatn
861 5172 927 5225 de
959 5182 1113 5225 nocte
1168 5171 1401 5240 paschali
1450 5170 1657 5237 afferat,
1707 5172 1829 5241 quia
1882 5173 1932 5225 in

350 5268 571 5337 hymnis
615 5269 755 5321 solet
798 5282 883 5320 res
915 5280 1005 5320 eas
1055 5280 1354 5320 memorare
1401 5281 1519 5334 quae
1562 5264 1708 5319 horis
1748 5266 1936 5333 quibus

350 5358 539 5429 hymni
569 5355 922 5411 decantantur
952 5356 1279 5422 acciderunt,
1328 5364 1380 5409 et
1410 5369 1475 5409 ex
1522 5354 1690 5440 sacris
1721 5354 1936 5411 Litteris

350 5460 621 5508 constant.
657 5452 739 5519 Et,
770 5459 823 5503 ut
852 5435 1019 5503 uineta
1045 5457 1233 5516 egomet
1266 5448 1459 5503 credant
1506 5435 1635 5513 m—ea,
1667 5464 1765 5519 ego
1794 5451 1939 5505 afﬁr-

353 5616 554 5676 tiosius,
604 5611 809 5674 Lucem,
842 5626 939 5681 qua
982 5609 1410 5681 reliauagprwmia
1438 5609 1704 5663 cernimus.
1735 5608 1812 5663 Tu
1839 5611 1931 5667 lux:

352 5703 467 5738 retu
500 5685 681 5748 oculis,
716 5685 801 5734 lux
824 5678 1015 5748 quoque
1047 5679 1291 5747 sensibus,
1324 5678 1470 5732 Intus
1492 5690 1545 5731 tu
1567 5682 1849 5747 speculum,
1879 5694 1933 5737 tu

354 5758 613 5823 speculum
645 5754 792 5820 (uris,
822 5752 1032 5815 Lumen,
1065 5751 1197 5819 quod
1226 5752 1481 5820 famulans
1506 5749 1684 5823 odero,
1711 5755 1931 5821 suscipe,

359 5820 591 5880 Turtum
636 5824 834 5883 paciﬁci
884 5822 1164 5875 chrismatis
1211 5822 1452 5888 unguine.
1508 5820 1567 5877 S.
1614 5820 1931 5893 Hieronymi

2034 4720 2119 4774 cio
2150 4719 2440 4774 lsidoriano
2470 4720 2609 4772 idem
2644 4720 2872 4788 hymnus
2894 4727 3139 4771 cantatur
3165 4718 3337 4787 aliqua
3372 4733 3435 4771 ex
3464 4726 3610 4785 parte

2035 4814 2086 4867 in
2136 4814 2314 4881 primo
2364 4810 2633 4865 dominico
2684 4819 2802 4878 post
2872 4819 3113 4864 octavam
3172 4808 3483 4877 Epiphaniae
3540 4809 3613 4863 ad

2035 4920 2306 4972 vesperas.
2362 4901 2705 4955 Blaucbinius
2762 4901 2813 4952 in
2860 4902 3052 4952 Annot.
3100 4900 3162 4952 ad
3212 4899 3385 4953 cotlic.
3417 4900 3611 4953 Veron.

2036 5000 2231 5051 retinet
2260 4995 2489 5048 titulum.
2519 4994 2597 5047 Ad
2618 4998 2878 5046 incensnm
2907 4995 3144 5060 lucet-nm,
3174 4994 3264 5048 Sl‘d
3295 4994 3471 5049 multis
3498 5009 3612 5059 pro«

2038 5089 2151 5149 bat,
2193 5102 2218 5138 a
2259 5086 2550 5139 Prudentio
2599 5086 2850 5153 hymnum
2905 5085 3069 5139 fuisse
3114 5088 3467 5153 compositum
3512 5100 3613 5152 pro

2038 5180 2409 5234 benedictione
2452 5176 2593 5231 cerei
2644 5177 2928 5245 paschalis.
2980 5176 3076 5231 Cui
3127 5179 3225 5230 etsi
3275 5177 3613 5244 aliquatenus

2038 5271 2322 5336 assentior,
2368 5283 2473 5322 non
2517 5281 2734 5338 possum
2788 5278 2961 5322 tamen
3008 5270 3132 5336 quin
3172 5268 3609 5332 animadvertam,

2040 5379 2152 5418 rem
2186 5377 2291 5416 non
2315 5374 2433 5416 esse
2466 5359 2873 5415 existimaudam
2913 5371 2978 5411 ex
3011 5360 3143 5417 ideis
3186 5367 3240 5411 et
3268 5355 3616 5410 consuetudi-

2042 5448 2196 5510 nibus
2220 5463 2404 5524 postea
2432 5452 2678 5517 inductis,
2716 5453 2809 5509 sed
2835 5451 2903 5507 ad
2931 5465 3024 5504 sua
3054 5449 3312 5519 principia
3344 5464 3606 5505 revocan-

2040 5627 2277 5687 tempore
2292 5618 2413 5673 haec
2439 5628 2552 5671 erat
2576 5611 3107 5687 objectioVigilantii
3139 5621 3193 5687 et
3238 5612 3613 5687 hermticorum

2035 5683 2288 5745 adversus
2312 5690 2645 5752 eatirolicos,
2686 5686 2827 5753 quod
2864 5683 3233 5739 ecclesiastico
3260 5685 3364 5740 ritu
3411 5686 3614 5748 lumina

2037 5762 2408 5818 accenderem.
2444 5758 2573 5815 Vide
2608 5772 2751 5810 num.
2786 5755 2907 5809 162.
