  <div class='ocr_page' id='page_1' title='image "/cluster/home/n/w/nwhite01/storage/ocr_20150623/59/hvd.32044015471626/345.png"; bbox 0 0 4142 6350; ppageno 0'>
   <div class='ocr_carea' id='block_1_1' title="bbox 510 377 712 455">
    <p class='ocr_par' dir='ltr' id='par_1_1' title="bbox 510 377 712 455">
     <span class='ocr_line' id='line_1_1' title="bbox 510 377 712 455; baseline 0.005 -1"><span class='ocrx_word' id='word_1_1' title='bbox 510 377 529 381; x_wconf 71' lang='grc'><strong>”</strong></span> <span class='ocrx_word' id='word_1_2' title='bbox 604 398 712 455; x_wconf 82' lang='lat'><strong>679</strong></span> 
     </span>
    </p>
   </div>
   <div class='ocr_carea' id='block_1_2' title="bbox 604 603 2186 676">
    <p class='ocr_par' dir='ltr' id='par_1_2' title="bbox 604 603 2186 676">
     <span class='ocr_line' id='line_1_2' title="bbox 604 603 2186 676; baseline -0.002 -14"><span class='ocrx_word' id='word_1_3' title='bbox 604 608 735 662; x_wconf 90' lang='lat' dir='ltr'><strong>tales</strong></span> <span class='ocrx_word' id='word_1_4' title='bbox 757 606 919 661; x_wconf 82' lang='lat' dir='ltr'><strong>fuisse</strong></span> <span class='ocrx_word' id='word_1_5' title='bbox 949 606 1063 660; x_wconf 91' lang='lat' dir='ltr'><strong>illas</strong></span> <span class='ocrx_word' id='word_1_6' title='bbox 1092 603 1194 660; x_wconf 86' lang='lat' dir='ltr'><strong>sibi</strong></span> <span class='ocrx_word' id='word_1_7' title='bbox 1218 604 1429 675; x_wconf 92' lang='lat' dir='ltr'><strong>lingunt</strong></span> <span class='ocrx_word' id='word_1_8' title='bbox 1449 606 1638 676; x_wconf 79' lang='lat' dir='ltr'><strong>quales</strong></span> <span class='ocrx_word' id='word_1_9' title='bbox 1671 606 1754 661; x_wconf 85' lang='lat' dir='ltr'><strong>hae</strong></span> <span class='ocrx_word' id='word_1_10' title='bbox 1786 605 2055 662; x_wconf 79' lang='lat' dir='ltr'><strong>interdum</strong></span> <span class='ocrx_word' id='word_1_11' title='bbox 2084 606 2186 660; x_wconf 89' lang='lat' dir='ltr'><strong>sub</strong></span> 
     </span>
    </p>
   </div>
   <div class='ocr_carea' id='block_1_3' title="bbox 603 695 2183 768">
    <p class='ocr_par' dir='ltr' id='par_1_3' title="bbox 603 695 2183 768">
     <span class='ocr_line' id='line_1_3' title="bbox 603 695 2183 768; baseline -0.003 -15"><span class='ocrx_word' id='word_1_12' title='bbox 603 698 791 753; x_wconf 89' lang='lat' dir='ltr'><strong>iisdem</strong></span> <span class='ocrx_word' id='word_1_13' title='bbox 807 696 1136 762; x_wconf 86' lang='lat' dir='ltr'><strong>nominibus,</strong></span> <span class='ocrx_word' id='word_1_14' title='bbox 1161 695 1254 751; x_wconf 92' lang='lat' dir='ltr'><strong>sed</strong></span> <span class='ocrx_word' id='word_1_15' title='bbox 1276 695 1489 752; x_wconf 88' lang='lat' dir='ltr'><strong>diversa</strong></span> <span class='ocrx_word' id='word_1_16' title='bbox 1514 697 1723 754; x_wconf 75' lang='lat' dir='ltr'><strong>ratione</strong></span> <span class='ocrx_word' id='word_1_17' title='bbox 1743 696 2183 768; x_wconf 65' lang='lat' dir='ltr'><strong>peragunturla).</strong></span> 
     </span>
    </p>
   </div>
   <div class='ocr_carea' id='block_1_4' title="bbox 544 788 2187 861">
    <p class='ocr_par' dir='ltr' id='par_1_4' title="bbox 544 788 2187 861">
     <span class='ocr_line' id='line_1_4' title="bbox 544 788 2187 861; baseline -0.001 -17"><span class='ocrx_word' id='word_1_18' title='bbox 544 815 548 818; x_wconf 75' lang='lat'><strong><em>~</em></strong></span> <span class='ocrx_word' id='word_1_19' title='bbox 602 790 841 861; x_wconf 83' lang='lat' dir='ltr'><strong>Hymnus</strong></span> <span class='ocrx_word' id='word_1_20' title='bbox 892 788 1208 855; x_wconf 89' lang='lat' dir='ltr'><strong>Prudentii,</strong></span> <span class='ocrx_word' id='word_1_21' title='bbox 1257 804 1598 861; x_wconf 89' lang='lat' dir='ltr'><strong>quacumque</strong></span> <span class='ocrx_word' id='word_1_22' title='bbox 1648 790 1863 846; x_wconf 91' lang='lat' dir='ltr'><strong>demum</strong></span> <span class='ocrx_word' id='word_1_23' title='bbox 1920 805 1987 846; x_wconf 80' lang='lat' dir='ltr'><strong>ex</strong></span> <span class='ocrx_word' id='word_1_24' title='bbox 2028 804 2187 845; x_wconf 87' lang='lat' dir='ltr'><strong>causa</strong></span> 
     </span>
    </p>
   </div>
   <div class='ocr_carea' id='block_1_5' title="bbox 601 882 2187 955">
    <p class='ocr_par' dir='ltr' id='par_1_5' title="bbox 601 882 2187 955">
     <span class='ocr_line' id='line_1_5' title="bbox 601 882 2187 955; baseline -0.001 -16"><span class='ocrx_word' id='word_1_25' title='bbox 601 886 755 942; x_wconf 83' lang='lat' dir='ltr'><strong>luerit</strong></span> <span class='ocrx_word' id='word_1_26' title='bbox 779 886 845 940; x_wconf 91' lang='lat' dir='ltr'><strong>ab</strong></span> <span class='ocrx_word' id='word_1_27' title='bbox 876 901 941 941; x_wconf 91' lang='lat' dir='ltr'><strong>eo</strong></span> <span class='ocrx_word' id='word_1_28' title='bbox 968 885 1265 953; x_wconf 76' lang='lat' dir='ltr'><strong>coniectus,</strong></span> <span class='ocrx_word' id='word_1_29' title='bbox 1295 886 1469 955; x_wconf 90' lang='lat' dir='ltr'><strong>potuit</strong></span> <span class='ocrx_word' id='word_1_30' title='bbox 1490 885 1732 942; x_wconf 85' lang='lat' dir='ltr'><strong>adhiberi</strong></span> <span class='ocrx_word' id='word_1_31' title='bbox 1758 885 1840 941; x_wconf 92' lang='lat' dir='ltr'><strong>vel</strong></span> <span class='ocrx_word' id='word_1_32' title='bbox 1872 884 1937 939; x_wconf 90' lang='lat' dir='ltr'><strong>ad</strong></span> <span class='ocrx_word' id='word_1_33' title='bbox 1967 882 2187 939; x_wconf 85' lang='lat' dir='ltr'><strong>benedi-</strong></span> 
     </span>
    </p>
   </div>
   <div class='ocr_carea' id='block_1_6' title="bbox 597 976 2185 1048">
    <p class='ocr_par' dir='ltr' id='par_1_6' title="bbox 597 976 2185 1048">
     <span class='ocr_line' id='line_1_6' title="bbox 597 976 2185 1048; baseline -0.001 -15"><span class='ocrx_word' id='word_1_34' title='bbox 597 979 825 1033; x_wconf 90' lang='lat' dir='ltr'><strong>ctionem</strong></span> <span class='ocrx_word' id='word_1_35' title='bbox 863 978 1099 1034; x_wconf 78' lang='lat' dir='ltr'><strong>lucernae</strong></span> <span class='ocrx_word' id='word_1_36' title='bbox 1140 987 1194 1033; x_wconf 90' lang='lat' dir='ltr'><strong>et</strong></span> <span class='ocrx_word' id='word_1_37' title='bbox 1219 978 1386 1045; x_wconf 88' lang='lat' dir='ltr'><strong>cerei,</strong></span> <span class='ocrx_word' id='word_1_38' title='bbox 1414 994 1573 1048; x_wconf 89' lang='lat' dir='ltr'><strong>quam</strong></span> <span class='ocrx_word' id='word_1_39' title='bbox 1602 976 1913 1035; x_wconf 74' lang='lat' dir='ltr'><strong>Moza&#39;rabes</strong></span> <span class='ocrx_word' id='word_1_40' title='bbox 1939 978 1995 1032; x_wconf 93' lang='lat' dir='ltr'><strong>in</strong></span> <span class='ocrx_word' id='word_1_41' title='bbox 2026 992 2185 1033; x_wconf 91' lang='lat' dir='ltr'><strong>usum</strong></span> 
     </span>
    </p>
   </div>
   <div class='ocr_carea' id='block_1_7' title="bbox 567 1068 2186 1139">
    <p class='ocr_par' dir='ltr' id='par_1_7' title="bbox 567 1068 2186 1139">
     <span class='ocr_line' id='line_1_7' title="bbox 567 1068 2186 1139; baseline 0.001 -17"><span class='ocrx_word' id='word_1_42' title='bbox 567 1068 936 1137; x_wconf 76' lang='lat' dir='ltr'><strong>induxerant,</strong></span> <span class='ocrx_word' id='word_1_43' title='bbox 992 1069 1075 1124; x_wconf 87' lang='lat' dir='ltr'><strong>vel</strong></span> <span class='ocrx_word' id='word_1_44' title='bbox 1113 1069 1179 1124; x_wconf 87' lang='lat' dir='ltr'><strong>ad</strong></span> <span class='ocrx_word' id='word_1_45' title='bbox 1229 1069 1653 1126; x_wconf 85' lang='lat' dir='ltr'><strong>benedictionem</strong></span> <span class='ocrx_word' id='word_1_46' title='bbox 1704 1069 1871 1135; x_wconf 88' lang='lat' dir='ltr'><strong>cerei,</strong></span> <span class='ocrx_word' id='word_1_47' title='bbox 1923 1084 2042 1139; x_wconf 85' lang='lat' dir='ltr'><strong>quae</strong></span> <span class='ocrx_word' id='word_1_48' title='bbox 2073 1068 2186 1138; x_wconf 89' lang='lat' dir='ltr'><strong>jam</strong></span> 
     </span>
    </p>
   </div>
   <div class='ocr_carea' id='block_1_8' title="bbox 551 1149 2186 1233">
    <p class='ocr_par' dir='ltr' id='par_1_8' title="bbox 551 1149 2186 1233">
     <span class='ocr_line' id='line_1_8' title="bbox 551 1149 2186 1233; baseline -0.001 -17"><span class='ocrx_word' id='word_1_49' title='bbox 551 1149 559 1156; x_wconf 72' lang='grc'><em>’</em></span> <span class='ocrx_word' id='word_1_50' title='bbox 598 1171 837 1233; x_wconf 91' lang='lat' dir='ltr'><strong>tempore</strong></span> <span class='ocrx_word' id='word_1_51' title='bbox 861 1163 919 1219; x_wconf 92' lang='lat' dir='ltr'><strong>S.</strong></span> <span class='ocrx_word' id='word_1_52' title='bbox 948 1161 1181 1217; x_wconf 87' lang='lat' dir='ltr'><strong>Ennodii</strong></span> <span class='ocrx_word' id='word_1_53' title='bbox 1206 1163 1256 1216; x_wconf 92' lang='lat' dir='ltr'><strong>in</strong></span> <span class='ocrx_word' id='word_1_54' title='bbox 1284 1163 1730 1218; x_wconf 86' lang='lat' dir='ltr'><strong>consuetudinem</strong></span> <span class='ocrx_word' id='word_1_55' title='bbox 1756 1171 1997 1228; x_wconf 86' lang='lat' dir='ltr'><strong>venerat,</strong></span> <span class='ocrx_word' id='word_1_56' title='bbox 2032 1161 2186 1229; x_wconf 90' lang='lat' dir='ltr'><strong>cujus</strong></span> 
     </span>
    </p>
   </div>
   <div class='ocr_carea' id='block_1_9' title="bbox 597 1252 2187 1309">
    <p class='ocr_par' dir='ltr' id='par_1_9' title="bbox 597 1252 2187 1309">
     <span class='ocr_line' id='line_1_9' title="bbox 597 1252 2187 1309; baseline -0.002 -1"><span class='ocrx_word' id='word_1_57' title='bbox 597 1254 715 1309; x_wconf 70' lang='lat' dir='ltr'><strong>dua:</strong></span> <span class='ocrx_word' id='word_1_58' title='bbox 760 1261 974 1309; x_wconf 81' lang='lat' dir='ltr'><strong>exstant</strong></span> <span class='ocrx_word' id='word_1_59' title='bbox 1013 1253 1418 1309; x_wconf 82' lang='lat' dir='ltr'><strong>benedictiones</strong></span> <span class='ocrx_word' id='word_1_60' title='bbox 1464 1254 1677 1309; x_wconf 87' lang='lat' dir='ltr'><strong>eisdem</strong></span> <span class='ocrx_word' id='word_1_61' title='bbox 1725 1252 2010 1308; x_wconf 87' lang='lat' dir='ltr'><strong>sententiis</strong></span> <span class='ocrx_word' id='word_1_62' title='bbox 2058 1266 2187 1306; x_wconf 89' lang='lat' dir='ltr'><strong>con-</strong></span> 
     </span>
    </p>
   </div>
   <div class='ocr_carea' id='block_1_10' title="bbox 596 1347 2179 1417">
    <p class='ocr_par' dir='ltr' id='par_1_10' title="bbox 596 1347 2179 1417">
     <span class='ocr_line' id='line_1_10' title="bbox 596 1347 2179 1417; baseline -0.001 -15"><span class='ocrx_word' id='word_1_63' title='bbox 596 1358 789 1417; x_wconf 67' lang='lat' dir='ltr'><strong>ceptaz,</strong></span> <span class='ocrx_word' id='word_1_64' title='bbox 816 1348 894 1402; x_wconf 86' lang='lat' dir='ltr'><strong>vel</strong></span> <span class='ocrx_word' id='word_1_65' title='bbox 927 1347 1155 1417; x_wconf 89' lang='lat' dir='ltr'><strong>denique</strong></span> <span class='ocrx_word' id='word_1_66' title='bbox 1176 1347 1240 1402; x_wconf 93' lang='lat' dir='ltr'><strong>ad</strong></span> <span class='ocrx_word' id='word_1_67' title='bbox 1273 1347 1461 1402; x_wconf 89' lang='lat' dir='ltr'><strong>horam</strong></span> <span class='ocrx_word' id='word_1_68' title='bbox 1486 1348 1791 1403; x_wconf 80' lang='lat' dir='ltr'><strong>lucernarii.</strong></span> <span class='ocrx_word' id='word_1_69' title='bbox 1824 1349 1959 1404; x_wconf 87' lang='lat' dir='ltr'><strong>Hinc</strong></span> <span class='ocrx_word' id='word_1_70' title='bbox 1979 1347 2179 1402; x_wconf 84' lang='lat' dir='ltr'><strong>diversi</strong></span> 
     </span>
    </p>
   </div>
   <div class='ocr_carea' id='block_1_11' title="bbox 600 1440 2181 1511">
    <p class='ocr_par' dir='ltr' id='par_1_11' title="bbox 600 1440 2181 1511">
     <span class='ocr_line' id='line_1_11' title="bbox 600 1440 2181 1511; baseline 0 -18"><span class='ocrx_word' id='word_1_71' title='bbox 600 1440 739 1494; x_wconf 88' lang='lat' dir='ltr'><strong>tituli</strong></span> <span class='ocrx_word' id='word_1_72' title='bbox 790 1440 893 1495; x_wconf 90' lang='lat' dir='ltr'><strong>orti</strong></span> <span class='ocrx_word' id='word_1_73' title='bbox 932 1448 1087 1505; x_wconf 86' lang='lat' dir='ltr'><strong>sunt,</strong></span> <span class='ocrx_word' id='word_1_74' title='bbox 1129 1454 1354 1510; x_wconf 91' lang='lat' dir='ltr'><strong>quorum</strong></span> <span class='ocrx_word' id='word_1_75' title='bbox 1398 1441 1599 1495; x_wconf 92' lang='lat' dir='ltr'><strong>nullum</strong></span> <span class='ocrx_word' id='word_1_76' title='bbox 1645 1441 1815 1510; x_wconf 91' lang='lat' dir='ltr'><strong>probo</strong></span> <span class='ocrx_word' id='word_1_77' title='bbox 1863 1440 1961 1511; x_wconf 89' lang='lat' dir='ltr'><strong>(b).</strong></span> <span class='ocrx_word' id='word_1_78' title='bbox 2013 1440 2181 1506; x_wconf 90' lang='lat' dir='ltr'><strong>Quem</strong></span> 
     </span>
    </p>
   </div>
   <div class='ocr_carea' id='block_1_12' title="bbox 602 1529 2179 1601">
    <p class='ocr_par' dir='ltr' id='par_1_12' title="bbox 602 1529 2179 1601">
     <span class='ocr_line' id='line_1_12' title="bbox 602 1529 2179 1601; baseline -0.001 -15"><span class='ocrx_word' id='word_1_79' title='bbox 602 1545 730 1601; x_wconf 89' lang='lat' dir='ltr'><strong>ergo</strong></span> <span class='ocrx_word' id='word_1_80' title='bbox 774 1530 983 1585; x_wconf 87' lang='lat' dir='ltr'><strong>titulum</strong></span> <span class='ocrx_word' id='word_1_81' title='bbox 1021 1529 1193 1586; x_wconf 89' lang='lat' dir='ltr'><strong>dabo?</strong></span> <span class='ocrx_word' id='word_1_82' title='bbox 1250 1530 1365 1586; x_wconf 88' lang='lat' dir='ltr'><strong>Non</strong></span> <span class='ocrx_word' id='word_1_83' title='bbox 1416 1533 1635 1586; x_wconf 90' lang='lat' dir='ltr'><strong>omnino</strong></span> <span class='ocrx_word' id='word_1_84' title='bbox 1676 1531 1926 1599; x_wconf 88' lang='lat' dir='ltr'><strong>displicet</strong></span> <span class='ocrx_word' id='word_1_85' title='bbox 1970 1530 2179 1596; x_wconf 92' lang='lat' dir='ltr'><strong>titulus,</strong></span> 
     </span>
    </p>
   </div>
   <div class='ocr_carea' id='block_1_13' title="bbox 601 1623 2175 1695">
    <p class='ocr_par' dir='ltr' id='par_1_13' title="bbox 601 1623 2175 1695">
     <span class='ocr_line' id='line_1_13' title="bbox 601 1623 2175 1695; baseline -0.002 -16"><span class='ocrx_word' id='word_1_86' title='bbox 601 1625 755 1695; x_wconf 67' lang='grc'><strong>124</strong></span> <span class='ocrx_word' id='word_1_87' title='bbox 782 1623 863 1677; x_wconf 80' lang='lat' dir='ltr'><strong>Ad</strong></span> <span class='ocrx_word' id='word_1_88' title='bbox 884 1625 1168 1692; x_wconf 86' lang='lat' dir='ltr'><strong>incensum,</strong></span> <span class='ocrx_word' id='word_1_89' title='bbox 1227 1624 1350 1695; x_wconf 90' lang='lat' dir='ltr'><strong>quin</strong></span> <span class='ocrx_word' id='word_1_90' title='bbox 1385 1625 1529 1679; x_wconf 84' lang='lat' dir='ltr'><strong>aliud</strong></span> <span class='ocrx_word' id='word_1_91' title='bbox 1575 1623 1822 1690; x_wconf 85' lang='lat' dir='ltr'><strong>addatur,</strong></span> <span class='ocrx_word' id='word_1_92' title='bbox 1859 1633 1951 1679; x_wconf 91' lang='lat' dir='ltr'><strong>aut</strong></span> <span class='ocrx_word' id='word_1_93' title='bbox 1989 1624 2070 1677; x_wconf 81' lang='lat' dir='ltr'><strong>Ad</strong></span> <span class='ocrx_word' id='word_1_94' title='bbox 2099 1625 2175 1677; x_wconf 83' lang='lat' dir='ltr'><strong>in-</strong></span> 
     </span>
    </p>
   </div>
   <div class='ocr_carea' id='block_1_14' title="bbox 592 1717 2180 1789">
    <p class='ocr_par' dir='ltr' id='par_1_14' title="bbox 592 1717 2180 1789">
     <span class='ocr_line' id='line_1_14' title="bbox 592 1717 2180 1789; baseline -0.001 -17"><span class='ocrx_word' id='word_1_95' title='bbox 592 1733 795 1772; x_wconf 82' lang='lat' dir='ltr'><strong>censum</strong></span> <span class='ocrx_word' id='word_1_96' title='bbox 833 1718 1064 1774; x_wconf 86' lang='lat' dir='ltr'><strong>luminis.</strong></span> <span class='ocrx_word' id='word_1_97' title='bbox 1105 1718 1216 1775; x_wconf 90' lang='lat' dir='ltr'><strong>Sed</strong></span> <span class='ocrx_word' id='word_1_98' title='bbox 1256 1718 1426 1789; x_wconf 88' lang='lat' dir='ltr'><strong>magis</strong></span> <span class='ocrx_word' id='word_1_99' title='bbox 1466 1719 1671 1775; x_wconf 85' lang='lat' dir='ltr'><strong>arridet</strong></span> <span class='ocrx_word' id='word_1_100' title='bbox 1716 1718 1997 1788; x_wconf 84' lang='lat' dir='ltr'><strong>inscriptio</strong></span> <span class='ocrx_word' id='word_1_101' title='bbox 2037 1717 2180 1785; x_wconf 88' lang='lat' dir='ltr'><strong>Aldi,</strong></span> 
     </span>
    </p>
   </div>
   <div class='ocr_carea' id='block_1_15' title="bbox 592 1812 2180 1884">
    <p class='ocr_par' dir='ltr' id='par_1_15' title="bbox 592 1812 2180 1884">
     <span class='ocr_line' id='line_1_15' title="bbox 592 1812 2180 1884; baseline -0.002 -17"><span class='ocrx_word' id='word_1_102' title='bbox 592 1826 695 1867; x_wconf 92' lang='lat' dir='ltr'><strong>non</strong></span> <span class='ocrx_word' id='word_1_103' title='bbox 730 1813 869 1869; x_wconf 91' lang='lat' dir='ltr'><strong>inter</strong></span> <span class='ocrx_word' id='word_1_104' title='bbox 904 1812 1134 1884; x_wconf 89' lang='lat' dir='ltr'><strong>hymnos</strong></span> <span class='ocrx_word' id='word_1_105' title='bbox 1160 1812 1575 1880; x_wconf 88' lang='lat' dir='ltr'><strong>cathemerinos,</strong></span> <span class='ocrx_word' id='word_1_106' title='bbox 1608 1813 1699 1868; x_wconf 91' lang='lat' dir='ltr'><strong>ubi</strong></span> <span class='ocrx_word' id='word_1_107' title='bbox 1729 1813 1947 1879; x_wconf 88' lang='lat' dir='ltr'><strong>dicitur,</strong></span> <span class='ocrx_word' id='word_1_108' title='bbox 1972 1812 2083 1866; x_wconf 86' lang='lat' dir='ltr'><strong>Ode</strong></span> <span class='ocrx_word' id='word_1_109' title='bbox 2111 1812 2180 1864; x_wconf 87' lang='lat' dir='ltr'><strong>ad</strong></span> 
     </span>
    </p>
   </div>
   <div class='ocr_carea' id='block_1_16' title="bbox 589 1902 2256 1977">
    <p class='ocr_par' dir='ltr' id='par_1_16' title="bbox 589 1902 2256 1977">
     <span class='ocr_line' id='line_1_16' title="bbox 589 1902 2256 1977; baseline 0.002 -17"><span class='ocrx_word' id='word_1_110' title='bbox 589 1908 933 1962; x_wconf 75' lang='lat' dir='ltr'><strong>ascensionem</strong></span> <span class='ocrx_word' id='word_1_111' title='bbox 956 1907 1198 1973; x_wconf 69' lang='lat' dir='ltr'><strong>lucernis,</strong></span> <span class='ocrx_word' id='word_1_112' title='bbox 1229 1907 1322 1964; x_wconf 89' lang='lat' dir='ltr'><strong>sed</strong></span> <span class='ocrx_word' id='word_1_113' title='bbox 1351 1922 1510 1977; x_wconf 91' lang='lat' dir='ltr'><strong>quam</strong></span> <span class='ocrx_word' id='word_1_114' title='bbox 1532 1908 1687 1977; x_wconf 89' lang='lat' dir='ltr'><strong>ponit</strong></span> <span class='ocrx_word' id='word_1_115' title='bbox 1701 1922 1765 1962; x_wconf 82' lang='lat' dir='ltr'><strong>ex</strong></span> <span class='ocrx_word' id='word_1_116' title='bbox 1789 1907 1970 1975; x_wconf 89' lang='lat' dir='ltr'><strong>aliquo</strong></span> <span class='ocrx_word' id='word_1_117' title='bbox 1988 1905 2177 1960; x_wconf 88' lang='lat' dir='ltr'><strong>codice</strong></span> <span class='ocrx_word' id='word_1_118' title='bbox 2207 1902 2256 1964; x_wconf 90' lang='lat' dir='ltr'><strong>B</strong></span> 
     </span>
    </p>
   </div>
   <div class='ocr_carea' id='block_1_17' title="bbox 590 1998 2180 2069">
    <p class='ocr_par' dir='ltr' id='par_1_17' title="bbox 590 1998 2180 2069">
     <span class='ocr_line' id='line_1_17' title="bbox 590 1998 2180 2069; baseline -0.003 -15"><span class='ocrx_word' id='word_1_119' title='bbox 590 2011 840 2069; x_wconf 81' lang='lat' dir='ltr'><strong>separato</strong></span> <span class='ocrx_word' id='word_1_120' title='bbox 878 2016 894 2053; x_wconf 91' lang='lat'><strong>:</strong></span> <span class='ocrx_word' id='word_1_121' title='bbox 944 1999 1137 2055; x_wconf 86' lang='lat' dir='ltr'><strong>Versus</strong></span> <span class='ocrx_word' id='word_1_122' title='bbox 1164 2001 1363 2054; x_wconf 76' lang='lat' dir='ltr'><strong>Aurelii</strong></span> <span class='ocrx_word' id='word_1_123' title='bbox 1394 1999 1668 2054; x_wconf 89' lang='lat' dir='ltr'><strong>Prudentii</strong></span> <span class='ocrx_word' id='word_1_124' title='bbox 1712 2000 1776 2053; x_wconf 85' lang='lat' dir='ltr'><strong>de</strong></span> <span class='ocrx_word' id='word_1_125' title='bbox 1823 2014 1951 2052; x_wconf 85' lang='lat' dir='ltr'><strong>novo</strong></span> <span class='ocrx_word' id='word_1_126' title='bbox 1986 1998 2180 2051; x_wconf 82' lang='lat' dir='ltr'><strong>lumine</strong></span> 
     </span>
    </p>
   </div>
   <div class='ocr_carea' id='block_1_18' title="bbox 589 2090 2179 2165">
    <p class='ocr_par' dir='ltr' id='par_1_18' title="bbox 589 2090 2179 2165">
     <span class='ocr_line' id='line_1_18' title="bbox 589 2090 2179 2165; baseline -0.003 -17"><span class='ocrx_word' id='word_1_127' title='bbox 589 2094 784 2148; x_wconf 75' lang='lat' dir='ltr'><strong>sabbati</strong></span> <span class='ocrx_word' id='word_1_128' title='bbox 809 2093 1085 2165; x_wconf 77' lang='lat' dir='ltr'><strong>paschalis.</strong></span> <span class='ocrx_word' id='word_1_129' title='bbox 1138 2092 1300 2149; x_wconf 86' lang='lat' dir='ltr'><strong>Vides</strong></span> <span class='ocrx_word' id='word_1_130' title='bbox 1322 2092 1724 2162; x_wconf 88' lang='lat' dir='ltr'><strong>inscriptionem</strong></span> <span class='ocrx_word' id='word_1_131' title='bbox 1758 2107 1866 2147; x_wconf 90' lang='lat' dir='ltr'><strong>non</strong></span> <span class='ocrx_word' id='word_1_132' title='bbox 1902 2090 2179 2145; x_wconf 87' lang='lat' dir='ltr'><strong>monachi-</strong></span> 
     </span>
    </p>
   </div>
   <div class='ocr_carea' id='block_1_19' title="bbox 590 2184 2183 2255">
    <p class='ocr_par' dir='ltr' id='par_1_19' title="bbox 590 2184 2183 2255">
     <span class='ocr_line' id='line_1_19' title="bbox 590 2184 2183 2255; baseline -0.003 -15"><span class='ocrx_word' id='word_1_133' title='bbox 590 2201 730 2249; x_wconf 88' lang='lat' dir='ltr'><strong>cam,</strong></span> <span class='ocrx_word' id='word_1_134' title='bbox 755 2200 929 2255; x_wconf 91' lang='lat' dir='ltr'><strong>neque</strong></span> <span class='ocrx_word' id='word_1_135' title='bbox 952 2201 1017 2241; x_wconf 79' lang='lat' dir='ltr'><strong>ex</strong></span> <span class='ocrx_word' id='word_1_136' title='bbox 1051 2184 1231 2255; x_wconf 87' lang='lat' dir='ltr'><strong>aliquo</strong></span> <span class='ocrx_word' id='word_1_137' title='bbox 1258 2184 1527 2239; x_wconf 90' lang='lat' dir='ltr'><strong>breviario</strong></span> <span class='ocrx_word' id='word_1_138' title='bbox 1544 2185 1785 2255; x_wconf 85' lang='lat' dir='ltr'><strong>petitam,</strong></span> <span class='ocrx_word' id='word_1_139' title='bbox 1817 2193 1909 2238; x_wconf 88' lang='lat' dir='ltr'><strong>aut</strong></span> <span class='ocrx_word' id='word_1_140' title='bbox 1935 2199 1962 2237; x_wconf 94' lang='lat' dir='ltr'><strong>a</strong></span> <span class='ocrx_word' id='word_1_141' title='bbox 1992 2198 2183 2239; x_wconf 88' lang='lat' dir='ltr'><strong>recen-</strong></span> 
     </span>
    </p>
   </div>
   <div class='ocr_carea' id='block_1_20' title="bbox 593 2276 2180 2348">
    <p class='ocr_par' dir='ltr' id='par_1_20' title="bbox 593 2276 2180 2348">
     <span class='ocr_line' id='line_1_20' title="bbox 593 2276 2180 2348; baseline -0.001 -16"><span class='ocrx_word' id='word_1_142' title='bbox 593 2277 820 2334; x_wconf 89' lang='lat' dir='ltr'><strong>tioribus</strong></span> <span class='ocrx_word' id='word_1_143' title='bbox 850 2277 1206 2348; x_wconf 77' lang='lat' dir='ltr'><strong>excogitatam</strong></span> <span class='ocrx_word' id='word_1_144' title='bbox 1240 2296 1254 2331; x_wconf 90' lang='lat'><strong>:</strong></span> <span class='ocrx_word' id='word_1_145' title='bbox 1286 2293 1445 2348; x_wconf 89' lang='lat' dir='ltr'><strong>quam</strong></span> <span class='ocrx_word' id='word_1_146' title='bbox 1472 2278 1696 2332; x_wconf 89' lang='lat' dir='ltr'><strong>retinuit</strong></span> <span class='ocrx_word' id='word_1_147' title='bbox 1727 2277 1906 2333; x_wconf 87' lang='lat' dir='ltr'><strong>Sixtus</strong></span> <span class='ocrx_word' id='word_1_148' title='bbox 1927 2276 2180 2332; x_wconf 85' lang='lat' dir='ltr'><strong>Senensis</strong></span> 
     </span>
    </p>
   </div>
   <div class='ocr_carea' id='block_1_21' title="bbox 592 2366 2179 2442">
    <p class='ocr_par' dir='ltr' id='par_1_21' title="bbox 592 2366 2179 2442">
     <span class='ocr_line' id='line_1_21' title="bbox 592 2366 2179 2442; baseline 0.001 -20"><span class='ocrx_word' id='word_1_149' title='bbox 592 2366 687 2425; x_wconf 88' lang='lat' dir='ltr'><strong>lib.</strong></span> <span class='ocrx_word' id='word_1_150' title='bbox 724 2384 778 2423; x_wconf 84' lang='lat' dir='ltr'><strong>vt</strong></span> <span class='ocrx_word' id='word_1_151' title='bbox 810 2368 1061 2424; x_wconf 90' lang='lat' dir='ltr'><strong>Bibliotb.</strong></span> <span class='ocrx_word' id='word_1_152' title='bbox 1093 2377 1292 2435; x_wconf 89' lang='lat' dir='ltr'><strong>sanct.,</strong></span> <span class='ocrx_word' id='word_1_153' title='bbox 1329 2385 1448 2441; x_wconf 86' lang='lat' dir='ltr'><strong>cap.</strong></span> <span class='ocrx_word' id='word_1_154' title='bbox 1493 2371 1582 2438; x_wconf 73' lang='grc'><strong>47,</strong></span> <span class='ocrx_word' id='word_1_155' title='bbox 1633 2370 1702 2428; x_wconf 92' lang='lat' dir='ltr'><strong>de</strong></span> <span class='ocrx_word' id='word_1_156' title='bbox 1746 2388 1852 2442; x_wconf 92' lang='lat' dir='ltr'><strong>quo</strong></span> <span class='ocrx_word' id='word_1_157' title='bbox 1883 2374 2000 2440; x_wconf 82' lang='lat' dir='ltr'><strong>lege</strong></span> <span class='ocrx_word' id='word_1_158' title='bbox 2040 2371 2179 2426; x_wconf 87' lang='lat' dir='ltr'><strong>ini‘ra</strong></span> 
     </span>
    </p>
   </div>
   <div class='ocr_carea' id='block_1_22' title="bbox 596 2458 809 2515">
    <p class='ocr_par' dir='ltr' id='par_1_22' title="bbox 596 2458 809 2515">
     <span class='ocr_line' id='line_1_22' title="bbox 596 2458 809 2515; baseline 0.014 -3"><span class='ocrx_word' id='word_1_159' title='bbox 596 2473 653 2514; x_wconf 92' lang='lat' dir='ltr'><strong>n.</strong></span> <span class='ocrx_word' id='word_1_160' title='bbox 684 2458 809 2515; x_wconf 82' lang='grc'><strong>185.</strong></span> 
     </span>
    </p>
   </div>
   <div class='ocr_carea' id='block_1_23' title="bbox 663 2551 2181 2626">
    <p class='ocr_par' dir='ltr' id='par_1_23' title="bbox 663 2551 2181 2626">
     <span class='ocr_line' id='line_1_23' title="bbox 663 2551 2181 2626; baseline 0.005 -21"><span class='ocrx_word' id='word_1_161' title='bbox 663 2553 787 2609; x_wconf 79' lang='grc'><strong>145.</strong></span> <span class='ocrx_word' id='word_1_162' title='bbox 825 2551 961 2609; x_wconf 80' lang='lat' dir='ltr'><strong>Vide</strong></span> <span class='ocrx_word' id='word_1_163' title='bbox 996 2568 1139 2609; x_wconf 90' lang='lat' dir='ltr'><strong>nunc</strong></span> <span class='ocrx_word' id='word_1_164' title='bbox 1172 2570 1333 2624; x_wconf 87' lang='lat' dir='ltr'><strong>quam</strong></span> <span class='ocrx_word' id='word_1_165' title='bbox 1378 2562 1502 2626; x_wconf 89' lang='lat' dir='ltr'><strong>apte</strong></span> <span class='ocrx_word' id='word_1_166' title='bbox 1548 2554 1629 2612; x_wconf 88' lang='lat' dir='ltr'><strong>rei</strong></span> <span class='ocrx_word' id='word_1_167' title='bbox 1666 2556 1957 2611; x_wconf 90' lang='lat' dir='ltr'><strong>conveniat</strong></span> <span class='ocrx_word' id='word_1_168' title='bbox 1989 2556 2181 2611; x_wconf 80' lang='lat' dir='ltr'><strong>inscri-</strong></span> 
     </span>
    </p>
   </div>
   <div class='ocr_carea' id='block_1_24' title="bbox 592 2643 2181 2722">
    <p class='ocr_par' dir='ltr' id='par_1_24' title="bbox 592 2643 2181 2722">
     <span class='ocr_line' id='line_1_24' title="bbox 592 2643 2181 2722; baseline 0.003 -23"><span class='ocrx_word' id='word_1_169' title='bbox 592 2645 724 2714; x_wconf 88' lang='lat' dir='ltr'><strong>ptio.</strong></span> <span class='ocrx_word' id='word_1_170' title='bbox 753 2643 831 2701; x_wconf 83' lang='lat' dir='ltr'><strong>De</strong></span> <span class='ocrx_word' id='word_1_171' title='bbox 872 2664 999 2703; x_wconf 80' lang='lat' dir='ltr'><strong>novo</strong></span> <span class='ocrx_word' id='word_1_172' title='bbox 1035 2647 1245 2715; x_wconf 83' lang='lat' dir='ltr'><strong>lumine,</strong></span> <span class='ocrx_word' id='word_1_173' title='bbox 1278 2649 1481 2720; x_wconf 91' lang='lat' dir='ltr'><strong>inquit;</strong></span> <span class='ocrx_word' id='word_1_174' title='bbox 1528 2648 1581 2704; x_wconf 87' lang='lat' dir='ltr'><strong>id</strong></span> <span class='ocrx_word' id='word_1_175' title='bbox 1612 2649 1755 2705; x_wconf 90' lang='lat' dir='ltr'><strong>enim</strong></span> <span class='ocrx_word' id='word_1_176' title='bbox 1784 2659 1887 2722; x_wconf 88' lang='lat' dir='ltr'><strong>est,</strong></span> <span class='ocrx_word' id='word_1_177' title='bbox 1925 2650 2064 2721; x_wconf 89' lang='lat' dir='ltr'><strong>quod</strong></span> <span class='ocrx_word' id='word_1_178' title='bbox 2104 2651 2181 2706; x_wconf 87' lang='lat' dir='ltr'><strong>ait</strong></span> 
     </span>
    </p>
   </div>
   <div class='ocr_carea' id='block_1_25' title="bbox 589 2735 950 2795">
    <p class='ocr_par' dir='ltr' id='par_1_25' title="bbox 589 2735 950 2795">
     <span class='ocr_line' id='line_1_25' title="bbox 589 2735 950 2795; baseline 0.014 -5"><span class='ocrx_word' id='word_1_179' title='bbox 589 2735 912 2795; x_wconf 79' lang='lat' dir='ltr'><strong>Prudentius</strong></span> <span class='ocrx_word' id='word_1_180' title='bbox 936 2758 950 2794; x_wconf 91' lang='lat'><strong>:</strong></span> 
     </span>
    </p>
   </div>
   <div class='ocr_carea' id='block_1_26' title="bbox 836 2832 1713 2890">
    <p class='ocr_par' dir='ltr' id='par_1_26' title="bbox 836 2832 1713 2890">
     <span class='ocr_line' id='line_1_26' title="bbox 836 2832 1713 2890; baseline 0.006 -8"><span class='ocrx_word' id='word_1_181' title='bbox 836 2832 1041 2885; x_wconf 85' lang='lat' dir='ltr'><strong>Incussu</strong></span> <span class='ocrx_word' id='word_1_182' title='bbox 1064 2836 1217 2886; x_wconf 87' lang='lat' dir='ltr'><strong>silicis</strong></span> <span class='ocrx_word' id='word_1_183' title='bbox 1236 2836 1419 2886; x_wconf 87' lang='lat' dir='ltr'><strong>lumina</strong></span> <span class='ocrx_word' id='word_1_184' title='bbox 1442 2850 1531 2888; x_wconf 89' lang='lat' dir='ltr'><strong>nos</strong></span> <span class='ocrx_word' id='word_1_185' title='bbox 1549 2843 1713 2890; x_wconf 86' lang='lat' dir='ltr'><strong>tamen</strong></span> 
     </span>
    </p>
   </div>
   <div class='ocr_carea' id='block_1_27' title="bbox 836 2896 1875 2964">
    <p class='ocr_par' dir='ltr' id='par_1_27' title="bbox 836 2896 1875 2964">
     <span class='ocr_line' id='line_1_27' title="bbox 836 2896 1875 2964; baseline 0.004 -19"><span class='ocrx_word' id='word_1_186' title='bbox 836 2896 1079 2947; x_wconf 80' lang='lat' dir='ltr'><strong>Monstras</strong></span> <span class='ocrx_word' id='word_1_187' title='bbox 1098 2900 1337 2960; x_wconf 85' lang='lat' dir='ltr'><strong>saxigeno</strong></span> <span class='ocrx_word' id='word_1_188' title='bbox 1357 2902 1548 2950; x_wconf 84' lang='lat' dir='ltr'><strong>semine</strong></span> <span class='ocrx_word' id='word_1_189' title='bbox 1569 2913 1815 2964; x_wconf 76' lang='lat' dir='ltr'><strong>quaerere.</strong></span> <span class='ocrx_word' id='word_1_190' title='bbox 1870 2924 1875 2930; x_wconf 88' lang='lat'><strong><em>-</em></strong></span> 
     </span>
    </p>
   </div>
   <div class='ocr_carea' id='block_1_28' title="bbox 588 2997 2176 3064">
    <p class='ocr_par' dir='ltr' id='par_1_28' title="bbox 588 2997 2176 3064">
     <span class='ocr_line' id='line_1_28' title="bbox 588 2997 2176 3064; baseline 0.006 -12"><span class='ocrx_word' id='word_1_191' title='bbox 588 2997 689 3064; x_wconf 86' lang='lat' dir='ltr'><strong>Qui</strong></span> <span class='ocrx_word' id='word_1_192' title='bbox 730 2999 861 3056; x_wconf 90' lang='lat' dir='ltr'><strong>ritus</strong></span> <span class='ocrx_word' id='word_1_193' title='bbox 882 3002 1041 3057; x_wconf 89' lang='lat' dir='ltr'><strong>etiam</strong></span> <span class='ocrx_word' id='word_1_194' title='bbox 1072 3018 1215 3058; x_wconf 92' lang='lat' dir='ltr'><strong>nunc</strong></span> <span class='ocrx_word' id='word_1_195' title='bbox 1246 3013 1491 3059; x_wconf 88' lang='lat' dir='ltr'><strong>servatur</strong></span> <span class='ocrx_word' id='word_1_196' title='bbox 1541 3005 1591 3060; x_wconf 91' lang='lat' dir='ltr'><strong>in</strong></span> <span class='ocrx_word' id='word_1_197' title='bbox 1629 3004 2004 3062; x_wconf 86' lang='lat' dir='ltr'><strong>benedictione</strong></span> <span class='ocrx_word' id='word_1_198' title='bbox 2036 3008 2176 3062; x_wconf 85' lang='lat' dir='ltr'><strong>cerei</strong></span> 
     </span>
    </p>
   </div>
   <div class='ocr_carea' id='block_1_29' title="bbox 588 3092 2175 3170">
    <p class='ocr_par' dir='ltr' id='par_1_29' title="bbox 588 3092 2175 3170">
     <span class='ocr_line' id='line_1_29' title="bbox 588 3092 2175 3170; baseline 0.006 -25"><span class='ocrx_word' id='word_1_199' title='bbox 588 3092 877 3161; x_wconf 89' lang='lat' dir='ltr'><strong>paschalis.</strong></span> <span class='ocrx_word' id='word_1_200' title='bbox 900 3092 1015 3149; x_wconf 85' lang='lat' dir='ltr'><strong>Non</strong></span> <span class='ocrx_word' id='word_1_201' title='bbox 1040 3094 1187 3149; x_wconf 86' lang='lat' dir='ltr'><strong>addit</strong></span> <span class='ocrx_word' id='word_1_202' title='bbox 1212 3104 1415 3162; x_wconf 90' lang='lat' dir='ltr'><strong>autem,</strong></span> <span class='ocrx_word' id='word_1_203' title='bbox 1458 3099 1612 3163; x_wconf 81' lang='lat' dir='ltr'><strong>cerei,</strong></span> <span class='ocrx_word' id='word_1_204' title='bbox 1651 3099 1733 3154; x_wconf 83' lang='lat' dir='ltr'><strong>vel</strong></span> <span class='ocrx_word' id='word_1_205' title='bbox 1774 3100 2012 3166; x_wconf 66' lang='lat' dir='ltr'><strong>lucernaz,</strong></span> <span class='ocrx_word' id='word_1_206' title='bbox 2055 3101 2175 3170; x_wconf 89' lang='lat' dir='ltr'><strong>quia</strong></span> 
     </span>
    </p>
   </div>
   <div class='ocr_carea' id='block_1_30' title="bbox 589 3180 2172 3263">
    <p class='ocr_par' dir='ltr' id='par_1_30' title="bbox 589 3180 2172 3263">
     <span class='ocr_line' id='line_1_30' title="bbox 589 3180 2172 3263; baseline 0.008 -28"><span class='ocrx_word' id='word_1_207' title='bbox 589 3180 642 3235; x_wconf 94' lang='lat' dir='ltr'><strong>in</strong></span> <span class='ocrx_word' id='word_1_208' title='bbox 672 3180 810 3238; x_wconf 83' lang='lat' dir='ltr'><strong>festo</strong></span> <span class='ocrx_word' id='word_1_209' title='bbox 829 3184 969 3253; x_wconf 93' lang='lat' dir='ltr'><strong>quod</strong></span> <span class='ocrx_word' id='word_1_210' title='bbox 998 3185 1317 3241; x_wconf 86' lang='lat' dir='ltr'><strong>Prudentius</strong></span> <span class='ocrx_word' id='word_1_211' title='bbox 1349 3188 1608 3257; x_wconf 90' lang='lat' dir='ltr'><strong>celebrat,</strong></span> <span class='ocrx_word' id='word_1_212' title='bbox 1648 3206 1754 3253; x_wconf 82' lang='lat' dir='ltr'><strong>non</strong></span> <span class='ocrx_word' id='word_1_213' title='bbox 1780 3190 1929 3245; x_wconf 91' lang='lat' dir='ltr'><strong>solus</strong></span> <span class='ocrx_word' id='word_1_214' title='bbox 1959 3207 2172 3263; x_wconf 91' lang='lat' dir='ltr'><strong>cereus,</strong></span> 
     </span>
    </p>
   </div>
   <div class='ocr_carea' id='block_1_31' title="bbox 2015 393 2468 453">
    <p class='ocr_par' dir='ltr' id='par_1_31' title="bbox 2015 393 2468 453">
     <span class='ocr_line' id='line_1_31' title="bbox 2015 393 2468 453; baseline 0.004 -4"><span class='ocrx_word' id='word_1_215' title='bbox 2015 393 2468 453; x_wconf 83' lang='lat' dir='ltr'><strong>PRUDENTIUS.</strong></span> 
     </span>
    </p>
   </div>
   <div class='ocr_carea' id='block_1_32' title="bbox 605 509 2266 583">
    <p class='ocr_par' dir='ltr' id='par_1_32' title="bbox 605 509 2266 583">
     <span class='ocr_line' id='line_1_32' title="bbox 605 509 2266 583; baseline -0.001 -15"><span class='ocrx_word' id='word_1_216' title='bbox 605 513 748 569; x_wconf 91' lang='lat' dir='ltr'><strong>dam.</strong></span> <span class='ocrx_word' id='word_1_217' title='bbox 774 509 1023 583; x_wconf 86' lang='lat' dir='ltr'><strong>Plerique</strong></span> <span class='ocrx_word' id='word_1_218' title='bbox 1050 510 1192 567; x_wconf 86' lang='lat' dir='ltr'><strong>enim</strong></span> <span class='ocrx_word' id='word_1_219' title='bbox 1223 524 1311 566; x_wconf 87' lang='lat' dir='ltr'><strong>res</strong></span> <span class='ocrx_word' id='word_1_220' title='bbox 1332 517 1546 568; x_wconf 88' lang='lat' dir='ltr'><strong>veteres</strong></span> <span class='ocrx_word' id='word_1_221' title='bbox 1568 522 1636 568; x_wconf 81' lang='lat' dir='ltr'><strong>ex</strong></span> <span class='ocrx_word' id='word_1_222' title='bbox 1663 512 1818 567; x_wconf 87' lang='lat' dir='ltr'><strong>novis</strong></span> <span class='ocrx_word' id='word_1_223' title='bbox 1846 510 2106 582; x_wconf 88' lang='lat' dir='ltr'><strong>jndicant,</strong></span> <span class='ocrx_word' id='word_1_224' title='bbox 2133 521 2182 569; x_wconf 92' lang='lat' dir='ltr'><strong>et</strong></span> <span class='ocrx_word' id='word_1_225' title='bbox 2214 517 2266 575; x_wconf 76' lang='grc' dir='ltr'><strong>Α</strong></span> 
     </span>
    </p>
   </div>
   <div class='ocr_carea' id='block_1_33' title="bbox 3781 401 3888 459">
    <p class='ocr_par' dir='ltr' id='par_1_33' title="bbox 3781 401 3888 459">
     <span class='ocr_line' id='line_1_33' title="bbox 3781 401 3888 459; baseline 0 0"><span class='ocrx_word' id='word_1_226' title='bbox 3781 401 3888 459; x_wconf 76' lang='lat'><strong>680</strong></span> 
     </span>
    </p>
   </div>
   <div class='ocr_carea' id='block_1_34' title="bbox 2543 508 3485 573">
    <p class='ocr_par' dir='ltr' id='par_1_34' title="bbox 2543 508 3485 573">
     <span class='ocr_line' id='line_1_34' title="bbox 2543 508 3485 573; baseline 0 -13"><span class='ocrx_word' id='word_1_227' title='bbox 2543 510 2746 573; x_wconf 77' lang='lat' dir='ltr'><strong>Noctem</strong></span> <span class='ocrx_word' id='word_1_228' title='bbox 2763 508 2999 569; x_wconf 71' lang='lat' dir='ltr'><strong>conciliis,</strong></span> <span class='ocrx_word' id='word_1_229' title='bbox 3027 516 3230 571; x_wconf 83' lang='lat' dir='ltr'><strong>votaque</strong></span> <span class='ocrx_word' id='word_1_230' title='bbox 3255 523 3485 573; x_wconf 81' lang='lat' dir='ltr'><strong>pr03pera</strong></span> 
     </span>
    </p>
   </div>
   <div class='ocr_carea' id='block_1_35' title="bbox 2540 572 3471 636">
    <p class='ocr_par' dir='ltr' id='par_1_35' title="bbox 2540 572 3471 636">
     <span class='ocr_line' id='line_1_35' title="bbox 2540 572 3471 636; baseline -0.001 -15"><span class='ocrx_word' id='word_1_231' title='bbox 2540 572 2768 636; x_wconf 68' lang='lat' dir='ltr'><strong>Qertatim</strong></span> <span class='ocrx_word' id='word_1_232' title='bbox 2796 574 2928 633; x_wconf 84' lang='lat' dir='ltr'><strong>vigili</strong></span> <span class='ocrx_word' id='word_1_233' title='bbox 2955 576 3265 635; x_wconf 87' lang='lat' dir='ltr'><strong>congerimus</strong></span> <span class='ocrx_word' id='word_1_234' title='bbox 3291 572 3471 636; x_wconf 88' lang='lat' dir='ltr'><strong>prece,i</strong></span> 
     </span>
    </p>
   </div>
   <div class='ocr_carea' id='block_1_36' title="bbox 2536 634 3453 697">
    <p class='ocr_par' dir='ltr' id='par_1_36' title="bbox 2536 634 3453 697">
     <span class='ocr_line' id='line_1_36' title="bbox 2536 634 3453 697; baseline 0.003 -15"><span class='ocrx_word' id='word_1_235' title='bbox 2536 634 2871 697; x_wconf 83' lang='lat' dir='ltr'><strong>Extructoque</strong></span> <span class='ocrx_word' id='word_1_236' title='bbox 2896 634 3085 697; x_wconf 83' lang='lat' dir='ltr'><strong>agimus</strong></span> <span class='ocrx_word' id='word_1_237' title='bbox 3108 636 3207 685; x_wconf 90' lang='lat' dir='ltr'><strong>liba</strong></span> <span class='ocrx_word' id='word_1_238' title='bbox 3226 634 3453 687; x_wconf 76' lang='lat' dir='ltr'><strong>sacrario.</strong></span> 
     </span>
    </p>
   </div>
   <div class='ocr_carea' id='block_1_37' title="bbox 2291 738 3883 808">
    <p class='ocr_par' dir='ltr' id='par_1_37' title="bbox 2291 738 3883 808">
     <span class='ocr_line' id='line_1_37' title="bbox 2291 738 3883 808; baseline 0.003 -14"><span class='ocrx_word' id='word_1_239' title='bbox 2291 738 2635 808; x_wconf 89' lang='lat' dir='ltr'><strong>Pervigilium</strong></span> <span class='ocrx_word' id='word_1_240' title='bbox 2686 738 2888 793; x_wconf 86' lang='lat' dir='ltr'><strong>sabbati</strong></span> <span class='ocrx_word' id='word_1_241' title='bbox 2929 738 3191 807; x_wconf 83' lang='lat' dir='ltr'><strong>paschalis</strong></span> <span class='ocrx_word' id='word_1_242' title='bbox 3219 740 3362 794; x_wconf 88' lang='lat' dir='ltr'><strong>clare</strong></span> <span class='ocrx_word' id='word_1_243' title='bbox 3403 739 3752 807; x_wconf 81' lang='lat' dir='ltr'><strong>describitur,</strong></span> <span class='ocrx_word' id='word_1_244' title='bbox 3784 758 3883 799; x_wconf 91' lang='lat' dir='ltr'><strong>cu-</strong></span> 
     </span>
    </p>
   </div>
   <div class='ocr_carea' id='block_1_38' title="bbox 2287 832 3879 906">
    <p class='ocr_par' dir='ltr' id='par_1_38' title="bbox 2287 832 3879 906">
     <span class='ocr_line' id='line_1_38' title="bbox 2287 832 3879 906; baseline 0.003 -20"><span class='ocrx_word' id='word_1_245' title='bbox 2287 833 2376 903; x_wconf 90' lang='lat' dir='ltr'><strong>jus</strong></span> <span class='ocrx_word' id='word_1_246' title='bbox 2406 847 2509 888; x_wconf 82' lang='lat' dir='ltr'><strong>nox</strong></span> <span class='ocrx_word' id='word_1_247' title='bbox 2539 848 2566 886; x_wconf 89' lang='lat' dir='ltr'><strong>a</strong></span> <span class='ocrx_word' id='word_1_248' title='bbox 2598 832 2917 887; x_wconf 81' lang='lat' dir='ltr'><strong>Christianis</strong></span> <span class='ocrx_word' id='word_1_249' title='bbox 2947 833 3087 902; x_wconf 88' lang='lat' dir='ltr'><strong>festis</strong></span> <span class='ocrx_word' id='word_1_250' title='bbox 3127 834 3358 887; x_wconf 82' lang='lat' dir='ltr'><strong>conciliis</strong></span> <span class='ocrx_word' id='word_1_251' title='bbox 3407 850 3497 903; x_wconf 87' lang='lat' dir='ltr'><strong>per</strong></span> <span class='ocrx_word' id='word_1_252' title='bbox 3530 836 3616 906; x_wconf 85' lang='lat' dir='ltr'><strong>pia</strong></span> <span class='ocrx_word' id='word_1_253' title='bbox 3662 838 3879 906; x_wconf 77' lang='lat' dir='ltr'><strong>gaudia,</strong></span> 
     </span>
    </p>
   </div>
   <div class='ocr_carea' id='block_1_39' title="bbox 2290 925 3881 997">
    <p class='ocr_par' dir='ltr' id='par_1_39' title="bbox 2290 925 3881 997">
     <span class='ocr_line' id='line_1_39' title="bbox 2290 925 3881 997; baseline 0.002 -18"><span class='ocrx_word' id='word_1_254' title='bbox 2290 936 2501 997; x_wconf 84' lang='lat' dir='ltr'><strong>votaque</strong></span> <span class='ocrx_word' id='word_1_255' title='bbox 2536 943 2783 997; x_wconf 87' lang='lat' dir='ltr'><strong>prospera</strong></span> <span class='ocrx_word' id='word_1_256' title='bbox 2829 925 3161 980; x_wconf 88' lang='lat' dir='ltr'><strong>trahebatur.</strong></span> <span class='ocrx_word' id='word_1_257' title='bbox 3207 925 3387 997; x_wconf 88' lang='lat' dir='ltr'><strong>Itaque</strong></span> <span class='ocrx_word' id='word_1_258' title='bbox 3413 941 3510 995; x_wconf 86' lang='lat' dir='ltr'><strong>pro</strong></span> <span class='ocrx_word' id='word_1_259' title='bbox 3561 926 3666 981; x_wconf 85' lang='lat' dir='ltr'><strong>Illa</strong></span> <span class='ocrx_word' id='word_1_260' title='bbox 3708 938 3881 995; x_wconf 85' lang='lat' dir='ltr'><strong>nocte,</strong></span> 
     </span>
    </p>
   </div>
   <div class='ocr_carea' id='block_1_40' title="bbox 2289 1016 3884 1088">
    <p class='ocr_par' dir='ltr' id='par_1_40' title="bbox 2289 1016 3884 1088">
     <span class='ocr_line' id='line_1_40' title="bbox 2289 1016 3884 1088; baseline 0.003 -17"><span class='ocrx_word' id='word_1_261' title='bbox 2289 1034 2436 1072; x_wconf 86' lang='lat' dir='ltr'><strong>sacer</strong></span> <span class='ocrx_word' id='word_1_262' title='bbox 2461 1034 2561 1086; x_wconf 88' lang='lat' dir='ltr'><strong>qua</strong></span> <span class='ocrx_word' id='word_1_263' title='bbox 2588 1019 2739 1072; x_wconf 84' lang='lat' dir='ltr'><strong>rediit</strong></span> <span class='ocrx_word' id='word_1_264' title='bbox 2771 1017 2934 1083; x_wconf 88' lang='lat' dir='ltr'><strong>Deus,</strong></span> <span class='ocrx_word' id='word_1_265' title='bbox 2966 1018 3194 1074; x_wconf 88' lang='lat' dir='ltr'><strong>libenter</strong></span> <span class='ocrx_word' id='word_1_266' title='bbox 3224 1018 3459 1088; x_wconf 85' lang='lat' dir='ltr'><strong>legerem</strong></span> <span class='ocrx_word' id='word_1_267' title='bbox 3490 1016 3613 1088; x_wconf 87' lang='lat' dir='ltr'><strong>Ipsa</strong></span> <span class='ocrx_word' id='word_1_268' title='bbox 3639 1029 3811 1085; x_wconf 85' lang='lat' dir='ltr'><strong>nocte,</strong></span> <span class='ocrx_word' id='word_1_269' title='bbox 3836 1021 3884 1075; x_wconf 90' lang='lat' dir='ltr'><strong>si</strong></span> 
     </span>
    </p>
   </div>
   <div class='ocr_carea' id='block_1_41' title="bbox 2291 1108 3885 1180">
    <p class='ocr_par' dir='ltr' id='par_1_41' title="bbox 2291 1108 3885 1180">
     <span class='ocr_line' id='line_1_41' title="bbox 2291 1108 3885 1180; baseline 0.001 -17"><span class='ocrx_word' id='word_1_270' title='bbox 2291 1122 2385 1176; x_wconf 88' lang='lat' dir='ltr'><strong>per</strong></span> <span class='ocrx_word' id='word_1_271' title='bbox 2428 1108 2767 1163; x_wconf 77' lang='lat' dir='ltr'><strong>membranas</strong></span> <span class='ocrx_word' id='word_1_272' title='bbox 2818 1109 3025 1163; x_wconf 86' lang='lat' dir='ltr'><strong>liceret.</strong></span> <span class='ocrx_word' id='word_1_273' title='bbox 3076 1108 3281 1164; x_wconf 88' lang='lat' dir='ltr'><strong>Sensus</strong></span> <span class='ocrx_word' id='word_1_274' title='bbox 3329 1117 3507 1164; x_wconf 87' lang='lat' dir='ltr'><strong>tamen</strong></span> <span class='ocrx_word' id='word_1_275' title='bbox 3537 1125 3753 1180; x_wconf 87' lang='lat' dir='ltr'><strong>semper</strong></span> <span class='ocrx_word' id='word_1_276' title='bbox 3794 1118 3885 1167; x_wconf 88' lang='lat' dir='ltr'><strong>est</strong></span> 
     </span>
    </p>
   </div>
   <div class='ocr_carea' id='block_1_42' title="bbox 2292 1200 3882 1269">
    <p class='ocr_par' dir='ltr' id='par_1_42' title="bbox 2292 1200 3882 1269">
     <span class='ocr_line' id='line_1_42' title="bbox 2292 1200 3882 1269; baseline 0.002 -15"><span class='ocrx_word' id='word_1_277' title='bbox 2292 1200 2398 1267; x_wconf 91' lang='lat' dir='ltr'><strong>hic,</strong></span> <span class='ocrx_word' id='word_1_278' title='bbox 2438 1216 2596 1269; x_wconf 88' lang='lat' dir='ltr'><strong>quem</strong></span> <span class='ocrx_word' id='word_1_279' title='bbox 2631 1200 2870 1269; x_wconf 84' lang='lat' dir='ltr'><strong>explica,</strong></span> <span class='ocrx_word' id='word_1_280' title='bbox 2910 1216 3210 1257; x_wconf 89' lang='lat' dir='ltr'><strong>sermonem</strong></span> <span class='ocrx_word' id='word_1_281' title='bbox 3243 1216 3363 1257; x_wconf 89' lang='lat' dir='ltr'><strong>esse</strong></span> <span class='ocrx_word' id='word_1_282' title='bbox 3395 1217 3501 1257; x_wconf 89' lang='lat' dir='ltr'><strong>non</strong></span> <span class='ocrx_word' id='word_1_283' title='bbox 3531 1202 3597 1257; x_wconf 90' lang='lat' dir='ltr'><strong>de</strong></span> <span class='ocrx_word' id='word_1_284' title='bbox 3630 1204 3764 1263; x_wconf 80' lang='lat' dir='ltr'><strong>hora</strong></span> <span class='ocrx_word' id='word_1_285' title='bbox 3796 1203 3882 1257; x_wconf 84' lang='lat' dir='ltr'><strong>lu-</strong></span> 
     </span>
    </p>
   </div>
   <div class='ocr_carea' id='block_1_43' title="bbox 2292 1293 3881 1366">
    <p class='ocr_par' dir='ltr' id='par_1_43' title="bbox 2292 1293 3881 1366">
     <span class='ocr_line' id='line_1_43' title="bbox 2292 1293 3881 1366; baseline 0.001 -17"><span class='ocrx_word' id='word_1_286' title='bbox 2292 1294 2521 1349; x_wconf 90' lang='lat' dir='ltr'><strong>cernarii</strong></span> <span class='ocrx_word' id='word_1_287' title='bbox 2551 1293 2776 1362; x_wconf 85' lang='lat' dir='ltr'><strong>singulis</strong></span> <span class='ocrx_word' id='word_1_288' title='bbox 2802 1294 3099 1365; x_wconf 90' lang='lat' dir='ltr'><strong>quibusque</strong></span> <span class='ocrx_word' id='word_1_289' title='bbox 3127 1296 3396 1363; x_wconf 88' lang='lat' dir='ltr'><strong>noctibus,</strong></span> <span class='ocrx_word' id='word_1_290' title='bbox 3434 1295 3527 1351; x_wconf 89' lang='lat' dir='ltr'><strong>sed</strong></span> <span class='ocrx_word' id='word_1_291' title='bbox 3550 1295 3614 1351; x_wconf 89' lang='lat' dir='ltr'><strong>de</strong></span> <span class='ocrx_word' id='word_1_292' title='bbox 3642 1296 3881 1366; x_wconf 84' lang='lat' dir='ltr'><strong>pervigi-</strong></span> 
     </span>
    </p>
   </div>
   <div class='ocr_carea' id='block_1_44' title="bbox 2298 1385 2926 1455">
    <p class='ocr_par' dir='ltr' id='par_1_44' title="bbox 2298 1385 2926 1455">
     <span class='ocr_line' id='line_1_44' title="bbox 2298 1385 2926 1455; baseline 0.002 -16"><span class='ocrx_word' id='word_1_293' title='bbox 2298 1386 2371 1441; x_wconf 92' lang='lat' dir='ltr'><strong>lio</strong></span> <span class='ocrx_word' id='word_1_294' title='bbox 2401 1385 2606 1440; x_wconf 85' lang='lat' dir='ltr'><strong>sabbati</strong></span> <span class='ocrx_word' id='word_1_295' title='bbox 2641 1386 2926 1455; x_wconf 89' lang='lat' dir='ltr'><strong>paschalis.</strong></span> 
     </span>
    </p>
   </div>
   <div class='ocr_carea' id='block_1_45' title="bbox 2363 1476 3879 1551">
    <p class='ocr_par' dir='ltr' id='par_1_45' title="bbox 2363 1476 3879 1551">
     <span class='ocr_line' id='line_1_45' title="bbox 2363 1476 3879 1551; baseline 0.003 -21"><span class='ocrx_word' id='word_1_296' title='bbox 2363 1476 2486 1531; x_wconf 72' lang='grc'><strong>146.</strong></span> <span class='ocrx_word' id='word_1_297' title='bbox 2519 1478 2595 1533; x_wconf 88' lang='lat' dir='ltr'><strong>Ac</strong></span> <span class='ocrx_word' id='word_1_298' title='bbox 2627 1493 2693 1533; x_wconf 87' lang='lat' dir='ltr'><strong>ne</strong></span> <span class='ocrx_word' id='word_1_299' title='bbox 2720 1477 2956 1541; x_wconf 87' lang='lat' dir='ltr'><strong>dubites,</strong></span> <span class='ocrx_word' id='word_1_300' title='bbox 2984 1479 3121 1533; x_wconf 91' lang='lat' dir='ltr'><strong>scias</strong></span> <span class='ocrx_word' id='word_1_301' title='bbox 3154 1479 3316 1534; x_wconf 79' lang='lat' dir='ltr'><strong>velint</strong></span> <span class='ocrx_word' id='word_1_302' title='bbox 3361 1480 3414 1535; x_wconf 92' lang='lat' dir='ltr'><strong>in</strong></span> <span class='ocrx_word' id='word_1_303' title='bbox 3444 1480 3526 1535; x_wconf 92' lang='lat' dir='ltr'><strong>his</strong></span> <span class='ocrx_word' id='word_1_304' title='bbox 3555 1479 3752 1550; x_wconf 85' lang='lat' dir='ltr'><strong>vigiliis</strong></span> <span class='ocrx_word' id='word_1_305' title='bbox 3782 1495 3879 1551; x_wconf 86' lang='lat' dir='ltr'><strong>pa-</strong></span> 
     </span>
    </p>
   </div>
   <div class='ocr_carea' id='block_1_46' title="bbox 2288 1570 3878 1630">
    <p class='ocr_par' dir='ltr' id='par_1_46' title="bbox 2288 1570 3878 1630">
     <span class='ocr_line' id='line_1_46' title="bbox 2288 1570 3878 1630; baseline 0.003 -5"><span class='ocrx_word' id='word_1_306' title='bbox 2288 1570 2560 1625; x_wconf 89' lang='lat' dir='ltr'><strong>schalibus</strong></span> <span class='ocrx_word' id='word_1_307' title='bbox 2588 1586 2791 1627; x_wconf 92' lang='lat' dir='ltr'><strong>morem</strong></span> <span class='ocrx_word' id='word_1_308' title='bbox 2817 1573 2985 1628; x_wconf 81' lang='lat' dir='ltr'><strong>fuisse</strong></span> <span class='ocrx_word' id='word_1_309' title='bbox 3012 1572 3337 1627; x_wconf 85' lang='lat' dir='ltr'><strong>Christianis</strong></span> <span class='ocrx_word' id='word_1_310' title='bbox 3383 1588 3533 1628; x_wconf 90' lang='lat' dir='ltr'><strong>sacra</strong></span> <span class='ocrx_word' id='word_1_311' title='bbox 3578 1588 3636 1629; x_wconf 90' lang='lat' dir='ltr'><strong>se</strong></span> <span class='ocrx_word' id='word_1_312' title='bbox 3674 1574 3878 1630; x_wconf 81' lang='lat' dir='ltr'><strong>eucha-</strong></span> 
     </span>
    </p>
   </div>
   <div class='ocr_carea' id='block_1_47' title="bbox 2287 1664 3878 1737">
    <p class='ocr_par' dir='ltr' id='par_1_47' title="bbox 2287 1664 3878 1737">
     <span class='ocr_line' id='line_1_47' title="bbox 2287 1664 3878 1737; baseline 0.003 -19"><span class='ocrx_word' id='word_1_313' title='bbox 2287 1664 2761 1733; x_wconf 69' lang='lat' dir='ltr'><strong>ristia‘reiiciendi,</strong></span> <span class='ocrx_word' id='word_1_314' title='bbox 2795 1674 2852 1720; x_wconf 89' lang='lat' dir='ltr'><strong>ut</strong></span> <span class='ocrx_word' id='word_1_315' title='bbox 2890 1666 3057 1736; x_wconf 88' lang='lat' dir='ltr'><strong>liquet</strong></span> <span class='ocrx_word' id='word_1_316' title='bbox 3088 1682 3153 1722; x_wconf 83' lang='lat' dir='ltr'><strong>ex</strong></span> <span class='ocrx_word' id='word_1_317' title='bbox 3183 1667 3362 1722; x_wconf 83' lang='lat' dir='ltr'><strong>verbis</strong></span> <span class='ocrx_word' id='word_1_318' title='bbox 3388 1669 3444 1722; x_wconf 91' lang='lat' dir='ltr'><strong>S.</strong></span> <span class='ocrx_word' id='word_1_319' title='bbox 3481 1667 3724 1737; x_wconf 87' lang='lat' dir='ltr'><strong>Gregorii</strong></span> <span class='ocrx_word' id='word_1_320' title='bbox 3770 1668 3878 1723; x_wconf 82' lang='lat' dir='ltr'><strong>Na-</strong></span> 
     </span>
    </p>
   </div>
   <div class='ocr_carea' id='block_1_48' title="bbox 2290 1756 3878 1831">
    <p class='ocr_par' dir='ltr' id='par_1_48' title="bbox 2290 1756 3878 1831">
     <span class='ocr_line' id='line_1_48' title="bbox 2290 1756 3878 1831; baseline 0.004 -22"><span class='ocrx_word' id='word_1_321' title='bbox 2290 1756 2526 1811; x_wconf 80' lang='lat' dir='ltr'><strong>zianzeni</strong></span> <span class='ocrx_word' id='word_1_322' title='bbox 2551 1757 2838 1813; x_wconf 76' lang='lat' dir='ltr'><strong>alicrendis</strong></span> <span class='ocrx_word' id='word_1_323' title='bbox 2869 1774 3015 1813; x_wconf 92' lang='lat' dir='ltr'><strong>num.</strong></span> <span class='ocrx_word' id='word_1_324' title='bbox 3052 1759 3173 1813; x_wconf 75' lang='grc'><strong>149.</strong></span> <span class='ocrx_word' id='word_1_325' title='bbox 3202 1758 3327 1815; x_wconf 82' lang='lat' dir='ltr'><strong>Haec</strong></span> <span class='ocrx_word' id='word_1_326' title='bbox 3349 1760 3603 1831; x_wconf 88' lang='lat' dir='ltr'><strong>praecepti</strong></span> <span class='ocrx_word' id='word_1_327' title='bbox 3632 1775 3878 1816; x_wconf 81' lang='lat' dir='ltr'><strong>commu-</strong></span> 
     </span>
    </p>
   </div>
   <div class='ocr_carea' id='block_1_49' title="bbox 2288 1848 3869 1923">
    <p class='ocr_par' dir='ltr' id='par_1_49' title="bbox 2288 1848 3869 1923">
     <span class='ocr_line' id='line_1_49' title="bbox 2288 1848 3869 1923; baseline 0.005 -20"><span class='ocrx_word' id='word_1_328' title='bbox 2288 1848 2462 1904; x_wconf 90' lang='lat' dir='ltr'><strong>nionis</strong></span> <span class='ocrx_word' id='word_1_329' title='bbox 2488 1850 2752 1920; x_wconf 89' lang='lat' dir='ltr'><strong>paschalis</strong></span> <span class='ocrx_word' id='word_1_330' title='bbox 2782 1862 2864 1907; x_wconf 92' lang='lat' dir='ltr'><strong>est</strong></span> <span class='ocrx_word' id='word_1_331' title='bbox 2894 1853 3061 1923; x_wconf 89' lang='lat' dir='ltr'><strong>origo.</strong></span> <span class='ocrx_word' id='word_1_332' title='bbox 3110 1853 3230 1920; x_wconf 85' lang='lat' dir='ltr'><strong>Quo</strong></span> <span class='ocrx_word' id='word_1_333' title='bbox 3256 1854 3488 1923; x_wconf 86' lang='lat' dir='ltr'><strong>pertinet</strong></span> <span class='ocrx_word' id='word_1_334' title='bbox 3524 1870 3684 1910; x_wconf 89' lang='lat' dir='ltr'><strong>causa</strong></span> <span class='ocrx_word' id='word_1_335' title='bbox 3716 1872 3869 1911; x_wconf 56' lang='lat' dir='ltr'><strong>man</strong></span> 
     </span>
    </p>
   </div>
   <div class='ocr_carea' id='block_1_50' title="bbox 2287 1942 3875 2018">
    <p class='ocr_par' dir='ltr' id='par_1_50' title="bbox 2287 1942 3875 2018">
     <span class='ocr_line' id='line_1_50' title="bbox 2287 1942 3875 2018; baseline 0.006 -23"><span class='ocrx_word' id='word_1_336' title='bbox 2287 1942 2407 2013; x_wconf 90' lang='lat' dir='ltr'><strong>tyrii</strong></span> <span class='ocrx_word' id='word_1_337' title='bbox 2440 1944 2499 1998; x_wconf 89' lang='lat' dir='ltr'><strong>S.</strong></span> <span class='ocrx_word' id='word_1_338' title='bbox 2534 1944 2935 2015; x_wconf 83' lang='lat' dir='ltr'><strong>Hermenegildi</strong></span> <span class='ocrx_word' id='word_1_339' title='bbox 2964 1961 2994 1999; x_wconf 90' lang='lat' dir='ltr'><strong>a</strong></span> <span class='ocrx_word' id='word_1_340' title='bbox 3030 1946 3086 2003; x_wconf 91' lang='lat' dir='ltr'><strong>S.</strong></span> <span class='ocrx_word' id='word_1_341' title='bbox 3122 1946 3383 2017; x_wconf 88' lang='lat' dir='ltr'><strong>Gregorio</strong></span> <span class='ocrx_word' id='word_1_342' title='bbox 3423 1948 3612 2018; x_wconf 82' lang='lat' dir='ltr'><strong>Magno</strong></span> <span class='ocrx_word' id='word_1_343' title='bbox 3656 1960 3875 2004; x_wconf 88' lang='lat' dir='ltr'><strong>narrata</strong></span> 
     </span>
    </p>
   </div>
   <div class='ocr_carea' id='block_1_51' title="bbox 2283 2032 3875 2111">
    <p class='ocr_par' dir='ltr' id='par_1_51' title="bbox 2283 2032 3875 2111">
     <span class='ocr_line' id='line_1_51' title="bbox 2283 2032 3875 2111; baseline 0.005 -24"><span class='ocrx_word' id='word_1_344' title='bbox 2283 2032 2375 2087; x_wconf 91' lang='lat' dir='ltr'><strong>lib.</strong></span> <span class='ocrx_word' id='word_1_345' title='bbox 2404 2049 2461 2088; x_wconf 86' lang='lat' dir='ltr'><strong>lii</strong></span> <span class='ocrx_word' id='word_1_346' title='bbox 2486 2034 2850 2105; x_wconf 86' lang='lat' dir='ltr'><strong>Dialogorum,</strong></span> <span class='ocrx_word' id='word_1_347' title='bbox 2884 2052 3003 2107; x_wconf 90' lang='lat' dir='ltr'><strong>cap.</strong></span> <span class='ocrx_word' id='word_1_348' title='bbox 3027 2037 3088 2092; x_wconf 78' lang='grc'><strong>51</strong></span> <span class='ocrx_word' id='word_1_349' title='bbox 3127 2054 3140 2090; x_wconf 91' lang='lat'><strong>:</strong></span> <span class='ocrx_word' id='word_1_350' title='bbox 3168 2038 3566 2109; x_wconf 83' lang='lat' dir='ltr'><strong>Superveniente</strong></span> <span class='ocrx_word' id='word_1_351' title='bbox 3585 2050 3756 2095; x_wconf 85' lang='lat' dir='ltr'><strong>autem</strong></span> <span class='ocrx_word' id='word_1_352' title='bbox 3781 2059 3875 2111; x_wconf 85' lang='lat' dir='ltr'><strong>pa-</strong></span> 
     </span>
    </p>
   </div>
   <div class='ocr_carea' id='block_1_52' title="bbox 2282 2128 3876 2203">
    <p class='ocr_par' dir='ltr' id='par_1_52' title="bbox 2282 2128 3876 2203">
     <span class='ocr_line' id='line_1_52' title="bbox 2282 2128 3876 2203; baseline 0.004 -22"><span class='ocrx_word' id='word_1_353' title='bbox 2282 2128 2472 2181; x_wconf 86' lang='lat' dir='ltr'><strong>schalis</strong></span> <span class='ocrx_word' id='word_1_354' title='bbox 2501 2130 2788 2198; x_wconf 79' lang='lat' dir='ltr'><strong>festivitatis</strong></span> <span class='ocrx_word' id='word_1_355' title='bbox 2830 2132 2948 2197; x_wconf 88' lang='lat' dir='ltr'><strong>die,</strong></span> <span class='ocrx_word' id='word_1_356' title='bbox 3001 2133 3314 2203; x_wconf 78' lang='lat' dir='ltr'><strong>intempesta:</strong></span> <span class='ocrx_word' id='word_1_357' title='bbox 3358 2135 3516 2188; x_wconf 89' lang='lat' dir='ltr'><strong>noctis</strong></span> <span class='ocrx_word' id='word_1_358' title='bbox 3556 2135 3761 2189; x_wconf 82' lang='lat' dir='ltr'><strong>silentio</strong></span> <span class='ocrx_word' id='word_1_359' title='bbox 3808 2137 3876 2188; x_wconf 73' lang='lat' dir='ltr'><strong>ad</strong></span> 
     </span>
    </p>
   </div>
   <div class='ocr_carea' id='block_1_53' title="bbox 2281 2224 3876 2298">
    <p class='ocr_par' dir='ltr' id='par_1_53' title="bbox 2281 2224 3876 2298">
     <span class='ocr_line' id='line_1_53' title="bbox 2281 2224 3876 2298; baseline 0.004 -22"><span class='ocrx_word' id='word_1_360' title='bbox 2281 2239 2397 2276; x_wconf 79' lang='lat' dir='ltr'><strong>eum</strong></span> <span class='ocrx_word' id='word_1_361' title='bbox 2437 2224 2663 2293; x_wconf 82' lang='lat' dir='ltr'><strong>perﬁdus</strong></span> <span class='ocrx_word' id='word_1_362' title='bbox 2706 2235 2849 2293; x_wconf 88' lang='lat' dir='ltr'><strong>pater</strong></span> <span class='ocrx_word' id='word_1_363' title='bbox 2891 2226 3135 2279; x_wconf 88' lang='lat' dir='ltr'><strong>Arianum</strong></span> <span class='ocrx_word' id='word_1_364' title='bbox 3171 2227 3461 2298; x_wconf 81' lang='lat' dir='ltr'><strong>episcOpum</strong></span> <span class='ocrx_word' id='word_1_365' title='bbox 3494 2229 3675 2295; x_wconf 87' lang='lat' dir='ltr'><strong>misit,</strong></span> <span class='ocrx_word' id='word_1_366' title='bbox 3724 2235 3782 2282; x_wconf 87' lang='lat' dir='ltr'><strong>ut</strong></span> <span class='ocrx_word' id='word_1_367' title='bbox 3814 2246 3876 2283; x_wconf 77' lang='lat' dir='ltr'><strong>ea:</strong></span> 
     </span>
    </p>
   </div>
   <div class='ocr_carea' id='block_1_54' title="bbox 2281 2316 3875 2391">
    <p class='ocr_par' dir='ltr' id='par_1_54' title="bbox 2281 2316 3875 2391">
     <span class='ocr_line' id='line_1_54' title="bbox 2281 2316 3875 2391; baseline 0.004 -22"><span class='ocrx_word' id='word_1_368' title='bbox 2281 2316 2389 2385; x_wconf 87' lang='lat' dir='ltr'><strong>ejus</strong></span> <span class='ocrx_word' id='word_1_369' title='bbox 2416 2333 2571 2370; x_wconf 88' lang='lat' dir='ltr'><strong>manu</strong></span> <span class='ocrx_word' id='word_1_370' title='bbox 2612 2318 2876 2389; x_wconf 77' lang='lat' dir='ltr'><strong>sacrilega:</strong></span> <span class='ocrx_word' id='word_1_371' title='bbox 2899 2319 3297 2372; x_wconf 81' lang='lat' dir='ltr'><strong>consecrationis</strong></span> <span class='ocrx_word' id='word_1_372' title='bbox 3325 2320 3731 2373; x_wconf 87' lang='lat' dir='ltr'><strong>communionem</strong></span> <span class='ocrx_word' id='word_1_373' title='bbox 3760 2338 3875 2391; x_wconf 76' lang='lat' dir='ltr'><strong>per-</strong></span> 
     </span>
    </p>
   </div>
   <div class='ocr_carea' id='block_1_55' title="bbox 2282 2407 3955 2481">
    <p class='ocr_par' dir='ltr' id='par_1_55' title="bbox 2282 2407 3955 2481">
     <span class='ocr_line' id='line_1_55' title="bbox 2282 2407 3955 2481; baseline 0.004 -21"><span class='ocrx_word' id='word_1_374' title='bbox 2282 2408 2488 2475; x_wconf 82' lang='lat' dir='ltr'><strong>ciperet.</strong></span> <span class='ocrx_word' id='word_1_375' title='bbox 2523 2407 2690 2477; x_wconf 85' lang='lat' dir='ltr'><strong>Hujus</strong></span> <span class='ocrx_word' id='word_1_376' title='bbox 2716 2423 2931 2479; x_wconf 89' lang='lat' dir='ltr'><strong>quoque</strong></span> <span class='ocrx_word' id='word_1_377' title='bbox 2968 2409 3102 2464; x_wconf 90' lang='lat' dir='ltr'><strong>ritus</strong></span> <span class='ocrx_word' id='word_1_378' title='bbox 3132 2409 3377 2465; x_wconf 89' lang='lat' dir='ltr'><strong>meminit</strong></span> <span class='ocrx_word' id='word_1_379' title='bbox 3403 2410 3753 2481; x_wconf 85' lang='lat' dir='ltr'><strong>Prudentius,</strong></span> <span class='ocrx_word' id='word_1_380' title='bbox 3778 2412 3871 2481; x_wconf 88' lang='lat' dir='ltr'><strong>qui</strong></span> <span class='ocrx_word' id='word_1_381' title='bbox 3950 2470 3955 2477; x_wconf 83' lang='lat'><strong><em>_</em></strong></span> 
     </span>
    </p>
   </div>
   <div class='ocr_carea' id='block_1_56' title="bbox 2282 2487 3689 2573">
    <p class='ocr_par' dir='ltr' id='par_1_56' title="bbox 2282 2487 3689 2573">
     <span class='ocr_line' id='line_1_56' title="bbox 2282 2487 3689 2573; baseline 0.002 -17"><span class='ocrx_word' id='word_1_382' title='bbox 2282 2510 2564 2573; x_wconf 87' lang='lat' dir='ltr'><strong>postquam</strong></span> <span class='ocrx_word' id='word_1_383' title='bbox 2595 2487 2880 2573; x_wconf 86' lang='lat' dir='ltr'><strong>descripsit</strong></span> <span class='ocrx_word' id='word_1_384' title='bbox 2915 2503 3017 2558; x_wconf 88' lang='lat' dir='ltr'><strong>iter</strong></span> <span class='ocrx_word' id='word_1_385' title='bbox 3044 2504 3223 2573; x_wconf 90' lang='lat' dir='ltr'><strong>populi</strong></span> <span class='ocrx_word' id='word_1_386' title='bbox 3255 2503 3535 2560; x_wconf 89' lang='lat' dir='ltr'><strong>lsraelitici</strong></span> <span class='ocrx_word' id='word_1_387' title='bbox 3574 2504 3648 2559; x_wconf 90' lang='lat' dir='ltr'><strong>ait</strong></span> <span class='ocrx_word' id='word_1_388' title='bbox 3674 2523 3689 2559; x_wconf 91' lang='lat'><strong><em>:</em></strong></span> 
     </span>
    </p>
   </div>
   <div class='ocr_carea' id='block_1_57' title="bbox 2418 2633 3431 2698">
    <p class='ocr_par' dir='ltr' id='par_1_57' title="bbox 2418 2633 3431 2698">
     <span class='ocr_line' id='line_1_57' title="bbox 2418 2633 3431 2698; baseline 0.001 -14"><span class='ocrx_word' id='word_1_389' title='bbox 2418 2648 2426 2659; x_wconf 85' lang='lat'>&#39;</span> <span class='ocrx_word' id='word_1_390' title='bbox 2474 2634 2602 2698; x_wconf 67' lang='lat' dir='ltr'><strong>Hec</strong></span> <span class='ocrx_word' id='word_1_391' title='bbox 2628 2633 2740 2683; x_wconf 88' lang='lat' dir='ltr'><strong>olim</strong></span> <span class='ocrx_word' id='word_1_392' title='bbox 2764 2636 2984 2697; x_wconf 86' lang='lat' dir='ltr'><strong>patribus</strong></span> <span class='ocrx_word' id='word_1_393' title='bbox 3004 2637 3203 2698; x_wconf 67' lang='lat' dir='ltr'><strong>praemia</strong></span> <span class='ocrx_word' id='word_1_394' title='bbox 3229 2635 3431 2686; x_wconf 83' lang='lat' dir='ltr'><strong>contulit</strong></span> 
     </span>
    </p>
   </div>
   <div class='ocr_carea' id='block_1_58' title="bbox 2472 2697 3286 2759">
    <p class='ocr_par' dir='ltr' id='par_1_58' title="bbox 2472 2697 3286 2759">
     <span class='ocr_line' id='line_1_58' title="bbox 2472 2697 3286 2759; baseline 0.001 -14"><span class='ocrx_word' id='word_1_395' title='bbox 2472 2697 2686 2759; x_wconf 83' lang='lat' dir='ltr'><strong>insignis</strong></span> <span class='ocrx_word' id='word_1_396' title='bbox 2713 2699 2871 2757; x_wconf 86' lang='lat' dir='ltr'><strong>pietas</strong></span> <span class='ocrx_word' id='word_1_397' title='bbox 2899 2697 3113 2745; x_wconf 73' lang='lat' dir='ltr'><strong>numinis</strong></span> <span class='ocrx_word' id='word_1_398' title='bbox 3134 2699 3286 2759; x_wconf 91' lang='lat' dir='ltr'><strong>unici,</strong></span> 
     </span>
    </p>
   </div>
   <div class='ocr_carea' id='block_1_59' title="bbox 2473 2758 3487 2822">
    <p class='ocr_par' dir='ltr' id='par_1_59' title="bbox 2473 2758 3487 2822">
     <span class='ocr_line' id='line_1_59' title="bbox 2473 2758 3487 2822; baseline 0.002 -15"><span class='ocrx_word' id='word_1_399' title='bbox 2473 2758 2621 2822; x_wconf 68' lang='lat' dir='ltr'><strong>Qujus</strong></span> <span class='ocrx_word' id='word_1_400' title='bbox 2645 2760 2859 2808; x_wconf 86' lang='lat' dir='ltr'><strong>subsidio</strong></span> <span class='ocrx_word' id='word_1_401' title='bbox 2884 2773 2970 2808; x_wconf 88' lang='lat' dir='ltr'><strong>nos</strong></span> <span class='ocrx_word' id='word_1_402' title='bbox 2994 2774 3193 2822; x_wconf 87' lang='lat' dir='ltr'><strong>quoque</strong></span> <span class='ocrx_word' id='word_1_403' title='bbox 3220 2763 3487 2821; x_wconf 78' lang='lat' dir='ltr'><strong>vescimur,</strong></span> 
     </span>
    </p>
   </div>
   <div class='ocr_carea' id='block_1_60' title="bbox 2474 2820 3485 2884">
    <p class='ocr_par' dir='ltr' id='par_1_60' title="bbox 2474 2820 3485 2884">
     <span class='ocr_line' id='line_1_60' title="bbox 2474 2820 3485 2884; baseline 0.004 -17"><span class='ocrx_word' id='word_1_404' title='bbox 2474 2820 2744 2884; x_wconf 70' lang='lat' dir='ltr'><strong>Pascentes</strong></span> <span class='ocrx_word' id='word_1_405' title='bbox 2767 2822 2970 2884; x_wconf 83' lang='lat' dir='ltr'><strong>dapibus</strong></span> <span class='ocrx_word' id='word_1_406' title='bbox 2989 2820 3183 2882; x_wconf 75' lang='lat' dir='ltr'><strong>pectera</strong></span> <span class='ocrx_word' id='word_1_407' title='bbox 3212 2824 3485 2883; x_wconf 79' lang='lat' dir='ltr'><strong>mysticis...</strong></span> 
     </span>
    </p>
   </div>
   <div class='ocr_carea' id='block_1_61' title="bbox 2471 2880 3414 2946">
    <p class='ocr_par' dir='ltr' id='par_1_61' title="bbox 2471 2880 3414 2946">
     <span class='ocr_line' id='line_1_61' title="bbox 2471 2880 3414 2946; baseline 0.003 -16"><span class='ocrx_word' id='word_1_408' title='bbox 2471 2880 2572 2946; x_wconf 57' lang='lat' dir='ltr'><strong>[os</strong></span> <span class='ocrx_word' id='word_1_409' title='bbox 2598 2883 2735 2932; x_wconf 83' lang='lat' dir='ltr'><strong>festis</strong></span> <span class='ocrx_word' id='word_1_410' title='bbox 2759 2880 2999 2946; x_wconf 73' lang='lat' dir='ltr'><strong>trahimus</strong></span> <span class='ocrx_word' id='word_1_411' title='bbox 3021 2896 3109 2945; x_wconf 92' lang='lat' dir='ltr'><strong>per</strong></span> <span class='ocrx_word' id='word_1_412' title='bbox 3137 2886 3213 2946; x_wconf 90' lang='lat' dir='ltr'><strong>pia</strong></span> <span class='ocrx_word' id='word_1_413' title='bbox 3240 2880 3414 2946; x_wconf 71' lang='lat' dir='ltr'><strong>gaudia</strong></span> 
     </span>
    </p>
   </div>
   <div class='ocr_carea' id='block_1_62' title="bbox 2475 2943 2987 2993">
    <p class='ocr_par' dir='ltr' id='par_1_62' title="bbox 2475 2943 2987 2993">
     <span class='ocr_line' id='line_1_62' title="bbox 2475 2943 2987 2993; baseline 0.004 -2"><span class='ocrx_word' id='word_1_414' title='bbox 2475 2943 2680 2993; x_wconf 85' lang='lat' dir='ltr'><strong>Noctem</strong></span> <span class='ocrx_word' id='word_1_415' title='bbox 2706 2944 2987 2993; x_wconf 86' lang='lat' dir='ltr'><strong>conciliis...</strong></span> 
     </span>
    </p>
   </div>
   <div class='ocr_carea' id='block_1_63' title="bbox 2471 3005 3387 3069">
    <p class='ocr_par' dir='ltr' id='par_1_63' title="bbox 2471 3005 3387 3069">
     <span class='ocr_line' id='line_1_63' title="bbox 2471 3005 3387 3069; baseline 0.001 -14"><span class='ocrx_word' id='word_1_416' title='bbox 2471 3005 2809 3069; x_wconf 79' lang='lat' dir='ltr'><strong>Extructoque</strong></span> <span class='ocrx_word' id='word_1_417' title='bbox 2835 3008 3023 3068; x_wconf 87' lang='lat' dir='ltr'><strong>agimus</strong></span> <span class='ocrx_word' id='word_1_418' title='bbox 3045 3005 3138 3057; x_wconf 87' lang='lat' dir='ltr'><strong>liba</strong></span> <span class='ocrx_word' id='word_1_419' title='bbox 3158 3009 3387 3058; x_wconf 87' lang='lat' dir='ltr'><strong>sacrario.</strong></span> 
     </span>
    </p>
   </div>
   <div class='ocr_carea' id='block_1_64' title="bbox 2281 3111 3860 3184">
    <p class='ocr_par' dir='ltr' id='par_1_64' title="bbox 2281 3111 3860 3184">
     <span class='ocr_line' id='line_1_64' title="bbox 2281 3111 3860 3184; baseline 0.004 -20"><span class='ocrx_word' id='word_1_420' title='bbox 2281 3111 2441 3181; x_wconf 85' lang='lat' dir='ltr'><strong>igitur</strong></span> <span class='ocrx_word' id='word_1_421' title='bbox 2472 3112 2558 3165; x_wconf 87' lang='lat' dir='ltr'><strong>vel</strong></span> <span class='ocrx_word' id='word_1_422' title='bbox 2599 3126 2667 3165; x_wconf 87' lang='lat' dir='ltr'><strong>ex</strong></span> <span class='ocrx_word' id='word_1_423' title='bbox 2711 3113 2825 3166; x_wconf 88' lang='lat' dir='ltr'><strong>solo</strong></span> <span class='ocrx_word' id='word_1_424' title='bbox 2861 3111 3135 3167; x_wconf 91' lang='lat' dir='ltr'><strong>Prudentii</strong></span> <span class='ocrx_word' id='word_1_425' title='bbox 3180 3114 3382 3184; x_wconf 88' lang='lat' dir='ltr'><strong>hymno</strong></span> <span class='ocrx_word' id='word_1_426' title='bbox 3418 3113 3521 3169; x_wconf 90' lang='lat' dir='ltr'><strong>hoc</strong></span> <span class='ocrx_word' id='word_1_427' title='bbox 3565 3116 3761 3171; x_wconf 77' lang='lat' dir='ltr'><strong>festum</strong></span> <span class='ocrx_word' id='word_1_428' title='bbox 3810 3116 3860 3171; x_wconf 92' lang='lat' dir='ltr'><strong>in</strong></span> 
     </span>
    </p>
   </div>
   <div class='ocr_carea' id='block_1_65' title="bbox 2282 3203 3865 3278">
    <p class='ocr_par' dir='ltr' id='par_1_65' title="bbox 2282 3203 3865 3278">
     <span class='ocr_line' id='line_1_65' title="bbox 2282 3203 3865 3278; baseline 0.006 -22"><span class='ocrx_word' id='word_1_429' title='bbox 2282 3203 2521 3258; x_wconf 85' lang='lat' dir='ltr'><strong>Ecclesia</strong></span> <span class='ocrx_word' id='word_1_430' title='bbox 2561 3204 2729 3258; x_wconf 90' lang='lat' dir='ltr'><strong>veteri</strong></span> <span class='ocrx_word' id='word_1_431' title='bbox 2760 3204 3167 3273; x_wconf 86' lang='lat' dir='ltr'><strong>agnoscendum</strong></span> <span class='ocrx_word' id='word_1_432' title='bbox 3222 3213 3386 3270; x_wconf 90' lang='lat' dir='ltr'><strong>esset,</strong></span> <span class='ocrx_word' id='word_1_433' title='bbox 3434 3222 3499 3261; x_wconf 79' lang='lat' dir='ltr'><strong>ex</strong></span> <span class='ocrx_word' id='word_1_434' title='bbox 3540 3224 3651 3278; x_wconf 93' lang='lat' dir='ltr'><strong>quo</strong></span> <span class='ocrx_word' id='word_1_435' title='bbox 3692 3209 3865 3265; x_wconf 83' lang='lat' dir='ltr'><strong>adhuc</strong></span> 
     </span>
    </p>
   </div>
   <div class='ocr_carea' id='block_1_66' title="bbox 587 3276 2175 3373">
    <p class='ocr_par' dir='ltr' id='par_1_66' title="bbox 587 3276 2167 3349">
     <span class='ocr_line' id='line_1_66' title="bbox 587 3276 2167 3349; baseline 0.008 -21"><span class='ocrx_word' id='word_1_436' title='bbox 587 3288 760 3346; x_wconf 89' lang='lat' dir='ltr'><strong>neque</strong></span> <span class='ocrx_word' id='word_1_437' title='bbox 784 3276 899 3332; x_wconf 91' lang='lat' dir='ltr'><strong>sola</strong></span> <span class='ocrx_word' id='word_1_438' title='bbox 930 3279 1169 3336; x_wconf 89' lang='lat' dir='ltr'><strong>lucerna.</strong></span> <span class='ocrx_word' id='word_1_439' title='bbox 1208 3278 1301 3334; x_wconf 91' lang='lat' dir='ltr'><strong>sed</strong></span> <span class='ocrx_word' id='word_1_440' title='bbox 1338 3292 1533 3349; x_wconf 59' lang='lat' dir='ltr'><strong>praeter</strong></span> <span class='ocrx_word' id='word_1_441' title='bbox 1562 3297 1777 3339; x_wconf 92' lang='lat' dir='ltr'><strong>cereum</strong></span> <span class='ocrx_word' id='word_1_442' title='bbox 1811 3294 1862 3339; x_wconf 91' lang='lat' dir='ltr'><strong>et</strong></span> <span class='ocrx_word' id='word_1_443' title='bbox 1890 3286 2167 3342; x_wconf 89' lang='lat' dir='ltr'><strong>lucernam</strong></span> 
     </span>
    </p>
   </div>
   <div class='ocr_carea' id='block_1_67' title="bbox 2274 3276 3875 3373">
    <p class='ocr_par' dir='ltr' id='par_1_67' title="bbox 2282 3290 3875 3373">
     <span class='ocr_line' id='line_1_67' title="bbox 2282 3290 3875 3373; baseline 0.004 -22"><span class='ocrx_word' id='word_1_444' title='bbox 2282 3296 2505 3366; x_wconf 89' lang='lat' dir='ltr'><strong>vestigia</strong></span> <span class='ocrx_word' id='word_1_445' title='bbox 2531 3307 2851 3368; x_wconf 89' lang='lat' dir='ltr'><strong>permanent</strong></span> <span class='ocrx_word' id='word_1_446' title='bbox 2882 3299 2933 3353; x_wconf 93' lang='lat' dir='ltr'><strong>in</strong></span> <span class='ocrx_word' id='word_1_447' title='bbox 2975 3298 3350 3355; x_wconf 86' lang='lat' dir='ltr'><strong>benedictione</strong></span> <span class='ocrx_word' id='word_1_448' title='bbox 3391 3300 3536 3357; x_wconf 89' lang='lat' dir='ltr'><strong>cerei</strong></span> <span class='ocrx_word' id='word_1_449' title='bbox 3578 3303 3843 3373; x_wconf 86' lang='lat' dir='ltr'><strong>paschalis</strong></span> <span class='ocrx_word' id='word_1_450' title='bbox 3860 3290 3875 3359; x_wconf 63' lang='grc' dir='ltr'><strong><em>Ῐ</em></strong></span> 
     </span>
    </p>
   </div>
   <div class='ocr_carea' id='block_1_68' title="bbox 588 3364 2172 3445">
    <p class='ocr_par' dir='ltr' id='par_1_68' title="bbox 588 3364 2172 3445">
     <span class='ocr_line' id='line_1_68' title="bbox 588 3364 2172 3445; baseline 0.008 -25"><span class='ocrx_word' id='word_1_451' title='bbox 588 3364 739 3421; x_wconf 64' lang='lat' dir='ltr'><strong>tarda:</strong></span> <span class='ocrx_word' id='word_1_452' title='bbox 760 3366 921 3422; x_wconf 82' lang='lat' dir='ltr'><strong>etiam</strong></span> <span class='ocrx_word' id='word_1_453' title='bbox 944 3369 1375 3426; x_wconf 88' lang='lat' dir='ltr'><strong>accendebantur</strong></span> <span class='ocrx_word' id='word_1_454' title='bbox 1397 3371 1491 3445; x_wconf 86' lang='lat' dir='ltr'><strong>(c).</strong></span> <span class='ocrx_word' id='word_1_455' title='bbox 1520 3376 1775 3445; x_wconf 82' lang='lat' dir='ltr'><strong>Apposite</strong></span> <span class='ocrx_word' id='word_1_456' title='bbox 1794 3391 1921 3432; x_wconf 87' lang='lat' dir='ltr'><strong>vero</strong></span> <span class='ocrx_word' id='word_1_457' title='bbox 1942 3377 1994 3431; x_wconf 93' lang='lat' dir='ltr'><strong>in</strong></span> <span class='ocrx_word' id='word_1_458' title='bbox 2019 3378 2172 3433; x_wconf 82' lang='lat' dir='ltr'><strong>titulo</strong></span> 
     </span>
    </p>
   </div>
   <div class='ocr_carea' id='block_1_69' title="bbox 587 3456 2171 3533">
    <p class='ocr_par' dir='ltr' id='par_1_69' title="bbox 587 3456 2171 3533">
     <span class='ocr_line' id='line_1_69' title="bbox 587 3456 2171 3533; baseline 0.008 -20"><span class='ocrx_word' id='word_1_459' title='bbox 587 3459 906 3531; x_wconf 89' lang='lat' dir='ltr'><strong>adjungitur,</strong></span> <span class='ocrx_word' id='word_1_460' title='bbox 941 3463 1138 3516; x_wconf 84' lang='lat' dir='ltr'><strong>sabbati</strong></span> <span class='ocrx_word' id='word_1_461' title='bbox 1169 3464 1446 3533; x_wconf 81' lang='lat' dir='ltr'><strong>paschalis.</strong></span> <span class='ocrx_word' id='word_1_462' title='bbox 1482 3465 1590 3521; x_wconf 83' lang='lat' dir='ltr'><strong>Nec</strong></span> <span class='ocrx_word' id='word_1_463' title='bbox 1619 3468 1756 3523; x_wconf 89' lang='lat' dir='ltr'><strong>levis</strong></span> <span class='ocrx_word' id='word_1_464' title='bbox 1787 3479 1870 3524; x_wconf 90' lang='lat' dir='ltr'><strong>est</strong></span> <span class='ocrx_word' id='word_1_465' title='bbox 1894 3456 2047 3525; x_wconf 83' lang='lat' dir='ltr'><strong>error</strong></span> <span class='ocrx_word' id='word_1_466' title='bbox 2077 3487 2171 3526; x_wconf 86' lang='lat' dir='ltr'><strong>ne-</strong></span> 
     </span>
    </p>
   </div>
   <div class='ocr_carea' id='block_1_70' title="bbox 585 3558 2166 3636">
    <p class='ocr_par' dir='ltr' id='par_1_70' title="bbox 585 3558 2166 3636">
     <span class='ocr_line' id='line_1_70' title="bbox 585 3558 2166 3636; baseline 0.008 -29"><span class='ocrx_word' id='word_1_467' title='bbox 585 3568 713 3623; x_wconf 85' lang='lat' dir='ltr'><strong>gare</strong></span> <span class='ocrx_word' id='word_1_468' title='bbox 759 3558 1113 3625; x_wconf 88' lang='lat' dir='ltr'><strong>compositum</strong></span> <span class='ocrx_word' id='word_1_469' title='bbox 1176 3558 1340 3614; x_wconf 84' lang='lat' dir='ltr'><strong>fuisse</strong></span> <span class='ocrx_word' id='word_1_470' title='bbox 1404 3559 1662 3631; x_wconf 82' lang='lat' dir='ltr'><strong>hymnum</strong></span> <span class='ocrx_word' id='word_1_471' title='bbox 1713 3564 1778 3617; x_wconf 90' lang='lat' dir='ltr'><strong>ad</strong></span> <span class='ocrx_word' id='word_1_472' title='bbox 1836 3566 2166 3636; x_wconf 88' lang='lat' dir='ltr'><strong>pervigilium</strong></span> 
     </span>
    </p>
   </div>
   <div class='ocr_carea' id='block_1_71' title="bbox 585 3643 2169 3727">
    <p class='ocr_par' dir='ltr' id='par_1_71' title="bbox 585 3643 2169 3727">
     <span class='ocr_line' id='line_1_71' title="bbox 585 3643 2169 3727; baseline 0.011 -30"><span class='ocrx_word' id='word_1_473' title='bbox 585 3643 803 3700; x_wconf 69' lang='lat' dir='ltr'><strong>Pascha:</strong></span> <span class='ocrx_word' id='word_1_474' title='bbox 832 3647 1249 3703; x_wconf 87' lang='lat' dir='ltr'><strong>celebrandum:</strong></span> <span class='ocrx_word' id='word_1_475' title='bbox 1286 3649 1336 3703; x_wconf 94' lang='lat' dir='ltr'><strong>in</strong></span> <span class='ocrx_word' id='word_1_476' title='bbox 1366 3668 1524 3720; x_wconf 88' lang='lat' dir='ltr'><strong>quem</strong></span> <span class='ocrx_word' id='word_1_477' title='bbox 1553 3668 1657 3708; x_wconf 94' lang='lat' dir='ltr'><strong>non</strong></span> <span class='ocrx_word' id='word_1_478' title='bbox 1677 3664 1880 3711; x_wconf 88' lang='lat' dir='ltr'><strong>tantum</strong></span> <span class='ocrx_word' id='word_1_479' title='bbox 1914 3658 2028 3727; x_wconf 91' lang='lat' dir='ltr'><strong>ipse</strong></span> <span class='ocrx_word' id='word_1_480' title='bbox 2042 3659 2169 3714; x_wconf 91' lang='lat' dir='ltr'><strong>olim</strong></span> 
     </span>
    </p>
   </div>
   <div class='ocr_carea' id='block_1_72' title="bbox 586 3736 2167 3818">
    <p class='ocr_par' dir='ltr' id='par_1_72' title="bbox 586 3736 2167 3818">
     <span class='ocr_line' id='line_1_72' title="bbox 586 3736 2167 3818; baseline 0.011 -25"><span class='ocrx_word' id='word_1_481' title='bbox 586 3736 770 3805; x_wconf 92' lang='lat' dir='ltr'><strong>incidi,</strong></span> <span class='ocrx_word' id='word_1_482' title='bbox 801 3739 894 3794; x_wconf 91' lang='lat' dir='ltr'><strong>sed</strong></span> <span class='ocrx_word' id='word_1_483' title='bbox 922 3740 1011 3796; x_wconf 91' lang='lat' dir='ltr'><strong>alii</strong></span> <span class='ocrx_word' id='word_1_484' title='bbox 1038 3741 1307 3798; x_wconf 87' lang='lat' dir='ltr'><strong>doctiores</strong></span> <span class='ocrx_word' id='word_1_485' title='bbox 1337 3754 1460 3803; x_wconf 87' lang='lat' dir='ltr'><strong>sunt</strong></span> <span class='ocrx_word' id='word_1_486' title='bbox 1486 3748 1711 3818; x_wconf 90' lang='lat' dir='ltr'><strong>delapsi.</strong></span> <span class='ocrx_word' id='word_1_487' title='bbox 1750 3750 1825 3805; x_wconf 90' lang='lat' dir='ltr'><strong>lta</strong></span> <span class='ocrx_word' id='word_1_488' title='bbox 1849 3751 1994 3808; x_wconf 89' lang='lat' dir='ltr'><strong>enim</strong></span> <span class='ocrx_word' id='word_1_489' title='bbox 2023 3769 2167 3810; x_wconf 86' lang='lat' dir='ltr'><strong>vers.</strong></span> 
     </span>
    </p>
   </div>
   <div class='ocr_carea' id='block_1_73' title="bbox 589 3834 941 3909">
    <p class='ocr_par' dir='ltr' id='par_1_73' title="bbox 589 3834 941 3909">
     <span class='ocr_line' id='line_1_73' title="bbox 589 3834 941 3909; baseline 0.009 -21"><span class='ocrx_word' id='word_1_490' title='bbox 589 3834 690 3891; x_wconf 73' lang='grc'><strong>125</strong></span> <span class='ocrx_word' id='word_1_491' title='bbox 719 3846 773 3893; x_wconf 92' lang='lat' dir='ltr'><strong>et</strong></span> <span class='ocrx_word' id='word_1_492' title='bbox 792 3853 941 3909; x_wconf 89' lang='lat' dir='ltr'><strong>seqq.</strong></span> 
     </span>
    </p>
   </div>
   <div class='ocr_carea' id='block_1_74' title="bbox 832 3928 1781 3997">
    <p class='ocr_par' dir='ltr' id='par_1_74' title="bbox 832 3928 1781 3997">
     <span class='ocr_line' id='line_1_74' title="bbox 832 3928 1781 3997; baseline 0.012 -20"><span class='ocrx_word' id='word_1_493' title='bbox 832 3928 957 3997; x_wconf 61' lang='lat' dir='ltr'><strong>Sunt</strong></span> <span class='ocrx_word' id='word_1_494' title='bbox 976 3934 1027 3980; x_wconf 89' lang='lat' dir='ltr'><strong>et</strong></span> <span class='ocrx_word' id='word_1_495' title='bbox 1053 3932 1303 3997; x_wconf 73' lang='lat' dir='ltr'><strong>spiritibus</strong></span> <span class='ocrx_word' id='word_1_496' title='bbox 1328 3946 1460 3997; x_wconf 78' lang='lat' dir='ltr'><strong>saepe</strong></span> <span class='ocrx_word' id='word_1_497' title='bbox 1489 3939 1781 3997; x_wconf 88' lang='lat' dir='ltr'><strong>nocentibus</strong></span> 
     </span>
    </p>
   </div>
   <div class='ocr_carea' id='block_1_75' title="bbox 832 3992 1792 4061">
    <p class='ocr_par' dir='ltr' id='par_1_75' title="bbox 832 3992 1792 4061">
     <span class='ocr_line' id='line_1_75' title="bbox 832 3992 1792 4061; baseline 0.013 -22"><span class='ocrx_word' id='word_1_498' title='bbox 832 3992 1093 4061; x_wconf 65' lang='lat' dir='ltr'><strong>Poenarum</strong></span> <span class='ocrx_word' id='word_1_499' title='bbox 1119 3994 1348 4044; x_wconf 87' lang='lat' dir='ltr'><strong>celebres</strong></span> <span class='ocrx_word' id='word_1_500' title='bbox 1369 3992 1460 4045; x_wconf 79' lang='lat' dir='ltr'><strong>sub</strong></span> <span class='ocrx_word' id='word_1_501' title='bbox 1485 4007 1627 4061; x_wconf 76' lang='lat' dir='ltr'><strong>Styge</strong></span> <span class='ocrx_word' id='word_1_502' title='bbox 1653 3996 1792 4051; x_wconf 67' lang='lat' dir='ltr'><strong>ferite</strong></span> 
     </span>
    </p>
   </div>
   <div class='ocr_carea' id='block_1_76' title="bbox 833 4054 1713 4120">
    <p class='ocr_par' dir='ltr' id='par_1_76' title="bbox 833 4054 1713 4120">
     <span class='ocr_line' id='line_1_76' title="bbox 833 4054 1713 4120; baseline 0.013 -20"><span class='ocrx_word' id='word_1_503' title='bbox 833 4054 919 4120; x_wconf 68' lang='lat' dir='ltr'><strong>illa</strong></span> <span class='ocrx_word' id='word_1_504' title='bbox 943 4062 1108 4120; x_wconf 87' lang='lat' dir='ltr'><strong>nocte,</strong></span> <span class='ocrx_word' id='word_1_505' title='bbox 1133 4069 1270 4120; x_wconf 78' lang='lat' dir='ltr'><strong>sacer</strong></span> <span class='ocrx_word' id='word_1_506' title='bbox 1294 4072 1389 4120; x_wconf 90' lang='lat' dir='ltr'><strong>qua</strong></span> <span class='ocrx_word' id='word_1_507' title='bbox 1412 4054 1557 4109; x_wconf 76' lang='lat' dir='ltr'><strong>rediit</strong></span> <span class='ocrx_word' id='word_1_508' title='bbox 1574 4056 1713 4111; x_wconf 84' lang='lat' dir='ltr'><strong>Deus</strong></span> 
     </span>
    </p>
   </div>
   <div class='ocr_carea' id='block_1_77' title="bbox 832 4116 1804 4187">
    <p class='ocr_par' dir='ltr' id='par_1_77' title="bbox 832 4116 1804 4187">
     <span class='ocr_line' id='line_1_77' title="bbox 832 4116 1804 4187; baseline 0.012 -24"><span class='ocrx_word' id='word_1_509' title='bbox 832 4116 1029 4187; x_wconf 60' lang='lat' dir='ltr'><strong>Stagnis</strong></span> <span class='ocrx_word' id='word_1_510' title='bbox 1053 4120 1111 4167; x_wconf 90' lang='lat' dir='ltr'><strong>ad</strong></span> <span class='ocrx_word' id='word_1_511' title='bbox 1136 4116 1352 4187; x_wconf 76' lang='lat' dir='ltr'><strong>Superos</strong></span> <span class='ocrx_word' id='word_1_512' title='bbox 1372 4132 1432 4187; x_wconf 82' lang='lat' dir='ltr'><strong>ex</strong></span> <span class='ocrx_word' id='word_1_513' title='bbox 1459 4123 1804 4187; x_wconf 79' lang='lat' dir='ltr'><strong>acheronticis.</strong></span> 
     </span>
    </p>
   </div>
   <div class='ocr_carea' id='block_1_78' title="bbox 828 4178 1763 4248">
    <p class='ocr_par' dir='ltr' id='par_1_78' title="bbox 828 4178 1763 4248">
     <span class='ocr_line' id='line_1_78' title="bbox 828 4178 1763 4248; baseline 0.012 -22"><span class='ocrx_word' id='word_1_514' title='bbox 828 4178 935 4248; x_wconf 53' lang='lat' dir='ltr'><strong>lfon</strong></span> <span class='ocrx_word' id='word_1_515' title='bbox 958 4181 1084 4229; x_wconf 88' lang='lat' dir='ltr'><strong>sicut</strong></span> <span class='ocrx_word' id='word_1_516' title='bbox 1108 4178 1342 4248; x_wconf 75' lang='lat' dir='ltr'><strong>tenebras</strong></span> <span class='ocrx_word' id='word_1_517' title='bbox 1364 4184 1428 4248; x_wconf 76' lang='lat' dir='ltr'><strong>de</strong></span> <span class='ocrx_word' id='word_1_518' title='bbox 1451 4185 1555 4248; x_wconf 68' lang='lat' dir='ltr'><strong>face</strong></span> <span class='ocrx_word' id='word_1_519' title='bbox 1581 4186 1763 4248; x_wconf 87' lang='lat' dir='ltr'><strong>fulgida</strong></span> 
     </span>
    </p>
   </div>
   <div class='ocr_carea' id='block_1_79' title="bbox 826 4241 1665 4306">
    <p class='ocr_par' dir='ltr' id='par_1_79' title="bbox 826 4241 1665 4306">
     <span class='ocr_line' id='line_1_79' title="bbox 826 4241 1665 4306; baseline 0.008 -17"><span class='ocrx_word' id='word_1_520' title='bbox 826 4241 1049 4306; x_wconf 80' lang='lat' dir='ltr'><strong>Surgens</strong></span> <span class='ocrx_word' id='word_1_521' title='bbox 1069 4256 1253 4306; x_wconf 87' lang='lat' dir='ltr'><strong>oceano</strong></span> <span class='ocrx_word' id='word_1_522' title='bbox 1278 4244 1451 4294; x_wconf 84' lang='lat' dir='ltr'><strong>lucifer</strong></span> <span class='ocrx_word' id='word_1_523' title='bbox 1477 4241 1665 4306; x_wconf 70' lang='lat' dir='ltr'><strong>imbuit,</strong></span> 
     </span>
    </p>
   </div>
   <div class='ocr_carea' id='block_1_80' title="bbox 825 4303 1793 4360">
    <p class='ocr_par' dir='ltr' id='par_1_80' title="bbox 825 4303 1793 4360">
     <span class='ocr_line' id='line_1_80' title="bbox 825 4303 1793 4360; baseline 0.009 -9"><span class='ocrx_word' id='word_1_524' title='bbox 825 4303 923 4351; x_wconf 89' lang='lat' dir='ltr'><strong>Sed</strong></span> <span class='ocrx_word' id='word_1_525' title='bbox 950 4308 1097 4354; x_wconf 89' lang='lat' dir='ltr'><strong>terris</strong></span> <span class='ocrx_word' id='word_1_526' title='bbox 1123 4305 1308 4355; x_wconf 89' lang='lat' dir='ltr'><strong>Domini</strong></span> <span class='ocrx_word' id='word_1_527' title='bbox 1328 4308 1391 4355; x_wconf 88' lang='lat' dir='ltr'><strong>de</strong></span> <span class='ocrx_word' id='word_1_528' title='bbox 1408 4321 1553 4357; x_wconf 82' lang='lat' dir='ltr'><strong>cruce</strong></span> <span class='ocrx_word' id='word_1_529' title='bbox 1576 4303 1793 4360; x_wconf 80' lang='lat' dir='ltr'><strong>tristibus</strong></span> 
     </span>
    </p>
   </div>
   <div class='ocr_carea' id='block_1_81' title="bbox 825 4365 1756 4425">
    <p class='ocr_par' dir='ltr' id='par_1_81' title="bbox 825 4365 1756 4425">
     <span class='ocr_line' id='line_1_81' title="bbox 825 4365 1756 4425; baseline 0.008 -13"><span class='ocrx_word' id='word_1_530' title='bbox 825 4365 978 4425; x_wconf 82' lang='lat' dir='ltr'><strong>Major</strong></span> <span class='ocrx_word' id='word_1_531' title='bbox 995 4368 1101 4415; x_wconf 82' lang='lat' dir='ltr'><strong>sole</strong></span> <span class='ocrx_word' id='word_1_532' title='bbox 1120 4381 1293 4416; x_wconf 85' lang='lat' dir='ltr'><strong>novum</strong></span> <span class='ocrx_word' id='word_1_533' title='bbox 1320 4371 1586 4419; x_wconf 86' lang='lat' dir='ltr'><strong>restituens</strong></span> <span class='ocrx_word' id='word_1_534' title='bbox 1610 4373 1756 4419; x_wconf 88' lang='lat' dir='ltr'><strong>diem.</strong></span> 
     </span>
    </p>
   </div>
   <div class='ocr_carea' id='block_1_82' title="bbox 826 4426 1756 4495">
    <p class='ocr_par' dir='ltr' id='par_1_82' title="bbox 826 4426 1756 4495">
     <span class='ocr_line' id='line_1_82' title="bbox 826 4426 1756 4495; baseline 0.011 -23"><span class='ocrx_word' id='word_1_535' title='bbox 826 4426 1045 4495; x_wconf 71' lang='lat' dir='ltr'><strong>b_ia_rceut</strong></span> <span class='ocrx_word' id='word_1_536' title='bbox 1066 4430 1314 4489; x_wconf 89' lang='lat' dir='ltr'><strong>suppliciis</strong></span> <span class='ocrx_word' id='word_1_537' title='bbox 1339 4438 1518 4479; x_wconf 88' lang='lat' dir='ltr'><strong>tartara</strong></span> <span class='ocrx_word' id='word_1_538' title='bbox 1541 4434 1756 4495; x_wconf 86' lang='lat' dir='ltr'><strong>mitibus,</strong></span> 
     </span>
    </p>
   </div>
   <div class='ocr_carea' id='block_1_83' title="bbox 882 4488 1790 4559">
    <p class='ocr_par' dir='ltr' id='par_1_83' title="bbox 882 4488 1790 4559">
     <span class='ocr_line' id='line_1_83' title="bbox 882 4488 1790 4559; baseline 0.011 -18"><span class='ocrx_word' id='word_1_539' title='bbox 882 4488 986 4557; x_wconf 81' lang='lat'><strong>25</strong></span> <span class='ocrx_word' id='word_1_540' title='bbox 1016 4488 1339 4559; x_wconf 77' lang='lat' dir='ltr'><strong>Exsultatque</strong></span> <span class='ocrx_word' id='word_1_541' title='bbox 1363 4502 1435 4546; x_wconf 91' lang='lat' dir='ltr'><strong>sui</strong></span> <span class='ocrx_word' id='word_1_542' title='bbox 1458 4503 1670 4549; x_wconf 88' lang='lat' dir='ltr'><strong>carceris</strong></span> <span class='ocrx_word' id='word_1_543' title='bbox 1691 4488 1790 4551; x_wconf 84' lang='lat' dir='ltr'><strong>otio</strong></span> 
     </span>
    </p>
   </div>
   <div class='ocr_carea' id='block_1_84' title="bbox 876 4558 1818 4623">
    <p class='ocr_par' dir='ltr' id='par_1_84' title="bbox 876 4558 1818 4623">
     <span class='ocr_line' id='line_1_84' title="bbox 876 4558 1818 4623; baseline 0.014 -22"><span class='ocrx_word' id='word_1_544' title='bbox 876 4560 1119 4623; x_wconf 65' lang='lat' dir='ltr'><strong>morarum</strong></span> <span class='ocrx_word' id='word_1_545' title='bbox 1145 4558 1353 4623; x_wconf 76' lang='lat' dir='ltr'><strong>populus</strong></span> <span class='ocrx_word' id='word_1_546' title='bbox 1370 4560 1498 4608; x_wconf 88' lang='lat' dir='ltr'><strong>liber</strong></span> <span class='ocrx_word' id='word_1_547' title='bbox 1522 4563 1581 4608; x_wconf 91' lang='lat' dir='ltr'><strong>ab</strong></span> <span class='ocrx_word' id='word_1_548' title='bbox 1609 4564 1818 4623; x_wconf 85' lang='lat' dir='ltr'><strong>ignibus,</strong></span> 
     </span>
    </p>
   </div>
   <div class='ocr_carea' id='block_1_85' title="bbox 824 4614 1794 4684">
    <p class='ocr_par' dir='ltr' id='par_1_85' title="bbox 824 4614 1794 4684">
     <span class='ocr_line' id='line_1_85' title="bbox 824 4614 1794 4684; baseline 0.009 -21"><span class='ocrx_word' id='word_1_549' title='bbox 824 4614 929 4684; x_wconf 51' lang='lat' dir='ltr'><strong>ljec</strong></span> <span class='ocrx_word' id='word_1_550' title='bbox 948 4614 1303 4684; x_wconf 63' lang='lat' dir='ltr'><strong>fervent&#39;solito</strong></span> <span class='ocrx_word' id='word_1_551' title='bbox 1326 4620 1516 4669; x_wconf 81' lang='lat' dir='ltr'><strong>ﬂumina</strong></span> <span class='ocrx_word' id='word_1_552' title='bbox 1541 4614 1794 4684; x_wconf 69' lang='lat' dir='ltr'><strong>sulphure.</strong></span> 
     </span>
    </p>
   </div>
   <div class='ocr_carea' id='block_1_86' title="bbox 811 4676 1755 4745">
    <p class='ocr_par' dir='ltr' id='par_1_86' title="bbox 811 4676 1755 4745">
     <span class='ocr_line' id='line_1_86' title="bbox 811 4676 1755 4745; baseline 0.011 -21"><span class='ocrx_word' id='word_1_553' title='bbox 811 4676 925 4726; x_wconf 75' lang='lat' dir='ltr'><strong>ZNos</strong></span> <span class='ocrx_word' id='word_1_554' title='bbox 946 4677 1081 4728; x_wconf 83' lang='lat' dir='ltr'><strong>festis</strong></span> <span class='ocrx_word' id='word_1_555' title='bbox 1102 4680 1338 4729; x_wconf 89' lang='lat' dir='ltr'><strong>trahimus</strong></span> <span class='ocrx_word' id='word_1_556' title='bbox 1362 4696 1451 4743; x_wconf 89' lang='lat' dir='ltr'><strong>per</strong></span> <span class='ocrx_word' id='word_1_557' title='bbox 1476 4684 1553 4744; x_wconf 87' lang='lat' dir='ltr'><strong>pia</strong></span> <span class='ocrx_word' id='word_1_558' title='bbox 1577 4676 1755 4745; x_wconf 82' lang='lat' dir='ltr'><strong>gaudia</strong></span> 
     </span>
    </p>
   </div>
   <div class='ocr_carea' id='block_1_87' title="bbox 653 4832 2160 4915">
    <p class='ocr_par' dir='ltr' id='par_1_87' title="bbox 653 4832 2160 4915">
     <span class='ocr_line' id='line_1_87' title="bbox 653 4832 2160 4915; baseline 0.013 -31"><span class='ocrx_word' id='word_1_559' title='bbox 653 4832 731 4915; x_wconf 63' lang='grc' dir='ltr'><strong>(ᾳ)</strong></span> <span class='ocrx_word' id='word_1_560' title='bbox 755 4832 990 4915; x_wconf 46' lang='lat' dir='ltr'><strong>adamas</strong></span> <span class='ocrx_word' id='word_1_561' title='bbox 1019 4833 1310 4915; x_wconf 65' lang='lat' dir='ltr'><strong>Siborusin</strong></span> <span class='ocrx_word' id='word_1_562' title='bbox 1330 4835 1615 4915; x_wconf 80' lang='lat' dir='ltr'><strong>Scholidiis</strong></span> <span class='ocrx_word' id='word_1_563' title='bbox 1636 4840 1705 4915; x_wconf 86' lang='lat' dir='ltr'><strong>a_d_</strong></span> <span class='ocrx_word' id='word_1_564' title='bbox 1736 4841 1877 4897; x_wconf 88' lang='lat' dir='ltr'><strong>hunc</strong></span> <span class='ocrx_word' id='word_1_565' title='bbox 1905 4842 2160 4915; x_wconf 84' lang='lat' dir='ltr'><strong>hymnum</strong></span> 
     </span>
    </p>
   </div>
   <div class='ocr_carea' id='block_1_88' title="bbox 583 4904 2160 4985">
    <p class='ocr_par' dir='ltr' id='par_1_88' title="bbox 583 4904 2160 4985">
     <span class='ocr_line' id='line_1_88' title="bbox 583 4904 2160 4985; baseline 0.01 -28"><span class='ocrx_word' id='word_1_566' title='bbox 583 4904 733 4985; x_wconf 75' lang='lat' dir='ltr'><strong>ponit</strong></span> <span class='ocrx_word' id='word_1_567' title='bbox 763 4904 991 4967; x_wconf 91' lang='lat' dir='ltr'><strong>titulum,</strong></span> <span class='ocrx_word' id='word_1_568' title='bbox 1022 4906 1102 4957; x_wconf 85' lang='lat' dir='ltr'><strong>Ad</strong></span> <span class='ocrx_word' id='word_1_569' title='bbox 1130 4908 1391 4985; x_wconf 83' lang='lat' dir='ltr'><strong>incensum</strong></span> <span class='ocrx_word' id='word_1_570' title='bbox 1426 4912 1576 4975; x_wconf 87' lang='lat' dir='ltr'><strong>cerei,</strong></span> <span class='ocrx_word' id='word_1_571' title='bbox 1608 4912 1829 4985; x_wconf 86' lang='lat' dir='ltr'><strong>addens,</strong></span> <span class='ocrx_word' id='word_1_572' title='bbox 1861 4904 2160 4985; x_wconf 48' lang='lat' dir='ltr'><strong>qui-accen-</strong></span> 
     </span>
    </p>
   </div>
   <div class='ocr_carea' id='block_1_89' title="bbox 582 4974 2161 5057">
    <p class='ocr_par' dir='ltr' id='par_1_89' title="bbox 582 4974 2161 5057">
     <span class='ocr_line' id='line_1_89' title="bbox 582 4974 2161 5057; baseline 0.011 -30"><span class='ocrx_word' id='word_1_573' title='bbox 582 4974 790 5029; x_wconf 85' lang='lat' dir='ltr'><strong>debatur</strong></span> <span class='ocrx_word' id='word_1_574' title='bbox 816 4985 1082 5057; x_wconf 76' lang='lat' dir='ltr'><strong>appetente</strong></span> <span class='ocrx_word' id='word_1_575' title='bbox 1106 4992 1310 5057; x_wconf 60' lang='lat' dir='ltr'><strong>pespera</strong></span> <span class='ocrx_word' id='word_1_576' title='bbox 1337 4982 1446 5049; x_wconf 87' lang='lat' dir='ltr'><strong>ejus</strong></span> <span class='ocrx_word' id='word_1_577' title='bbox 1472 4983 1643 5057; x_wconf 64' lang='lat' dir='ltr'><strong>noctis</strong></span> <span class='ocrx_word' id='word_1_578' title='bbox 1674 5000 1789 5054; x_wconf 68' lang='lat' dir='ltr'><strong>quis</strong></span> <span class='ocrx_word' id='word_1_579' title='bbox 1817 4974 1952 5040; x_wconf 73' lang='lat' dir='ltr'><strong>diem</strong></span> <span class='ocrx_word' id='word_1_580' title='bbox 1978 4993 2161 5056; x_wconf 85' lang='lat' dir='ltr'><strong>festum</strong></span> 
     </span>
    </p>
   </div>
   <div class='ocr_carea' id='block_1_90' title="bbox 488 5045 2159 5124">
    <p class='ocr_par' dir='ltr' id='par_1_90' title="bbox 488 5045 2159 5124">
     <span class='ocr_line' id='line_1_90' title="bbox 488 5045 2159 5124; baseline 0.011 -26"><span class='ocrx_word' id='word_1_581' title='bbox 488 5045 517 5056; x_wconf 84' lang='grc'>”</span> <span class='ocrx_word' id='word_1_582' title='bbox 580 5047 964 5124; x_wconf 72' lang='lat' dir='ltr'><strong>resurrectionis</strong></span> <span class='ocrx_word' id='word_1_583' title='bbox 984 5045 1264 5124; x_wconf 76' lang='lat' dir='ltr'><strong>dontinica:_</strong></span> <span class='ocrx_word' id='word_1_584' title='bbox 1274 5045 1541 5124; x_wconf 75' lang='lat' dir='ltr'><strong>antecedit,</strong></span> <span class='ocrx_word' id='word_1_585' title='bbox 1572 5045 1722 5122; x_wconf 78' lang='lat' dir='ltr'><strong>quam</strong></span> <span class='ocrx_word' id='word_1_586' title='bbox 1741 5058 1944 5124; x_wconf 79' lang='lat' dir='ltr'><strong>quidem</strong></span> <span class='ocrx_word' id='word_1_587' title='bbox 1962 5045 2159 5116; x_wconf 76' lang='lat' dir='ltr'><strong>noctem</strong></span> 
     </span>
    </p>
   </div>
   <div class='ocr_carea' id='block_1_91' title="bbox 580 5117 2159 5201">
    <p class='ocr_par' dir='ltr' id='par_1_91' title="bbox 580 5117 2159 5201">
     <span class='ocr_line' id='line_1_91' title="bbox 580 5117 2159 5201; baseline 0.01 -31"><span class='ocrx_word' id='word_1_588' title='bbox 580 5118 862 5201; x_wconf 75' lang='lat' dir='ltr'><strong>insomnem</strong></span> <span class='ocrx_word' id='word_1_589' title='bbox 890 5117 1155 5201; x_wconf 60' lang='lat' dir='ltr'><strong>traducere</strong></span> <span class='ocrx_word' id='word_1_590' title='bbox 1189 5120 1470 5201; x_wconf 66' lang='lat' dir='ltr'><strong>religionis,</strong></span> <span class='ocrx_word' id='word_1_591' title='bbox 1498 5117 1604 5201; x_wconf 76' lang='lat' dir='ltr'><strong>non</strong></span> <span class='ocrx_word' id='word_1_592' title='bbox 1635 5117 2008 5201; x_wconf 77' lang='lat' dir='ltr'><strong>superstitionis</strong></span> <span class='ocrx_word' id='word_1_593' title='bbox 2038 5149 2159 5201; x_wconf 88' lang='lat' dir='ltr'><strong>gra-</strong></span> 
     </span>
    </p>
   </div>
   <div class='ocr_carea' id='block_1_92' title="bbox 580 5186 1987 5263">
    <p class='ocr_par' dir='ltr' id='par_1_92' title="bbox 580 5186 1987 5263">
     <span class='ocr_line' id='line_1_92' title="bbox 580 5186 1987 5263; baseline 0.009 -22"><span class='ocrx_word' id='word_1_594' title='bbox 580 5186 1251 5263; x_wconf 26' lang='lat' dir='ltr'><strong>tia,_sol_ebantAC/tristi‘ani.</strong></span> <span class='ocrx_word' id='word_1_595' title='bbox 1274 5186 1400 5263; x_wconf 73' lang='lat' dir='ltr'><strong>Qua:</strong></span> <span class='ocrx_word' id='word_1_596' title='bbox 1423 5194 1576 5248; x_wconf 92' lang='lat' dir='ltr'><strong>nobis</strong></span> <span class='ocrx_word' id='word_1_597' title='bbox 1603 5186 1756 5252; x_wconf 74' lang='lat' dir='ltr'><strong>valde</strong></span> <span class='ocrx_word' id='word_1_598' title='bbox 1786 5199 1987 5254; x_wconf 82' lang='lat' dir='ltr'><strong>lavent.</strong></span> 
     </span>
    </p>
   </div>
   <div class='ocr_carea' id='block_1_93' title="bbox 651 5258 2158 5330">
    <p class='ocr_par' dir='ltr' id='par_1_93' title="bbox 651 5258 2158 5330">
     <span class='ocr_line' id='line_1_93' title="bbox 651 5258 2158 5330; baseline 0.01 -17"><span class='ocrx_word' id='word_1_599' title='bbox 651 5260 726 5330; x_wconf 74' lang='grc' dir='ltr'><strong>(ὁ)</strong></span> <span class='ocrx_word' id='word_1_600' title='bbox 765 5259 820 5313; x_wconf 87' lang='grc' dir='ltr'><strong>1η</strong></span> <span class='ocrx_word' id='word_1_601' title='bbox 868 5258 1099 5314; x_wconf 87' lang='lat' dir='ltr'><strong>editione</strong></span> <span class='ocrx_word' id='word_1_602' title='bbox 1128 5258 1403 5317; x_wconf 89' lang='lat' dir='ltr'><strong>Parmensi</strong></span> <span class='ocrx_word' id='word_1_603' title='bbox 1447 5265 1706 5321; x_wconf 90' lang='lat' dir='ltr'><strong>retinetur</strong></span> <span class='ocrx_word' id='word_1_604' title='bbox 1744 5270 1929 5323; x_wconf 88' lang='lat' dir='ltr'><strong>titulus</strong></span> <span class='ocrx_word' id='word_1_605' title='bbox 1970 5273 2049 5325; x_wconf 85' lang='lat' dir='ltr'><strong>Ad</strong></span> <span class='ocrx_word' id='word_1_606' title='bbox 2076 5276 2158 5329; x_wconf 83' lang='lat' dir='ltr'><strong>in-</strong></span> 
     </span>
    </p>
   </div>
   <div class='ocr_carea' id='block_1_94' title="bbox 579 5330 2151 5411">
    <p class='ocr_par' dir='ltr' id='par_1_94' title="bbox 579 5330 2151 5411">
     <span class='ocr_line' id='line_1_94' title="bbox 579 5330 2151 5411; baseline 0.01 -27"><span class='ocrx_word' id='word_1_607' title='bbox 579 5346 781 5411; x_wconf 80' lang='lat' dir='ltr'><strong>censum</strong></span> <span class='ocrx_word' id='word_1_608' title='bbox 813 5330 1050 5411; x_wconf 59' lang='lat' dir='ltr'><strong>lucernis,</strong></span> <span class='ocrx_word' id='word_1_609' title='bbox 1083 5339 1138 5385; x_wconf 83' lang='lat' dir='ltr'><strong>et</strong></span> <span class='ocrx_word' id='word_1_610' title='bbox 1180 5347 1243 5387; x_wconf 80' lang='lat' dir='ltr'><strong>ex</strong></span> <span class='ocrx_word' id='word_1_611' title='bbox 1268 5333 1455 5411; x_wconf 78' lang='lat' dir='ltr'><strong>ordine</strong></span> <span class='ocrx_word' id='word_1_612' title='bbox 1481 5335 1796 5411; x_wconf 85' lang='lat' dir='ltr'><strong>hymnorum</strong></span> <span class='ocrx_word' id='word_1_613' title='bbox 1829 5340 2151 5411; x_wconf 76' lang='lat' dir='ltr'><strong>defenditur,</strong></span> 
     </span>
    </p>
   </div>
   <div class='ocr_carea' id='block_1_95' title="bbox 578 5402 2153 5484">
    <p class='ocr_par' dir='ltr' id='par_1_95' title="bbox 578 5402 2153 5484">
     <span class='ocr_line' id='line_1_95' title="bbox 578 5402 2153 5484; baseline 0.009 -30"><span class='ocrx_word' id='word_1_614' title='bbox 578 5402 819 5484; x_wconf 77' lang='lat' dir='ltr'><strong>quintum</strong></span> <span class='ocrx_word' id='word_1_615' title='bbox 852 5402 993 5484; x_wconf 80' lang='lat' dir='ltr'><strong>hunc</strong></span> <span class='ocrx_word' id='word_1_616' title='bbox 1021 5404 1273 5484; x_wconf 73' lang='lat' dir='ltr'><strong>hymnum</strong></span> <span class='ocrx_word' id='word_1_617' title='bbox 1306 5405 1372 5460; x_wconf 89' lang='lat' dir='ltr'><strong>de</strong></span> <span class='ocrx_word' id='word_1_618' title='bbox 1402 5402 1637 5484; x_wconf 79' lang='lat' dir='ltr'><strong>vesperis</strong></span> <span class='ocrx_word' id='word_1_619' title='bbox 1666 5411 1923 5484; x_wconf 66' lang='lat' dir='ltr'><strong>intelligiL</strong></span> <span class='ocrx_word' id='word_1_620' title='bbox 1951 5414 2005 5466; x_wconf 89' lang='lat' dir='ltr'><strong>in</strong></span> <span class='ocrx_word' id='word_1_621' title='bbox 2034 5402 2153 5484; x_wconf 53' lang='lat' dir='ltr'><strong>qui;</strong></span> 
     </span>
    </p>
   </div>
   <div class='ocr_carea' id='block_1_96' title="bbox 583 5471 2159 5539">
    <p class='ocr_par' dir='ltr' id='par_1_96' title="bbox 583 5471 2159 5539">
     <span class='ocr_line' id='line_1_96' title="bbox 583 5471 2159 5539; baseline 0.011 -17"><span class='ocrx_word' id='word_1_622' title='bbox 583 5471 673 5525; x_wconf 86' lang='lat' dir='ltr'><strong>bus</strong></span> <span class='ocrx_word' id='word_1_623' title='bbox 709 5474 920 5525; x_wconf 86' lang='lat' dir='ltr'><strong>solemni</strong></span> <span class='ocrx_word' id='word_1_624' title='bbox 952 5471 1091 5528; x_wconf 81' lang='lat' dir='ltr'><strong>more</strong></span> <span class='ocrx_word' id='word_1_625' title='bbox 1126 5474 1180 5526; x_wconf 90' lang='lat' dir='ltr'><strong>in</strong></span> <span class='ocrx_word' id='word_1_626' title='bbox 1220 5475 1326 5529; x_wconf 87' lang='lat' dir='ltr'><strong>dies</strong></span> <span class='ocrx_word' id='word_1_627' title='bbox 1370 5471 1579 5530; x_wconf 81' lang='lat' dir='ltr'><strong>accendi</strong></span> <span class='ocrx_word' id='word_1_628' title='bbox 1611 5471 1866 5535; x_wconf 69' lang='lat' dir='ltr'><strong>luceran</strong></span> <span class='ocrx_word' id='word_1_629' title='bbox 1885 5471 2159 5539; x_wconf 75' lang='lat' dir='ltr'><strong>Prudentii</strong></span> 
     </span>
    </p>
   </div>
   <div class='ocr_carea' id='block_1_97' title="bbox 582 5545 2155 5617">
    <p class='ocr_par' dir='ltr' id='par_1_97' title="bbox 582 5545 2155 5617">
     <span class='ocr_line' id='line_1_97' title="bbox 582 5545 2155 5617; baseline 0.013 -26"><span class='ocrx_word' id='word_1_630' title='bbox 582 5556 687 5617; x_wconf 55' lang='lat' dir='ltr'><strong>(suo</strong></span> <span class='ocrx_word' id='word_1_631' title='bbox 714 5558 820 5609; x_wconf 88' lang='lat' dir='ltr'><strong>mos</strong></span> <span class='ocrx_word' id='word_1_632' title='bbox 848 5545 1119 5617; x_wconf 86' lang='lat' dir='ltr'><strong>erat..._Et</strong></span> <span class='ocrx_word' id='word_1_633' title='bbox 1150 5545 1375 5615; x_wconf 86' lang='lat' dir='ltr'><strong>psalmus</strong></span> <span class='ocrx_word' id='word_1_634' title='bbox 1406 5562 1526 5611; x_wconf 77' lang='lat' dir='ltr'><strong>ch,</strong></span> <span class='ocrx_word' id='word_1_635' title='bbox 1551 5550 1637 5617; x_wconf 88' lang='lat' dir='ltr'><strong>qui</strong></span> <span class='ocrx_word' id='word_1_636' title='bbox 1668 5552 1720 5604; x_wconf 86' lang='lat' dir='ltr'><strong>in</strong></span> <span class='ocrx_word' id='word_1_637' title='bbox 1747 5569 1805 5605; x_wconf 88' lang='lat' dir='ltr'><strong>eo</strong></span> <span class='ocrx_word' id='word_1_638' title='bbox 1836 5555 2037 5609; x_wconf 86' lang='lat' dir='ltr'><strong>recitari</strong></span> <span class='ocrx_word' id='word_1_639' title='bbox 2071 5573 2155 5611; x_wconf 87' lang='lat' dir='ltr'><strong>so-</strong></span> 
     </span>
    </p>
   </div>
   <div class='ocr_carea' id='block_1_98' title="bbox 584 5609 2154 5686">
    <p class='ocr_par' dir='ltr' id='par_1_98' title="bbox 584 5609 2154 5686">
     <span class='ocr_line' id='line_1_98' title="bbox 584 5609 2154 5686; baseline 0.011 -22"><span class='ocrx_word' id='word_1_640' title='bbox 584 5609 739 5676; x_wconf 86' lang='lat' dir='ltr'><strong>lebat,</strong></span> <span class='ocrx_word' id='word_1_641' title='bbox 786 5622 964 5666; x_wconf 89' lang='lat' dir='ltr'><strong>auctor</strong></span> <span class='ocrx_word' id='word_1_642' title='bbox 1010 5609 1439 5670; x_wconf 78' lang='lat' dir='ltr'><strong>Constitutionum</strong></span> <span class='ocrx_word' id='word_1_643' title='bbox 1492 5609 1777 5686; x_wconf 75' lang='lat' dir='ltr'><strong>emphatice</strong></span> <span class='ocrx_word' id='word_1_644' title='bbox 1836 5634 1980 5678; x_wconf 80' lang='lat' dir='ltr'><strong>vocat</strong></span> <span class='ocrx_word' id='word_1_645' title='bbox 2039 5609 2154 5680; x_wconf 74' lang='lat' dir='ltr'><strong>eum</strong></span> 
     </span>
    </p>
   </div>
   <div class='ocr_carea' id='block_1_99' title="bbox 581 5686 2153 5759">
    <p class='ocr_par' dir='ltr' id='par_1_99' title="bbox 581 5686 2153 5759">
     <span class='ocr_line' id='line_1_99' title="bbox 581 5686 2153 5759; baseline 0.011 -24"><span class='ocrx_word' id='word_1_646' title='bbox 581 5696 821 5759; x_wconf 64' lang='lat' dir='ltr'><strong>PSALIiUM</strong></span> <span class='ocrx_word' id='word_1_647' title='bbox 853 5699 1230 5759; x_wconf 47' lang='grc' dir='ltr'><strong>ιιιλοειιιηλιλειίὲ</strong></span> <span class='ocrx_word' id='word_1_648' title='bbox 1264 5686 1348 5741; x_wconf 82' lang='lat' dir='ltr'><strong>Ea:</strong></span> <span class='ocrx_word' id='word_1_649' title='bbox 1387 5688 1463 5743; x_wconf 85' lang='lat' dir='ltr'><strong>his</strong></span> <span class='ocrx_word' id='word_1_650' title='bbox 1495 5690 1649 5759; x_wconf 86' lang='lat' dir='ltr'><strong>infert</strong></span> <span class='ocrx_word' id='word_1_651' title='bbox 1680 5693 1994 5749; x_wconf 87' lang='lat' dir='ltr'><strong>clarissimus</strong></span> <span class='ocrx_word' id='word_1_652' title='bbox 2018 5697 2153 5751; x_wconf 83' lang='lat' dir='ltr'><strong>Tlto-</strong></span> 
     </span>
    </p>
   </div>
   <div class='ocr_carea' id='block_1_100' title="bbox 584 5751 2146 5823">
    <p class='ocr_par' dir='ltr' id='par_1_100' title="bbox 584 5751 2146 5823">
     <span class='ocr_line' id='line_1_100' title="bbox 584 5751 2146 5823; baseline 0.014 -22"><span class='ocrx_word' id='word_1_653' title='bbox 584 5752 833 5823; x_wconf 83' lang='lat' dir='ltr'><strong>massinus</strong></span> <span class='ocrx_word' id='word_1_654' title='bbox 882 5751 1052 5823; x_wconf 75' lang='lat' dir='ltr'><strong>Tract.</strong></span> <span class='ocrx_word' id='word_1_655' title='bbox 1094 5759 1156 5811; x_wconf 88' lang='lat' dir='ltr'><strong>de</strong></span> <span class='ocrx_word' id='word_1_656' title='bbox 1188 5757 1232 5809; x_wconf 86' lang='lat' dir='ltr'><strong><em>F</em></strong></span> <span class='ocrx_word' id='word_1_657' title='bbox 1234 5760 1351 5812; x_wconf 85' lang='lat' dir='ltr'><strong>estis</strong></span> <span class='ocrx_word' id='word_1_658' title='bbox 1389 5775 1420 5811; x_wconf 92' lang='lat' dir='ltr'><strong>a</strong></span> <span class='ocrx_word' id='word_1_659' title='bbox 1458 5751 1643 5814; x_wconf 76' lang='lat' dir='ltr'><strong>Carolo</strong></span> <span class='ocrx_word' id='word_1_660' title='bbox 1672 5760 1854 5817; x_wconf 81' lang='lat' dir='ltr'><strong>Guieto</strong></span> <span class='ocrx_word' id='word_1_661' title='bbox 1889 5767 1982 5820; x_wconf 87' lang='lat' dir='ltr'><strong>lat.</strong></span> <span class='ocrx_word' id='word_1_662' title='bbox 2022 5769 2146 5823; x_wconf 84' lang='lat' dir='ltr'><strong>edit.</strong></span> 
     </span>
    </p>
   </div>
   <div class='ocr_carea' id='block_1_101' title="bbox 584 5822 2148 5899">
    <p class='ocr_par' dir='ltr' id='par_1_101' title="bbox 584 5822 2148 5899">
     <span class='ocr_line' id='line_1_101' title="bbox 584 5822 2148 5899; baseline 0.013 -26"><span class='ocrx_word' id='word_1_663' title='bbox 584 5822 671 5875; x_wconf 90' lang='lat' dir='ltr'><strong>lib.</strong></span> <span class='ocrx_word' id='word_1_664' title='bbox 705 5826 898 5899; x_wconf 28' lang='lat' dir='ltr'><strong>tt,‘ca&#39;p.</strong></span> <span class='ocrx_word' id='word_1_665' title='bbox 931 5822 1021 5890; x_wconf 70' lang='grc'><strong>24,</strong></span> <span class='ocrx_word' id='word_1_666' title='bbox 1052 5828 1183 5883; x_wconf 88' lang='lat' dir='ltr'><strong>hunc</strong></span> <span class='ocrx_word' id='word_1_667' title='bbox 1215 5830 1459 5899; x_wconf 81' lang='lat' dir='ltr'><strong>hymnum</strong></span> <span class='ocrx_word' id='word_1_668' title='bbox 1501 5831 1569 5884; x_wconf 87' lang='lat' dir='ltr'><strong>ad</strong></span> <span class='ocrx_word' id='word_1_669' title='bbox 1607 5836 1957 5890; x_wconf 84' lang='lat' dir='ltr'><strong>accendendos</strong></span> <span class='ocrx_word' id='word_1_670' title='bbox 1990 5839 2042 5891; x_wconf 89' lang='lat' dir='ltr'><strong>in</strong></span> <span class='ocrx_word' id='word_1_671' title='bbox 2068 5822 2148 5893; x_wconf 52' lang='lat' dir='ltr'><strong>tu?</strong></span> 
     </span>
    </p>
   </div>
   <div class='ocr_carea' id='block_1_102' title="bbox 583 5894 2145 5979">
    <p class='ocr_par' dir='ltr' id='par_1_102' title="bbox 583 5894 2145 5979">
     <span class='ocr_line' id='line_1_102' title="bbox 583 5894 2145 5979; baseline 0.012 -34"><span class='ocrx_word' id='word_1_672' title='bbox 583 5894 834 5960; x_wconf 73' lang='lat' dir='ltr'><strong>ternario,</strong></span> <span class='ocrx_word' id='word_1_673' title='bbox 858 5911 944 5950; x_wconf 89' lang='lat' dir='ltr'><strong>seu</strong></span> <span class='ocrx_word' id='word_1_674' title='bbox 962 5894 1520 5968; x_wconf 47' lang='lat' dir='ltr'><strong>vesperisqu&#39;otidianis,</strong></span> <span class='ocrx_word' id='word_1_675' title='bbox 1550 5902 1788 5962; x_wconf 77' lang='lat' dir='ltr'><strong>lucernas</strong></span> <span class='ocrx_word' id='word_1_676' title='bbox 1806 5910 2145 5979; x_wconf 82' lang='lat' dir='ltr'><strong>compositum</strong></span> 
     </span>
    </p>
   </div>
   <div class='ocr_carea' id='block_1_103' title="bbox 2278 3389 3865 3459">
    <p class='ocr_par' dir='ltr' id='par_1_103' title="bbox 2278 3389 3865 3459">
     <span class='ocr_line' id='line_1_103' title="bbox 2278 3389 3865 3459; baseline 0.004 -16"><span class='ocrx_word' id='word_1_677' title='bbox 2278 3389 2487 3443; x_wconf 88' lang='lat' dir='ltr'><strong>Etenim</strong></span> <span class='ocrx_word' id='word_1_678' title='bbox 2513 3390 2797 3459; x_wconf 90' lang='lat' dir='ltr'><strong>quemdam</strong></span> <span class='ocrx_word' id='word_1_679' title='bbox 2828 3390 2990 3445; x_wconf 89' lang='lat' dir='ltr'><strong>ritum</strong></span> <span class='ocrx_word' id='word_1_680' title='bbox 3019 3390 3373 3446; x_wconf 90' lang='lat' dir='ltr'><strong>benedicendi</strong></span> <span class='ocrx_word' id='word_1_681' title='bbox 3418 3401 3473 3447; x_wconf 91' lang='lat' dir='ltr'><strong>et</strong></span> <span class='ocrx_word' id='word_1_682' title='bbox 3506 3395 3865 3449; x_wconf 90' lang='lat' dir='ltr'><strong>consecrandi</strong></span> 
     </span>
    </p>
   </div>
   <div class='ocr_carea' id='block_1_104' title="bbox 2283 3482 3865 3555">
    <p class='ocr_par' dir='ltr' id='par_1_104' title="bbox 2283 3482 3865 3555">
     <span class='ocr_line' id='line_1_104' title="bbox 2283 3482 3865 3555; baseline 0.005 -21"><span class='ocrx_word' id='word_1_683' title='bbox 2283 3482 2463 3538; x_wconf 90' lang='lat' dir='ltr'><strong>lumen</strong></span> <span class='ocrx_word' id='word_1_684' title='bbox 2494 3483 2769 3539; x_wconf 88' lang='lat' dir='ltr'><strong>Prudentii</strong></span> <span class='ocrx_word' id='word_1_685' title='bbox 2796 3498 2914 3539; x_wconf 74' lang='lat' dir='ltr'><strong>aevo</strong></span> <span class='ocrx_word' id='word_1_686' title='bbox 2940 3483 3105 3539; x_wconf 81' lang='lat' dir='ltr'><strong>fuisse</strong></span> <span class='ocrx_word' id='word_1_687' title='bbox 3136 3482 3417 3550; x_wconf 88' lang='lat' dir='ltr'><strong>usitatum,</strong></span> <span class='ocrx_word' id='word_1_688' title='bbox 3456 3484 3508 3539; x_wconf 90' lang='lat' dir='ltr'><strong>hi</strong></span> <span class='ocrx_word' id='word_1_689' title='bbox 3539 3487 3649 3555; x_wconf 88' lang='lat' dir='ltr'><strong>ejus</strong></span> <span class='ocrx_word' id='word_1_690' title='bbox 3672 3501 3865 3543; x_wconf 88' lang='lat' dir='ltr'><strong>versus</strong></span> 
     </span>
    </p>
   </div>
   <div class='ocr_carea' id='block_1_105' title="bbox 2276 3576 2686 3634">
    <p class='ocr_par' dir='ltr' id='par_1_105' title="bbox 2276 3576 2686 3634">
     <span class='ocr_line' id='line_1_105' title="bbox 2276 3576 2686 3634; baseline -0.002 -2"><span class='ocrx_word' id='word_1_691' title='bbox 2276 3576 2648 3634; x_wconf 89' lang='lat' dir='ltr'><strong>demonstrant</strong></span> <span class='ocrx_word' id='word_1_692' title='bbox 2674 3597 2686 3631; x_wconf 87' lang='lat'><strong>:</strong></span> 
     </span>
    </p>
   </div>
   <div class='ocr_carea' id='block_1_106' title="bbox 2460 3695 3524 3760">
    <p class='ocr_par' dir='ltr' id='par_1_106' title="bbox 2460 3695 3524 3760">
     <span class='ocr_line' id='line_1_106' title="bbox 2460 3695 3524 3760; baseline 0.003 -16"><span class='ocrx_word' id='word_1_693' title='bbox 2460 3695 2667 3760; x_wconf 52' lang='lat' dir='ltr'><strong>gumen,</strong></span> <span class='ocrx_word' id='word_1_694' title='bbox 2693 3695 3082 3760; x_wconf 28' lang='lat' dir='ltr'><strong>auod‘l&#39;amulans</strong></span> <span class='ocrx_word' id='word_1_695' title='bbox 3106 3696 3277 3757; x_wconf 76' lang='lat' dir='ltr'><strong>oll’ero,</strong></span> <span class='ocrx_word' id='word_1_696' title='bbox 3308 3701 3524 3760; x_wconf 85' lang='lat' dir='ltr'><strong>suscipe,</strong></span> 
     </span>
    </p>
   </div>
   <div class='ocr_carea' id='block_1_107' title="bbox 2460 3757 3449 3824">
    <p class='ocr_par' dir='ltr' id='par_1_107' title="bbox 2460 3757 3449 3824">
     <span class='ocr_line' id='line_1_107' title="bbox 2460 3757 3449 3824; baseline 0.002 -17"><span class='ocrx_word' id='word_1_697' title='bbox 2460 3757 2683 3808; x_wconf 86' lang='lat' dir='ltr'><strong>Tinctum</strong></span> <span class='ocrx_word' id='word_1_698' title='bbox 2709 3757 2891 3821; x_wconf 82' lang='lat' dir='ltr'><strong>paciﬁci</strong></span> <span class='ocrx_word' id='word_1_699' title='bbox 2914 3758 3191 3808; x_wconf 83' lang='lat' dir='ltr'><strong>chrismatis</strong></span> <span class='ocrx_word' id='word_1_700' title='bbox 3211 3764 3449 3824; x_wconf 89' lang='lat' dir='ltr'><strong>unguine.</strong></span> 
     </span>
    </p>
   </div>
   <div class='ocr_carea' id='block_1_108' title="bbox 2273 3860 3863 3935">
    <p class='ocr_par' dir='ltr' id='par_1_108' title="bbox 2273 3860 3863 3935">
     <span class='ocr_line' id='line_1_108' title="bbox 2273 3860 3863 3935; baseline 0.004 -19"><span class='ocrx_word' id='word_1_701' title='bbox 2273 3860 2389 3928; x_wconf 88' lang='lat' dir='ltr'><strong>Quo</strong></span> <span class='ocrx_word' id='word_1_702' title='bbox 2434 3862 2602 3931; x_wconf 87' lang='lat' dir='ltr'><strong>magis</strong></span> <span class='ocrx_word' id='word_1_703' title='bbox 2643 3862 2991 3917; x_wconf 86' lang='lat' dir='ltr'><strong>conﬁrmatur</strong></span> <span class='ocrx_word' id='word_1_704' title='bbox 3014 3878 3118 3917; x_wconf 90' lang='lat' dir='ltr'><strong>non</strong></span> <span class='ocrx_word' id='word_1_705' title='bbox 3150 3880 3268 3920; x_wconf 88' lang='lat' dir='ltr'><strong>esse</strong></span> <span class='ocrx_word' id='word_1_706' title='bbox 3304 3865 3444 3919; x_wconf 89' lang='lat' dir='ltr'><strong>hunc</strong></span> <span class='ocrx_word' id='word_1_707' title='bbox 3477 3864 3738 3935; x_wconf 83' lang='lat' dir='ltr'><strong>hymnum</strong></span> <span class='ocrx_word' id='word_1_708' title='bbox 3769 3883 3863 3922; x_wconf 85' lang='lat' dir='ltr'><strong>ve-</strong></span> 
     </span>
    </p>
   </div>
   <div class='ocr_carea' id='block_1_109' title="bbox 2272 3956 3859 4027">
    <p class='ocr_par' dir='ltr' id='par_1_109' title="bbox 2272 3956 3859 4027">
     <span class='ocr_line' id='line_1_109' title="bbox 2272 3956 3859 4027; baseline 0.004 -18"><span class='ocrx_word' id='word_1_709' title='bbox 2272 3956 2572 4025; x_wconf 88' lang='lat' dir='ltr'><strong>spertinum</strong></span> <span class='ocrx_word' id='word_1_710' title='bbox 2627 3956 2853 4024; x_wconf 90' lang='lat' dir='ltr'><strong>singulis</strong></span> <span class='ocrx_word' id='word_1_711' title='bbox 2907 3957 3156 4012; x_wconf 88' lang='lat' dir='ltr'><strong>noctibus</strong></span> <span class='ocrx_word' id='word_1_712' title='bbox 3209 3958 3626 4027; x_wconf 86' lang='lat' dir='ltr'><strong>concinendum,</strong></span> <span class='ocrx_word' id='word_1_713' title='bbox 3667 3969 3762 4015; x_wconf 86' lang='lat' dir='ltr'><strong>aut</strong></span> <span class='ocrx_word' id='word_1_714' title='bbox 3806 3960 3859 4015; x_wconf 91' lang='lat' dir='ltr'><strong>in</strong></span> 
     </span>
    </p>
   </div>
   <div class='ocr_carea' id='block_1_110' title="bbox 2272 4028 2951 4104">
    <p class='ocr_par' dir='ltr' id='par_1_110' title="bbox 2272 4028 2951 4104">
     <span class='ocr_line' id='line_1_110' title="bbox 2272 4028 2951 4104; baseline -0.001 -2"><span class='ocrx_word' id='word_1_715' title='bbox 2272 4028 2415 4104; x_wconf 77' lang='lat' dir='ltr'><strong>hunc</strong></span> <span class='ocrx_word' id='word_1_716' title='bbox 2441 4063 2592 4102; x_wconf 84' lang='lat' dir='ltr'><strong>usum</strong></span> <span class='ocrx_word' id='word_1_717' title='bbox 2624 4048 2951 4104; x_wconf 84' lang='lat' dir='ltr'><strong>conlectum.</strong></span> 
     </span>
    </p>
   </div>
   <div class='ocr_carea' id='block_1_111' title="bbox 2344 4139 3861 4211">
    <p class='ocr_par' dir='ltr' id='par_1_111' title="bbox 2344 4139 3861 4211">
     <span class='ocr_line' id='line_1_111' title="bbox 2344 4139 3861 4211; baseline 0.005 -18"><span class='ocrx_word' id='word_1_718' title='bbox 2344 4140 2466 4194; x_wconf 72' lang='lat' dir='ltr'><strong>M7.</strong></span> <span class='ocrx_word' id='word_1_719' title='bbox 2501 4139 2603 4196; x_wconf 92' lang='lat' dir='ltr'><strong>Sed</strong></span> <span class='ocrx_word' id='word_1_720' title='bbox 2632 4140 2812 4193; x_wconf 91' lang='lat' dir='ltr'><strong>multis</strong></span> <span class='ocrx_word' id='word_1_721' title='bbox 2861 4139 3119 4209; x_wconf 68' lang='lat' dir='ltr'><strong>praeterea</strong></span> <span class='ocrx_word' id='word_1_722' title='bbox 3158 4140 3367 4196; x_wconf 88' lang='lat' dir='ltr'><strong>ostendi</strong></span> <span class='ocrx_word' id='word_1_723' title='bbox 3414 4152 3613 4211; x_wconf 90' lang='lat' dir='ltr'><strong>potest,</strong></span> <span class='ocrx_word' id='word_1_724' title='bbox 3664 4145 3861 4200; x_wconf 54' lang='lat' dir='ltr'><strong>solem.</strong></span> 
     </span>
    </p>
   </div>
   <div class='ocr_carea' id='block_1_112' title="bbox 2270 4230 3861 4304">
    <p class='ocr_par' dir='ltr' id='par_1_112' title="bbox 2270 4230 3861 4304">
     <span class='ocr_line' id='line_1_112' title="bbox 2270 4230 3861 4304; baseline 0.005 -19"><span class='ocrx_word' id='word_1_725' title='bbox 2270 4246 2394 4287; x_wconf 89' lang='lat' dir='ltr'><strong>nem</strong></span> <span class='ocrx_word' id='word_1_726' title='bbox 2426 4230 2569 4286; x_wconf 89' lang='lat' dir='ltr'><strong>hunc</strong></span> <span class='ocrx_word' id='word_1_727' title='bbox 2614 4232 2779 4286; x_wconf 83' lang='lat' dir='ltr'><strong>fuisse</strong></span> <span class='ocrx_word' id='word_1_728' title='bbox 2822 4233 2876 4286; x_wconf 93' lang='lat' dir='ltr'><strong>in</strong></span> <span class='ocrx_word' id='word_1_729' title='bbox 2923 4232 3162 4287; x_wconf 90' lang='lat' dir='ltr'><strong>Ecclesia</strong></span> <span class='ocrx_word' id='word_1_730' title='bbox 3214 4234 3430 4304; x_wconf 87' lang='lat' dir='ltr'><strong>antiqua</strong></span> <span class='ocrx_word' id='word_1_731' title='bbox 3471 4252 3679 4291; x_wconf 88' lang='lat' dir='ltr'><strong>morem</strong></span> <span class='ocrx_word' id='word_1_732' title='bbox 3724 4240 3861 4293; x_wconf 82' lang='lat' dir='ltr'><strong>cele-</strong></span> 
     </span>
    </p>
   </div>
   <div class='ocr_carea' id='block_1_113' title="bbox 2270 4324 3859 4400">
    <p class='ocr_par' dir='ltr' id='par_1_113' title="bbox 2270 4324 3859 4400">
     <span class='ocr_line' id='line_1_113' title="bbox 2270 4324 3859 4400; baseline 0.006 -23"><span class='ocrx_word' id='word_1_733' title='bbox 2270 4324 2462 4379; x_wconf 90' lang='lat' dir='ltr'><strong>brandi</strong></span> <span class='ocrx_word' id='word_1_734' title='bbox 2507 4325 2843 4395; x_wconf 86' lang='lat' dir='ltr'><strong>pervigilium</strong></span> <span class='ocrx_word' id='word_1_735' title='bbox 2896 4325 3161 4391; x_wconf 76' lang='lat' dir='ltr'><strong>Paschae,</strong></span> <span class='ocrx_word' id='word_1_736' title='bbox 3228 4328 3279 4381; x_wconf 90' lang='lat' dir='ltr'><strong>in</strong></span> <span class='ocrx_word' id='word_1_737' title='bbox 3328 4343 3486 4398; x_wconf 86' lang='lat' dir='ltr'><strong>quem</strong></span> <span class='ocrx_word' id='word_1_738' title='bbox 3568 4340 3859 4400; x_wconf 80' lang='lat' dir='ltr'><strong>propterea</strong></span> 
     </span>
    </p>
   </div>
   <div class='ocr_carea' id='block_1_114' title="bbox 2271 4418 3857 4489">
    <p class='ocr_par' dir='ltr' id='par_1_114' title="bbox 2271 4418 3857 4489">
     <span class='ocr_line' id='line_1_114' title="bbox 2271 4418 3857 4489; baseline 0.004 -18"><span class='ocrx_word' id='word_1_739' title='bbox 2271 4418 2472 4486; x_wconf 88' lang='lat' dir='ltr'><strong>optime</strong></span> <span class='ocrx_word' id='word_1_740' title='bbox 2499 4419 2641 4474; x_wconf 91' lang='lat' dir='ltr'><strong>cadit</strong></span> <span class='ocrx_word' id='word_1_741' title='bbox 2664 4419 2893 4489; x_wconf 89' lang='lat' dir='ltr'><strong>hymnus</strong></span> <span class='ocrx_word' id='word_1_742' title='bbox 2925 4419 3341 4475; x_wconf 89' lang='lat' dir='ltr'><strong>Prudentianus.</strong></span> <span class='ocrx_word' id='word_1_743' title='bbox 3374 4420 3739 4478; x_wconf 87' lang='lat' dir='ltr'><strong>Tertullianus</strong></span> <span class='ocrx_word' id='word_1_744' title='bbox 3766 4424 3857 4478; x_wconf 92' lang='lat' dir='ltr'><strong>lib.</strong></span> 
     </span>
    </p>
   </div>
   <div class='ocr_carea' id='block_1_115' title="bbox 2266 4510 3857 4582">
    <p class='ocr_par' dir='ltr' id='par_1_115' title="bbox 2266 4510 3857 4582">
     <span class='ocr_line' id='line_1_115' title="bbox 2266 4510 3857 4582; baseline 0.005 -19"><span class='ocrx_word' id='word_1_745' title='bbox 2266 4525 2305 4563; x_wconf 87' lang='lat' dir='ltr'><strong>ll</strong></span> <span class='ocrx_word' id='word_1_746' title='bbox 2333 4510 2399 4564; x_wconf 93' lang='lat' dir='ltr'><strong>ad</strong></span> <span class='ocrx_word' id='word_1_747' title='bbox 2426 4510 2680 4577; x_wconf 83' lang='lat' dir='ltr'><strong>Uxorem,</strong></span> <span class='ocrx_word' id='word_1_748' title='bbox 2715 4512 2914 4581; x_wconf 54' lang='grc' dir='ltr'><strong>θερμά,</strong></span> <span class='ocrx_word' id='word_1_749' title='bbox 2953 4510 3020 4565; x_wconf 92' lang='lat' dir='ltr'><strong>de</strong></span> <span class='ocrx_word' id='word_1_750' title='bbox 3057 4512 3242 4582; x_wconf 88' lang='lat' dir='ltr'><strong>gentili</strong></span> <span class='ocrx_word' id='word_1_751' title='bbox 3292 4513 3380 4582; x_wconf 90' lang='lat' dir='ltr'><strong>qui</strong></span> <span class='ocrx_word' id='word_1_752' title='bbox 3426 4528 3653 4570; x_wconf 80' lang='lat' dir='ltr'><strong>uxorem</strong></span> <span class='ocrx_word' id='word_1_753' title='bbox 3701 4516 3857 4571; x_wconf 71' lang='grc' dir='ltr'><strong>011τί-</strong></span> 
     </span>
    </p>
   </div>
   <div class='ocr_carea' id='block_1_116' title="bbox 2269 4602 3857 4673">
    <p class='ocr_par' dir='ltr' id='par_1_116' title="bbox 2269 4602 3857 4673">
     <span class='ocr_line' id='line_1_116' title="bbox 2269 4602 3857 4673; baseline 0.004 -20"><span class='ocrx_word' id='word_1_754' title='bbox 2269 4603 2495 4655; x_wconf 89' lang='lat' dir='ltr'><strong>stianam</strong></span> <span class='ocrx_word' id='word_1_755' title='bbox 2525 4602 3012 4671; x_wconf 82' lang='lat' dir='ltr'><strong>duxissotloquens</strong></span> <span class='ocrx_word' id='word_1_756' title='bbox 3047 4620 3058 4653; x_wconf 90' lang='lat'><strong>:</strong></span> <span class='ocrx_word' id='word_1_757' title='bbox 3112 4602 3262 4669; x_wconf 83' lang='lat' dir='ltr'><strong>Quis,</strong></span> <span class='ocrx_word' id='word_1_758' title='bbox 3304 4604 3496 4673; x_wconf 85' lang='lat' dir='ltr'><strong>inquit,</strong></span> <span class='ocrx_word' id='word_1_759' title='bbox 3549 4608 3857 4661; x_wconf 76' lang='lat' dir='ltr'><strong>solemnibus</strong></span> 
     </span>
    </p>
   </div>
   <div class='ocr_carea' id='block_1_117' title="bbox 2191 4685 3859 4768">
    <p class='ocr_par' dir='ltr' id='par_1_117' title="bbox 2191 4685 3859 4768">
     <span class='ocr_line' id='line_1_117' title="bbox 2191 4685 3859 4768; baseline 0.006 -23"><span class='ocrx_word' id='word_1_760' title='bbox 2191 4685 2247 4745; x_wconf 89' lang='lat' dir='ltr'><strong>D</strong></span> <span class='ocrx_word' id='word_1_761' title='bbox 2275 4692 2493 4749; x_wconf 81' lang='lat' dir='ltr'><strong>Pascha:</strong></span> <span class='ocrx_word' id='word_1_762' title='bbox 2558 4697 2909 4750; x_wconf 79' lang='lat' dir='ltr'><strong>abnoctantem</strong></span> <span class='ocrx_word' id='word_1_763' title='bbox 2974 4696 3263 4768; x_wconf 82' lang='lat' dir='ltr'><strong>(uxorem)</strong></span> <span class='ocrx_word' id='word_1_764' title='bbox 3309 4715 3518 4755; x_wconf 86' lang='lat' dir='ltr'><strong>securus</strong></span> <span class='ocrx_word' id='word_1_765' title='bbox 3558 4702 3859 4756; x_wconf 72' lang='lat' dir='ltr'><strong>sustinebit?</strong></span> 
     </span>
    </p>
   </div>
   <div class='ocr_carea' id='block_1_118' title="bbox 2268 4852 3857 4928">
    <p class='ocr_par' dir='ltr' id='par_1_118' title="bbox 2268 4852 3857 4928">
     <span class='ocr_line' id='line_1_118' title="bbox 2268 4852 3857 4928; baseline 0.01 -24"><span class='ocrx_word' id='word_1_766' title='bbox 2268 4852 2447 4928; x_wconf 62' lang='lat' dir='ltr'><strong>fuisse.</strong></span> <span class='ocrx_word' id='word_1_767' title='bbox 2493 4856 2717 4928; x_wconf 81' lang='lat' dir='ltr'><strong>Carolus</strong></span> <span class='ocrx_word' id='word_1_768' title='bbox 2744 4856 2982 4928; x_wconf 89' lang='lat' dir='ltr'><strong>Guyetus</strong></span> <span class='ocrx_word' id='word_1_769' title='bbox 3009 4859 3067 4916; x_wconf 90' lang='lat' dir='ltr'><strong>S.</strong></span> <span class='ocrx_word' id='word_1_770' title='bbox 3096 4861 3137 4916; x_wconf 91' lang='lat' dir='ltr'><strong>l.</strong></span> <span class='ocrx_word' id='word_1_771' title='bbox 3173 4877 3313 4916; x_wconf 86' lang='lat' dir='ltr'><strong>anno</strong></span> <span class='ocrx_word' id='word_1_772' title='bbox 3350 4862 3512 4926; x_wconf 80' lang='grc'><strong>1657,</strong></span> <span class='ocrx_word' id='word_1_773' title='bbox 3560 4862 3857 4920; x_wconf 69' lang='lat' dir='ltr'><strong>Tractatum</strong></span> 
     </span>
    </p>
   </div>
   <div class='ocr_carea' id='block_1_119' title="bbox 2268 4922 3856 4997">
    <p class='ocr_par' dir='ltr' id='par_1_119' title="bbox 2268 4922 3856 4997">
     <span class='ocr_line' id='line_1_119' title="bbox 2268 4922 3856 4997; baseline 0.009 -19"><span class='ocrx_word' id='word_1_774' title='bbox 2268 4925 2331 4978; x_wconf 84' lang='lat' dir='ltr'><strong>de</strong></span> <span class='ocrx_word' id='word_1_775' title='bbox 2358 4922 2529 4979; x_wconf 85' lang='lat' dir='ltr'><strong>Festis</strong></span> <span class='ocrx_word' id='word_1_776' title='bbox 2560 4927 2747 4983; x_wconf 87' lang='lat' dir='ltr'><strong>Latine</strong></span> <span class='ocrx_word' id='word_1_777' title='bbox 2776 4944 2805 4983; x_wconf 89' lang='lat' dir='ltr'><strong>a</strong></span> <span class='ocrx_word' id='word_1_778' title='bbox 2830 4922 2894 4984; x_wconf 74' lang='lat' dir='ltr'><strong>se</strong></span> <span class='ocrx_word' id='word_1_779' title='bbox 2925 4933 3277 4997; x_wconf 87' lang='lat' dir='ltr'><strong>compositum</strong></span> <span class='ocrx_word' id='word_1_780' title='bbox 3307 4922 3513 4997; x_wconf 77' lang='lat' dir='ltr'><strong>edidit,</strong></span> <span class='ocrx_word' id='word_1_781' title='bbox 3547 4932 3856 4991; x_wconf 83' lang='lat' dir='ltr'><strong>Thomassi-</strong></span> 
     </span>
    </p>
   </div>
   <div class='ocr_carea' id='block_1_120' title="bbox 2268 4999 3851 5071">
    <p class='ocr_par' dir='ltr' id='par_1_120' title="bbox 2268 4999 3851 5071">
     <span class='ocr_line' id='line_1_120' title="bbox 2268 4999 3851 5071; baseline 0.009 -23"><span class='ocrx_word' id='word_1_782' title='bbox 2268 5010 2556 5071; x_wconf 27' lang='lat' dir='ltr'><strong>nus‘anno</strong></span> <span class='ocrx_word' id='word_1_783' title='bbox 2602 5000 2741 5071; x_wconf 80' lang='grc'><strong>1685</strong></span> <span class='ocrx_word' id='word_1_784' title='bbox 2770 4999 2922 5069; x_wconf 81' lang='lat' dir='ltr'><strong>aliud</strong></span> <span class='ocrx_word' id='word_1_785' title='bbox 2968 5017 3103 5071; x_wconf 89' lang='lat' dir='ltr'><strong>opus</strong></span> <span class='ocrx_word' id='word_1_786' title='bbox 3152 5005 3252 5059; x_wconf 91' lang='lat' dir='ltr'><strong>sub</strong></span> <span class='ocrx_word' id='word_1_787' title='bbox 3299 5004 3398 5059; x_wconf 89' lang='lat' dir='ltr'><strong>hoc</strong></span> <span class='ocrx_word' id='word_1_788' title='bbox 3431 5005 3586 5059; x_wconf 84' lang='lat' dir='ltr'><strong>titulo</strong></span> <span class='ocrx_word' id='word_1_789' title='bbox 3627 5006 3851 5063; x_wconf 86' lang='lat' dir='ltr'><strong>Gallice.</strong></span> 
     </span>
    </p>
   </div>
   <div class='ocr_carea' id='block_1_121' title="bbox 2268 5065 3855 5144">
    <p class='ocr_par' dir='ltr' id='par_1_121' title="bbox 2268 5065 3855 5144">
     <span class='ocr_line' id='line_1_121' title="bbox 2268 5065 3855 5144; baseline 0.009 -26"><span class='ocrx_word' id='word_1_790' title='bbox 2268 5065 2816 5144; x_wconf 51' lang='lat' dir='ltr'><strong>Distinguendmsunt</strong></span> <span class='ocrx_word' id='word_1_791' title='bbox 2860 5075 2972 5127; x_wconf 73' lang='lat' dir='ltr'><strong>ltzec</strong></span> <span class='ocrx_word' id='word_1_792' title='bbox 3006 5065 3114 5127; x_wconf 83' lang='lat' dir='ltr'><strong>duo</strong></span> <span class='ocrx_word' id='word_1_793' title='bbox 3151 5088 3500 5144; x_wconf 38' lang='lat' dir='ltr'><strong>opera,‘p08l</strong></span> <span class='ocrx_word' id='word_1_794' title='bbox 3549 5077 3711 5131; x_wconf 89' lang='lat' dir='ltr'><strong>simul</strong></span> <span class='ocrx_word' id='word_1_795' title='bbox 3757 5080 3855 5133; x_wconf 90' lang='lat' dir='ltr'><strong>im-</strong></span> 
     </span>
    </p>
   </div>
   <div class='ocr_carea' id='block_1_122' title="bbox 2264 5139 3363 5204">
    <p class='ocr_par' dir='ltr' id='par_1_122' title="bbox 2264 5139 3363 5204">
     <span class='ocr_line' id='line_1_122' title="bbox 2264 5139 3363 5204; baseline 0.015 -16"><span class='ocrx_word' id='word_1_796' title='bbox 2264 5152 2467 5204; x_wconf 87' lang='lat' dir='ltr'><strong>pressa.</strong></span> <span class='ocrx_word' id='word_1_797' title='bbox 2498 5139 2628 5193; x_wconf 78' lang='lat' dir='ltr'><strong>Vide</strong></span> <span class='ocrx_word' id='word_1_798' title='bbox 2661 5141 2799 5195; x_wconf 89' lang='lat' dir='ltr'><strong>Bibl.</strong></span> <span class='ocrx_word' id='word_1_799' title='bbox 2829 5144 2915 5195; x_wconf 90' lang='lat' dir='ltr'><strong>rit.</strong></span> <span class='ocrx_word' id='word_1_800' title='bbox 2950 5145 3017 5197; x_wconf 91' lang='lat' dir='ltr'><strong>cl.</strong></span> <span class='ocrx_word' id='word_1_801' title='bbox 3054 5139 3363 5204; x_wconf 50' lang='lat' dir='ltr'><strong>Zachariae}.</strong></span> 
     </span>
    </p>
   </div>
   <div class='ocr_carea' id='block_1_123' title="bbox 2335 5205 3853 5283">
    <p class='ocr_par' dir='ltr' id='par_1_123' title="bbox 2335 5205 3853 5283">
     <span class='ocr_line' id='line_1_123' title="bbox 2335 5205 3853 5283; baseline 0.01 -23"><span class='ocrx_word' id='word_1_802' title='bbox 2335 5205 2407 5283; x_wconf 65' lang='grc' dir='ltr'><strong>(ρ)</strong></span> <span class='ocrx_word' id='word_1_803' title='bbox 2452 5208 2532 5263; x_wconf 87' lang='lat' dir='ltr'><strong>Nc</strong></span> <span class='ocrx_word' id='word_1_804' title='bbox 2560 5213 2771 5264; x_wconf 82' lang='lat' dir='ltr'><strong>nesciret</strong></span> <span class='ocrx_word' id='word_1_805' title='bbox 2802 5215 2951 5265; x_wconf 88' lang='lat' dir='ltr'><strong>homo</strong></span> <span class='ocrx_word' id='word_1_806' title='bbox 2987 5232 3124 5283; x_wconf 84' lang='lat' dir='ltr'><strong>spem</strong></span> <span class='ocrx_word' id='word_1_807' title='bbox 3163 5218 3259 5271; x_wconf 86' lang='lat' dir='ltr'><strong>sibi</strong></span> <span class='ocrx_word' id='word_1_808' title='bbox 3300 5218 3508 5271; x_wconf 86' lang='lat' dir='ltr'><strong>luminis</strong></span> <span class='ocrx_word' id='word_1_809' title='bbox 3550 5217 3616 5273; x_wconf 84' lang='lat' dir='ltr'><strong>In</strong></span> <span class='ocrx_word' id='word_1_810' title='bbox 3663 5218 3853 5275; x_wconf 82' lang='lat' dir='ltr'><strong>Christi</strong></span> 
     </span>
    </p>
   </div>
   <div class='ocr_carea' id='block_1_124' title="bbox 2262 5278 3854 5351">
    <p class='ocr_par' dir='ltr' id='par_1_124' title="bbox 2262 5278 3854 5351">
     <span class='ocr_line' id='line_1_124' title="bbox 2262 5278 3854 5351; baseline 0.01 -22"><span class='ocrx_word' id='word_1_811' title='bbox 2262 5278 2430 5331; x_wconf 85' lang='lat' dir='ltr'><strong>solido</strong></span> <span class='ocrx_word' id='word_1_812' title='bbox 2455 5296 2667 5347; x_wconf 82' lang='lat' dir='ltr'><strong>corpore</strong></span> <span class='ocrx_word' id='word_1_813' title='bbox 2690 5284 2945 5337; x_wconf 85' lang='lat' dir='ltr'><strong>conditam</strong></span> <span class='ocrx_word' id='word_1_814' title='bbox 2975 5278 3144 5351; x_wconf 48' lang='lat' dir='ltr'><strong>{Qui</strong></span> <span class='ocrx_word' id='word_1_815' title='bbox 3183 5289 3287 5341; x_wconf 87' lang='lat' dir='ltr'><strong>dici</strong></span> <span class='ocrx_word' id='word_1_816' title='bbox 3328 5290 3558 5343; x_wconf 86' lang='lat' dir='ltr'><strong>stabilem</strong></span> <span class='ocrx_word' id='word_1_817' title='bbox 3597 5308 3652 5345; x_wconf 90' lang='lat' dir='ltr'><strong>se</strong></span> <span class='ocrx_word' id='word_1_818' title='bbox 3693 5295 3854 5346; x_wconf 75' lang='lat' dir='ltr'><strong>voluit</strong></span> 
     </span>
    </p>
   </div>
   <div class='ocr_carea' id='block_1_125' title="bbox 2262 5352 3850 5433">
    <p class='ocr_par' dir='ltr' id='par_1_125' title="bbox 2262 5352 3850 5433">
     <span class='ocr_line' id='line_1_125' title="bbox 2262 5352 3850 5433; baseline 0.011 -33"><span class='ocrx_word' id='word_1_819' title='bbox 2262 5360 2479 5433; x_wconf 72' lang='lat' dir='ltr'><strong>petram,</strong></span> <span class='ocrx_word' id='word_1_820' title='bbox 2512 5352 2716 5433; x_wconf 65' lang='lat' dir='ltr'><strong>Nostris</strong></span> <span class='ocrx_word' id='word_1_821' title='bbox 2740 5356 2978 5433; x_wconf 65' lang='lat' dir='ltr'><strong>igniculis</strong></span> <span class='ocrx_word' id='word_1_822' title='bbox 3002 5360 3135 5433; x_wconf 73' lang='lat' dir='ltr'><strong>unde</strong></span> <span class='ocrx_word' id='word_1_823' title='bbox 3155 5375 3313 5428; x_wconf 84' lang='lat' dir='ltr'><strong>genus</strong></span> <span class='ocrx_word' id='word_1_824' title='bbox 3333 5366 3484 5433; x_wconf 76' lang='lat' dir='ltr'><strong>venit.</strong></span> <span class='ocrx_word' id='word_1_825' title='bbox 3512 5360 3706 5433; x_wconf 84' lang='lat' dir='ltr'><strong>Pingui</strong></span> <span class='ocrx_word' id='word_1_826' title='bbox 3723 5380 3850 5431; x_wconf 79' lang='lat' dir='ltr'><strong>quos</strong></span> 
     </span>
    </p>
   </div>
   <div class='ocr_carea' id='block_1_126' title="bbox 2262 5418 3853 5501">
    <p class='ocr_par' dir='ltr' id='par_1_126' title="bbox 2262 5418 3853 5501">
     <span class='ocr_line' id='line_1_126' title="bbox 2262 5418 3853 5501; baseline 0.01 -30"><span class='ocrx_word' id='word_1_827' title='bbox 2262 5418 2522 5501; x_wconf 49' lang='lat' dir='ltr'><strong>alcinrore</strong></span> <span class='ocrx_word' id='word_1_828' title='bbox 2549 5418 2877 5501; x_wconf 68' lang='lat' dir='ltr'><strong>madentibus</strong></span> <span class='ocrx_word' id='word_1_829' title='bbox 2911 5418 3177 5501; x_wconf 44' lang='lat' dir='ltr'><strong>Lyc/anis,&quot;</strong></span> <span class='ocrx_word' id='word_1_830' title='bbox 3200 5436 3286 5481; x_wconf 77' lang='lat' dir='ltr'><strong>aut</strong></span> <span class='ocrx_word' id='word_1_831' title='bbox 3332 5432 3533 5499; x_wconf 82' lang='lat' dir='ltr'><strong>facibus</strong></span> <span class='ocrx_word' id='word_1_832' title='bbox 3587 5418 3853 5501; x_wconf 45' lang='lat' dir='ltr'><strong>pascimus</strong></span> 
     </span>
    </p>
   </div>
   <div class='ocr_carea' id='block_1_127' title="bbox 2262 5490 3855 5570">
    <p class='ocr_par' dir='ltr' id='par_1_127' title="bbox 2262 5490 3855 5570">
     <span class='ocr_line' id='line_1_127' title="bbox 2262 5490 3855 5570; baseline 0.012 -30"><span class='ocrx_word' id='word_1_833' title='bbox 2262 5490 2443 5570; x_wconf 75' lang='lat' dir='ltr'><strong>aridis.</strong></span> <span class='ocrx_word' id='word_1_834' title='bbox 2483 5493 2615 5570; x_wconf 58' lang='lat' dir='ltr'><strong>quin</strong></span> <span class='ocrx_word' id='word_1_835' title='bbox 2650 5504 2694 5570; x_wconf 77' lang='lat' dir='ltr'><strong>et</strong></span> <span class='ocrx_word' id='word_1_836' title='bbox 2721 5496 2811 5570; x_wconf 74' lang='lat' dir='ltr'><strong>fila</strong></span> <span class='ocrx_word' id='word_1_837' title='bbox 2850 5490 3211 5570; x_wconf 56' lang='lat' dir='ltr'><strong>favisscirpca</strong></span> <span class='ocrx_word' id='word_1_838' title='bbox 3250 5490 3421 5570; x_wconf 72' lang='lat' dir='ltr'><strong>ﬂoi&#39;eis</strong></span> <span class='ocrx_word' id='word_1_839' title='bbox 3468 5490 3659 5555; x_wconf 72' lang='lat' dir='ltr'><strong>Presso</strong></span> <span class='ocrx_word' id='word_1_840' title='bbox 3703 5507 3855 5559; x_wconf 86' lang='lat' dir='ltr'><strong>melle</strong></span> 
     </span>
    </p>
   </div>
   <div class='ocr_carea' id='block_1_128' title="bbox 2262 5561 3853 5642">
    <p class='ocr_par' dir='ltr' id='par_1_128' title="bbox 2262 5561 3853 5642">
     <span class='ocr_line' id='line_1_128' title="bbox 2262 5561 3853 5642; baseline 0.012 -31"><span class='ocrx_word' id='word_1_841' title='bbox 2262 5561 2607 5642; x_wconf 48' lang='lat' dir='ltr'><strong>priusconllita</strong></span> <span class='ocrx_word' id='word_1_842' title='bbox 2630 5561 2918 5642; x_wconf 72' lang='lat' dir='ltr'><strong>fingimus._</strong></span> <span class='ocrx_word' id='word_1_843' title='bbox 2953 5561 3126 5622; x_wconf 33' lang='lat' dir='ltr'><strong>Vivont.</strong></span> <span class='ocrx_word' id='word_1_844' title='bbox 3161 5561 3373 5640; x_wconf 82' lang='lat' dir='ltr'><strong>ﬂamma</strong></span> <span class='ocrx_word' id='word_1_845' title='bbox 3416 5573 3567 5642; x_wconf 70' lang='lat' dir='ltr'><strong>riget,</strong></span> <span class='ocrx_word' id='word_1_846' title='bbox 3605 5590 3695 5627; x_wconf 87' lang='lat' dir='ltr'><strong>seu</strong></span> <span class='ocrx_word' id='word_1_847' title='bbox 3726 5592 3853 5630; x_wconf 78' lang='lat' dir='ltr'><strong>cara</strong></span> 
     </span>
    </p>
   </div>
   <div class='ocr_carea' id='block_1_129' title="bbox 2260 5631 3853 5716">
    <p class='ocr_par' dir='ltr' id='par_1_129' title="bbox 2260 5631 3853 5716">
     <span class='ocr_line' id='line_1_129' title="bbox 2260 5631 3853 5716; baseline 0.006 -36"><span class='ocrx_word' id='word_1_848' title='bbox 2260 5631 2447 5716; x_wconf 70' lang='lat' dir='ltr'><strong>testula</strong></span> <span class='ocrx_word' id='word_1_849' title='bbox 2476 5631 2949 5716; x_wconf 41' lang='lat' dir='ltr'><strong>Succumvlinteol‘o</strong></span> <span class='ocrx_word' id='word_1_850' title='bbox 2996 5631 3220 5711; x_wconf 69' lang='lat' dir='ltr'><strong>suggei&#39;it</strong></span> <span class='ocrx_word' id='word_1_851' title='bbox 3261 5643 3419 5709; x_wconf 86' lang='lat' dir='ltr'><strong>ebrio,</strong></span> <span class='ocrx_word' id='word_1_852' title='bbox 3454 5631 3563 5696; x_wconf 43' lang='lat' dir='ltr'><strong>Seu:</strong></span> <span class='ocrx_word' id='word_1_853' title='bbox 3582 5646 3737 5712; x_wconf 87' lang='lat' dir='ltr'><strong>pinus</strong></span> <span class='ocrx_word' id='word_1_854' title='bbox 3766 5648 3853 5716; x_wconf 85' lang='lat' dir='ltr'><strong>pi-</strong></span> 
     </span>
    </p>
   </div>
   <div class='ocr_carea' id='block_1_130' title="bbox 2259 5703 3853 5783">
    <p class='ocr_par' dir='ltr' id='par_1_130' title="bbox 2259 5703 3853 5783">
     <span class='ocr_line' id='line_1_130' title="bbox 2259 5703 3853 5783; baseline 0.011 -30"><span class='ocrx_word' id='word_1_855' title='bbox 2259 5715 2397 5783; x_wconf 60' lang='lat' dir='ltr'><strong>ceam</strong></span> <span class='ocrx_word' id='word_1_856' title='bbox 2424 5703 2522 5783; x_wconf 60' lang='lat' dir='ltr'><strong>fert</strong></span> <span class='ocrx_word' id='word_1_857' title='bbox 2549 5707 2868 5783; x_wconf 79' lang='lat' dir='ltr'><strong>alimoniam,</strong></span> <span class='ocrx_word' id='word_1_858' title='bbox 2901 5708 3007 5764; x_wconf 87' lang='lat' dir='ltr'><strong>Seu</strong></span> <span class='ocrx_word' id='word_1_859' title='bbox 3029 5703 3194 5783; x_wconf 67' lang='lat' dir='ltr'><strong>ceram</strong></span> <span class='ocrx_word' id='word_1_860' title='bbox 3225 5703 3429 5767; x_wconf 80' lang='lat' dir='ltr'><strong>teretem</strong></span> <span class='ocrx_word' id='word_1_861' title='bbox 3452 5703 3641 5783; x_wconf 78' lang='lat' dir='ltr'><strong>stuppa</strong></span> <span class='ocrx_word' id='word_1_862' title='bbox 3674 5703 3853 5771; x_wconf 72' lang='lat' dir='ltr'><strong>calens</strong></span> 
     </span>
    </p>
   </div>
   <div class='ocr_carea' id='block_1_131' title="bbox 2259 5771 3854 5851">
    <p class='ocr_par' dir='ltr' id='par_1_131' title="bbox 2259 5771 3854 5851">
     <span class='ocr_line' id='line_1_131' title="bbox 2259 5771 3854 5851; baseline 0.012 -28"><span class='ocrx_word' id='word_1_863' title='bbox 2259 5771 2448 5851; x_wconf 80' lang='lat' dir='ltr'><strong>bibit...</strong></span> <span class='ocrx_word' id='word_1_864' title='bbox 2473 5775 2781 5851; x_wconf 62' lang='lat' dir='ltr'><strong>Splendeat</strong></span> <span class='ocrx_word' id='word_1_865' title='bbox 2812 5794 2931 5850; x_wconf 86' lang='lat' dir='ltr'><strong>ergo</strong></span> <span class='ocrx_word' id='word_1_866' title='bbox 2963 5782 3063 5835; x_wconf 89' lang='lat' dir='ltr'><strong>tuis</strong></span> <span class='ocrx_word' id='word_1_867' title='bbox 3104 5785 3412 5851; x_wconf 80' lang='lat' dir='ltr'><strong>muneribus,</strong></span> <span class='ocrx_word' id='word_1_868' title='bbox 3438 5771 3616 5850; x_wconf 68' lang='lat' dir='ltr'><strong>Pater,</strong></span> <span class='ocrx_word' id='word_1_869' title='bbox 3664 5784 3854 5841; x_wconf 82' lang='lat' dir='ltr'><strong>Flam-</strong></span> 
     </span>
    </p>
   </div>
   <div class='ocr_carea' id='block_1_132' title="bbox 2257 5844 3042 5907">
    <p class='ocr_par' dir='ltr' id='par_1_132' title="bbox 2257 5844 3042 5907">
     <span class='ocr_line' id='line_1_132' title="bbox 2257 5844 3042 5907; baseline 0.015 -12"><span class='ocrx_word' id='word_1_870' title='bbox 2257 5844 2351 5898; x_wconf 87' lang='lat' dir='ltr'><strong>mis</strong></span> <span class='ocrx_word' id='word_1_871' title='bbox 2381 5847 2647 5903; x_wconf 86' lang='lat' dir='ltr'><strong>mobilibus</strong></span> <span class='ocrx_word' id='word_1_872' title='bbox 2672 5844 3042 5907; x_wconf 41' lang='lat' dir='ltr'><strong>scilicetvatria.</strong></span> 
     </span>
    </p>
   </div>
  </div>
