4142 6350
326 415 421 474 681

1706 400 2203 460 PROLEGOMENA
2216 440 2229 455 .

3485 409 3590 468 032

324 526 585 585 Eusebius
632 525 725 581 lib.
767 540 816 581 vi
845 526 980 582 Hist.
1010 565 1026 592 ,
1053 536 1171 596 cap.
1200 524 1291 589 δι,
1345 535 1467 577 cum
1511 530 1653 577 notis
1703 521 1902 577 Valesii
1931 527 1984 584 Α
2078 520 2199 577 M9.
2248 516 2508 574 Praeclare
2548 532 2675 573 vero
2715 518 2781 575 de
2834 522 3153 581 accensione
3209 527 3469 587 luminum
3527 535 3583 591 in

328 622 487 693 126
514 619 754 676 meminit
779 618 1144 689 precationum
1174 631 1294 688 quae
1314 615 1365 671 in
1389 624 1658 693 postrema
1682 612 1903 668 Paschte

325 713 503 783 vigilia
530 712 729 768 ﬁebant
754 712 854 767 sub
880 711 1127 781 Philippo
1174 709 1515 778 imperatore.
1576 706 1891 763 Lactantius

326 804 417 860 lib.
449 818 545 869 vn,
572 817 688 874 cap.
724 802 791 859 19
821 822 834 855 τ
871 802 937 856 Et
966 802 1072 858 haec
1093 810 1168 856 est
1194 816 1319 866 nam,
1342 816 1456 872 qua:
1476 817 1507 853 a
1529 800 1673 854 nobis
1697 808 1903 869 propter

324 898 596 953 adventum
623 894 779 968 Regis
801 914 861 951 ac
883 895 980 951 Dei
1001 895 1157 951 nostri
1181 896 1443 967 pervigilio
1471 895 1775 952 celebratur.
1798 892 1903 947 Cu-

326 996 408 1064 jus
452 992 614 1047 noctis
654 989 844 1061 duplex
888 991 1023 1045 ratio
1053 998 1150 1055 est,
1201 988 1335 1059 quod
1366 990 1419 1041 in
1459 1004 1519 1042 ca
1543 997 1589 1042 et
1617 988 1771 1041 vitam
1796 994 1905 1040 tum

326 1086 536 1155 recepit,
573 1100 691 1139 cum
722 1100 901 1154 passus
942 1092 1039 1151 est,
1072 1091 1121 1138 et
1149 1090 1335 1152 postea.
1354 1081 1491 1135 orbis
1520 1089 1668 1136 terra
1693 1094 1905 1151 regnum

326 1187 617 1248 recepturus
641 1184 716 1231 est
744 1175 841 1247 (a).

405 1273 525 1327 148.
561 1270 638 1325 Ex
671 1268 957 1326 traditione
982 1268 1277 1339 apostolica
1315 1266 1758 1325 consuetudinem
1808 1266 1906 1321 hu-

326 1365 413 1436 jus
438 1363 699 1434 pervigilii
729 1362 1104 1433 frequentandi
1135 1374 1482 1432 permanasse
1510 1360 1671 1415 tradit
1698 1359 1758 1415 S.
1780 1358 1907 1414 Hie-

327 1471 582 1530 ronymus
608 1455 703 1511 lib.
735 1472 786 1511 IV
810 1456 862 1510 in
889 1456 1076 1511 Matth.
1107 1469 1224 1526 cap.
1269 1471 1394 1523 xxv,
1422 1455 1487 1509 ad
1516 1454 1697 1522 verba,
1731 1452 1908 1507 Media

328 1548 494 1607 autem
532 1558 676 1605 nocte
708 1549 901 1603 clamor
941 1551 1101 1619 factus
1127 1556 1222 1615 est,
1252 1556 1357 1603 etc.
1404 1546 1585 1603 Subito
1610 1546 1745 1599 enim
1764 1544 1910 1610 quasi

328 1645 629 1715 intempesta
655 1649 821 1706 nocte,
848 1650 895 1694 et
926 1641 1116 1695 securis
1157 1639 1410 1706 omnibus,
1437 1637 1641 1708 quandb
1666 1637 1908 1708 gravissi-

330 1750 441 1790 mus
468 1750 622 1805 sopor
642 1739 737 1802 est,
772 1748 860 1802 per
888 1733 1189 1802 angelorum
1215 1730 1489 1784 clamorem
1517 1740 1563 1784 et
1610 1728 1755 1783 tubas
1781 1742 1912 1799 prat-

329 1828 615 1883 cedentium
665 1824 1024 1897 fortitudinum
1080 1822 1270 1878 Christi
1322 1822 1579 1877 resonabit
1640 1822 1906 1876 adventus.

2010 614 2286 684 pervigilio
2326 612 2543 668 Pascha:
2600 614 2655 670 S.
2700 613 2987 685 Gregorius
3055 618 3418 680 Nazianzenus
3456 643 3585 683 ora-

2010 708 2151 763 tione
2204 722 2239 761 n
2297 708 2349 761 in
2391 706 2592 763 Pascha
2635 724 2649 762 :
2692 706 2820 762 ch
2868 710 3009 764 nobis
3054 713 3204 784 127
3247 716 3581 784 festivitatum

2008 801 2249 871 festivitas
2278 841 2292 866 ,
2371 809 2416 855 et
2487 801 2831 854 celebritatum
2898 802 3275 861 celebritas
3322 806 3585 865 Praeclara

2014 894 2217 962 quidem
2249 891 2389 947 nobis
2434 893 2533 962 fuit
2581 894 2814 946 hesterna
2866 908 3055 948 FACIUM
3101 910 3161 949 AC
3208 912 3443 952 LUMINUM
3500 919 3587 971 ge-

2010 986 2161 1037 statio
2209 982 2400 1053 (quam
2455 984 2690 1052 privatim
2732 987 2886 1055 juxta
2940 985 3234 1057 publiceque
3294 992 3585 1063 peregimus

2010 1093 2155 1131 autne
2212 1093 2368 1149 genus
2423 1076 2685 1130 hominum
2742 1078 2941 1147 ferme,
2990 1087 3141 1148 atque
3196 1096 3366 1137 omnes
3417 1087 3587 1157 magi-

2009 1176 2170 1222 stratu
2196 1176 2242 1222 et
2285 1168 2533 1239 dignitate
2572 1169 2814 1239 insignes,
2846 1184 3017 1226 unco
3050 1185 3170 1225 IGNE
3210 1182 3406 1227 noctem
3428 1176 3589 1230 collu-

2011 1268 2247 1323 strantes,
2282 1258 2428 1331 etc.).
2463 1260 2527 1313 At
2573 1260 2821 1315 hodierna
2846 1263 3129 1333 praeclarior
3166 1272 3212 1319 et
3237 1265 3587 1326 excellentior.

2012 1351 2149 1406 Nam
2172 1368 2483 1408 msrenuuu
2508 1370 2680 1409 LUMEN
2703 1355 2875 1425 magni
2895 1354 3033 1411 illius
3052 1356 3257 1412 luminis
3278 1364 3593 1432 exsurgentis

2010 1444 2353 1515 prtenuntium
2374 1455 2481 1499 erat
2497 1487 2509 1510 ,
2538 1463 2596 1500 ac
2624 1448 2777 1501 veluti
2800 1450 3024 1518 profesta
3048 1450 3281 1521 quwdam
3304 1454 3593 1509 animorum

2013 1537 2262 1605 voluptas.
2296 1534 2361 1590 Et
2406 1535 2647 1592 oratione
2696 1539 2750 1591 in
2799 1539 3010 1594 laudem
3061 1541 3227 1610 patris
3254 1544 3334 1598 sui
3373 1547 3593 1609 mortui,

2014 1643 2132 1698 quae
2163 1636 2245 1682 est
2271 1644 2384 1694 xix,
2417 1643 2538 1699 pag.
2588 1630 2690 1686 504
2723 1649 2733 1683 :
2766 1630 2945 1686 Morbo
2994 1634 3151 1703 igitur
3201 1636 3483 1706 laborabat,
3532 1656 3595 1694 ac

2016 1720 2177 1773 morbi
2206 1730 2403 1791 tempus
2448 1730 2557 1776 erat
2601 1734 2853 1791 sanctum,
2906 1734 2951 1780 et
2981 1726 3173 1783 celebre
3208 1728 3429 1796 Pascha,
3488 1734 3597 1788 dies

2017 1813 2213 1868 dierum
2239 1831 2347 1882 rex,
2397 1832 2456 1869 ac
2483 1832 2769 1882 spasmos
2822 1834 2942 1874 ιιιΑ
2981 1836 3080 1875 nox
3139 1808 3328 1891 peccati
3364 1826 3596 1881 tenebras

331 1922 581 1977 Dicamus
604 1919 824 1989 aliquid,
859 1918 995 1987 quod
1015 1918 1231 1988 forsitan
1259 1917 1437 1971 lectori
1467 1916 1589 1971 utile
1616 1918 1698 1971 sit.
1732 1914 1915 1968 Tradi-
1946 1916 1993 1977 Β
2019 1908 2232 1975 solvens,
2258 1908 2312 1961 in
2338 1926 2439 1979 qua
2466 1927 2555 1964 nos
2582 1926 2694 1964 cum
2736 1926 2911 1967 uacua
2955 1930 3166 1970 Luutms
3188 1932 3337 1972 COPIA
3382 1934 3600 1975 SALUTIS

336 2018 405 2079 tio
434 2015 741 2071 Iudaeorum
765 2023 837 2068 est
889 2011 1147 2067 Christum
1175 2011 1339 2065 media
1367 2020 1510 2065 nocte
1546 2019 1810 2065 venturum
1859 2010 1913 2062 in

332 2110 716 2164 similitudinem
737 2106 977 2177 nggptii
1018 2106 1279 2176 temporis,
1322 2105 1528 2175 quando
1558 2104 1761 2159 Pascha
1785 2104 1913 2158 cele-

335 2202 533 2256 bratum
578 2210 655 2255 est
678 2243 693 2268 ,
728 2208 775 2254 et
815 2197 1177 2253 exterminator
1212 2198 1367 2263 venit,
1395 2206 1443 2251 et
1470 2196 1723 2251 Dominus
1760 2211 1913 2265 super

333 2293 660 2349 tabernacula
686 2292 908 2357 transiit,
945 2300 993 2345 et
1012 2290 1259 2361 sanguine
1286 2290 1407 2360 agni
1430 2300 1595 2358 postes
1624 2298 1913 2343 nostrarum

334 2386 581 2457 frontium
621 2384 897 2439 consecrati
924 2392 1059 2437 sunt.
1112 2380 1259 2435 Unde
1306 2396 1442 2451 reor,
1495 2390 1543 2435 et
1591 2382 1917 2435 traditionem

335 2478 670 2548 apostolicum
693 2476 1053 2549 permansisse,
1081 2474 1332 2546 (fortasse
1358 2475 1660 2545 legendum,
1710 2490 1915 2545 perma-

338 2572 512 2641 nasse)
542 2580 597 2625 ut
634 2571 689 2625 in
714 2570 799 2625 die
843 2568 1137 2647 uigiliarum
1168 2566 1387 2623 Paschae
1417 2578 1534 2623 ante
1572 2569 1734 2622 noctis
1767 2568 1919 2623 dimi-

337 2665 478 2720 dium
498 2664 710 2737 papulas
735 2662 989 2717 dimittere
1006 2678 1107 2717 non
1133 2662 1303 2729 liceat,
1335 2669 1679 2731 exspectantes
1732 2661 1921 2715 adven-

342 2768 449 2814 tum
505 2757 711 2813 Christi.
760 2755 828 2810 Et
878 2766 1145 2828 postquam
1200 2758 1332 2811 illud
1391 2766 1589 2827 tempus
1639 2756 1918 2823 transierit,

339 2852 608 2909 securitate
629 2860 962 2922 prtesumpta,
992 2855 1173 2922 festum
1197 2848 1401 2905 cuiictos
1429 2866 1577 2920 agere
1597 2849 1749 2903 diem.
1777 2848 1923 2904 Unde

342 2956 387 3000 et
414 2944 699 3001 Psalmista
730 2944 928 2998 dicebat
952 2960 971 2999 :
1000 2943 1173 2998 Media
1198 2952 1343 2999 nocte
1380 2943 1643 3014 surgebam
1666 2944 1733 2996 ad
1763 2942 1923 3011 conﬁ-

342 3039 549 3093 tendum
602 3037 693 3092 tibi
734 3055 886 3110 super
922 3038 1123 3108 judicia
1168 3037 1551 3109 justiﬁcationis
1590 3045 1707 3090 tuae.
1750 3036 1926 3106 Atque

346 3129 462 3186 haec
491 3139 574 3186 est
602 3143 760 3187 causa
792 3145 888 3184 cur
915 3129 1235 3185 Prudentius
1266 3129 1635 3183 liberationem
1658 3137 1712 3183 et
1739 3142 1925 3197 egres-

344 3238 460 3281 sum
506 3225 687 3297 p0puli
745 3221 906 3281 Israel
961 3238 1027 3279 ex
1091 3221 1325 3294 Egypto
1390 3221 1632 3292 pluribus
1692 3219 1928 3292 strophis

344 3327 502 3377 canat
518 3335 534 3375 ἓ
1462 3330 1467 3331 ⁷

530 3453 692 3507 Moses
713 3467 890 3517 nempe
914 3455 1071 3518 Deum
1097 3453 1326 3518 spinifera
1351 3456 1399 3503 in
1422 3454 1545 3505 rubo

532 3518 662 3569 Vidit
693 3520 951 3582 conspicuo
973 3517 1155 3568 lumine
1178 3518 1471 3567 ﬂammeum.

345 3670 672 3739 Comparaut
720 3668 880 3723 etiam
911 3666 1011 3723 SS.
1059 3667 1247 3723 Patres
1293 3666 1492 3737 populo
1530 3665 1828 3722 Israelitico
1854 3679 1925 3722 ex

342 3762 557 3834 Egypti
588 3761 865 3834 tyrannide
886 3762 1114 3818 liberato
1138 3763 1335 3831 justos,
1366 3776 1397 3816 a
1447 3772 1770 3833 resurgente
1812 3762 1921 3816 Do-

344 3856 493 3911 mino
517 3855 571 3911 in
593 3854 789 3912 caelum
819 3865 1091 3923 evocatos,
1123 3863 1181 3909 ut
1206 3853 1266 3909 S.
1308 3852 1597 3924 Gregorius
1639 3855 1925 3911 Nazianze-

343 3962 445 4003 nus
471 3956 609 4004 orat.
639 3948 701 4009 in.
726 3946 950 4015 Pascha,
974 3955 1029 4002 et
1058 3946 1111 4002 in
1162 3946 1463 4003 tarditatem
1495 3964 1507 3997 :
1539 3947 1711 4001 Hodie
1755 3948 1926 4018 Αἰθυ-

340 4052 490 4113 ptum
518 4042 723 4098 omnino
748 4042 996 4116 fugimus,
1023 4052 1071 4097 et
1100 4043 1474 4099 antarulentum
1511 4043 1661 4097 illum
1688 4041 1927 4099 Pharao-

340 4151 460 4191 nem
485 4134 583 4209 (b).

414 4352 692 4429 (a)_Quem
731 4353 907 4429 locum
939 4369 1048 4429 prae
1087 4354 1258 4429 oculis
1282 4354 1478 4429 litabuit
1519 4355 1749 4429 Isidorus
1804 4356 1929 4429 Ety-

343 4426 473 4499 mol.
506 4426 601 4480 lib.
635 4441 707 4491 Vl,
738 4440 787 4481 c.
820 4428 883 4482 i7
918 4442 931 4479 :
970 4427 1132 4499 Cujus
1164 4426 1428 4499 (Paschae)
1458 4443 1561 4499 no.1:
1582 4428 1694 4481 ideo
1718 4426 1929 4499 pervigil

341 4498 552 4551 ducitur
595 4506 801 4569 propter
859 4496 1125 4570 adventum
1174 4496 1330 4570 Regis
1374 4514 1433 4551 ac
1491 4496 1927 4570 (Domini’nostri,

341 4577 400 4621 ut
428 4577 624 4640 tempus
659 4569 1043 4623 resurrectionis
1073 4572 1182 4640 ejus
1222 4587 1313 4623 nos
1336 4586 1436 4622 non
1464 4569 1789 4636 dormientes,
1836 4572 1927 4624 sed

339 4638 611 4713 vigilantes
640 4640 863 4713 inveniat
895 4656 913 4694 :
956 4638 1104 4710 cujus
1129 4643 1289 4695 noctis
1328 4641 1516 4713 duplex
1554 4643 1685 4695 ratio
1706 4652 1804 4711 est,
1826 4643 1929 4696 sive

340 4710 483 4780 quod
507 4711 561 4764 in
584 4726 646 4784 ea
664 4711 821 4784 vitam
843 4719 959 4763 tunc
980 4713 1189 4779 recepit,
1215 4729 1328 4765 cum
1352 4710 1645 4784 passusest,
1667 4710 1770 4767 sive
1789 4714 1929 4784 quod

2018 2012 2235 2053 uosrna:
2268 2015 2477 2056 resruu
2503 2016 2916 2059 censemus...
2957 2004 3192 2075 Mysterii
3237 2018 3433 2079 tempus
3475 2012 3600 2065 ade-

2016 2099 2097 2143 rat
2121 2092 2215 2160 (c).
2242 2091 2502 2147 Eusebius
2526 2093 2619 2148 lib.
2648 2110 2701 2148 tv
2727 2095 2932 2163 de_Vita
2953 2093 3310 2165 Constantini,
3339 2115 3456 2171 cap.
3485 2102 3557 2155 22
3582 2119 3599 2156 :

2018 2179 2140 2250 Ipse
2160 2198 2273 2237 vero
2296 2183 2728 2257 (Constantinus)
2744 2197 2797 2240 ut
2822 2196 2935 2259 pote
2956 2206 3216 2244 sacrorum
3240 2197 3601 2263 mysteriorum

2017 2278 2336 2346 particeps...
2387 2277 2443 2330 in
2481 2278 2606 2349 ipsis
2646 2280 2923 2347 salutiferte
2950 2282 3236 2351 festivitatis
3283 2284 3478 2353 diebus,
3519 2287 3601 2339 di-

2018 2368 2249 2438 sciplina:
2302 2378 2455 2440 atque
2521 2371 2937 2426 exercitationum
3013 2376 3234 2445 vigorem
3304 2366 3621 2445 intendens,

2021 2462 2216 2515 cunctis
2261 2462 2419 2515 animi
2466 2472 2512 2516 et
2560 2465 2784 2533 corporis
2828 2465 3015 2519 viribus
3060 2466 3307 2536 collectis,
3350 2471 3607 2537 pontificis

2023 2560 2172 2624 atque
2197 2538 2546 2622 hierophanta:
2575 2572 2780 2610 munere
2816 2557 3141 2629 fungebatur.
3176 2556 3241 2610 Et
3266 2560 3371 2629 ipse
3396 2562 3606 2629 quidem

2024 2646 2218 2701 cwteris
2263 2647 2493 2702 omnibus
2538 2649 2752 2719 praeibat
2802 2651 2870 2702 ad
2900 2654 3013 2720 festi
3066 2653 3469 2708 celebrationem.
3506 2655 3606 2711 Sa-

2024 2754 2162 2792 cram
2204 2748 2375 2793 antem
2405 2739 2631 2812 vigiliam
2676 2757 2728 2795 IN
2777 2757 3005 2797 proauus!
3034 2757 3373 2799 SPLexnoneu
3403 2761 3608 2801 conver-

2026 2840 2173 2899 terat,
2207 2834 2433 2887 accensis
2476 2841 2581 2886 tota
2612 2834 2734 2887 urbe
2777 2850 3035 2889 cereorum
3077 2837 3382 2905 quibusdam
3412 2840 3609 2894 colum-

2028 2926 2104 2978 nis
2154 2940 2245 2994 per
2288 2943 2375 2980 eos
2418 2926 2597 2997 quibus
2624 2927 2679 2979 id
2716 2929 2882 2997 operis
2909 2938 3013 2983 erat
3059 2914 3363 3000 injunctum.
3389 2932 3609 3005 Lampa-

2028 3016 2115 3069 des
2142 3032 2339 3086 quoque
2386 3033 2609 3073 accensa:
2653 3030 2832 3072 cuncta
2860 3021 3053 3090 passim
3083 3022 3191 3074 loca
3234 3022 3560 3078 illustrabant
3590 3040 3611 3078 :

2029 3108 2159 3163 adeo
2200 3118 2255 3162 ut
2298 3110 2407 3163 [nec
2431 3112 2643 3181 mystica
2680 3112 2853 3181 vigilia
2880 3113 3051 3181 quovis
3077 3115 3154 3167 vel
3200 3116 3612 3184 splendidissimo

2032 3198 2114 3252 die
2164 3199 2417 3253 illustrior
2446 3202 2761 3255 redderetur.
2808 3202 3049 3259 Valesius
3089 3214 3237 3259 notat
3277 3207 3613 3264 Christianos

1958 3306 2004 3372 ρ
2036 3290 2176 3344 intra
2218 3291 2497 3347 ecclesiam
2544 3292 2820 3347 dumtaxat
2868 3309 3146 3350 cereorum
3202 3299 3493 3354 maximam
3523 3315 3614 3354 co-

2038 3383 2176 3450 piam
2205 3383 2501 3439 accendere
2544 3386 2905 3449 consuevisse,
2963 3385 3370 3445 Constantinum
3404 3392 3457 3446 in
3517 3392 3614 3449 ho-

2037 3490 2223 3531 norem
2277 3486 2437 3533 tanta:
2496 3477 2801 3533 festivitatis
2867 3472 3073 3536 cereos
3119 3492 3270 3537 extra
3328 3486 3615 3542 ecclesiam

2035 3571 2252 3627 accendi
2279 3571 2540 3641 jussisse;
2574 3570 2851 3627 columnas
2873 3572 2992 3629 illas
3018 3589 3202 3631 cereas
3220 3576 3500 3647 designare
3518 3594 3634 3652 ce-q

2034 3684 2185 3725 reum
2213 3668 2555 3736 Paschalem,
2583 3669 2651 3725 de
2678 3685 2781 3741 quo
2808 3670 3077 3727 Barnabas
3104 3672 3404 3729 Brissonius
3425 3663 3633 3746 singu'?

2036 3761 2199 3817 larem
2248 3762 2438 3819 librum
2465 3763 2695 3833 scripsit.
2747 3763 2804 3820 S.
2851 3762 3000 3820 Zeno
3028 3764 3356 3821 Veronensis
3400 3766 3454 3821 in
3481 3765 3613 3823 S'er-

2032 3870 2191 3912 mone
2222 3872 2237 3910 ι
2282 3856 2349 3911 ad
2397 3856 2699 3927 neOphytos
2743 3856 2984 3926 ejusdem
3016 3859 3276 3930 pervigilii
3306 3860 3501 3915 lumina
3534 3861 3616 3915 in-

2033 3950 2175 4005 dicat
2214 3968 2225 4002 :
2268 3948 2397 4003 Post
2445 3949 2766 4005 devotissima
2812 3949 3064 4020 completa
3109 3953 3417 4020 expiationis
3457 3964 3619 4007 sacra!

2034 4053 2175 4098 casta
2207 4043 2422 4112 iejunia,
2454 4052 2567 4113 post
2595 4032 2914 4099 ceimssma:
2944 4057 3128 4101 NOCTIS
3170 4060 3263 4100 suo
3306 4046 3411 4100 sole
3443 4044 3619 4102 dulces

2034 4134 2237 4206 vigilias
2262 4133 2365 4204 (d).

2035 4359 2207 4413 batur.
2242 4355 2547 4428 Pervigilem
2579 4358 2709 4410 enim
2741 4366 2940 4411 noctem
2972 4358 3315 4429 traducebant
3356 4375 3509 4429 usque
3548 4365 3617 4416 ad

2035 4430 2216 4485 horam
2269 4430 2537 4501 septimam
2566 4437 2827 4501 cantantes
2854 4446 2929 4497 ac,
2961 4428 3220 4500 lampades
3267 4433 3614 4500 ascendentes,

2035 4512 2185 4571 atque
2238 4498 2921 4571 imminentem_Servatoris
2981 4498 3140 4555 nostri
3200 4498 3618 4560 resurrectionem

2035 4568 2400 4644 exspectantes.
2434 4570 2565 4635 Quae
2596 4568 2868 4625 Prudentii
2894 4572 3091 4644 hymno
3122 4584 3439 4629 consonant.

2111 4641 2190 4714 ('d)
2212 4641 2409 4697 C0nfer
2448 4641 3006 4715 sermonesAejusdem
3034 4643 3268 4698 Zenonis
3298 4645 3360 4698 de
3412 4644 3614 4715 Exodo,

2034 4715 2110 4769 uti
2128 4716 2303 4787 getiam
2336 4722 2595 4787 tractatus
2625 4713 3001 4787 S.__Gaudcntii
3052 4715 3341 4787 Brixiensis
3384 4713 3624 4787 episcopi

344 4773 523 4851 postea
552 4783 728 4854 eadem
757 4783 883 4854 hora
910 4798 1008 4854 qua
1034 4773 1332 4854 resurrexit,
1352 4773 1432 4836 'ad
1444 4773 1925 4853 judicandum'ven-
1952 4773 2006 4835 Ι)
2036 4786 2088 4840 in
2124 4786 2387 4852 Exodum,
2411 4785 2475 4838 de
2499 4793 2643 4837 nocte
2676 4782 2999 4854 Vigiliarum,
3036 4786 3099 4837 de
3141 4785 3357 4840 Paschae
3392 4773 3622 4843 observa?

346 4861 493 4925 turus
523 4861 621 4925 est.
650 4852 806 4925 Quod
834 4867 863 4905 a
895 4853 1058 4925 nobis
1080 4853 1176 4908 fuit
1205 4854 1757 4919 animadvertendum,
1800 4856 1924 4925 quia

344 4923 406 4977 in
442 4924 583 4978 notis
604 4925 671 4977 ad
707 4923 1010 4993 Etymolog.
1043 4922 1233 4979 lsidori
1263 4924 1525 4980 indicatus
1558 4940 1662 4979 non
1712 4934 1794 4980 est
1819 4922 1924 4980 'lo-

344 5008 445 5049 cus
466 4994 750 5059 Lactantii,
779 5003 835 5048 ut
862 4994 952 5047 alii
981 4994 1205 5048 aliorum
1237 4997 1412 5050 solent
1443 4996 1686 5050 indicari.

424 5068 503 5133 (b)
536 5064 669 5138 Hinc
701 5064 1018 5138 Prudentius
1044 5066 1229 5138 v._lU9
1274 5084 1287 5117 :
1325 5064 1513 5138 Fessos
1542 5066 1628 5119 ille
1656 5076 1799 5138 vocat
1839 5083 1930 5138 per

346 5132 481 5207 freta
492 5136 687 5201 saeculi,
708 5134 941 5208 Discissis
961 5135 1207 5208 populum
1230 5135 1515 5208 turbinibus
1536 5152 1731 5208 regens,
1751 5132 1930 5191 Iacta-

347 5202 528 5276 tuaque
568 5210 766 5259 animas
814 5202 969 5277 mille
1002 5202 1259 5259 laboribus
1305 5202 1668 5261 Justorum'in
1710 5202 1931 5277 patriam

346 5278 881 5348 scandereprazcipit.
910 5276 1031 5348 Illic
1051 5278 1319 5348 purpureis
1350 5286 1480 5330 tecta
1508 5276 1717 5331 rosariis
1748 5279 1929 5332 Omnis

347 5352 550 5472 flagrat
598 5346 803 5413 humus,
831 5357 936 5403 etc.
977 5346 1180 5403 Eodem
1223 5348 1491 5417 pertinent
1540 5363 1817 5403 sermones
1868 5349 1927 5404 S.

399 5420 589 5472 enoais
618 5419 941 5472 Veronensis
967 5459 981 5472 .
1014 5427 1068 5472 et
1096 5419 1376 5472 Tractatus
1405 5418 1461 5472 S.
1496 5418 1779 5472 Gaudentii
1825 5421 1927 5472 Bri-

399 5420 589 5485 enonis
618 5419 941 5475 Veronensis
967 5459 981 5485 ,
1014 5427 1068 5472 et
1096 5416 1376 5473 Tractatus
1405 5418 1461 5475 S.
1496 5418 1779 5475 Gaudentii
1825 5416 1951 5475 Bri?

348 5484 553 5561 xiensis
596 5490 837 5561 episcopi
878 5488 942 5543 de
975 5488 1159 5561 Baeda
1200 5491 1251 5543 in
1278 5491 1383 5561 hoc
1410 5491 1697 5561 pervigilia,
1727 5506 1790 5546 ac
1818 5491 1930 5547 fere

348 5570 465 5615 tota
490 5560 793 5616 benedictio
835 5561 977 5615 cerei
1018 5560 1309 5628 Paschalis,
1335 5560 1462 5614 Ilazc
1489 5560 1593 5613 nos;
1624 5573 1718 5626 est,
1750 5564 1802 5616 in
1830 5579 1929 5631 qua

347 5631 590 5704 primum
604 5642 773 5702 patres
795 5642 993 5687 nostros
1016 5631 1154 5701 ﬁlios
1177 5631 1341 5686 Israel
1362 5633 1568 5704 eductos
1589 5633 1651 5686 de
1673 5632 1927 5704 .Eggpto,

347 5712 484 5770 etc.,
508 5701 661 5774 cujus
692 5704 969 5758 sententiae
988 5718 1172 5760 omnes
1202 5707 1252 5757 in
1285 5701 1573 5758 Prudentio
1594 5701 1858 5774 leguntur.

427 5774 500 5844 (ε)
548 5774 759 5829 Nicetas
807 5775 859 5829 in
908 5784 1044 5829 orat.
1091 5791 1125 5829 ιι
1175 5774 1491 5830 Nazianzeni
1532 5775 1597 5829 de
1637 5776 1932 5830 Paschate:

350 5839 624 5897 Prteclara
647 5847 799 5899 etiam
827 5846 925 5916 fuit
960 5844 1195 5899 hesterna
1225 5848 1476 5900 luminum
1504 5847 1790 5913 celebritas,
1836 5849 1933 5900 hoc

350 5920 453 5980 est,
494 5923 651 5970 cretus
672 5917 759 5970 ille
780 5918 869 5987 qui
893 5921 961 5970 ad
1004 5933 1260 5985 vesperam
1290 5919 1459 5989 magni
1481 5917 1677 5973 sabbati
1710 5916 1929 5975 celebra-

721 6008 997 6073 Ps'rnos.
1044 6008 1207 6074 LIX.

2034 4860 2189 4921 tione,
2216 4856 2303 4910 ubi
2323 4864 2482 4911 tract.
2510 4870 2578 4919 tv,
2608 4854 2953 4925 inprincipio
2982 4856 3447 4925 splendidissimam
3477 4871 3623 4915 nocte

2036 4928 2326 4997 vigiliarum
2356 4926 2619 4998 vocat._ln
2648 4924 2875 4981 Consut.
2908 4924 3150 4997 Apestol.
3185 4944 3300 4998 cap.
3342 4930 3407 4983 t8
3455 4932 3547 4984 lib.
3589 4949 3619 4983 ν

2036 4998 2211 5065 agitur
2240 4998 2303 5051 de
2345 4996 2727 5067 pervigilatione
2774 4996 2971 5067 magni
3002 5000 3215 5067 sabbati,
3252 4996 3314 5052 et
3343 5000 3405 5053 de
3434 5002 3515 5053 die
3544 5018 3626 5053 re-

2036 5068 2384 5135 surrectionis,
2419 5068 2503 5121 ubi
2535 5066 2697 5122 etiam
2748 5066 3068 5123 sacrificium
3120 5072 3235 5125 fieri
3284 5080 3408 5123 ante
3429 5070 3623 5139 jejunii

2038 5140 2360 5194 solutionem
2407 5139 2735 5207 praecipitur.
2770 5140 3136 5195 Aldelhelmus
3165 5141 3231 5195 de
3286 5140 3465 5193 Laude
3503 5140 3623 5194 Vir-

2038 5211 2148 5278 gin.
2182 5225 2300 5280 cap.
2336 5208 2402 5264 16
2433 5228 2445 5261 :
2478 5207 2544 5262 In
2574 5210 2759 5280 vigiliis
2788 5211 3117 5279 paschalibus
3148 5211 3353 5277 quando
3397 5213 3625 5276 recipro-

2036 5282 2110 5334 cis
2138 5296 2391 5335 annorum
2417 5280 2625 5335 circulis
2670 5284 2921 5337 anastasis
2951 5283 3205 5335 dominica
3237 5280 3401 5333 solita:
3440 5281 3625 5334 solem-

2037 5352 2215 5406 nitatis
2248 5352 2471 5422 tripudio
2503 5352 2810 5419 celebratur,
2844 5354 3052 5422 fortuito
3078 5353 3288 5420 contigit
3337 5358 3392 5403 ut
3424 5350 3628 5421 lychnis

2037 5369 2215 5406 nuaus
2248 5369 2471 5474 trgmato
2503 5369 2810 5419 celebratur,
2844 5369 3052 5422 fortuna
3078 5369 3288 5420 conugn
3337 5369 3392 5403 ut
3424 5369 3626 5421 tycnms

2034 5422 2097 5495 de
2123 5421 2702 5495 lampatibusAecclesice
2747 5426 2949 5495 pinguis
2980 5422 3079 5495 ol_ei
3108 5422 3273 5495 liquor
3303 5432 3626 5495 opportunus

2034 5492 2245 5548 deesset.
2280 5491 2412 5565 Vide
2440 5491 2883 5565 Chrysostomuin
2933 5496 2987 5547 in
3012 5491 3257 5565 Genesimr
3287 5506 3401 5560 cap.
3440 5494 3498 5547 Η
3534 5496 3627 5548 ho-

2035 5565 2153 5619 mil.
2201 5579 2332 5620 xxx.
2366 5561 2731 5621 Nebrissensis
2780 5576 2976 5619 nostrae
3023 5561 3261 5631 opinioni
3312 5564 3624 5631 assentitur,

2033 5636 2261 5704 (ιυί,θωί
2279 5636 2537 5709 hymnum
2568 5634 2999 5709 inscripseritAd
3016 5632 3360 5709 accensionem
3384 5634 3625 5709 lucentia,

2032 5711 2213 5761 tamen
2241 5705 2359 5761 ait';
2390 5707 2494 5761 Hic
2515 5707 2732 5777 hymnus
2757 5707 2810 5777 in
2838 5705 3087 5773 principio
3115 5707 3299 5774 noctis,
3326 5722 3438 5760 cum
3469 5707 3628 5760 Iunti-

2038 5792 2107 5831 na
2126 5780 2489 5844 accenduntur,
2508 5776 2704 5831 cantari
2730 5776 2872 5829 debet
2897 5792 2915 5829 :
2945 5777 3019 5830 vel
3044 5790 3247 5835 POTIUS.
3282 5794 3347 5831 ET
3368 5792 3626 5833 recurra—

2036 5861 2196 5904 m'ren
2226 5865 2275 5904 tu
2296 5864 2528 5904 SABBATO
2557 5862 2777 5912 saucro,
2802 5864 2917 5902 cum
2948 5848 3143 5901 lumina
3174 5864 3306 5901 nova
3341 5851 3628 5904 incendun-

2034 5924 2141 5989 tur,
2168 5921 2246 5976 vel
2268 5921 2469 5975 incendi
2490 5920 2742 5976 deberent.
2774 5919 2843 5975 Et
2864 5920 2930 5977 ad
2960 5935 3197 5986 versum,
3230 5917 3336 5974 Illa
3365 5929 3510 5977 nocte
3537 5932 3624 5976 δα(

3184 6010 3263 6070 22
