4142 6350
516 380 619 443 (ΑΒ

1914 368 2361 439 PRUDENTIUS.

3677 358 3782 419 θα

593 502 748 581 128
781 502 899 557 150.
932 500 1053 554 [hec
1080 498 1150 559 ita
1176 495 1316 552 clara
1346 500 1495 557 sunt,
1529 500 1583 546 ut
1614 492 1703 562 qui
1735 492 1958 548 ulterius
1986 491 2083 547 du-
2113 496 2165 557 Α
2192 489 2321 557 Qua:
2366 485 2546 581 omnia
2590 482 2836 581 libenlel‘.
2863 492 2963 548 08°
3010 487 3451 581 ερξιὲςδωοηξιᾞξ

437 610 444 617 ‘
516 597 650 653 bitet
672 610 738 648 an
769 610 798 647 a
832 590 1118 646 Prudentio
1151 588 1379 658 hymnus
1403 586 1471 641 de
1502 598 1639 641 novo
1666 582 1867 639 lumine
1887 582 2097 638 sabbati

444 714 449 729 ι
516 686 787 758 paschalis
832 683 901 747 ad
947 691 1157 739 noctem
1210 680 1511 751 vigiliarum
1553 678 1773 733 Paschm
1817 676 2094 732 celebrau-

516 778 638 835 dam
668 774 997 846 compositus
1020 773 1203 839 fuerit,
1230 772 1284 827 in
1308 772 1485 829 media
1505 772 1624 828 luce
1650 785 1712 827 ac
1738 770 1824 825 die
1847 770 2097 826 caecutire

442 860 454 941 Ξ
514 871 774 927 videatur.
807 869 1063 939 Quamvis
1112 876 1290 925 autem
1350 868 1473 922 inde
1516 867 1665 938 origo
1709 864 2097 923 benediCtionis

512 963 656 1018 cerei
687 942 955 1031 paschalis
995 960 1219 1028 petenda
1254 959 1341 1025 sit,
1376 968 1553 1013 tamen
1586 957 1667 1013 hae
1713 972 1891 1022 voces,
1923 971 2096 1011 cereus

512 1052 791 1125 paschalis,
840 1061 895 1108 et
944 1053 1161 1123 quidam
1192 1053 1326 1107 ritus
1368 1052 1420 1105 in
1474 1049 1845 1109 benedictione
1874 1048 2094 1103 adhibiti

509 1146 843 1200 recentiores
873 1142 1106 1199 fortasse
1152 1151 1300 1209 sunt,
1344 1156 1408 1197 ex
1439 1156 1545 1213 quo
1575 1140 1773 1201 factum
1800 1148 1881 1196 est
1916 1150 1975 1196 ut
2005 1141 2093 1196 be-

512 1239 752 1301 nedictio
794 1236 1100 1307 huiusmodi
1150 1236 1273 1291 huic
1316 1235 1401 1292 vel
1447 1234 1535 1291 alii
1588 1234 1825 1305 pontiﬁci
1853 1233 2095 1290 Romano

512 1330 800 1398 tribuatur,
826 1330 967 1403 quod
991 1328 1273 1384 formulam
1299 1328 1529 1399 aliquam
1555 1324 1974 1398 praescripserit,
2005 1332 2096 1379 aut

510 1432 752 1481 veterem
784 1425 919 1478 hanc
948 1420 1336 1477 institutionem
1366 1419 1430 1475 ad
1460 1422 1763 1481 universam
1800 1417 2094 1475 Ecclesiam

513 1518 731 1574 extendi
786 1516 1033 1572 voluerit.
1089 1515 1351 1570 Existimo
1400 1513 1563 1575 etiam
1590 1511 1645 1567 S.
1694 1510 2001 1580 Hieronymi
2038 1517 2093 1565 et

508 1611 785 1668 Prudentii
832 1608 1159 1680 temporibus
1204 1609 1557 1680 posteriorem
1604 1620 1726 1663 esse
1774 1605 2093 1673 Sermonem

510 1704 573 1758 dc
615 1704 768 1759 Cereo
820 1704 1050 1775 paschali
1099 1702 1413 1772 inscriptum
1446 1701 1585 1761 inter
1626 1713 1789 1769 opera
1815 1697 1873 1755 S.
1906 1697 2094 1752 Hiero-

506 1798 675 1870 nymi,
706 1798 795 1855 ubi
823 1807 973 1859 notat
1002 1799 1202 1867 Auctor
1227 1815 1241 1853 :
1271 1796 1402 1870 Lege
1443 1795 1865 1860 Pentateuchum,
1898 1794 2091 1848 instru-

2202 580 2457 651 hymnum
2486 573 2761 631 Prudentii
2792 572 3012 642 ejusque
3062 566 3276 629 titulum
3306 566 3654 632 illustrat-ein,
3682 564 3779 621 sed

2200 678 2367 735 etiam
2414 676 2466 729 in
2514 673 2742 744 gratiam
2770 666 2961 740 optimi
2990 674 3045 723 et
3090 661 3485 735 religiosissimi
3526 659 3780 731 principis

2200 766 2526 827 Ferdinandi
2557 762 2808 823 Borbonii
2850 761 3011 817 Ducis
3040 755 3368 820 Parmensis,
3412 769 3574 825 quem
3605 753 3780 821 pervi-

2197 862 2382 931 gilium
2426 857 2646 917 Paschae
2698 870 2764 917 ex
2808 850 2982 913 veteri
3027 864 3198 915 more,
3229 843 3568 909 Constantini
3604 843 3779 913 “agni

2200 952 2475 1021 exemplo,
2524 948 2770 1021 quamvis
2802 944 3004 1016 dispari
3052 940 3231 1009 modo,
3264 939 3363 997 Pio
3409 938 3475 999 Vl
3525 936 3780 1008 pontiﬁce

2198 1046 2436 1103 maximo
2465 1045 2606 1107 ultro
2636 1048 2929 1106 annuente,
2958 1038 3237 1097 celebrare
3262 1049 3334 1095 ex
3363 1031 3569 1099 idoneis
3594 1040 3781 1089 aucto-

2198 1126 2345 1195 ribus
2374 1138 2578 1206 accepi.

2274 1230 2429 1302 129
2479 1229 2601 1285 151.
2661 1226 2865 1295 Quibus
2906 1222 3191 1294 expositis,
3238 1219 3514 1283 evidenter
3554 1217 3780 1274 demon-

2197 1332 2365 1381 strata
2396 1332 2478 1379 est
2498 1321 2991 1392 antiquissimorum
3022 1326 3076 1379 et
3101 1314 3531 1372 felicissimorum
3574 1321 3757 1380 tempe

2196 1432 2315 1473 rum
2342 1416 2513 1487 pietas
2544 1415 2598 1471 in
2630 1414 2885 1471 luminum
2916 1426 3033 1475 usu,
3055 1409 3227 1479 copia,
3246 1417 3298 1463 et
3323 1404 3656 1468 caremoniis
3680 1404 3779 1475 (a).

2198 1508 2304 1565 Sed
2334 1508 2400 1562 ad
2418 1505 2847 1575 redarguendum
2860 1502 3027 1559 aetatis
3051 1510 3248 1565 nostra)
3266 1498 3591 1568 impietatem
3612 1497 3780 1553 abun-

2196 1601 2323 1655 dare
2351 1599 2525 1655 adhuc
2552 1598 2675 1655 volo
2698 1597 2872 1655 allatis
2904 1596 2957 1651 in
2988 1594 3222 1651 medium
3265 1589 3538 1647 nonnullis
3559 1590 3619 1645 ὃ.
3647 1588 3783 1647 Pau-

2196 1691 2290 1747 lini
2318 1691 2508 1747 Nolani
2540 1690 2803 1747 versibus.
2828 1688 2999 1749 Natali
3019 1688 3053 1745 9
3075 1687 3140 1744 de
3160 1686 3404 1751 Adventu
3441 1684 3642 1749 Nicetis:
3674 1683 3784 1754 epit

2195 1783 2344 1853 scopi
2374 1799 2404 1841 e
2435 1784 2627 1851 Dacia,
2661 1782 2750 1853 qui
2778 1782 2844 1841 ad
2875 1770 3104 1845 natalem
3132 1780 3165 1835 5
3210 1777 3402 1837 Felicis
3430 1786 3739 1841 occurrerat
3768 1795 3780 1828 :

507 1898 733 1943 mentum
781 1906 1014 1959 percurre
1065 1900 1205 1944 vetus
1237 1904 1256 1944 :
1285 1879 1534 1959 nusquam
1583 1887 1637 1941 in
1684 1886 1778 1947 Dei
1821 1885 2093 1952 sacriﬁciis
2122 1865 2173 1933 Β
2262 1899 2389 1949 Ecce
2415 1898 2573 1957 vides,
2591 1903 2799 1958 quantus
2820 1892 3224 1959 splendor,gvelut
3242 1891 3350 1959 sane
3373 1899 3541 1940 renata

509 1980 688 2048 mella,
717 1997 969 2052 nusquam
990 1997 1116 2037 certe
1137 1998 1305 2047 usum,
1337 1980 1425 2036 sed
1453 1980 1778 2041 lucernarum
1807 1968 2025 2045 lumina,
2049 1985 2095 2032 et

511 2071 627 2123 oleo
655 2072 788 2141 fotos
814 2071 1001 2124 videbis
1037 2072 1352 2143 igniculos...
1387 2071 1564 2131 Novas
1603 2085 1842 2140 percurre
1868 2070 2095 2125 libros...

509 2161 744 2231 nunquid
790 2162 979 2215 alicubi
1025 2163 1241 2216 cereus?
1270 2160 1502 2217 Carmen
1552 2162 1619 2216 de
1643 2160 1813 2217 Cereo
1862 2159 2099 2230 paschali

504 2246 677 2307 habet
707 2251 1006 2322 Drepanius
1047 2251 1259 2319 Florus,
1316 2267 1424 2307 non
1452 2251 1881 2307 Christianorum
1908 2258 2097 2322 poeta-

507 2355 630 2398 rum
662 2343 1091 2411 vetustissimus,
1125 2354 1181 2397 ut
1210 2345 1441 2415 appellat
1487 2344 1745 2399 Barouius
1775 2344 1838 2405 ad
1892 2344 2031 2401 diem
2063 2343 2098 2399 8

508 2433 637 2489 Maii
663 2434 887 2505 Martyr.
920 2436 1169 2503 lienam,
1197 2436 1291 2491 sed
1320 2437 1519 2492 smculu
1548 2437 1760 2501 tandem
1786 2453 1837 2495 ts
1872 2438 2093 2495 ﬂorens.

512 2524 858 2597 Pervigilium
881 2528 1042 2583 etiam
1071 2528 1287 2583 Pascha:
1318 2529 1556 2591 celebrat
1582 2548 1592 2581 :

570 2639 723 2705 Bene
738 2646 792 2689 ut
811 2652 900 2705 per
922 2648 1070 2691 totam
1095 2642 1332 2705 possimus
1352 2641 1538 2705 ducere
1560 2649 1772 2702 noctein,

572 2700 837 2753 Inferlmns
860 2701 1015 2752 claros
1038 2700 1188 2751 sacris
1208 2703 1438 2751 altaribus
1462 2704 1620 2765 ignes.

510 2804 902 2869 Animadverte
937 2820 1195 2881 praeterea
1232 2810 1446 2883 aliquod
1479 2811 1646 2866 videri
1674 2824 1960 2881 superesse
2004 2826 2099 2868 ve-

505 2904 724 2977 stigium
764 2904 833 2961 de
861 2919 1001 2961 novo
1040 2905 1269 2972 lumine,
1300 2904 1440 2977 quod
1473 2904 1690 2969 incussu
1717 2904 1883 2959 silicis
1909 2919 2100 2961 accen-

510 2996 759 3064 debatur,
810 2999 863 3055 in
916 2999 1151 3055 Orientis
1205 3000 1512 3070 regionibus
1561 3000 1703 3069 apud
1745 2999 2015 3057 Liberium
2067 3016 2098 3055 a

510 3088 643 3145 Jesu
670 3097 799 3145 tom.
832 3089 920 3144 ιιι.
939 3088 1192 3145 Controv.
1218 3105 1281 3145 ex
1307 3090 1626 3161 posthumis,
1650 3091 1755 3145 col.
1780 3091 1885 3145 712
1905 3100 1960 3147 et
1980 3106 2095 3161 seq.

508 3176 594 3237 De
624 3180 759 3253 igne,
789 3196 937 3252 quem
965 3179 1273 3239 schismatici
1302 3182 1664 3237 miraculosum
1700 3191 1905 3248 vocant,
1927 3191 1970 3237 et
1995 3183 2097 3251 fin-

2264 1959 2465 2013 Rideat;
2493 1954 2780 2019 insculptum
2805 1954 2995 2006 camera
3016 1957 3261 2019 crispante
3281 1954 3475 2007 lacunar

2264 2022 2318 2069 In
2336 2021 2501 2071 medio
2519 2023 2753 2070 mentitur
2776 2019 2926 2079 ebur;
2954 2022 3186 2077 tectoque
3204 2027 3422 2079 superne

2265 2083 2551 2134 Pendentes
2572 2082 2730 2144 lychni
2753 2082 2896 2143 spiris
2916 2078 3197 2130 retinentur
3222 2078 3411 2128 ahenis.

2201 2193 2364 2248 Plura
2391 2192 2494 2247 alia
2518 2189 2639 2245 aliis
2666 2190 2717 2243 in
2749 2190 2881 2243 locis
2902 2188 3153 2242 Paulinus
3176 2186 3288 2256 (b);
3336 2198 3495 2256 quem
3545 2182 3788 2239 Pruden-

2204 2286 2279 2339 tio
2308 2285 2359 2339 in
2392 2284 2472 2338 his
2500 2281 2884 2339 controversiis
2906 2281 3101 2350 saepius
3151 2278 3352 2334 addere
3401 2277 3589 2348 juvat,
3641 2277 3786 2345 quod

2203 2393 2378 2449 neque
2423 2377 2497 2431 illi
2528 2377 2689 2446 objici
2736 2383 2959 2446 possunt
3008 2372 3367 2443 przejudicatai
3422 2370 3702 2442 opiniones
3755 2385 3785 2424 a

2201 2486 2370 2543 puero
2395 2472 2534 2526 inter
2556 2469 2949 2526 ecclesiasticos
2975 2467 3117 2523 viros
3138 2465 3363 2522 haustas.

2794 2581 3019 2639 CAPUT
3057 2581 3227 2636 XIII.-

2206 2678 2561 2749 Respondetur
2589 2674 2965 2749 exfrudentio
2995 2670 3426 2749 interrogantibus
3463 2687 3580 2731 cum
3608 2669 3790 2749 Persio
3886 2740 3891 2745 η

2276 2744 2372 2804 sat.
2407 2751 2463 2815 9,
2496 2764 2620 2801 vers.
2654 2746 2723 2801 69
2753 2764 2765 2799 :
2817 2744 3001 2810 Dicite,
3044 2744 3335 2815 pontiﬁces,
3366 2744 3423 2798 in
3462 2754 3642 2798 sancto
3668 2745 3791 2812 quid

2281 2825 2399 2875 facit
2444 2836 2623 2879 aurum
2648 2820 2669 2871 ?
2863 2824 2875 2843 ‘

2284 2912 2440 2983 130
2480 2909 2602 2969 152.
2647 2909 2703 2964 In
2735 2908 2841 2964 ﬁne
2867 2907 3050 2979 hymni
3066 2907 3135 2965 de
3158 2906 3309 2964 Novo
3334 2907 3562 2964 Lumine
3588 2908 3793 2966 sabbati

2206 3003 2479 3077 paschalis
2509 3000 2780 3073 egregiam
2811 3000 3072 3057 rationem
3105 3000 3281 3057 reddit
3328 3000 3674 3069 Prudentius,
3700 3017 3794 3057 cur

2206 3096 2408 3159 lumina
2432 3096 2485 3150 in
2520 3094 2611 3151 Dei
2643 3092 2903 3150 honorem
2954 3092 3170 3150 accendi
3198 3093 3425 3149 debeant
3454 3110 3468 3147 :
3524 3093 3570 3148 Ο
3608 3110 3690 3149 res
3717 3093 3797 3147 di-

2208 3204 2330 3258 gna,
2358 3184 2541 3255 Pater,
2571 3201 2725 3256 quam
2771 3185 2861 3240 tibi
2896 3186 3112 3245 roscida:
3159 3184 3343 3240 Noctis
3386 3185 3643 3257 principio
3676 3201 3799 3256 gres

514 3282 669 3345 gunt,
700 3274 788 3329 ubi
820 3272 986 3331 refert
1041 3275 1167 3330 olim
1215 3290 1402 3339 revera
1451 3276 1766 3335 miraculum
1813 3276 2107 3346 contigisse
2131 3255 2187 3337 (ἶ
2211 3255 2330 3333 luus
2357 3276 2563 3344 oﬂ'eral,
2587 3255 2800 3344 Lucem,
2830 3292 2930 3345 qua
2956 3276 3134 3330 tribuis
3163 3277 3236 3330 nil
3262 3255 3553 3346 pretiosius,
3607 3255 3800 3333 Lucem

511 3374 573 3421 ut
601 3366 689 3423 die
716 3366 922 3423 sabbati
956 3366 1125 3422 sancti
1150 3367 1287 3437 ignis
1316 3382 1346 3422 e
1372 3368 1511 3425 coelo
1551 3367 1890 3423 descenderit
1920 3368 1973 3422 in
2013 3382 2104 3423 ec-

513 3458 679 3514 clesia
707 3457 1216 3533 Hierosolymitana.
1243 3457 1387 3513 Idem
1410 3459 1514 3513 col.
1550 3458 1654 3515 600
1676 3466 1732 3513 et
1770 3474 1885 3527 seq.
1914 3459 2105 3513 Arme-

513 3572 709 3615 rtorum
740 3557 973 3611 fabulam
1018 3568 1071 3613 et
1100 3558 1289 3623 ritum,
1321 3558 1412 3627 qui
1434 3572 1644 3613 summo
1685 3572 1843 3613 mane
1872 3557 1973 3611 diei
2002 3556 2107 3615 Rep

515 3649 870 3705 surrectionis
924 3663 1113 3703 cereos
1162 3648 1460 3705 accendunt
1512 3664 1577 3703 ex
1630 3636 1863 3717 quodam
1906 3647 2109 3702 lumine

521 3740 799 3807 divinitus,
828 3750 886 3797 ut
916 3739 1210 3804 venditant,
1240 3747 1483 3809 accepto,
1519 3738 1739 3809 exponit
1768 3749 1820 3794 et
1849 3739 2102 3807 exagitat.

521 3957 630 4007 cer,
661 3940 944 3997 conﬁrmat
992 3940 1438 4012 consuetudinem
1480 3940 1619 4011 apud
1666 3944 1913 4012 antiquos
1944 3942 2110 3998 fuisse

519 4021 681 4068 nocte
707 4012 914 4067 sabbati
941 4011 1108 4067 sancti
1133 4026 1227 4082 per
1253 4010 1441 4066 domos
1462 4010 1667 4069 lumina
1696 4010 1970 4082 complura
2000 4014 2109 4067 dis-

520 4094 725 4164 ponere
754 4097 818 4164 ex
849 4083 995 4137 omni
1020 4083 1240 4136 materia
1268 4098 1385 4151 quae
1418 4093 1591 4152 potest
1622 4086 1861 4153 prtebere
1889 4084 2109 4138 alimen-

522 4163 637 4209 tum
665 4155 792 4224 igni.

596 4224 673 4295 (a)
715 4224 997 4280 Praeterire
1044 4224 1168 4279 nolo
1217 4226 1600 4292 conjecturam.
1635 4226 1777 4295 quod
1810 4227 1917 4293 jam
1971 4225 2105 4281 Pru-

525 4296 690 4350 dentii
718 4296 915 4350 saeculo
941 4295 1118 4349 lumen
1148 4295 1198 4348 in
1236 4296 1517 4364 pervigilio
1566 4296 1782 4349 Paschte
1809 4312 1838 4349 a
1878 4297 2109 4351 diacono

524 4365 773 4420 videatur
800 4366 1060 4435 oblatum,
1085 4374 1141 4420 ut
1171 4382 1312 4420 nunc
1343 4367 1565 4421 olfertur
1596 4382 1783 4421 cerens
1818 4367 2110 4435 paschalis,

525 4451 590 4489 ex
620 4450 799 4497 versu,
834 4434 1050 4507 fiumen,
1074 4437 1212 4507 quod
1244 4452 1519 4491 unumne
1546 4436 1726 4502 offero,
1758 4434 1957 4507 suscipe
1986 4437 2112 4489 Tin-

528 4512 668 4558 ctum
718 4505 923 4573 paciﬁci
952 4506 1240 4558 chrismatis
1270 4508 1514 4573 unguine.
1555 4510 1618 4559 Μ
1661 4522 1780 4560 cum
1813 4505 1949 4561 idem
1987 4508 2117 4561 Pru-

529 4573 744 4653 dentius
770 4575 1020 4653 lacrgmas
1042 4576 1230 4653 olentes
1261 4576 1555 4653 diserit,_et
1580 4577 1835 4631 Paulinus
1865 4579 1928 4653 in_
1948 4578 2117 4653 versi-

527 4645 631 4699 bus
659 4660 781 4698 mox
812 4644 1104 4698 referendis
1124 4661 1228 4698 non
1256 4646 1427 4699 solum
1446 4648 1607 4714 pictos
1623 4662 1810 4709 cereos,
1838 4648 1930 4701 sed
1955 4649 2113 4702 etiam

530 4713 692 4769 odora
719 4715 913 4768 lumina
933 4717 1453 4779 comntemoraverit,
1487 4717 1585 4770 etsi
1620 4718 1720 4770 alia
1756 4720 2118 4785 interpretatio

2214 3386 2313 3437 qua
2343 3367 2540 3437 reliqua
2570 3366 2781 3435 praemia
2809 3366 3081 3420 cernimus.
3108 3366 3236 3432 Quae
3284 3367 3421 3421 ratio
3450 3365 3517 3420 ad
3548 3375 3795 3421 ornatum

2214 3460 2539 3531 divitiasque
2565 3457 2885 3528 templorum
2916 3458 3117 3527 optime
3164 3457 3486 3523 transfertur
3517 3475 3531 3513 :
3559 3466 3609 3514 et
3657 3456 3793 3526 poli-

2220 3554 2341 3609 ticis
2371 3554 2460 3623 qui
2489 3552 2657 3607 Persii
2706 3565 2919 3605 versum
2949 3551 3217 3605 ineulcant
3246 3567 3260 3603 :
3297 3549 3483 3617 Dicite,
3514 3549 3794 3617 pontiﬁces,

2215 3646 2272 3705 in
2300 3654 2478 3705 sancto
2495 3644 2619 3713 quid
2641 3642 2765 3714 facit
2790 3643 3162 3711 aurum,§recte
3192 3641 3630 3711 respondebitur:
3655 3640 3698 3695 0
3722 3657 3803 3695 res

2219 3737 2401 3808 digna,
2438 3734 2616 3802 Pater,
2646 3751 2800 3805 quam
2828 3734 3059 3805 tibigrea:
3104 3742 3221 3787 tuus
3243 3732 3444 3800 o/ferat.
3503 3728 3627 3787 Scio
3676 3733 3803 3802 quid

2226 3943 2435 4012 quoties
2456 3943 2508 3996 in
2537 3942 2715 3997 missas
2734 3942 2997 3997 sacriﬁcio
3024 3948 3148 3996 ante
3167 3939 3496 4008 evangelium
3527 3938 3652 4012 thus
3681 3937 3807 3992 ado—

2224 4010 2367 4071 letur
2404 4031 2417 4068 :
2466 4012 2755 4084 Dirigatur,
2782 4013 3016 4076 Domine,
3042 4014 3208 4067 oratio
3228 4028 3361 4075 mea,
3391 4012 3519 4065 sicut
3538 4010 3811 4063 incensum

2221 4084 2277 4137 in
2302 4095 2568 4154 conspectu
2598 4094 2684 4137 tuo
2703 4100 2721 4137 :
2744 4084 2957 4154 elevatio
2984 4098 3193 4154 manum
3214 4097 3449 4154 mearum
3467 4095 3808 4154 ssentrtctnn

2222 4150 2607 4209 vssrsnrtuun.
2632 4153 2829 4209 Confer
2878 4156 2935 4208 S.
2985 4152 3268 4216 lsidorum,
3300 4151 3389 4207 lib.
3419 4150 3485 4206 de
3518 4150 3677 4221 Myst.
3714 4167 3811 4203 ex-

2222 4239 2342 4294 pos.
2373 4238 2626 4288 sacram.,
2656 4238 2775 4292 cap.
2810 4225 2878 4279 58
2923 4224 2990 4278 de
3019 4222 3592 4294 Incensocomposito,
3615 4230 3672 4276 et
3701 4221 3811 4294 Ru-

2221 4291 2435 4364 pertum
2458 4291 2784 4349 Tuitieusem
2828 4295 2919 4349 lib.
2964 4308 3017 4349 vi
3061 4294 3128 4349 de
3155 4293 3355 4348 Divinis
3386 4291 3489 4346 Otl‘.
3511 4334 3527 4360 ,
3562 4307 3683 4361 cap.
3715 4292 3809 4353 51,

2224 4366 2337 4441 Cur
2354 4366 2842 4441 adbenedicendum
2862 4380 3059 4419 cereum
3091 4380 3285 4441 quoque
3330 4372 3498 4441 portat
3526 4364 3813 4441 incensum.

2297 4435 2371 4517 ib)
2408 4435 2581 4517 ﬁlatali
2610 4436 2684 4489 ὗς
2732 4438 2901 4489 Aurea
2939 4451 3077 4517 nunc
3130 4435 3285 4517 niveis
3332 4433 3817 4517 ornantur-limina

2223 4503 2367 4568 velis,
2402 4503 2557 4560 Clara
2586 4517 2895 4561 coronantur
2916 4507 3083 4559 densis
3122 4506 3308 4559 altaria
3338 4504 3556 4575 lychnis.
3590 4503 3816 4557 Lumina

2226 4578 2406 4649 ceratis
2427 4577 2695 4649 adolentur
2714 4579 2873 4631 odora
2890 4576 3130 4649 papyris,
3162 4575 3340 4649 Nocrt-z
3368 4588 3559 4649 DlEQUB
3590 4588 3816 4649 μωμᾷ.

2226 4648 2301 4700 sic
2328 4664 2429 4701 ηοω
2455 4647 2721 4717 splendore
2749 4648 2845 4702 diei
2876 4645 3065 4716 Fulget
3090 4663 3108 4700 :
3146 4656 3191 4701 et
3220 4648 3334 4714 ipsa
3377 4647 3483 4699 dies
3518 4645 3709 4700 calesti
3750 4646 3817 4699 il-

2228 4718 2402 4771 lustris
2427 4716 2615 4771 honore
2642 4717 2769 4773 Plus
2799 4720 2947 4771 micat
2974 4758 2988 4782 ,
3019 4716 3298 4772 innumeris
3348 4718 3510 4771 lucem
3557 4717 3818 4785 geminata

530 4785 778 4841 adhiberi
805 4786 973 4909 possit
995 4826 1008 4850 ,
1043 4795 1218 4841 tamen
1248 4765 1481 4855 suspicio
1527 4787 1657 4841 mihi
1697 4796 1777 4842 est
1803 4765 2114 4852 honr-levis:
2145 4765 2199 4826 Π
2225 4786 2471 4841 lucernis.
2497 4788 2671 4843 Natali
2800 4765 2946 4842 E'It'si'
2975 4765 3583 4858 lilii-"gica;acclinia?
3594 4765 3821 4841 lautitia

532 4855 676 4909 auod
730 4856 853 4909 inte
892 4858 1181 4909 repetenda
1228 4857 1297 4909 sit
1335 4858 1486 4909 orico
1544 4858 1778 4909 uuinnue
1828 4874 2116 4909 granorum
2230 4860 2360 4909 ceris
2392 4858 2781 4909 Multiforesaue
2829 4859 2963 4909 caris
3006 4858 3567 4909 luchnoslaauearibus
3615 4865 3817 4909 aptent.

532 4855 676 4928 quod
730 4855 853 4911 inde
892 4858 1181 4923 repetenda
1228 4857 1297 4912 sit
1335 4858 1486 4926 origo
1544 4858 1778 4927 quinque
1828 4874 2116 4928 granorum

531 4926 706 4999 thuris
738 4940 856 4999 qua:
910 4940 1067 4980 ceree
1097 4928 1334 4999 paschali
1379 4944 1407 4981 a
1436 4928 1663 4983 diacono
1690 4926 1998 4999 inﬁguntur,
2028 4931 2117 4999 qui

528 4997 605 5070 ita
643 4997 815 5067 pergit
844 5010 1043 5070 cannens
1086 5015 1097 5049 :
1133 4996 1198 5070 In
1226 4999 1381 5070 hujus
1420 5000 1576 5070 igitur
1616 4996 1994 5069 noctis'gratia
2033 4996 2120 5055 su-

530 5064 691 5139 scipe,
724 5064 894 5139 sancte
922 5064 1107 5139 Pater,
1124 5064 1315 5139 incensi
1354 5064 1509 5139 hujus
1533 5064 1846 5139 sacriﬁcium
1874 5072 2116 5137 vesperti-

531 5137 655 5193 num
679 5154 697 5192 .·
728 5138 863 5211 quod
894 5138 981 5190 tibi
1006 5137 1185 5211 inhac
1209 5140 1339 5211 cerei
1371 5137 1621 5197 oblatione
1647 5137 1861 5195 solemni
1914 5158 2000 5203 per
2024 5144 2122 5194 mi-

530 5209 810 5280 nislrorum
839 5225 1020 5262 manus
1042 5209 1103 5263 de
1142 5209 1375 5278 Operibus
1404 5228 1579 5280 apum,
1608 5222 1929 5266 sacrosancta
1953 5213 2123 5265 reddit

532 5278 787 5335 Ecclesia.
820 5281 862 5334 A
903 5280 1176 5335 nonnullis
1203 5280 1408 5335 criticis
1434 5278 1591 5337 etiam
1626 5282 1844 5350 majoris
1874 5283 2113 5337 subsellii

530 5351 836 5407 rubricistte
885 5350 1087 5406 erroris
1117 5360 1429 5419 arguuntur,
1459 5353 1599 5419 quod
1634 5352 1733 5407 hoc
1779 5354 1897 5408 loco
1947 5353 2120 5407 thuris

530 5422 865 5481 mentionem
898 5421 1013 5477 ﬁeri
1043 5421 1397 5487 crediderint,
1432 5424 1670 5489 adeoque
1715 5423 1781 5477 ad
1811 5423 1925 5478 huic
1954 5425 2118 5478 verba

534 5502 721 5559 grana
754 5491 923 5547 thuris
966 5492 1232 5561 inﬁgenda
1282 5493 1722 5561 praescripserint.
1766 5494 2121 5548 Nihilominus

533 5568 671 5633 puto;
692 5562 999 5633 sacri/icium
1028 5564 1361 5633 vespertinum
1388 5564 1580 5616 incensi
1623 5562 1920 5633 intelligide
1943 5564 2120 5628 thure,

537 5639 593 5685 et
621 5630 872 5701 distingui
898 5647 929 5686 a
959 5634 1088 5687 cerei
1110 5630 1375 5688 'oblatione
1415 5634 1627 5687 solemni
1655 5649 1744 5701 per
1774 5630 2123 5695 ministrorum

537 5716 720 5781 manus
749 5701 811 5781 de
845 5702 1288 5781 operibusapum.
1328 5704 1417 5758 Sic
1445 5705 1603 5772 paulo
1645 5712 1771 5781 ante
1803 5706 1854 5758 in
1879 5706 2127 5781 “benedi-

539 5773 712 5826 ctione
737 5770 904 5827 thuris
930 5788 942 5823 :
973 5770 1175 5857 Veniat,
1192 5770 1505 5857 quasuntus,
1529 5774 1842 5857 onutipotens
1861 5773 2027 5857 Deus,
2050 5793 2130 5857 su-

540 5857 631 5911 per
661 5857 759 5897 nec
800 5856 1056 5898 INCENSUI
1087 5844 1233 5912 larga
1262 5856 1360 5899 tute
1394 5844 1757 5901 benedictionis
1796 5846 2007 5912 inlusio.
2061 5847 2128 5900 Et

2230 4860 2360 4930 ceris
2392 4858 2781 4930 Multiforesque
2829 4859 2963 4912 cavis
3006 4858 3218 4930 lychnus
3244 4858 3567 4930 laquearibus
3615 4865 3817 4930 aptent,

2232 4928 2301 4983 Ut
2323 4931 2513 4983 uibrent
2531 4926 2770 4983 tremulas
2802 4930 3005 4999 [uitalia
3026 4926 3041 4929 ⁷
3060 4928 3285 4997 pendula
3312 4926 3583 4999 flammas.
3641 4926 3821 4985 Natali

2226 5014 2303 5061 ιι,
2339 5002 2476 5054 inter
2505 5000 2777 5055 Anecdota
2802 4996 3099 5063 Mnratori,
3144 5014 3286 5053 vers.
3321 4998 3424 5052 407
3454 5015 3467 5049 :
3526 4996 3656 5051 lla'c
3704 5012 3821 5065 qua:

2228 5070 2436 5124 cernitis
2463 5071 2569 5141 illic
2603 5069 2756 5124 Omni
2794 5080 3030 5139 prompta
3084 5068 3166 5141 die
3191 5110 3206 5141 ,
3239 5070 3316 5141 vel
3337 5139 3343 5141 _
3368 5069 3686 5141 circumfusa
3731 5082 3821 5137 per

2231 5156 2423 5193 omnes.
2473 5140 2669 5194 Ordine
2719 5142 2949 5194 dimenso
2978 5139 3125 5210 quasi
3165 5139 3473 5193 candelabra
3512 5140 3777 5210 columnas
3804 5178 3819 5201 ,

2231 5212 2474 5283 Depictas
2500 5222 2699 5283 exstare
2728 5219 2911 5282 gerunt
2929 5208 3042 5282 qua:
3070 5210 3277 5283 cuspide
3322 5225 3485 5283 ceras,
3520 5208 3742 5283 Lumina
3765 5216 3822 5283 ut

2232 5279 2447 5334 inclusis
2471 5279 2752 5335 reddantur
2781 5279 2952 5352 odora
2980 5284 3211 5352 papyris.
3242 5279 3305 5335 At
3336 5279 3502 5352 medio
3551 5279 3605 5352 in
3651 5281 3823 5352 spatio

2233 5352 2326 5421 ﬁxi
2352 5353 2675 5421 laquearibus
2698 5354 2814 5407 altis
2840 5349 3134 5405 Pend’abant
3164 5368 3251 5421 per
3294 5350 3457 5406 ahena
3487 5349 3596 5404 cavi
3625 5351 3822 5403 retina-

2233 5423 2351 5494 c_ula
2377 5422 2569 5491 lychni,
2598 5424 2699 5489 Qui
2719 5424 2883 5494 specie
2907 5422 3121 5476 arborea
3151 5421 3471 5494 lentisgquasi
3508 5421 3641 5494 circa
3669 5421 3825 5494 virgis

2235 5489 2457 5545 Brachia
2485 5489 2754 5559 iactantes,
2782 5508 3074 5561 summoque
3114 5492 3377 5561 cacumine
3401 5490 3529 5544 rami
3569 5489 3827 5544 l’itreolos

2237 5571 2429 5632 gestant
2454 5574 2698 5637 tanquam
2725 5580 2821 5618 sua
2845 5580 2998 5637 poma
3023 5563 3249 5630 caliclos,
3274 5560 3505 5637 Ethquasi
3552 5569 3827 5637 cernentes

2237 5630 2449 5707 accenso
2471 5630 2661 5690 lumine
2680 5630 2886 5707 florent,
2918 5631 3190 5703 Densaque
3211 5630 3518 5686 multiéomis
3546 5630 3830 5707 imitantur

2236 5704 2408 5828 fideza
2436 5700 2693 5776 ﬂammis,
2713 5700 3152 5778 Distinguuntque
3200 5718 3375 5777 graves
3405 5716 3682 5757 numerosa
3710 5700 3829 5755 luce

2259 5789 2349 5828 ene
2382 5792 2485 5828 ναι.

2238 5784 2485 5833 tenebras.
