4142 6350
294 5954 325 5967 κ

370 351 473 407 685

1751 336 2117 394 PROLEGOM
2126 335 2276 389 ENA.

3536 343 3637 398 686

366 465 431 515 ad
460 460 573 517 haec
603 469 882 529 reponant,
916 457 1083 513 satius
1107 456 1237 523 fore,
1271 454 1317 510 si
1344 453 1425 507 hac
1470 448 1667 504 divitia:
1699 450 1945 517 pauperi-
1972 459 2025 517 Α
2050 455 2210 500 ettam
2242 444 2505 498 tumulum
2529 442 2638 512 jam
2688 443 2813 498 olim
2864 454 3088 514 argento
3136 457 3334 505 tectura
3377 466 3641 511 memorat

368 555 467 609 bus
494 553 901 607 distribuantur.
935 549 1180 605 Viderint
1224 546 1324 617 Ipsi
1352 559 1420 599 an
1447 544 1563 601 lmc
1578 542 1804 612 jactent,
1825 540 1949 609 quia

368 648 431 701 de
460 647 626 717 egenis
652 646 869 717 pertinet
908 645 978 698 ad
1029 660 1134 713 eos,
1165 656 1232 695 an
1279 639 1381 696 alia
1409 636 1643 709 qualibet
1672 636 1739 691 de
1770 649 1949 689 causa.

369 739 482 810 Ego
512 739 730 809 quidem
789 718 948 793 video
995 734 1332 806 reprobatam
1387 732 1553 786 fuisse
1600 743 1630 783 a
1676 727 1955 784 Salvatore

369 847 556 887 vocem
588 831 739 886 Juéac
768 830 1058 898 lseariotte,
1087 828 1241 883 loau.
1274 840 1367 894 xu,
1395 822 1460 876 δε
1518 823 1689 888 Quare
1713 820 1808 873 hoc
1861 835 1955 873 un-

371 934 613 995 guentum
636 940 737 977 non
759 924 909 977 veniit
940 922 1171 976 trecentis
1195 918 1444 984 denariis,
1470 924 1519 971 et
1542 914 1721 967 datum
1744 921 1817 967 est
1845 927 1957 983 cge-

370 1016 448 1068 nis
478 1012 657 1069 ?Cum
690 1014 747 1069 8.
781 1013 1102 1068 Laurentius
1146 1009 1461 1081 martyrium
1483 1005 1669 1071 subiit,
1700 1005 1752 1061 in
1781 1003 1956 1059 eccle-

371 1109 449 1162 sia
480 1108 644 1163 fuisse
673 1107 963 1178 pretiosam
1012 1104 1420 1175 supellectilem,
1479 1115 1542 1157 ex
1590 1100 1673 1154 his
1722 1094 1959 1167 praefecti

372 1201 437 1255 ad
482 1201 540 1257 S.
575 1201 918 1277 Laurentium
949 1199 1129 1255 verbis
1152 1197 1253 1253 viri
1294 1208 1484 1267 graves
1533 1190 1785 1261 doctique
1810 1187 1960 1243 colli-

371 1295 827 1366 guntPeristeph.
872 1294 1056 1365 bymn.
1083 1292 1141 1357 ε,
1191 1306 1333 1346 vers.
1366 1290 1432 1342 Μ
1466 1302 1480 1339 :
1528 1278 1738 1350 Soletis,
1771 1283 1958 1351 inquit,

373 1388 633 1458 conqueri,
662 1386 857 1442 Stevire
880 1403 972 1440 nos
1012 1388 1159 1457 justo
1209 1382 1451 1453 amplius,
1486 1379 1611 1431 Cum
1665 1374 1962 1429 Christiana

372 1496 587 1551 corpora
619 1478 751 1532 Plus
790 1494 941 1547 quam
978 1486 1183 1531 cruente
1212 1474 1508 1528 scindimus.
1564 1469 1714 1522 Abest
1741 1464 1964 1520 atrocio—

372 1570 510 1622 ribus
541 1568 767 1623 Censura
794 1573 996 1637 fervens
1027 1565 1263 1631 ntotibus,
1300 1563 1498 1616 Blande
1546 1572 1595 1614 et
1629 1560 1791 1629 quiete
1830 1558 1965 1628 aﬂa-

373 1661 479 1729 gito
531 1660 683 1726 Quod
718 1669 896 1728 sponte
918 1659 1054 1712 obire
1106 1658 1305 1710 debeas.
1340 1654 1495 1707 Hunc
1522 1668 1629 1705 esse
1678 1651 1855 1704 vestris
1884 1664 1967 1702 or-

375 1754 472 1820 giis
499 1751 815 1821 Moremque,
849 1761 895 1804 et
922 1759 1084 1804 artem
1110 1748 1369 1817 proditum
1405 1755 1499 1812 est,
1538 1745 1688 1798 lianc
1736 1743 1965 1812 discipli-

2057 536 2230 591 Natali
2258 536 2345 601 15,
2375 550 2518 593 vers.
2547 532 2647 603 5M
2677 545 2733 595 et
2774 552 2889 606 seq.
2918 553 2930 589 :
2961 536 3061 594 Ille
3086 542 3237 599 etiam
3273 544 3470 612 proprii
3499 546 3642 605 nobis

2055 638 2249 683 secreta
2297 627 2522 699 sepulcri
2568 628 2763 687 Sancta
2800 631 3107 693 reuelauit...
3159 634 3355 705 pagina
3406 638 3638 705 quendam

2060 722 2339 779 Har-morie
2378 723 2529 791 afﬁxo
2572 725 2775 795 argenti
2807 726 2984 783 vestita
3020 729 3247 789 metallo.
3292 731 3439 798 [pnas
3488 749 3642 791 armis

2058 814 2424 884 sepulcrorum
2448 829 2511 873 ex
2535 824 2758 884 argento
2782 815 2899 872 ﬂeri
2925 818 3129 886 solitas.
3152 835 3443 894 canamque
3459 841 3642 885 οχοω-

2062 907 2149 978 pla
2180 905 2395 967 tradunt
2429 906 2758 975 antiquitatis
2783 907 3043 981 cultores,

2134 1000 2258 1057 itit.
2294 998 2479 1069 Neque
2509 998 2562 1063 in
2593 999 2887 1057 Prudentia
2925 1003 3119 1062 desunt
3146 1014 3293 1067 certa
3332 1023 3641 1080 argumenta

2062 1091 2369 1151 divitiarum
2395 1100 2451 1148 et
2473 1090 2777 1161 splendoris
2812 1094 3154 1163 templorum.
3183 1097 3240 1155 lu
3270 1098 3477 1159 Eulalia
3498 1119 3639 1160 vers.

2064 1186 2161 1243 illi
2185 1183 2318 1240 :Hic
2335 1184 2421 1241 ubi
2441 1200 2694 1243 marmore
2714 1187 2984 1257 perspicuo
3000 1189 3147 1245 Atria
3170 1188 3385 1251 luminat
3407 1171 3546 1251 atina
3567 1198 3643 1250 πί.

2070 1292 2147 1335 tor
2187 1278 2255 1335 Et
2279 1280 2599 1351 peregrinus,
2633 1288 2683 1337 et
2707 1278 2973 1351 indigena.
3023 1280 3330 1354 Reltiquias,
3358 1287 3646 1359 cineresque

2065 1390 2238 1429 sacros
2264 1373 2447 1429 Sersat
2470 1373 2657 1428 humus
2682 1375 2973 1430 ueneranda
2984 1375 3121 1431 sinu.
3145 1375 3301 1435 Tecta
3322 1396 3537 1435 corusca
3561 1397 3649 1436 su-

2067 1484 2157 1537 per
2182 1466 2395 1520 rutilant
2424 1465 2497 1519 De
2522 1465 2848 1535 laquearibus
2867 1466 3113 1533 aureolis.
3144 1467 3387 1539 Saxaque
3411 1488 3541 1529 censa
3561 1489 3647 1530 eo-

2069 1560 2177 1613 tum
2201 1558 2425 1623 uariant,
2447 1555 2698 1615 Floribus
2739 1569 2795 1615 ut
2834 1558 3095 1616 rosulenta
3135 1572 3281 1630 putes
3310 1562 3471 1619 Prata
3501 1572 3650 1623 rube-

2069 1668 2205 1707 scere
2223 1651 2539 1717 multimodis
2559 1651 2631 1723 (c)

2148 1744 2301 1816 ιθε
2343 1744 2467 1803 155.
2499 1745 2735 1801 Plurima
2766 1746 2817 1799 in
2865 1747 3107 1805 estttdom
3148 1761 3264 1803 κω
3307 1748 3488 1805 ,σοιτί
3529 1765 3652 1821 ρο..

377 1862 495 1898 nam
518 1846 739 1913 foederis,
766 1844 944 1898 Libent
967 1854 1019 1898 ut
1071 1859 1199 1897 auro
1243 1841 1511 1895 antistites.
1543 1838 1807 1908 Argenteis
1849 1852 1967 1906 δινν-
1999 1856 2046 1917 B
2074 1849 2199 1895 sunt
2247 1854 2312 1895 ex
2342 1839 2649 1910 faqpalibus
2687 1850 2778 1895 aut
2809 1840 3235 1910 praecedentibus
3276 1843 3649 1914 scriptoribus.

378 1938 493 2005 phis
527 1940 694 2008 [erunt
735 1935 959 1990 It'umare
988 1924 1191 1989 sacrum
1226 1932 1554 2003 sanguinem,
1589 1928 1830 1997 Auroque
1868 1943 1966 1981 no-

379 2031 573 2083 cturnis
592 2030 751 2083 sacris
775 2029 957 2083 Astare
982 2031 1115 2097 ﬁxos
1137 2044 1329 2095 cereos,
1355 2036 1460 2082 etc.
1482 2023 1838 2079 Nihilominus
1853 2022 1967 2093 plu-

378 2120 497 2174 rimi
522 2128 645 2174 tuno
668 2129 822 2174 erant
849 2121 902 2175 in
937 2120 1175 2175 Ecclesia
1203 2132 1487 2188 pauperes,
1515 2130 1659 2172 vers.
1689 2116 1789 2172 157
1824 2132 1836 2166 :
1865 2114 1967 2169 Ta-

378 2210 449 2263 les
470 2209 653 2279 plateis
699 2210 936 2264 omnibus
968 2210 1233 2279 Exquirit,
1258 2219 1487 2265 assuetos
1518 2208 1589 2261 ali
1604 2206 1847 2271 Ecclesia:
1862 2224 1970 2260 ma-

378 2303 469 2357 tris
496 2319 650 2371 penu,
686 2303 825 2369 Quos
848 2304 955 2374 ipse
981 2316 1192 2372 promus
1224 2312 1453 2367 noverat,
1502 2310 1593 2356 aut
1619 2309 1677 2355 ut
1725 2299 1970 2375 plerique

378 2412 481 2450 non
512 2397 653 2452 male
675 2396 936 2464 scribunt,
974 2396 1116 2461 Quos
1149 2398 1257 2465 ipse
1288 2398 1485 2468 primus
1527 2404 1753 2450 noverat.
1790 2393 1857 2450 Ut
1884 2395 1967 2449 itt-

379 2488 589 2558 telligas
647 2497 793 2543 recte
823 2488 937 2543 huic
964 2488 1072 2543 duo
1100 2488 1393 2553 cubarere,
1424 2487 1563 2558 quod
1588 2496 1640 2542 et
1669 2487 1722 2540 in
1739 2486 1970 2541 Ecclesia

378 2580 577 2635 divitia:
608 2580 846 2647 afﬂuant,
900 2589 954 2635 et
1000 2580 1323 2651 pauperibus
1376 2580 1573 2635 exinde
1602 2578 1967 2635 subveniatur.

384 2671 497 2725 lmo
526 2672 611 2725 vix
642 2672 874 2742 aliquem
924 2672 1107 2727 videas
1164 2672 1251 2742 qui
1301 2672 1649 2728 ecclesiarum
1702 2671 1973 2740 splendori

380 2764 641 2829 consulat,
675 2764 767 2833 qui
788 2778 894 2818 non
945 2762 1085 2818 idem
1140 2764 1225 2818 vel
1270 2766 1503 2821 maxime
1558 2779 1679 2833 erga
1712 2777 1972 2833 pauperes

382 2856 751 2912 misericordia
779 2866 1199 2912 commoveatur.

456 2949 583 3004 155.
624 2949 890 3019 Exemplo
940 2958 1057 3004 utar
1102 2948 1331 3014 Paulini,
1360 2949 1427 3003 de
1474 2963 1581 3019 quo
1625 2950 1786 3017 paulo
1828 2958 1970 3006 ante.

385 3041 556 3109 Quam
586 3042 733 3112 larga
760 3056 922 3096 manu
976 3042 1355 3114 eleemosynas
1397 3041 1448 3096 in
1499 3057 1759 3114 pauperes
1789 3048 1975 3115 eroga-

384 3133 539 3200 verit,
570 3134 670 3203 legi
709 3143 883 3204 potest
912 3133 964 3189 in
1007 3133 1123 3203 ejus
1154 3132 1273 3188 Vita
1324 3148 1353 3189 a
1395 3133 1685 3190 Francisco
1712 3134 1974 3191 Saccbino

2071 1933 2356 2003 Eusebius,
2388 1933 2495 1987 Vit.
2524 1931 2861 1995 Constantini
2892 1934 2985 1993 lib.
3016 1949 3089 2002 tv,
3118 1950 3239 2005 cap.
3273 1935 3363 2003 58,
3396 1940 3653 2008 templum

2072 2026 2169 2087 SS.
2219 2025 2601 2095 Apostolorum
2654 2027 3305 2099 Constantinopolitanum
3342 2033 3656 2093 describens

2070 2121 2146 2174 ait
2176 2137 2189 2174 ε
2214 2118 2440 2189 Cumque
2466 2122 2713 2190 templum
2746 2136 2895 2177 omne
2914 2124 2968 2176 in
3001 2122 3302 2180 immensam
3328 2127 3657 2184 altitudinem

2076 2214 2365 2283 extulisset,
2396 2214 2534 2267 vario
2556 2215 2789 2283 lapidunt
2810 2232 2990 2288 genere
3019 2218 3348 2293 splendidum
3364 2222 3658 2288 reddidit,a

2072 2305 2183 2358 solo
2224 2305 2291 2357 ad
2329 2321 2581 2359 cameram
2624 2323 2779 2377 usque
2812 2310 3109 2363 marmoreis
3153 2312 3336 2367 crustis
3364 2312 3497 2366 illud
3537 2331 3657 2384 0pc—

2072 2397 2230 2452 riens.
2269 2395 2440 2451 Porro
2475 2414 2731 2452 cameram
2764 2398 3091 2456 lacunaribus
3123 2402 3459 2459 minutissimi
3488 2409 3656 2475 operis

2073 2490 2349 2554 obduoens,
2387 2498 2545 2544 totam
2592 2506 2720 2545 auro
2755 2491 3122 2548 imbracteauit.
3163 2492 3232 2547 Et
3258 2510 3421 2565 supra
3455 2497 3660 2565 quidem

2072 2597 2141 2637 ws
2170 2581 2459 2653 tegularum
2488 2582 2695 2637 loco....
2726 2584 2864 2653 quod
2886 2584 3059 2641 itidem
3079 2601 3209 2640 auro
3232 2586 3453 2654 plurimo
3479 2604 3661 2657 super-

2074 2675 2246 2745 fusum
2273 2674 2649 2743 resplendebat.
2678 2673 2837 2729 Plura
2861 2675 2964 2730 alia
3015 2674 3258 2746 adiungit
3286 2676 3660 2733 Theodoretus

2074 2767 2167 2823 lib.
2200 2783 2239 2834 ι,
2271 2782 2393 2838 esp.
2431 2769 2493 2823 3i
2527 2766 2665 2824 Hist.
2691 2766 2761 2824 de
2790 2768 3047 2827 Ecclesia:
3079 2769 3429 2826 Dedicatioue
3472 2772 3659 2827 Hiero-

2075 2860 2301 2930 solymis
2329 2859 2428 2915 sub
2455 2857 2848 2916 Constantino:
2880 2860 3049 2915 Porro
3081 2873 3461 2917 sacrosanctum
3494 2866 3658 2919 altare

2074 2953 2252 3007 dulceis
2283 2954 2431 3025 plane
2461 2953 2739 3025 regalibus,
2771 2963 2817 3007 et
2851 2956 3216 3021 monumentis,
3248 2956 3507 3026 lapidibus
3540 2975 3659 3029 pre-

2076 3044 2237 3111 tiosis,
2264 3060 2493 3113 auroque
2534 3046 2850 3099 collustrotis
2891 3046 3263 3102 adornabatur.
3306 3049 3365 3107 S.
3410 3052 3662 3121 Augusti-

2076 3149 2199 3200 nus,
2232 3135 2327 3193 lib.
2360 3150 2415 3193 Ill
2462 3142 2650 3192 contra
2691 3134 3067 3203 Cresconium,
3116 3152 3236 3208 cap.
3278 3139 3370 3205 29,
3400 3155 3463 3199 ex
3495 3143 3663 3212 geStis

384 3225 441 3280 S.
474 3225 512 3279 Ι.
546 3222 823 3296 eleganter
846 3226 1064 3295 scripta,
1101 3236 1154 3280 et
1195 3240 1484 3295 suppresso
1509 3227 1725 3282 nomine
1754 3227 1897 3281 edita
1920 3227 1972 3282 in
2001 3258 2048 3323 ο
2079 3226 2554 3297 proconsularibus
2590 3241 2732 3281 anno
2765 3227 2870 3282 390
2897 3242 2927 3282 a
2973 3229 3192 3285 Silvano
3230 3231 3456 3301 aliisque
3483 3250 3664 3303 perse-

384 3321 621 3377 editione
650 3337 871 3393 operum
908 3322 967 3375 S.
1016 3319 1221 3374 Paulini
1271 3321 1651 3391 Antuerpiensi
1684 3318 1821 3376 16:22
1866 3318 1964 3392 (α).

392 3414 543 3485 131
585 3413 853 3481 Quantum
884 3430 1011 3468 vero
1030 3412 1282 3469 Paulinus
1304 3414 1355 3469 in
1378 3413 1749 3484 amplificanda
1775 3428 1970 3470 ornan-

385 3504 562 3573 daque
592 3504 811 3559 basilica
849 3504 907 3558 S.
959 3503 1151 3558 Felicis
1189 3503 1546 3559 elaboraverit
1569 3546 1583 3571 ,
1631 3513 1815 3560 narrat
1855 3505 1970 3575 ipse

386 3601 543 3672 epist.
582 3600 669 3667 i2,
691 3609 743 3654 et
777 3599 971 3670 passim
1004 3599 1058 3654 in
1097 3600 1424 3655 carminibus
1453 3600 1677 3670 exponit
1699 3598 1797 3672 (b).
1830 3600 1967 3667 Quin

465 3787 542 3855 (α)
571 3785 835 3840 ldcmmet
863 3785 1139 3850 Paulinus,
1172 3786 1329 3855 epist.
1364 3786 1422 3839 lt
1458 3784 1525 3839 ad
1562 3784 1821 3841 Severum
1846 3785 1969 3841 Sul-

432 3859 614 3921 tcium,
642 3856 972 3925 epigramma
998 3873 1029 3926 a
1065 3857 1261 3911 Severo
1292 3856 1606 3924 expetitum.
1648 3857 1969 3926 imaginibus

432 3873 614 3921 lClum,
642 3873 972 3925 epigramma
1002 3873 1029 3908 a
1065 3873 1261 3911 severo
1292 3873 1606 3924 expetitum.
1648 3873 1967 3926 imaginibus

389 3873 448 3982 ἓ.
472 3926 687 3981 Martini
710 3936 763 3981 et
785 3927 951 3995 ipsius
988 3925 1559 3995 Pauliniafligendum,
1594 3928 1643 3979 in
1669 3927 1781 3979 hmc
1806 3927 1967 3981 verba

391 3998 695 4067 composuit
720 4015 732 4049 :
763 3996 912 4052 Dives
944 4014 1096 4068 opum
1127 3997 1349 4066 Christo,
1378 4014 1570 4067 pauper
1601 3999 1720 4068 sibi,
1750 3997 1972 4067 pulchra

394 4066 611 4123 Severus
640 4068 875 4123 Culmina
896 4066 1108 4122 sacratis
1132 4070 1357 4137 fontibus
1378 4066 1613 4121 instituit.
1645 4066 1705 4120 Et
1735 4066 1855 4136 quia
1878 4084 1971 4122 cat-

394 4144 540 4195 lestes
561 4139 732 4193 aulam
754 4140 997 4193 condebat
1017 4141 1069 4192 in
1092 4150 1252 4199 actus.
1281 4139 1393 4203 Qua
1418 4146 1777 4191 renovarentur
1800 4137 1973 4205 fonte;

398 4211 608 4279 Deoque
654 4212 900 4278 homines,
925 4211 1098 4281 Digna
1140 4210 1471 4281 sacramentis
1497 4211 1695 4281 gemina
1724 4208 1815 4261 sub
1846 4209 1975 4281 ima-

396 4278 730 4352 giuepiuxit,
755 4281 979 4335 Disceret
998 4278 1061 4333 ut
1080 4281 1196 4334 vitta
1226 4280 1363 4333 dona
1388 4290 1597 4352 renatus
1632 4278 1804 4352 homo.
1832 4278 1975 4352 ar-

398 4349 563 4405 tinum
589 4354 871 4406 reneranda
903 4352 995 4406 viri
1023 4361 1236 4407 testatur
1267 4353 1455 4420 imago,
1487 4350 1659 4403 Altera
1692 4349 1975 4403 Paulinum

398 4428 568 4492 forma
625 4423 779 4491 refert
820 4423 1082 4476 humilem.
1129 4420 1230 4475 Ille
1272 4423 1424 4487 ﬁdem
1454 4421 1699 4486 exemplis
1742 4429 1789 4472 et
1830 4421 1979 4474 dictis

399 4491 616 4565 fortibus
666 4502 854 4559 armat,
908 4494 973 4549 Ut
1018 4495 1205 4548 meritis
1244 4492 1443 4563 palmas
1483 4493 1780 4545 intemerata
1812 4491 1973 4616 (erat.

402 4565 511 4616 lete
537 4566 679 4616 docet
712 4580 853 4616 rusrs
890 4566 1139 4616 redimens
1169 4582 1262 4616 sua
1293 4563 1508 4616 crimina
1565 4578 1779 4616 Νωωις.
1836 4562 1973 4616 ’ilior

402 4562 511 4620 Iste
537 4566 679 4619 docet
712 4580 853 4618 rusrs
890 4566 1139 4620 redimens
1169 4562 1262 4619 sua
1293 4563 1508 4617 crimina
1565 4578 1779 4626 NUIIIS,
1812 4562 1979 4617 Vilior

404 4648 457 4689 ut
491 4638 554 4689 sit
582 4652 678 4698 res,
711 4652 867 4702 quant
893 4654 985 4689 sua
1012 4639 1188 4703 cuique
1215 4637 1374 4688 salus.

478 4709 549 4777 (b)
583 4707 751 4777 Natali
777 4708 809 4761 9
837 4723 849 4758 :
882 4706 1012 4759 Ecce
1041 4706 1177 4760 rides
1200 4708 1369 4767 istum,
1392 4723 1493 4775 qua
1512 4706 1677 4775 janua
1705 4706 1872 4776 prima
1899 4723 1977 4759 re-

401 4775 593 4845 crptat,
624 4775 855 4830 Porticus
877 4780 1085 4829 obscuro
1110 4778 1177 4844 {ut
1196 4786 1273 4829 rat
1294 4780 1431 4843 prius
1451 4776 1629 4829 obruta
1650 4788 1797 4829 tecto.
1828 4777 1980 4829 Nunc

402 4852 583 4903 eadem
619 4865 748 4900 nova
798 4850 1068 4918 pigmentis
1112 4859 1158 4901 et
1204 4850 1423 4901 culntine
1450 4848 1624 4913 crevit,
1660 4859 1763 4901 etc.
1821 4846 1983 4899 Trina

406 4936 594 4972 nmnus
621 4920 773 4988 variis
806 4932 1014 4988 operata
1042 4920 1303 4971 decoribus
1334 4920 1476 4971 illam
1510 4918 1745 4972 Exsoluit
1772 4935 1789 4970 :
1819 4918 1983 4986 bijugi

404 4992 637 5058 laqueart
662 5000 706 5043 et
735 4984 983 5043 marmore
1005 4991 1157 5055 fabri,
1186 4988 1361 5041 Pictor
1392 4989 1696 5059 imaginibus
1719 4984 1887 5059 diuina
1910 4984 1985 5058 re-

406 5063 633 5114 rentibus
664 5076 775 5127 ora,
809 5071 911 5114 ctc.
936 5060 1105 5114 Natali
1132 5061 1198 5113 10
1224 5066 1241 5111 ;⁷
1266 5060 1330 5112 1η
1358 5058 1551 5113 aedibus
1590 5063 1704 5127 ejus
1740 5058 1879 5111 Nata
1909 5076 1989 5111 re-

406 5149 526 5185 cens
556 5149 709 5194 opera
739 5134 865 5197 ha’c,
894 5147 1027 5201 quae,
1076 5130 1292 5184 molibus
1319 5134 1539 5201 undique
1579 5131 1724 5183 celsis
1767 5128 1985 5201 cernitis

407 5203 677 5256 emicuisse
702 5204 811 5274 pari
841 5199 1161 5268 splendentia
1190 5202 1355 5274 cultu.»
1394 5203 1461 5274 Et
1488 5200 1659 5274 Natali
1683 5201 1746 5274 ii
1780 5217 1792 5251 :
1820 5199 1985 5253 Multa

408 5276 594 5327 etenim
635 5271 876 5339 suberant
924 5276 1047 5339 alia,
1084 5281 1140 5325 ut
1177 5272 1417 5341 novistis,
1437 5273 1490 5324 in
1520 5273 1631 5341 ipso
1672 5271 1985 5324 Urnamenta

410 5346 546 5411 loco,
571 5360 682 5411 qua:
705 5354 940 5411 sumeret,
972 5354 1024 5397 ut
1052 5344 1218 5397 crucis
1248 5358 1373 5395 auro
1400 5340 1824 5396 Parceret:intus
1853 5343 1986 5395 enim

412 5413 688 5469 latitabunt
728 5417 939 5485 mystica
977 5431 1118 5477 vasa,
1164 5414 1437 5467 Sumeudis
1467 5413 1987 5485 mandatq_sacris...

417 5487 547 5551 Quw
577 5486 731 5539 simul
757 5482 802 5539 et
832 5487 982 5539 rariis
1010 5488 1129 5540 scite
1160 5486 1403 5538 distincta
1450 5484 1663 5552 lapillis,
1702 5482 1986 5538 Viderat...

415 5557 592 5611 Parua
618 5573 805 5610 corona
836 5564 1000 5610 subest
1022 5558 1174 5610 uariis
1205 5554 1522 5607 circumdata
1543 5555 1823 5622 gemmis...
1854 5554 1989 5607 Con-

416 5629 615 5681 tinuam
642 5627 863 5697 scyphus
884 5637 955 5681 est
984 5638 1256 5697 argenteus
1285 5636 1431 5695 aptus
1458 5624 1524 5678 ad
1554 5642 1717 5679 usum.

490 5700 564 5769 (c)
596 5699 653 5751 In
698 5696 947 5769 passione
975 5696 1342 5769 S.’Fructuosi
1369 5703 1425 5751 et
1458 5697 1727 5749 sociorum
1756 5696 1821 5750 (l‘
1854 5705 1991 5750 tcm-

421 5767 515 5838 plo
542 5767 852 5824 eorumdem
884 5778 1176 5839 martyrum
1202 5786 1212 5819 :
1242 5767 1376 5839 Hinc
1400 5777 1582 5820 aurata
1602 5778 1776 5821 sonent
1800 5770 1850 5819 in
1877 5784 1994 5821 arce

404 5848 574 5913 tecta.
605 5839 663 5894 lu
687 5839 993 5909 Hippolyto.
1018 5838 1159 5896 vers.
1186 5841 1288 5897 183
1310 5856 1323 5893 :
1348 5838 1376 5893 1
1384 5857 1494 5903 psa,
1526 5840 1637 5893 illas
1662 5840 1845 5893 aninuc
1868 5854 1994 5892 exu-

2078 3319 2309 3375 cutionis
2342 3326 2588 3387 tempore
2624 3318 2850 3373 traditos
2888 3319 3057 3376 refert
3082 3322 3265 3376 calices
3300 3323 3431 3377 duos
3457 3341 3659 3393 aureos,

2077 3412 2312 3483 itemque
2340 3411 2524 3467 calices
2554 3428 2643 3467 sea:
2662 3422 3023 3482 argenteos...
3056 3413 3400 3487 Posteaquam
3433 3429 3665 3489 apertum

2075 3514 2152 3563 est
2199 3504 2254 3558 in
2281 3504 2663 3569 bibliothecam,
2689 3504 2912 3575 {inuenta
2946 3512 3063 3561 sunt
3100 3506 3169 3565 ibi
3196 3510 3422 3565 armaria
3459 3510 3664 3565 inania.

2076 3596 2159 3653 lbi
2190 3596 2405 3671 protu’lit
2438 3596 2684 3653 Siluanus
2712 3595 3051 3669 capitulatam
3074 3607 3366 3669 argenteam
3396 3611 3442 3669 et
3495 3603 3663 3657 lucer-

2074 3784 2183 3839 uias
2214 3780 2575 3859 quee_cont_in_et
2603 3781 2760 3859 intus,
2785 3774 3041 3859 @dicula
3069 3796 3315 3841 sessuro
3343 3782 3572 3859 fulgurat
3604 3802 3667 3842 ea:

2078 3850 2285 3911 somno.
2312 3851 2555 3919 Praeﬁxit
2577 3850 2776 3907 tabulas
2796 3851 2935 3907 diues
2956 3867 3136 3907 manus
3162 3850 3365 3919 equore
3393 3850 3506 3911 hirci
3528 3857 3663 3913 Cun-

2079 3926 2275 3991 dentes,
2300 3939 2533 3977 recavum
2561 3924 2711 3989 quale
2738 3924 2861 3977 nitet
2892 3923 3170 3990 speculum.
3197 3923 3306 3979 Nec
3338 3925 3513 3982 Pariis
3538 3946 3663 3983 con-

2080 4006 2221 4051 tenta
2262 3997 2431 4049 aditus
2463 3993 2712 4049 obducere
2739 3994 2898 4057 saetis,
2929 3994 3127 4047 addidit
3153 3997 3382 4051 ornando
3415 4001 3558 4051 clara
3588 4012 3668 4052 ta—

2082 4068 2221 4121 lenta
2242 4067 2405 4131 operi.
2439 4064 2505 4118 Et
2534 4079 2675 4118 vers.
2709 4062 2814 4118 815
2833 4081 2871 4136 :_
2892 4062 3010 4118 Stat
3030 4063 3138 4136 sed
3155 4066 3308 4135 juxta
3340 4067 3504 4129 aliud,
3525 4072 3663 4136 quod

2084 4147 2226 4191 tanta
2253 4135 2536 4205 frequentia
2560 4136 2805 4203 templum
2830 4132 2975 4205 Tunc
3005 4132 3187 4205 Adeat,
3216 4136 3359 4189 cultu
3388 4132 3559 4193 nobile
3584 4157 3665 4192 re-

2078 4208 2256 4277 giﬁco.
2306 4205 2594 4260 Parietibus
2640 4205 2831 4278 celsum
2878 4204 3199 4278 sublimibus,
3255 4214 3409 4278 atque
3445 4211 3666 4278 superba

2083 4274 2359 4350 M'ajestate
2386 4287 2585 4350 potens,
2617 4276 3007 4350 muneribusque
3029 4274 3257 4350 opulens.
3297 4274 3439 4329 Ordo
3469 4274 3668 4334 colum-

2080 4343 2266 4404 nar'um
2294 4349 2524 4421 geminus
2561 4347 2822 4421 laquearia
2860 4345 2977 4400 tecti
3020 4343 3269 4421 Sustinet,
3319 4352 3516 4421 auratis
3545 4368 3667 4421 ευρ..

2068 4422 2274 4491 positus
2297 4416 2552 4491 trabibus.
2605 4416 2884 4491 Adduntur
2910 4416 3124 4491 graciles
3166 4425 3292 4491 tecto
3324 4420 3550 4475 breuiore
3588 4416 3667 4485 re:

2083 4488 2278 4555 cessus,
2313 4490 2415 4555 Qui
2457 4492 2675 4543 laterum
2703 4488 2890 4543 seriem
2909 4488 3119 4559 jugitet:
3148 4488 3436 4559 exsinuent.
3470 4493 3533 4545 At
3562 4507 3669 4549 mc-
3732 4510 3735 4511 ν

2084 4563 2195 4634 dios
2224 4562 2386 4632 aperit
2424 4568 2615 4634 tractu_s
2657 4560 2742 4613 via
2777 4555 2930 4634 latior
2960 4555 3050 4634 alti
3080 4555 3350 4634 Culminis,
3393 4577 3668 4634 exsurgens

2070 4629 2300 4687 editiore
2345 4633 2505 4697 apice.
2560 4629 2757 4684 Fronte
2794 4630 2885 4682 sub
2928 4630 3141 4683 adversa
3180 4631 3427 4699 gradibus
3455 4629 3670 4690 sublime

2086 4704 2308 4758 tribunal
2344 4702 2584 4764 Tollitur,
2616 4702 2827 4755 antistes
2852 4701 3097 4765 prtedicat
3128 4698 3263 4753 unde
3285 4698 3471 4758 Deutn.
3509 4703 3669 4759 Plena

2087 4777 2375 4831 laborantes
2404 4790 2535 4844 aegre
2563 4773 2743 4828 domus
2764 4772 2954 4844 accipit
2972 4769 3441 4844 undasuarctaque
3471 4780 3673 4844 confer-

2091 4847 2155 4899 tis
2179 4853 2360 4899 a'stuat
2387 4839 2681 4915 invforibus,
2716 4848 2820 4915 etc.
2856 4842 2909 4915 |_u
2944 4841 3143 4915 hymng
3168 4839 3268 4899 SS.
3301 4839 3667 4912 apostolorum

2092 4915 2236 4972 Petri
2263 4926 2316 4969 et
2346 4909 2516 4979 Pauli,
2550 4909 2690 4968 vers.
2722 4913 2785 4966 51
2816 4930 2827 4964 :
2858 4912 3048 4965 Dextra
3097 4909 3307 4983 Petrum
3337 4909 3487 4983 regio
3533 4926 3673 4970 ‘I’Ci-‘S

2095 4995 2226 5041 tenet
2254 4990 2424 5041 aureis
2464 4997 2790 5053 receptum...
2832 4982 3058 5037 Interior
3087 4982 3272 5037 tumuli
3310 5001 3432 5052 pars
3461 4995 3551 5051 est,
3584 4994 3670 5040 uti:

2094 5057 2317 5127 lapsibus
2366 5057 2565 5111 sonoris
2607 5054 2867 5126 Stagnum
2916 5053 3075 5109 nivali
3123 5055 3344 5127 uoluitur
3384 5059 3672 5127 profundo.

2099 5127 2394 5211 amnicolor
2424 5126 2837 5207 uitreaspictura
2865 5140 3084 5211 superne
3112 5126 3261 5194 tingit
3282 5126 3473 5211 ‘ttntlas,
3507 5126 3679 5211 usci

2088 5198 2334 5266 relucent,
2376 5207 2423 5254 et
2447 5198 2646 5252 virescit
2671 5214 2874 5261 aurum,
2904 5195 3235 5265 Cyaueusque
3277 5195 3675 5266 latea:_umbrom

2091 5270 2248 5325 trahit
2282 5264 2597 5324 imminentis
2623 5272 2818 5324 ostri...
2845 5264 3002 5323 Parte
3031 5266 3136 5321 alia
3166 5266 3367 5321 titulum
3398 5264 3557 5319 Pauli
3598 5271 3679 5319 via

2090 5350 2255 5395 seruat
2278 5341 2597 5396 Ostiensis...
2631 5340 2790 5411 Regia
2819 5354 3011 5411 pompa
3047 5339 3152 5391 loci
3182 5345 3278 5411 est,
3309 5333 3562 5411 Princeps
3592 5338 3681 5391 bu-

2092 5428 2187 5465 nus
2228 5412 2322 5467 has
2364 5413 2581 5465 sacravit
2610 5406 2774 5476 arces,
2808 5409 3048 5478 Lusitque
3079 5408 3275 5475 magnis
3321 5406 3571 5463 ambitum
3600 5418 3681 5461 ta-

2093 5483 2258 5537 lentis.
2294 5483 2584 5538 Bructeolas
2611 5483 2839 5537 trabibus
2861 5479 3096 5541 sublevit,
3129 5487 3183 5529 ut
3213 5478 3379 5531 omnis
3407 5482 3680 5533 aurulenta

2096 5553 2210 5607 Lux
2230 5563 2357 5608 esset
2386 5555 2543 5619 intus,
2570 5571 2659 5607 ceu
2680 5554 2837 5622 jubar
2860 5551 3115 5622 subortu.
3148 5546 3395 5622 subdidit
3422 5560 3467 5603 et
3491 5548 3680 5604 Parias

2097 5626 2248 5695 fuluis
2270 5625 2591 5695 laquearibus
2621 5619 2919 5695 columnas,_
2946 5619 3231 5695 Distinguit
3252 5620 3363 5695 illic
3388 5636 3524 5695 quas
3551 5637 3686 5691 qua-

2096 5690 2271 5752 tertius
2299 5690 2446 5750 ordo.
2482 5694 2613 5748 Tum
2642 5708 2877 5747 camuros
2900 5690 3053 5752 hyalo
3076 5691 3264 5752 insigni
3286 5692 3428 5746 uarie
3462 5690 3687 5747 cucurrit

2097 5784 2290 5825 arcus:
2317 5768 2405 5824 Sic
2435 5775 2585 5836 prata
2613 5764 2777 5819 vernis
2803 5762 3016 5832 floribus
3046 5762 3297 5821 renident.
