4142 6350
360 304 463 362 689

1739 298 2284 391 PROLEGOMENA;

3524 308 3627 366 690

356 420 837 492 prosequebantur,
882 432 1007 490 erga
1051 430 1186 489 quos
1230 416 1366 473 bene
1416 414 1590 471 affecti
1634 423 1836 472 essent.
1870 415 1929 471 S.
1960 417 2009 478 Α
2062 392 2071 401 ’
2117 414 2233 471 159.
2279 412 2390 469 Mos
2413 414 2570 469 etiam
2604 415 2701 472 fuit
2729 425 2966 473 veterum
2996 434 3220 492 corpora
3251 423 3625 479 defunctorum

356 515 715 585 Hieronymus
744 514 810 569 ad
862 511 1210 569 Heliodorum
1254 510 1411 580 epist.
1460 510 1514 576 ῑ,
1547 522 1663 579 cap.
1698 509 1721 564 1
1752 525 1764 563 :
1795 507 1935 575 Quo-

353 606 641 677 tiescunque
661 605 795 661 nitor
818 605 870 659 in
894 603 1044 660 verba
1072 617 1420 673 prorumpere,
1434 609 1479 655 et
1504 616 1657 669 super
1686 600 1937 655 tumulum

258 752 263 757 .
353 703 464 773 ejus
502 702 657 770 ﬂores
693 716 965 771 spargere,
1003 699 1150 752 toties
1192 696 1432 767 lacrymis
1480 694 1753 763 implentur
1777 696 1934 750 oculi.

354 792 420 847 Et
466 792 663 848 clarius
708 791 760 847 in
803 790 1077 849 Consolat.
1125 790 1188 846 ad
1219 789 1623 845 Pammachium
1673 790 1742 846 de
1789 790 1937 846 obitu

354 885 535 940 uxoris
578 884 813 940 Paulina:
854 886 1012 955 epist.
1060 884 1152 951 26,
1203 894 1330 938 tom.
1390 883 1452 950 l,
1505 899 1624 955 cap.
1657 882 1938 939 2:Cteteri

354 977 525 1031 mariti
558 992 709 1047 super
748 977 970 1031 tumulos
996 979 1269 1049 conjugum
1293 987 1541 1049 spargunt
1563 977 1739 1046 violas,
1776 994 1935 1043 rosas,

354 1068 466 1124 lilia
496 1071 746 1140 ﬂoresque
774 1086 1076 1142 purpureos,
1097 1079 1144 1125 et
1166 1069 1397 1125 dolorem
1427 1071 1639 1142 pectoris
1664 1071 1741 1125 his
1766 1072 1941 1140 oﬂiciis

355 1164 703 1219 consolantur.
759 1163 1125 1219 Pammachius
1183 1174 1351 1219 noster
1399 1172 1627 1217 sanctam
1684 1164 1937 1232 favillam,

357 1272 567 1327 ossaque
604 1258 919 1327 reneranda,
966 1258 1295 1328 eleemosyna:
1343 1256 1577 1311 balsamis
1621 1257 1755 1328 rigat
1794 1272 1811 1310 :
1864 1258 1942 1311 his

354 1350 619 1420 pigmentis
680 1360 829 1421 atque
890 1350 1130 1406 odoribus
1171 1355 1302 1423 fovet
1350 1351 1503 1422 135
1556 1350 1747 1404 cineres
1800 1350 1943 1416 quie-

354 1450 566 1498 scentes.
615 1444 768 1513 Quod
800 1445 998 1514 pariter
1026 1446 1083 1500 S.
1116 1444 1367 1499 Paulinus
1396 1443 1561 1499 refert
1587 1444 1745 1514 epist.
1779 1444 1848 1498 58
1875 1442 1943 1497 ad

358 1533 760 1592 Pammachium
789 1555 799 1590 :
830 1538 995 1603 Quam
1026 1535 1344 1607 (Paulinam)
1382 1552 1480 1591 non
1509 1548 1719 1590 vacuam
1744 1536 1944 1607 ﬂetibus

358 1627 437 1700 (ut
460 1630 684 1682 maxima
710 1646 829 1699 pars
852 1630 1165 1700 mortalium)
1196 1646 1355 1699 neque
1380 1646 1506 1683 vano
1532 1631 1609 1699 (ut
1636 1630 1743 1698 spei
1763 1638 1947 1683 nostra:

357 1730 589 1792 expertes
631 1722 813 1790 solent)
847 1739 1151 1793 pomparum
1191 1724 1420 1776 inanium
1454 1722 1647 1799 honore
1676 1724 1946 1777 comitatus

358 1830 431 1877 es,
478 1814 565 1867 sed
610 1816 843 1869 remediis
867 1816 1179 1870 salutaribus
1204 1854 1219 1882 ,
1248 1826 1293 1869 et
1333 1816 1455 1870 vivis
1483 1816 1664 1885 opibus
1690 1857 1704 1881 ,
1753 1820 1845 1870 hoc
1872 1825 1943 1870 est
1973 1806 2021 1869 B

360 1907 693 1979 elemosynis
732 1922 1048 1979 prosecutus,
1076 1911 1243 1965 debito
1270 1912 1447 1965 ordine
1472 1912 1629 1965 chara
1670 1912 1836 1981 funeri
1856 1916 1947 1984 ju-

360 2008 439 2054 sta
482 2002 770 2070 persolvens
796 2044 808 2067 ,
860 2004 958 2073 piis
996 2005 1235 2073 lacrymis
1277 2014 1323 2059 et
1360 2005 1505 2075 largo
1534 2004 1799 2060 charitatis
1831 2021 1947 2060 rore

358 2092 618 2160 perfusus,
661 2094 949 2166 religiosius
980 2098 1242 2165 exsequias
1271 2095 1556 2154 honorasti.

432 2184 551 2240 158.
591 2186 695 2241 Sed
721 2188 1147 2243 animadvertere
1201 2198 1415 2261 oportet
1474 2192 1571 2247 hos
1622 2191 1765 2263 ipsos
1813 2206 1942 2247 san-

358 2282 491 2341 ctos,
517 2277 605 2346 qui
634 2276 737 2333 alia
766 2293 925 2345 opera
954 2280 1035 2350 pia
1070 2280 1390 2351 praeferunt,
1436 2298 1540 2337 non
1572 2298 1828 2354 respuere
1849 2300 1942 2339 ve-

357 2371 690 2427 nerationem
741 2375 1003 2444 sepulcris
1035 2386 1327 2448 martyrum
1359 2376 1549 2433 ﬂorum
1581 2387 1632 2434 et
1680 2379 1942 2434 frondium

358 2476 457 2517 usu
500 2465 811 2533 praestitam.
855 2466 911 2520 S.
959 2466 1315 2540 Hieronymus
1363 2470 1414 2523 in
1455 2470 1725 2541 cpitaphio
1772 2471 1946 2541 Nepo-

358 2556 486 2611 tiani
520 2574 534 2610 :
587 2557 873 2630 Martyrum
904 2561 1492 2618 conciliabula-diversis
1517 2565 1752 2633 ﬂoribus,
1786 2575 1830 2618 et
1860 2582 1944 2618 aro

358 2652 536 2705 borum
564 2653 737 2723 comis,
772 2654 1044 2726 vitiumque
1075 2657 1327 2727 pampinis
1356 2658 1693 2713 obumbravit.
1719 2658 1773 2715 S.
1806 2658 1943 2713 Pau-

358 2741 501 2799 linus
529 2743 701 2800 Natali
733 2745 796 2799 ὅς

425 2882 575 2947 Ferte
600 2882 729 2947 Deo,
751 2887 910 2947 pueri,
942 2884 1151 2946 laudem,
1178 2887 1251 2947 pia
1276 2885 1447 2935 soltitc
1474 2894 1598 2934 vota.

426 2946 482 2994 Et
502 2947 683 3006 pariter
707 2946 850 2996 eastis
869 2948 982 2997 da:c
1007 2946 1218 2996 carmina
1241 2948 1365 2997 festa
1387 2948 1596 2997 choreis.

421 3009 648 3072 Spargite
674 3011 794 3058 ﬂore
814 3009 990 3067 solum,
1017 3024 1101 3072 pm
1120 3012 1279 3059 texite
1305 3011 1467 3059 limina
1492 3013 1659 3072 sertis,

422 3070 731 3132 Purpureum
753 3085 838 3120 ver
862 3070 1027 3133 spiret'
1046 3073 1219 3131 hiems,
1244 3073 1305 3120 sit
1324 3074 1503 3121 ﬂoreus
1530 3070 1682 3122 annus

426 3133 553 3181 Ante
573 3134 723 3192 diem,
748 3142 912 3183 sancto
935 3136 1075 3183 cedat
1099 3144 1271 3183 natura
1295 3134 1415 3193 diei,

425 3194 647 3256 Martyris
669 3197 726 3245 ad
752 3197 988 3246 tumulum
1011 3197 1168 3247 debes
1194 3204 1245 3246 et
1270 3203 1400 3247 terra
1421 3209 1636 3246 coronas.

360 3321 547 3377 Romae
574 3322 746 3377 adhuc
773 3337 875 3377 non
908 3323 1081 3378 solum
1112 3323 1325 3389 ﬂorum,
1357 3323 1449 3377 sed
1492 3323 1757 3379 frondium
1785 3324 1943 3382 etiam

360 3431 491 3472 usus
544 3416 596 3471 in
654 3416 806 3472 festis
859 3427 1163 3473 sanctorum
1223 3416 1561 3473 celebrandis
1616 3426 1943 3488 perseverat.

360 3512 597 3567 Adventu
627 3510 864 3565 nonnulli
899 3512 1079 3567 nescio
1108 3509 1232 3580 quid
1261 3510 1575 3565 rusticitatis
1604 3511 1657 3565 in
1690 3510 1788 3565 hac
1819 3526 1947 3565 con-

361 3606 646 3663 suetudine
691 3614 895 3660 notant.
948 3607 1054 3676 Ego
1081 3620 1209 3661 vero
1235 3605 1492 3677 quidquid
1524 3605 1708 3660 Romae
1738 3605 1948 3675 publica

363 3698 697 3765 auctoritate,
730 3708 781 3751 et
819 3697 884 3751 ad
912 3706 1154 3753 veterum
1189 3706 1486 3768 temporum
1533 3697 1771 3766 regulam
1823 3698 1944 3767 fiat,

364 3792 598 3847 maxime
636 3790 896 3844 urbanum
941 3805 1059 3845 esse
1107 3789 1302 3861 iudico.
1355 3791 1427 3844 De
1456 3789 1642 3844 eodem
1674 3790 1779 3845 ritu
1810 3791 1949 3859 apud

364 3884 635 3939 Romanos
694 3882 929 3953 aliasque
967 3890 1153 3952 gentes
1196 3883 1345 3953 plura
1368 3891 1579 3938 exstant
1622 3882 1945 3937 testimonia.

364 3964 553 4031 Uuum'
591 3974 866 4045 Virgilium
914 3975 1211 4045 proferam,
1260 3975 1350 4030 lib.
1413 3991 1448 4029 ιι
1496 3974 1711 4032 Ᾱέιιθίἀ.
1742 4016 1757 4043 ,
1807 3991 1946 4032 vers.

367 4066 475 4123 218
510 4084 525 4121 :

433 4161 531 4209 Nos
551 4160 760 4210 delubra
783 4158 961 4217 Deum,
990 4160 1155 4208 miseri
1179 4158 1357 4219 quibus
1380 4158 1583 4210 ultimus
1608 4168 1743 4211 esset

434 4222 522 4272 ille
546 4224 672 4284 dies,
696 4222 820 4273 festa
842 4222 1058 4272 velamus
1082 4221 1251 4271 fronde
1278 4234 1365 4284 per
1391 4223 1579 4272 urbem.

371 4352 429 4408 S.
468 4352 716 4406 Paulinus
764 4351 815 4404 in
866 4351 1065 4417 nuptiis
1099 4364 1310 4421 quoque
1340 4349 1410 4405 id-
1435 4351 1690 4406 usitatum
1716 4351 1955 4409 ostendit

372 4444 607 4512 Epithal.
639 4442 692 4497 in
720 4441 987 4497 lulianum
1019 4462 1030 4495 :

495 4554 651 4607 Nemo
669 4553 823 4605 solum
848 4553 990 4616 foliis,
1018 4553 1179 4605 limina
1203 4553 1375 4606 fronde
1402 4560 1539 4620 tegat
1559 4556 1651 4621 (a).

374 4852 594 4914 narrat:
624 4854 685 4910 Et
710 4864 875 4908 tamen
916 4868 1017 4905 non
1048 4851 1335 4921 defuerunt,
1363 4849 1449 4914 qui
1473 4846 1802 4921 perlongum
1825 4853 1951 4901 tent-

376 4945 472 4997 pus
499 4929 665 4980 vernis
705 4926 985 4992 tertiusque
1012 4925 1223 4992 ﬂoribus
1254 4920 1501 4997 tumulum
1531 4920 1642 4997 ejus
1680 4926 1951 4997 ornarent:

376 4990 438 5054 ac
489 4998 635 5051 modo
691 4990 929 5067 imagines
984 4990 1305 5067 praetextatas
1358 4992 1407 5067 in
1439 4991 1615 5041 rostris
1643 4990 1953 5067 proferrent,

378 5071 532 5123 modo
554 5069 733 5127 edicta.
759 5060 902 5137 quasi
932 5060 1157 5129 virentis,
1193 5072 1250 5137 e_t_
1270 5062 1401 5137 brevi
1430 5076 1612 5137 magpto
1636 5060 1957 5137 inimicorum

380 5143 519 5194 malo
549 5129 812 5193 reversuri.
866 5137 999 5203 Quin
1030 5138 1185 5188 etiam
1214 5133 1489 5200 Vologesus
1520 5129 1824 5185 Parthorum
1846 5146 1954 5203 rex,

380 5214 549 5266 missis
569 5212 634 5263 ad
660 5200 901 5263 senatuin
913 5207 1092 5279 legatis
1115 5206 1178 5257 de
1198 5203 1531 5279 instauranda
1572 5202 1825 5279 societate,
1865 5200 1958 5255 hoc

382 5284 535 5337 etiam
570 5297 873 5350 magnOpere
916 5272 1091 5342 or'avit,
1118 5286 1173 5329 ut
1204 5274 1448 5327 memoria
1479 5274 1589 5342 ejus
1616 5272 1883 5350 coleretur.

458 5355 531 5421 (α)
574 5342 886 5419 Οοιῗιιιρίθιει
917 5350 1108 5419 aliqua,
1136 5356 1226 5400 aut
1251 5342 1728 5421 vana_§utier_stitio
1751 5342 1955 5421 in_llis-

420 5413 557 5479 auiis
596 5413 830 5487 inducta,
883 5413 1102 5476 nota-tur
1126 5431 1330 5471 canone
1370 5415 1442 5487 75
1471 5413 1897 5487 antiquirodicis
1930 5429 1961 5487 ξι

432 5494 664 5549 ominico
688 5483 916 5562 Lopezio
943 5492 1010 5546 de
1050 5491 1268 5562 Barrera
1296 5485 1427 5562 editi
1460 5502 1471 5536 :
1514 5483 1633 5537 Non
1677 5483 1825 5562 liceat
1869 5485 1968 5537 ini-

381 5584 511 5640 quas
540 5557 960 5620 onsenu'rtoues
991 5577 1141 5634 agere
1183 5557 1623 5640 ca-len-darumhet
1650 5557 1763 5607 otiis
1789 5572 1969 5636 uacare

382 5627 676 5712 gentilibus,
703 5652 858 5712 neque
885 5627 1050 5712 lauro',
1088 5640 1174 5685 aut
1202 5629 1462 5712 piriditate.
1488 5627 1965 5712 arborumncingers

384 5698 583 5764 domos.
626 5698 806 5761 Omnis
836 5708 940 5761 hate
968 5698 1558 5775 observatiopaganismi
1588 5698 1801 5775 estnEx
1830 5711 1963 5750 con-

383 5781 473 5836 cil.
509 5779 724 5833 Laodic.
751 5792 868 5833 can.
900 5778 988 5832 51.
1019 5776 1190 5831 Prima
1213 5765 1301 5828 die
1322 5765 1519 5825 mensis
1546 5765 1801 5823 sacrificia
1844 5782 1951 5839 per-

384 5850 618 5918 agebant
645 5849 832 5921 pagani

2041 509 2166 565 vino
2216 510 2297 563 vel
2338 523 2473 579 aqua
2504 508 2705 575 lavare,
2758 524 2865 566 non
2913 511 3086 567 minus
3115 531 3269 585 quam
3318 532 3538 588 ungere,
3571 526 3627 572 et

2038 601 2297 670 sepulcris
2352 600 2473 657 vina
2502 608 2556 657 et
2585 612 2851 673 unguenta
2880 602 3181 662 infundere.
3208 606 3478 681 Virgilius,
3522 612 3617 667 lib.

2044 709 2095 748 v1
2125 692 2339 749 Eneid.
2372 710 2383 745 :

2104 795 2385 860 Corpusque
2417 786 2573 860 136
2593 796 2753 846 lavant
2776 795 3016 860 frigentis,
3044 802 3097 849 et
3115 806 3323 860 ungunt.

2040 903 2183 961 idem
2215 919 2376 976 agens
2404 904 2473 960 de
2502 904 2795 961 honoribus
2821 906 2890 961 ab
2932 906 3106 963 Ainea
3132 910 3335 965 tumulo
3376 911 3625 970 Anchisae

2043 997 2294 1067 praestitis
2325 996 2419 1051 lib.
2451 1012 2484 1051 v
2508 1015 2524 1050 -.

2104 1091 2197 1139 Hic
2229 1093 2324 1139 duo
2348 1092 2445 1140 rite
2470 1104 2607 1141 mero
2628 1091 2787 1143 libans
2809 1093 3057 1142 carchesia
3082 1094 3265 1143 baccho

2105 1152 2283 1219 Eundit
2302 1154 2435 1202 humi
2457 1168 2468 1202 :
2490 1157 2584 1219 duo
2610 1156 2735 1219 lacte
2759 1168 2880 1204 novo
2902 1154 2965 1204 de
2990 1160 3230 1217 sanguine
3255 1167 3411 1219 sacro,

2108 1215 2487 1278 Purpureosque
2504 1214 2624 1277 jacit
2642 1218 2809 1267 ﬂores.

2042 1318 2312 1375 Ausonius
2343 1318 2394 1373 in
2428 1319 2743 1390 Epitaphiis,
2778 1334 2947 1375 carm.
2990 1320 3080 1388 '56,
3128 1322 3180 1376 in
3228 1323 3432 1378 tumulo
3458 1320 3631 1379 homi-

2045 1414 2127 1467 nls
2156 1411 2327 1466 felicis
2354 1412 2425 1465 ita
2448 1411 2521 1465 ait
2550 1430 2565 1467 :

2110 1504 2300 1567 Sparge
2322 1516 2461 1553 mero
2484 1506 2700 1567 cineres,
2726 1510 2777 1553 et
2794 1505 2944 1554 odoro
2968 1505 3144 1567 perlue
3170 1506 3339 1567 nardo,

2173 1564 2382 1627 Hespes,
2408 1571 2461 1614 et
2482 1565 2606 1615 adde
2627 1569 2753 1615 rosis
2774 1564 2984 1617 balsama
3007 1569 3247 1630 puniceis.

2048 1668 2161 1724 Huc
2185 1669 2456 1739 respicere
2480 1670 2746 1725 nonnullis
2776 1670 2921 1727 visus
2949 1682 3031 1727 est
3059 1671 3340 1738 Martialis,
3367 1672 3627 1743 epigram.

2050 1760 2172 1823 126.
2205 1761 2298 1815 lib.
2330 1776 2461 1818 xui:

2119 1856 2432 1925 Unguentum
2458 1858 2641 1907 haaredi
2668 1872 2937 1925 nunquam,
2961 1872 3056 1925 nec
3077 1863 3185 1910 vina
3208 1862 3480 1925 relinquas,

2180 1918 2271 1968 lllc
2297 1920 2476 1969 habent
2498 1934 2736 1983 nummos,
2762 1918 2866 1971 haec
2893 1918 2977 1972 tibi
2996 1929 3094 1973 tota
3113 1925 3243 1974 dato.

2051 2028 2233 2081 Actor.
2281 2034 2451 2095 apost.
2509 2043 2590 2092 ix,
2646 2029 2757 2082 57:
2797 2029 2963 2093 Quam
3016 2029 3316 2100 (Tabitham
3351 2038 3642 2103 mortuam)

2049 2136 2166 2174 cum
2186 2121 2445 2190 favissent,
2472 2133 2748 2190 posuerunt
2774 2139 2885 2177 eam
2908 2124 2961 2176 in
2988 2126 3266 2180 caenaculo.
3305 2125 3451 2180 Hanc
3482 2126 3641 2195 igilur

2048 2214 2486 2270 consuetudinem
2546 2216 2713 2285 tangit
2764 2215 3085 2270 Prudentius
3145 2218 3196 2271 in
3270 2217 3372 2272 fine
3453 2218 3643 2288 hymni

2050 2307 2460 2378 Exsequiarum,
2519 2308 2738 2379 Liquida
2766 2326 3063 2379 spargemus
3100 2312 3274 2375 odore,
3329 2310 3417 2364 ubi
3465 2319 3642 2364 tamen

2050 2408 2321 2470 unguenta
2367 2400 2540 2469 potius
2578 2400 2839 2469 intelligo.
2868 2400 2957 2456 Sic
2984 2401 3078 2455 lib.
3114 2417 3165 2469 ι,
3200 2403 3299 2455 oda
3334 2403 3365 2453 Si
3390 2401 3591 2456 Horatii
3627 2420 3640 2455 :

2053 2490 2299 2561 Perfusus
2328 2491 2532 2561 liquidis
2562 2492 2824 2559 odoribus,
2866 2492 2918 2547 id
2948 2500 3052 2557 est,
3086 2492 3355 2547 delibutus
3386 2508 3628 2563 unguen-

2052 2585 2135 2639 tis.
2179 2584 2285 2641 Sed
2310 2584 2454 2639 clare
2501 2584 2553 2639 in
2600 2584 2798 2656 hymno
2836 2584 2892 2639 S.
2926 2584 3205 2640 Fructuosi
3236 2593 3291 2639 et
3329 2599 3465 2647 soc.,
3495 2599 3635 2642 vers.

2051 2676 2165 2730 13:

2300 2746 2423 2807 Tum
2445 2746 2509 2807 de
2533 2748 2820 2807 corporibus
2842 2747 2992 2797 sacris
3014 2746 3205 2805 favillae,

2298 2806 2357 2858 Et
2380 2806 2574 2870 perfusa
2599 2806 2736 2858 mero
2760 2810 2993 2871 leguntur
3017 2823 3124 2859 ossa
3144 2808 3230 2883 (ὁ).

2050 2912 2306 2967 Martinus
2338 2913 2471 2977 Roa,
2516 2913 2609 2968 lib.
2657 2913 2724 2968 de
2758 2915 2849 2971 Die
2896 2915 3058 2971 natali
3103 2929 3259 2971 sacro
3285 2923 3336 2970 et
3387 2915 3632 2984 profano,

2050 3018 2167 3072 cap.
2200 3003 2287 3069 19,
2324 3012 2474 3075 putat
2526 3005 2685 3059 verba
2732 3006 3026 3072 Prudentii,
3064 3006 3126 3061 Et
3166 3008 3376 3079 perfusa
3406 3023 3541 3061 mero
3571 3008 3644 3061 le-

2050 3104 2240 3162 guntur
2270 3110 2403 3160 ossa,
2437 3110 2542 3150 non
2573 3110 2693 3151 esse
2724 3097 3067 3166 intelligenda
3096 3100 3247 3168 juxta
3277 3100 3436 3154 ritum
3464 3096 3637 3168 genti-

1973 3208 2019 3272 Ο
2050 3185 2197 3253 lium,
2232 3187 2298 3241 de
2327 3202 2432 3257 quo
2461 3186 2709 3257 Virgilius
2739 3188 2953 3245 IEneid.
2990 3190 3085 3244 lib.
3130 3208 3177 3243 vr
3211 3210 3224 3245 :

2116 3320 2382 3383 llelliquias
2405 3322 2535 3383 vino,
2562 3329 2613 3371 et
2633 3322 2823 3372 bibulas
2846 3324 3013 3373 lavare
3044 3324 3249 3383 favillas,

2050 3454 2143 3510 sed
2169 3468 2288 3509 esse
2313 3452 2628 3521 explicanda
2660 3454 2760 3508 hoc
2790 3454 2948 3508 modo
2982 3471 2995 3509 :
3036 3457 3177 3507 lauta
3210 3452 3303 3507 ad'
3337 3450 3471 3524 ignis
3502 3458 3637 3509 cino-

2050 3549 2219 3617 risque
2241 3547 2480 3613 reliquias
2510 3548 2893 3618 expurgandus.

2123 3641 2243 3697 160.
2284 3637 2548 3694 Caeterum
2577 3640 2674 3695 etsi
2713 3639 3004 3711 gentilitius
3038 3640 3195 3694 fuerit
3226 3639 3310 3694 hic
3359 3640 3525 3708 ritus,
3556 3643 3640 3695 ni-

2054 3738 2124 3793 hil
2156 3748 2235 3794 est
2267 3746 2441 3793 tamen
2478 3753 2573 3792 cur
2599 3752 2853 3807 negemus
2872 3752 2993 3793 eum
3025 3751 3053 3791 a
3086 3737 3405 3792 Christianis
3432 3737 3643 3791 diversa

2053 3833 2259 3889 ratione
2288 3840 2618 3901 usurpatum.
2652 3829 2895 3896 Constat,
2928 3846 2953 3883 a
2986 3830 3273 3900 gentilibus
3312 3840 3366 3884 et
3397 3828 3641 3885 Hebraeis

2051 3941 2204 3982 usum
2253 3935 2551 3980 aromatum
2596 3925 2650 3979 in
2704 3924 3030 3993 sepeliendis
3062 3925 3290 3978 mortuis
3320 3923 3639 3977 adhibitum.

2056 4018 2131 4072 De
2169 4016 2521 4083 aromatibus,
2554 4017 2749 4086 quibus
2781 4027 2994 4072 unctum
3025 4026 3107 4071 est
3136 4016 3262 4069 Jesu
3290 4029 3485 4084 corpus
3527 4014 3652 4084 lege

2054 4124 2172 4179 cap.
2202 4124 2288 4163 χιχ
2316 4108 2467 4163 Joan.
2492 4150 2506 4174 ,
2540 4124 2593 4163 v.
2629 4108 2716 4163 30.
2764 4110 2914 4180 137
2972 4108 3130 4162 Primi
3161 4106 3449 4162 Christiani
3493 4122 3643 4162 eum-

2056 4201 2176 4255 dem
2210 4215 2410 4255 morem
2444 4200 2802 4268 retinuerunt,
2830 4214 3003 4270 neque
3019 4198 3236 4254 dubium
3266 4210 3348 4255 est
3373 4199 3496 4269 quin
3526 4198 3641 4253 bal-

2056 4307 2199 4348 sama
2241 4291 2295 4345 in
2333 4291 2593 4360 sepulcris
2630 4300 2922 4362 martyrum
2952 4290 3283 4348 diﬂ‘uderint.
3320 4289 3639 4345 Prudentius

2058 4385 2111 4440 in
2136 4384 2421 4456 Hippolyto
2445 4400 2496 4438 v.
2534 4382 2636 4440 195
2664 4403 2675 4437 :

2122 4497 2295 4549 Oscula
2320 4498 2579 4559 perspicuo
2598 4496 2751 4559 figunt
2770 4498 3008 4559 impressa
3031 4492 3246 4551 metallo,

2248 4556 2465 4609 Balsama
2482 4556 2779 4620 diffundunt,
2802 4556 3000 4608 ﬂetibus
3019 4568 3103 4606 ora
3123 4559 3283 4618 rigant
3306 4556 3390 4619 (c).

1976 4849 2031 4911 D
2129 4847 2516 4970 (b),_Barthjus,
2567 4862 2687 4918 cap.
2723 4848 2779 4911 9,
2812 4846 2910 4903 lib.
2945 4862 3016 4913 tv,
3046 4848 3646 4931 _sic.interpretatur_in

2061 4919 2120 4974 S.
2226 4929 2456 4972 incentto
2510 4933 2649 4971 vers.
2698 4919 2801 4973 517
2852 4935 2869 4974 :
2925 4917 3166 4974 Subiecta
3216 4938 3334 4974 nam
3382 4936 3643 4974 sacrano.

2226 4919 2456 4972 incentio
2510 4917 2649 4971 vers.
2698 4919 2801 4973 517
2852 4935 2869 4975 :
2925 4917 3166 4987 Subiecta
3216 4917 3334 4974 nam
3382 4921 3643 4985 sacrario,

2064 4990 2330 5057 Imamque
2382 4988 2451 5040 ad
2493 5002 2638 5040 aram
2690 4990 2892 5042 condita
2924 4989 3151 5045 Calestis
3195 5009 3377 5046 auram
3424 4990 3648 5043 muneris

2065 5060 2289 5127 Perfusa
2342 5059 2511 5113 subter
2541 5060 2801 5112 hauriunt.
2859 5060 3052 5115 Sermo
3099 5071 3180 5115 est
3228 5063 3293 5115 de
3346 5060 3555 5115 ossibus
3586 5060 3644 5113 S.

2069 5131 2351 5185 Vincentii.
2387 5129 2536 5193 Vino,
2572 5131 2646 5184 ait
2694 5130 2961 5197 Barthius,
2988 5148 3101 5185 ossa
3147 5142 3507 5197 crematorum,
3555 5140 3646 5183 aut

2063 5204 2254 5256 cineres
2289 5201 2610 5271 rigabantur.
2646 5199 2749 5256 Sed
2782 5204 2973 5257 melius
3002 5202 3435 5270 interpretaberis
3465 5216 3528 5253 ex
3570 5203 3644 5271 si-f

2065 5273 2179 5327 mili
2209 5268 2415 5328 loco'S.
2463 5272 2661 5327 Paulini
2710 5272 2878 5327 Natali
2911 5274 2976 5328 15
3016 5268 3154 5327 infra
3188 5271 3520 5334 exhibendo,
3556 5268 3647 5323 ubi

2066 5354 2221 5397 vetus
2255 5343 2637 5414 sarcophagum
2665 5344 2722 5397 S.
2758 5344 2951 5399 Felicis
2982 5344 3317 5414 describitur.

2151 5416 2220 5484 (c)
2251 5415 2307 5469 S.
2358 5411 2619 5467 Paulinus
2658 5414 2827 5467 Natali
2860 5431 2958 5484 vri;
3003 5413 3248 5481 Martyris
3294 5412 3348 5464 hi
3396 5411 3649 5484 tumulum

2072 5488 2310 5539 studeant
2348 5486 2655 5555 perfundere
2699 5486 2884 5547 nardo,
2919 5483 2985 5537 Et
3022 5484 3271 5555 nsedimta
3305 5484 3392 5548 pio
3419 5483 3648 5551 referant

2072 5564 2328 5626 unguenta
2379 5554 2632 5625 sepulcro.
2664 5555 2833 5626 Natali
2882 5570 2994 5615 xm,
3019 5554 3088 5626 de
3110 5554 3274 5607 veteri
3316 5555 3646 5626 sarcophago

2075 5624 2356 5683 S.‘Felicis
2387 5624 2526 5680 vers.
2560 5626 2665 5680 537
2698 5643 2708 5677 :
2748 5625 2853 5677 Ista
2899 5625 3190 5693 superﬁcies
3239 5626 3421 5678 tabula:
3445 5624 3646 5693 gemino

2071 5707 2205 5769 patet
2256 5696 2636 5769 ore,_Praabens
2688 5696 2873 5769 infusa:
2919 5698 3143 5769 subjecta
3170 5697 3420 5769 foramina
3453 5694 3642 5769 nardo,

2076 5764 2204 5843 Dure
2231 5764 2411 5821 cineris
2458 5766 2642 5843 sancti_
2661 5766 2860 5843 ueniens
2890 5782 2920 5819 a
2946 5764 3063 5822 sedc
3109 5764 3312 5843 reposta
3344 5767 3644 5837 Sancti/ient

2065 5840 2327 5893 medicans
2356 5853 2545 5891 arcana
2566 5836 2772 5904 spiritus
2788 5853 2932 5893 aura.
3038 5858 3053 5865 ο
