4142 6350
487 367 587 424 691
675 402 696 407 -

1911 347 2370 415 PRUDENTIUS.

3649 361 3760 421 692

489 485 626 554 Quid
651 499 780 558 ergo
806 491 888 560 est
913 479 1259 557 quamobrem
1285 477 1343 535 S.
1374 473 1645 544 Paulinus,
1674 474 1766 539 oui
1793 473 1932 528 hunc
1964 471 2062 527 lio.
2095 471 2149 532 Α
2171 473 2284 528 bari
2325 473 2536 533 videtur
2556 520 2570 541 ,
2633 477 3019 548 inspiciendum
3077 487 3156 534 est
3201 478 3460 535 adversus
3509 487 3643 552 quos
3697 498 3759 537 ea

490 593 676 636 norem
721 575 976 651 sepulcris
1023 579 1329 631 sanctorum
1370 565 1662 628 exhibitum
1719 565 1915 636 saepius
1963 565 2072 619 lau-

493 669 605 736 dat,
637 669 718 725 vel
748 667 992 725 eumdem
1013 663 1096 721 vel
1122 659 1351 718 similem
1375 660 1537 718 ritum
1561 657 1722 715 natali
1749 667 1803 712 ix
1831 655 2088 745 videatur.

495 763 779 819 damnare?
801 761 877 816 Ita
907 760 1052 816 enim
1083 757 1245 812 habet
1276 775 1288 809 :

551 896 733 944 Verum
753 897 934 944 utinam
952 896 1082 945 sanis
1102 896 1313 955 agerent
1337 892 1442 940 hinc
1462 890 1634 955 gaudia
1663 889 1800 955 votis,

551 958 654 1006 Nec
675 967 764 1006 sua
789 957 1034 1007 liminibus
1055 951 1324 1005 miscerent
1349 951 1518 1016 poeula
1541 952 1738 1016 sanctis.

557 1019 834 1078 Quamlibet
858 1021 938 1070 hic
954 1020 1121 1081 jejuna
1144 1019 1318 1066 cohors
1337 1013 1536 1081 potiore
1546 1013 1764 1081 resultat

553 1076 816 1142 Obsequio,
842 1076 987 1130 castis
1007 1076 1202 1130 sanctos
1219 1076 1413 1142 quoque
1438 1079 1631 1142 vocibus
1650 1076 1849 1142 hymnos

555 1137 813 1202 Personat,
851 1147 902 1193 et
926 1141 1132 1192 Domino
1150 1137 1383 1190 cantatum
1409 1139 1566 1202 sobria
1590 1137 1782 1202 laudem

552 1199 1117 1268 ImmolatJIgnoscenda
1137 1210 1300 1268 tamen
1324 1210 1442 1268 puto
1468 1200 1608 1268 talia,
1637 1199 1796 1260 partis

555 1269 737 1320 Gaudia
760 1263 868 1331 qua?
887 1269 1068 1317 ducunt
1092 1266 1246 1327 epulis
1267 1279 1276 1310 :
1297 1264 1406 1324 (pila
1432 1263 1679 1331 mentibus
1705 1267 1843 1309 error

552 1332 732 1394 lrrepit
758 1324 982 1394 rudibus;
1014 1341 1106 1378 nec
1127 1324 1274 1394 tanta:
1302 1324 1672 1394 c_onscia_c_u|p:e

555 1383 846 1454 Simplicitas
859 1383 1055 1454 pietate
1080 1390 1223 1443 eadit,
1250 1388 1375 1454 male
1394 1383 1800 1454 credulasanctos

557 1448 778 1506 Peri‘usis
797 1448 990 1503 halante
1005 1464 1142 1502 mero
1162 1449 1378 1513 gaudere
1397 1448 1654 1512 sepulcris.

567 1603 690 1659 161.
724 1601 819 1658 His
849 1599 1141 1671 paucisque
1187 1599 1308 1653 aliis
1338 1596 1605 1652 similibus
1649 1596 1850 1662 verbis,
1883 1594 2077 1665 quibus

496 1694 596 1752 SS.
627 1696 813 1750 Patres
839 1702 931 1752 aut
957 1690 1394 1762 superstitionem
1438 1688 1717 1759 gentilium
1759 1694 1851 1742 aut
1889 1701 2077 1741 corru-

496 1787 694 1859 ptelam
716 1784 1141 1841 Christianorum
1167 1783 1218 1837 in
1248 1781 1507 1852 religiosis
1528 1780 1738 1846 ritibus,
1768 1787 1861 1835 aut
1884 1792 2078 1849 pravos

2173 571 2283 624 sint
2337 570 2557 626 directa.
2617 563 2706 628 Sic
2748 564 3054 627 Lactantius
3087 571 3276 643 (cujus
3333 581 3512 629 tamen
3568 581 3758 631 aucto-

2174 661 2302 716 ritas
2340 671 2445 717 nan
2493 664 2669 734 magni
2726 663 2976 734 ponderis
3028 657 3336 736 habetur),
3365 663 3455 736 qui
3479 665 3763 723 celebrita-

2175 761 2280 810 tem
2313 753 2517 812 sabbati
2567 757 2833 826 paschalis
2865 757 3130 827 laudavit,
3175 767 3232 814 ut
3282 758 3394 816 dixi
3424 773 3573 817 num.
3633 761 3760 833 M7,
3797 776 3800 777 '

2175 857 2280 902 non
2309 845 2562 916 ignorans
2607 857 2756 905 certe
2798 865 2903 921 quo
2951 867 3100 907 more
3151 857 3524 924 perageretur,
3577 854 3764 911 nihilo-

2175 937 2354 993 minus
2382 938 2473 992 lib.
2507 955 2581 1006 vt,
2612 955 2734 1009 cap.
2768 943 2818 1008 i,
2853 943 2903 996 in
2933 943 3060 1010 ii'ne,
3093 953 3147 1000 et
3188 959 3307 1015 cap.
3355 945 3411 1011 2,
3446 946 3588 1002 hunc
3649 964 3765 1002 mo-

2176 1043 2289 1088 rem
2344 1032 2584 1103 aliasque
2634 1033 2684 1086 in
2738 1035 2967 1090 ethnicis
3015 1036 3154 1092 ferre
3184 1053 3287 1092 non
3321 1047 3496 1108 poteSt
3529 1058 3542 1092 :
3571 1037 3766 1094 Eadem

2176 1123 2388 1179 miseros
2418 1126 2619 1180 cwcitas
2655 1129 2871 1197 premit:
2905 1125 3037 1182 sicut
3059 1130 3194 1184 enim
3220 1132 3307 1202 qui
3334 1134 3401 1186 sit
3428 1147 3574 1186 verus
3607 1131 3765 1200 Deus,

2176 1216 2250 1269 ita
2278 1217 2364 1287 qui
2384 1217 2449 1270 sit
2475 1233 2620 1271 verus
2641 1220 2806 1273 cultus
2836 1221 3097 1290 ignorant.
3120 1219 3355 1277 Mactant
3385 1225 3544 1297 igitur
3567 1227 3767 1296 opimas

2177 1313 2226 1362 et
2264 1308 2481 1380 pingues
2511 1309 2703 1364 hostias
2750 1310 2858 1366 Deo
2884 1355 2898 1379 ,
2930 1315 3075 1383 quasi
3117 1315 3390 1384 esurienti;
3443 1317 3770 1389 profundunt

2179 1400 2297 1454 vina
2328 1408 2570 1471 tanquam
2598 1403 2820 1468 sitienti;
2850 1404 3136 1459 accendunt
3163 1405 3362 1460 lumina
3391 1409 3525 1462 velut
3553 1407 3607 1462 in
3632 1415 3772 1463 tene-

2179 1492 2283 1547 bris
2307 1495 2568 1563 agenti....
2601 1493 2739 1549 Num
2759 1496 2922 1569 igitur
2949 1497 3129 1553 mentis
3151 1513 3256 1554 sure
3283 1511 3486 1571 campos
3514 1501 3772 1569 putandus

2177 1593 2251 1640 est
2299 1587 2386 1656 qui
2425 1587 2619 1641 auctori
2648 1595 2696 1642 et
2721 1589 2888 1643 datori
2917 1589 3125 1646 luminis
3149 1593 3477 1647 candelamm
3513 1611 3572 1647 ac
3601 1607 3773 1648 cerea-

2132 1743 2141 1760 \
2178 1685 2290 1732 runt
2323 1677 2491 1734 lumen
2513 1679 2660 1749 o/fert
2690 1695 2785 1750 pro
2813 1694 3020 1737 munere
3042 1683 3130 1737 Ρ.
3165 1679 3347 1755 Itaque
3366 1686 3464 1739 diis
3494 1697 3596 1740 non
3625 1689 3775 1740 ciete-

2181 1779 2310 1826 stem
2340 1785 2566 1840 sensum,
2591 1773 2681 1826 sed
2713 1774 2994 1828 humanum
3023 1775 3193 1846 potius
3213 1777 3526 1842 attribuunt;
3557 1777 3774 1844 ideoque

449 1909 464 1920 κ
496 1845 770 1942 hominum
817 1891 1029 1942 mores,
1076 1845 1373 1945 aliquando
1408 1875 1739 1946 permissos,-
1805 1845 2075 1945 nunquam
2108 1845 2156 1908 Β
2183 1865 2288 1920 illis
2315 1863 2604 1921 necessaria
2624 1877 2669 1920 et
2693 1875 2838 1939 grata
2865 1845 3079 1923 credunt
3099 1885 3205 1925 esse
3232 1887 3346 1936 qua?
3371 1872 3535 1935 nobis,
3585 1871 3772 1941 quibus

497 1972 839 2044 approbatos,
888 1969 1312 2040 reprehendunt,
1354 1968 1591 2026 haeretici
1637 1970 1967 2034 abutuntur,
2021 1979 2079 2022 ut

500 2061 1133 2132 universamLhujusmodl
1159 2061 1606 2116 consuetudinum
1629 2059 1890 2115 rationem
1918 2059 1972 2113 in
2001 2059 2082 2112 ins

501 2154 697 2209 vidiam
715 2161 929 2217 vocent,
953 2160 1010 2207 et.
1030 2151 1345 2206 idololatrim
1368 2149 1954 2204 nomiuecondemneut
1979 2149 2080 2220 (ιι).

506 2245 702 2301 Verum
757 2243 1000 2314 diligenti
1065 2243 1409 2314 distinctione
1465 2257 1600 2310 opus
1669 2251 1808 2297 est:
1852 2243 1905 2296 in
1945 2256 2082 2312 gen-

502 2338 682 2394 tilibus
743 2337 901 2410 138
958 2335 1196 2392 nonnulli
1254 2337 1388 2391 ritus
1436 2349 1463 2388 a
1507 2334 1602 2390 SS.
1640 2334 1884 2389 Patribus
1934 2342 2086 2388 nota-

503 2432 715 2500 bantur,
740 2431 864 2502 quia
895 2440 951 2487 et
979 2441 1235 2501 perverso
1265 2431 1425 2486 modo
1451 2431 1670 2498 ﬂebant,
1705 2439 1758 2484 et
1799 2429 1863 2482 ad
1897 2444 2081 2483 verum

507 2522 675 2580 Deum
721 2537 837 2578 non'
875 2522 1266 2579 referebantur.
1318 2522 1488 2579 Simili
1539 2522 1747 2577 ratione
1791 2521 2080 2577 Christiani

501 2612 942 2684 objurgabantur,
972 2615 1095 2684 quia
1121 2615 1398 2685 gentilium
1430 2629 1636 2670 morem
1683 2615 1852 2669 secuti
1877 2649 1891 2677 ,
1920 2625 2082 2682 opera

500 2706 734 2777 alioquin
748 2709 834 2777 pia
853 2719 942 2761 aut
969 2706 1038 2761 ob
1062 2708 1272 2762 inanem
1294 2705 1688 2769 credulitatem,
1714 2713 1806 2759 aut
1825 2705 1895 2758 ob
1919 2703 2084 2759 animi

501 2798 903 2864 perversitatem
925 2797 1357 2866 corrumpebant.
1384 2791 1605 2866 Egregie
1632 2796 1689 2852 S.
1729 2795 2083 2866 Hieronymus

504 2887 845 2956 Vigilantinm
875 2886 1065 2943 refellit
1093 2927 1108 2951 ,
1165 2889 1256 2956 qui
1287 2881 1564 2941 catholicis
1593 2881 1878 2956 objiciebat
1911 2905 1925 2944 :
1962 2885 2085 2941 Ma-

501 2994 654 3051 gnum
686 2977 928 3034 honorem
959 2980 1182 3050 prtebent
1210 2977 1502 3052 liujusmodi
1532 2981 1756 3033 homines
1781 2979 2082 3033 beatissimis

503 3069 810 3140 martyribus
836 3113 852 3138 ,
883 3087 1010 3141 quos
1054 3079 1236 3141 putant
1281 3073 1344 3126 ile
1391 3067 1646 3125 vilissimis
1701 3072 1908 3125 cerealis
1958 3073 2083 3124 illit-

501 3163 769 3229 strandae,
815 3172 939 3233 quos
969 3163 1176 3235 Agnus,
1207 3164 1293 3234 qui
1339 3171 1410 3218 est
1449 3157 1502 3218 in
1533 3165 1698 3219 medio
1739 3161 1924 3230 throni,
1967 3179 2079 3218 cum

502 3257 640 3311 omni
680 3256 880 3328 fulgore
930 3260 1210 3326 majestatis
1261 3268 1369 3335 suae
1428 3256 1674 3313 illustrat.
1727 3255 2081 3330 Hieronymus

501 3361 722 3405 contra:
758 3349 1073 3418 Quicumque
1107 3353 1390 3405 accendunt
1433 3365 1599 3405 cereos
1630 3352 1904 3405 secundum
1927 3352 2081 3420 fidem

501 3457 663 3510 suam,
698 3441 878 3496 habent
899 3440 1318 3497 mercedem...Et
1350 3444 1472 3511 quia
1509 3441 1767 3512 quondam
1794 3442 2081 3496 colebamus

499 3531 660 3602 idola,
690 3551 811 3587 num
851 3531 1018 3588 colere
1045 3531 1229 3587 Deum
1251 3551 1351 3587 non
1377 3535 1651 3599 debemus,
1682 3551 1743 3587 ne
1768 3533 1923 3587 simili
1967 3521 2082 3588 eum

500 3628 758 3681 videamur
777 3642 890 3681 cum
915 3626 1068 3682 idolis
1089 3628 1279 3680 honore
1298 3626 1562 3681 venerari?
1583 3625 1714 3680 illud
1736 3626 1886 3694 ﬁebat
1908 3625 2078 3697 idolis,

500 3727 546 3773 et
574 3701 766 3772 idcirco
797 3719 1148 3773 detestandum
1194 3727 1304 3782 est;
1332 3719 1426 3771 hoc
1471 3717 1528 3786 ﬁt
1559 3718 1886 3787 martyribus,
1919 3729 1964 3771 et
2003 3719 2084 3771 id-

500 3809 635 3863 circo
656 3805 1005 3876 recipiendum
1032 3817 1124 3862 est.
1155 3805 1288 3862 Vide
1318 3810 1472 3876 epist.
1506 3809 1568 3863 ad
1599 3803 1781 3878 Ripar.
1814 3818 1867 3863 et
1895 3807 2085 3864 adver-

415 3907 431 3916 ’
499 3915 587 3956 sus
619 3899 870 3970 Vigilant.
905 3897 963 3955 S.
987 3897 1315 3970 Augustinus
1347 3900 1440 3954 lib.
1471 3905 1562 3954 xxi
1592 3911 1774 3955 contra
1805 3897 2078 3968 Faustum,

500 4011 620 4065 cap.
652 3993 719 4049 10
753 4010 764 4045 :
797 3991 945 4048 Sicut
978 3999 1146 4047 autem
1177 4008 1275 4046 non
1305 3992 1422 4046 ideo
1449 3994 1817 4048 contemnenda
1842 3993 1918 4048 vel
1946 3995 2082 4048 dele-

499 4090 682 4145 slanda
702 4088 972 4160 virginitas
998 4097 1071 4142 est
1115 4083 1583 4142 sanctimonialium
1611 4091 1730 4160 quia
1759 4097 1807 4143 et
1855 4087 2083 4144 Vestales

499 4171 715 4257 uirgines
737 4185 962 4256 luerunt,
989 4183 1064 4236 sic
1109 4198 1210 4236 non
1237 4181 1352 4235 ideo
1382 4181 1799 4250 reprehendenda
1828 4181 2082 4252 sacriﬁcia

498 4263 714 4333 Patrum
735 4277 859 4349 quia
879 4286 998 4332 sunt
1028 4282 1076 4331 et
1099 4276 1354 4344 sacriﬁcia
1377 4278 1631 4347 gentium;
1659 4279 1778 4347 qu'a
1805 4279 1931 4331 sicut
1952 4280 2083 4331 inter

499 4367 615 4424 illas
641 4369 954 4440 virginitates
1003 4363 1222 4421 multum
1269 4367 1456 4433 distat,
1501 4370 1729 4438 quamvis
1771 4367 1900 4422 nihil
1940 4369 2083 4422 aliud

499 4463 647 4515 distet
677 4461 774 4516 nisi
801 4477 915 4530 qua:
944 4461 1024 4512 cui
1067 4468 1302 4512 vereatur
1343 4470 1493 4527 atque
1531 4460 1807 4526 reddatur,
1841 4461 1913 4512 sic
1951 4461 2083 4514 inter

498 4553 750 4622 sacriﬁcia
777 4559 1096 4622 paganorum
1141 4557 1184 4603 et
1215 4547 1549 4604 Hebraei-um
1579 4554 1798 4604 multum
1839 4551 1990 4605 distat
2021 4569 2080 4606 eo

498 4649 609 4715 ipso
637 4645 772 4716 quod
819 4643 915 4698 hoc
945 4644 1108 4697 solum
1139 4643 1316 4709 distat,
1347 4659 1459 4710 qua:
1485 4646 1567 4696 cui
1595 4644 1698 4697 sint
1726 4647 1989 4699 immolata
2035 4659 2079 4701 et

498 4739 669 4793 oblata
700 4753 718 4792 :
749 4736 839 4791 illa
889 4735 1079 4790 scilicet
1118 4734 1348 4806 superba:
1397 4735 1648 4804 impietati
1691 4737 2076 4808 daemoniorum,

495 4831 596 4906 ista
620 4845 735 4883 vero
761 4829 852 4882 uni
882 4827 1011 4882 Deo.

569 4917 692 4975 162.
729 4917 913 4990 Itaque
947 4919 1151 4974 cum'in
1181 4915 1277 4975 SS.
1315 4911 1563 4974 Pairibus
1594 4913 1838 4990 quaedam
1882 4933 2075 4978 accor-

491 5024 622 5072 runt
676 5015 836 5069 verba
891 5013 1083 5075 quibus
1134 5013 1388 5070 universe
1445 5015 1580 5069 ritus
1629 5015 1820 5086 aliquis
1892 5033 2076 5088 repro-

564 5150 642 5221 (a)
665 5147 873 5221 Paulini
894 5146 1118 5221 quidem
1143 5163 1297 5221 triens
1323 5159 1506 5218 aperte
1535 5151 1835 5208 declaratur
1867 5154 1919 5207 in
1953 5172 2074 5211 ver-

490 5212 638 5274 sibus
660 5218 803 5273 illico
821 5212 1083 5293 subiectis
1116 5235 1130 5271 :
1166 5212 1305 5293 Ergo
1328 5212 1538 5288 probant
1582 5223 1722 5286 obiti,
1757 5226 1894 5293 quod
1922 5229 2076 5282 dam-

489 5305 674 5370 navere
693 5289 924 5370 magistri
984 5287 1166 5370 ensa
1179 5287 1550 5370 Retrijecipit,
1569 5287 1863 5370 quad_Petri
1885 5297 2074 5370 dogma

488 5362 714 5433 refutat?
747 5359 1096 5433 Unusrubique
1139 5362 1276 5433 calix
1308 5361 1534 5433 Domini,
1568 5359 1616 5419 et
1656 5367 1796 5420 cibus
1826 5359 1980 5433 unus:
2025 5381 2073 5425 et

489 5430 596 5505 una
644 5430 823 5486 Mensa
868 5432 1150 5505 domusque
1202 5430 1632 5505 Dei.Divendant
1668 5439 1785 5490 vina
1817 5430 2071 5505 tabernis;

491 5500 686 5554 Sancta
711 5517 913 5568 precum
937 5500 1115 5556 domus
1140 5511 1210 5554 est
1238 5504 1447 5556 ecclesia
1478 5521 1497 5557 :
1522 5507 1641 5560 cede
1669 5512 1881 5561 sacratis
1907 5500 2066 5563 Limi;

490 5569 884 5645 nibus,serpe_n_s
904 5588 932 5645 ί
955 5589 1059 5645 non
1089 5573 1183 5626 hac
1228 5575 1362 5626 male
1393 5575 1546 5627 ludus
1570 5576 1622 5628 in
1651 5579 1775 5631 uilla
1826 5577 2066 5645 Debetur,

489 5642 578 5719 sed
604 5655 748 5719 pruna
776 5641 883 5719 tibi.
915 5639 1039 5719 inde
1067 5659 1125 5697 se
1146 5653 1446 5719 permotum
1475 5646 1546 5698 ait
1579 5648 1832 5719 Paulinus
1863 5649 1929 5702 ad
1985 5639 2078 5704 ee-

489 5712 706 5785 _clesiam
741 5711 961 5785 picturis
989 5714 1390 5785 ornandauiput
1432 5718 1683 5783 populum
1715 5720 1781 5770 sli
1806 5721 1980 5785 epulis
2007 5721 2074 5774 ad

423 5827 436 5842 ,.
486 5777 606 5854 haec
632 5777 934 5854 spectacula
959 5794 1257 5854 revocaret.
1289 5777 1394 5839 'De
1433 5777 1750 5854 "huiusmodi
1791 5777 1964 5854 epulis
1993 5792 2074 5843 lo-

489 5845 746 5918 qtilmrS.
777 5847 1105 5917 Augustinus
1139 5853 1226 5906 liii.
1256 5871 1305 5906 vr
1338 5857 1490 5908 (Ioni.
1516 5845 1636 5923 cap.
1669 5859 1721 5922 “2,
1757 5845 1843 5913 ubi
1897 5861 1961 5914 de
2013 5862 2072 5914 Β.

2185 1967 2274 2014 aut
2300 1960 2455 2032 139
2469 1961 2805 2018 esurientibus
2821 1977 2948 2030 opus
2965 1971 3036 2015 est
3060 1964 3190 2028 cibo,
3207 1973 3294 2017 aut
3317 1964 3598 2018 sitientibus
3626 1975 3770 2030 potu,

2184 2061 2274 2106 aut
2301 2061 2432 2106 veste
2477 2053 2776 2123 algentibus,
2805 2063 2913 2119 aut,
2945 2071 3061 2108 cum
3100 2057 3177 2108 sol
3220 2055 3507 2122 decesserit,
3552 2057 3766 2120 lumine,

2187 2155 2244 2199 ut
2273 2147 2442 2200 videre
2469 2147 2787 2216 possimus...
2810 2147 2913 2200 Hic
2937 2164 3084 2202 verus
3119 2159 3190 2209 est
3219 2149 3407 2219 cultus,
3436 2150 3487 2203 in
3506 2167 3605 2219 quo
3634 2165 3775 2204 mens

2187 2239 2397 2293 colentis
2427 2240 2644 2308 seipsam
2676 2240 3170 2294 Deoimmaculatam
3193 2242 3448 2295 victimam
3476 2244 3629 2296 sistit.
3665 2239 3772 2296 La-

2186 2331 2422 2386 ctantius
2451 2339 2577 2402 ergo
2600 2331 3104 2402 objurgatgetuiles,
3136 2333 3272 2403 quod
3307 2333 3414 2389 Deo
3441 2349 3529 2388 res
3560 2339 3771 2388 creatas

2187 2423 2461 2490 offerrent,
2520 2433 2759 2494 tanquam
2805 2425 2889 2478 his
2932 2426 3202 2496 indigenti,
3245 2433 3296 2481 ei
3340 2427 3647 2495 ignorarent
3680 2427 3774 2484 Dei

2187 2519 2386 2574 cultum
2432 2519 2484 2574 in
2542 2520 2707 2573 animi
2758 2519 3049 2573 virtutibus
3081 2520 3415 2588 potissimum
3445 2520 3768 2576 consistere.

2188 2611 2329 2666 Nihil
2361 2612 2475 2667 htec
2505 2613 2569 2666 ad
2603 2612 3008 2678 eaiholicorum,
3044 2613 3123 2667 vel
3149 2615 3580 2668 etiamomnlum
3616 2613 3772 2668 Citri-

2187 2705 2482 2759 stianorum
2507 2713 2562 2759 et
2591 2705 2932 2760 Hebr-uorum
2960 2707 3181 2773 cultum,
3208 2721 3236 2758 a
3265 2707 3371 2761 Deo
3395 2707 3772 2776 priescriptum

2188 2797 2556 2851 evertendam.
2590 2795 2648 2850 S.
2690 2798 3016 2866 Augustinus
3045 2797 3110 2852 de
3149 2798 3380 2852 Moribus
3425 2791 3627 2852 eathul.
3673 2799 3773 2854 Ee-

2187 2889 2319 2942 clcs.
2353 2888 2444 2943 lib.
2477 2905 2514 2954 ι,
2549 2885 2669 2956 ca'p.
2701 2889 2768 2942 54
2803 2905 2816 2943 :
2854 2888 3026 2942 Nolite
3054 2891 3334 2944 consectari
3359 2892 3531 2945 turbas
3562 2893 3773 2963 imperi-

2187 2983 2479 3051 torum,qui
2517 2981 2594 3036 vel
2624 2983 2679 3036 in
2718 2983 2832 3053 ipsa
2858 2999 2975 3036 vera
2993 2985 3237 3054 religione
3262 2987 3600 3055 superstitiosi
3629 2997 3772 3051 sunt,

2183 3074 2263 3126 vel
2291 3074 2364 3126 ita
2397 3073 2690 3127 libidinibus
2718 3073 2894 3139 dediti,
2940 3084 2994 3128 ut
3035 3075 3174 3130 obliti
3197 3076 3294 3130 sint
3345 3077 3470 3147 quid
3525 3079 3773 3147 promise-

2188 3166 2290 3218 rint
2314 3165 2442 3218 Deo.
2473 3165 2608 3219 Novi
2658 3167 2845 3219 multos
2872 3183 2979 3221 esse
3005 3169 3352 3239 sepulcrorum
3380 3178 3425 3222 et
3456 3170 3773 3237 picturarum

2109 3223 2156 3290 α
2187 3259 2485 3312 adoratores
2516 3272 2536 3311 .'
2572 3258 2688 3311 novi
2718 3258 2902 3312 multos
2927 3275 3033 3313 esse
3059 3259 3145 3328 qui
3173 3257 3580 3313 luxuriosissime
3622 3276 3772 3330 super

2188 3361 2413 3405 mortuos
2444 3351 2632 3416 bibant,
2657 3359 2703 3403 et
2725 3351 2902 3418 epulas
2929 3352 3253 3405 cadaveribus
3274 3351 3562 3406 exhibentes
3583 3395 3596 3418 ,
3622 3366 3772 3418 super

2187 3451 2414 3497 mortuos
2441 3445 2632 3508 seipsos
2671 3443 2936 3512 sepeliant,
2960 3451 3006 3496 et
3047 3444 3349 3497 voracitates
3399 3443 3769 3512 ebrietatesque

2187 3551 2304 3588 suas
2334 3535 2571 3603 deputent
2609 3535 2864 3603 religioni.
2919 3534 3015 3588 llic
3041 3535 3366 3604 corruptela:
3415 3535 3767 3604 castigantur.

2189 3628 2280 3682 Pia
2318 3626 2592 3695 religionis
2635 3627 2810 3680 oiiicia
2859 3626 3197 3681 commendat
3251 3626 3390 3680 idem
3441 3625 3770 3697 Augustinus

2187 3719 2279 3775 lib.
2315 3719 2422 3774 ide
2442 3717 2600 3775 Civil.
2637 3719 2746 3783 Dei,
2782 3734 2897 3788 cap.
2931 3719 3015 3781 i2,
3059 3729 3112 3774 et
3143 3719 3234 3774 lib.
3268 3719 3336 3774 de
3357 3716 3495 3774 Cura
3533 3721 3766 3787 gerenda

2190 3829 2284 3882 pro
2309 3813 2534 3866 tnortuis
2563 3811 2630 3866 ad
2659 3811 2937 3866 Paulinum
2967 3828 3082 3880 cap.
3117 3813 3151 3866 5
3184 3829 3196 3866 :
3223 3809 3345 3879 Ipse
3371 3827 3559 3880 quoque
3577 3809 3757 3863 Domi.

2187 3920 2284 3956 nus
2315 3904 2397 3957 die
2427 3904 2572 3957 tertio
2601 3914 3000 3967 resurrecturus,
3023 3903 3280 3974 religiosa:
3315 3903 3533 3956 mulieris
3572 3902 3763 3954 bonum

2188 4015 2316 4062 opus
2383 3997 2864 4067 priedicandumque
2916 3997 3253 4061 commendat,
3279 3999 3413 4065 quod
3454 4005 3770 4065 unguentum

2188 4093 2467 4161 pretiosum
2509 4105 2664 4158 super
2706 4089 2925 4143 membra
2959 4093 3068 4160 ejus
3094 4088 3355 4158 effuderit,
3390 4098 3541 4157 atque
3584 4088 3676 4140 hac
3701 4086 3772 4139 ad

2186 4185 2532 4251 sepeliendum
2562 4199 2675 4237 eum
2703 4182 2874 4250 fecerit
2898 4199 2915 4235 :
2945 4193 2992 4234 et
3016 4180 3344 4234 laudabiliter
3371 4193 3773 4233 connuemoran-

2188 4290 2269 4332 (ιιι
2296 4280 2347 4332 in
2376 4277 2650 4350 Evangelia
2688 4279 2776 4348 qui
2808 4293 2991 4349 corpus
3013 4279 3124 4349 ejus
3145 4276 3207 4353 de
3230 4292 3378 4329 cruce
3404 4285 3668 4344 acceptum
3686 4277 3768 4328 di-

2188 4373 2399 4440 ligenter
2424 4382 2575 4442 atque
2603 4370 2881 4438 honoriﬁce
2913 4368 3182 4440 tegendum
3210 4369 3654 4436 sepeliendumque
3683 4383 3776 4418 cu-

2187 4473 2381 4517 rarunt.
2425 4465 2488 4518 Et
2531 4465 2643 4532 ipse
2687 4461 2944 4515 miracula
2977 4475 3097 4530 qua:
3142 4461 3336 4514 ﬁebant
3383 4461 3446 4512 ad
3481 4458 3776 4514 memorias

2192 4566 2503 4626 martyrum,
2534 4563 2643 4608 tum
2678 4553 2982 4613 Mediolani,
3016 4563 3123 4606 tum
3167 4552 3334 4617 Nolui,
3387 4553 3569 4607 laudat
3613 4554 3770 4622 epist.

2184 4648 2252 4702 78
2285 4665 2299 4702 ;
2331 4647 2691 4702 Verumtamen
2720 4648 2787 4699 ad
2810 4647 2929 4713 ista,
2954 4663 3067 4715 qua:
3086 4645 3374 4700 hominibus
3397 4647 3632 4700 visilibus
3654 4659 3776 4700 nam

2181 4750 2318 4804 sunt,
2333 4741 2446 4810 quis
2473 4748 2634 4808 potest
2653 4744 2762 4812 ejus
2778 4738 3048 4793 consilium
3069 4740 3393 4806 perscrutari,
3408 4756 3571 4808 quare
3591 4742 3644 4794 in
3661 4743 3775 4794 aliis

2180 4837 2304 4891 locis
2333 4838 2440 4891 hwc
2468 4837 2713 4889 miracula
2745 4835 2961 4904 ﬁant,in
2988 4834 3103 4887 aliis
3135 4850 3234 4886 non
3261 4834 3408 4902 ﬁant.
3434 4833 3615 4888 Multis
3640 4836 3775 4896 enim

2183 4929 2444 4984 notissima
2493 4937 2562 4982 est
2606 4927 2849 4981 sanctitas
2901 4926 3018 4987 loci,
3071 4925 3154 4976 ubi
3192 4921 3250 4977 Β.
3289 4921 3478 4978 Felicis
3531 4926 3775 4978 A’oleiisis

2181 5039 2364 5091 corpus
2388 5019 2648 5075 conditum
2665 5029 2756 5072 est.
2793 5018 2849 5071 In
2879 5017 3014 5073 libro
3039 5031 3148 5072 χχιι
3171 5002 3406 5069 (ΙυΕἱγίι.
3430 5016 3546 5080 Dei,
3571 5031 3690 5085 cap.
3715 5016 3770 5078 8,

2185 5159 2387 5214 Monica
2416 5159 2532 5210 ait:
2568 5156 2695 5209 Cum
2738 5156 2804 5210 ad
2843 5156 3114 5208 memorias
3165 5163 3480 5214 sanctorum,
3527 5160 3659 5205 sicut
3715 5168 3771 5203 in

2187 5231 2367 5300 Africa
2387 5227 2600 5289 solebat,
2633 5228 2798 5300 pultes
2824 5235 2869 5300 et
2893 5242 3074 5294 panem
3103 5235 3146 5279 et
3176 5240 3370 5300 uterum
3391 5220 3679 5300 attulisset,
3699 5232 3773 5272 at-

2183 5292 2283 5371 que
2313 5302 2374 5353 ab
2428 5292 2642 5352 ostiario
2666 5292 3037 5371 prohiberetur,
3062 5307 3167 5371 iam
3203 5297 3301 5362 pie,
3335 5307 3484 5371 atque
3531 5292 3774 5371 obedien-

2187 5363 2265 5424 ler
2291 5371 2528 5440 amplexa
2554 5363 2773 5435 est,'etc.
2817 5365 3102 5440 Itaqueabi
3141 5366 3406 5440 comperit,
3426 5381 3476 5440 ια
3519 5363 3772 5440 pra'claro

2183 5432 2513 5512 pradicatore
2541 5432 2690 5508 atque
2741 5432 2966 5512 antistite
2994 5439 3011 5506 (
3039 5432 3319 5512 Ambrosio
3349 5439 3363 5497 )
3389 5432 3598 5512 pietatis
3638 5449 3773 5512 pra:-

2182 5504 2382 5580 ceptum
2412 5524 2538 5572 esse,
2568 5504 2664 5564 ista
2693 5526 2792 5562 non
2836 5508 2967 5577 ﬁeri,
3000 5504 3063 5561 ne
3081 5505 3198 5580 ulla
3235 5507 3430 5580 occasio
3461 5522 3513 5557 se
3538 5504 3774 5580 ingurgi-

2184 5575 2328 5634 tandi
2349 5582 2560 5633 daretur
2585 5582 2814 5641 ebriosis,
2837 5575 2893 5632 et
2923 5581 3045 5649 quia
3072 5579 3164 5632 illa
3186 5579 3331 5649 quasi
3363 5575 3662 5649 parentalia
3690 5591 3774 5625 su-

2181 5652 2471 5722 perstitioni
2493 5652 2759 5721 gentilium
2778 5645 3240 5722 essentsimillima,
3263 5648 3511 5722 abstinuit
3531 5663 3584 5699 se
3606 5645 3773 5698 liben-

2186 5719 2402 5785 tissime,
2431 5733 2477 5776 et
2496 5719 2597 5786 pro
2625 5723 2846 5775 canistro
2869 5722 3018 5790 pleno
3052 5719 3262 5772 terrenis
3287 5719 3534 5788 fructibus
3559 5723 3772 5790 plenum

2182 5793 2562 5915 purqulioribus
2594 5794 2721 5846 votis
2748 5787 2919 5862 pectus
2940 5793 3006 5844 all
3023 5793 3289 5844 "ternarias
3312 5799 3590 5859 martyrum
3612 5787 3768 5853 a/I'er~

2182 5881 2235 5915 re
2261 5881 2276 5914 ι
2298 5865 2328 5915 it
2353 5865 2526 5915 ἰείη-ιιι.
3165 5901 3168 5903 -

2180 5881 2235 5916 re
2261 5863 2526 5916 didicerat.
