4142 6350
348 334 461 445 διε

1741 379 2267 452 ructscoueua.

3512 400 3612 454 69.5

350 495 464 557 haec
491 499 654 556 habet
685 518 697 554 :
725 499 950 572 Cumque
979 505 1166 572 eorp‘ui
1195 495 1403 570 iaceret,
1436 511 1585 575 atque
1621 509 1652 558 α
1680 509 1925 577 gementi-
1950 505 2007 568 Α
2033 525 2178 573 cans,
2203 508 2397 577 liquido
2425 515 2691 584 prtelibera
2721 526 2880 571 motu.
2916 516 2983 572 Et
3007 517 3203 573 ibidem
3228 517 3295 572 de
3319 514 3505 586 spiritu
3532 515 3614 572 di-

349 594 443 648 ints
457 601 505 649 et
528 593 886 663 plangentibus
897 596 1149 666 exsequim
1167 603 1495 666 pararentur,
1516 597 1797 653 amicorum
1818 591 1929 670 ejus

345 687 557 756 quidam
577 687 709 742 inter
734 687 1109 743 consolantium
1131 687 1280 743 verba
1320 691 1588 760 suggessit,
1617 701 1673 746 ut
1695 693 1927 764 ejusdem

348 782 591 854 martyris
611 783 722 837 oleo
747 792 898 854 caput
935 793 1318 856 perungereter.
1355 781 1573 841 Factum
1619 796 1714 857 est,
1760 799 1808 844 et
1848 807 1930 846 re-

350 874 494 928 vixit.

417 965 540 1022 165.
583 967 736 1022 Plura
776 970 831 1024 in
873 970 1116 1026 eamdem
1155 975 1473 1028 sententiam
1510 975 1930 1034 conﬁrmandam

347 1059 450 1128 peti
495 1069 717 1129 possunt
758 1076 826 1116 ex
861 1062 980 1118 aliis
1016 1064 1401 1134 scriptoribus,
1431 1077 1489 1121 ut
1517 1055 1657 1123 circa
1689 1069 1850 1124 tiores
1876 1072 1930 1126 in

347 1150 556 1220 templis
579 1153 906 1223 spargendus
930 1169 994 1211 ex
1017 1156 1078 1212 S.
1110 1156 1367 1226 Gregorio
1396 1157 1697 1216 Turonensi
1728 1163 1781 1218 in
1809 1163 1931 1221 Vita

345 1245 529 1301 Severi
559 1246 777 1317 Sulpicii
801 1290 815 1314 ,
843 1264 961 1319 cap.
987 1245 1077 1316 50,
1111 1252 1178 1307 de
1204 1268 1311 1323 quo
1341 1244 1416 1308 ait
1440 1273 1451 1308 :
1479 1241 1680 1310 Solitus
1705 1267 1812 1311 erat
1834 1259 1931 1326 ﬂo-

341 1353 423 1391 res
453 1339 708 1409 liliorum,
740 1352 966 1412 tempore
989 1357 1086 1412 quo
1117 1349 1424 1413 nascuntur,
1458 1347 1728 1418 colligere,
1757 1365 1816 1402 ac
1841 1367 1931 1420 per

343 1431 564 1498 parietes
603 1432 759 1506 hujus
795 1435 921 1490 cedit
960 1439 1277 1506 appendere,
1310 1445 1364 1494 et
1402 1439 1468 1493 ex
1509 1427 1807 1497 Fortunato
1833 1441 1926 1500 lib.

341 1537 466 1590 vui,
495 1526 666 1593 epigr.
697 1525 753 1594 9,
793 1529 858 1581 ad
886 1526 1136 1582 domnam
1165 1526 1579 1601 Radegundem,
1610 1533 1765 1602 cujus
1793 1534 1927 1588 titu-

341 1616 422 1671 lus
445 1627 560 1684 est,
584 1620 662 1672 Ad
682 1622 908 1674 eamdem
928 1623 992 1674 de
1011 1619 1221 1690 μοι-σιω
1243 1631 1395 1691 super
1415 1625 1578 1678 altare
1599 1639 1619 1680 :
1640 1631 1762 1681 nam
1785 1625 1928 1683 aliud

338 1718 722 1779 praecesserat,
757 1711 833 1764 De
853 1713 1000 1766 violis
1021 1728 1042 1766 :

403 1823 576 1889 At_\_'os
596 1835 692 1872 non
716 1819 867 1881 vobis.
892 1819 1194 1889 sed'Cbristo
1215 1824 1354 1876 fertis
1372 1827 1570 1889 odores,

470 1885 572 1951 Has
589 1897 797 1951 quoque
823 1887 1060 1951 primitias
1083 1889 1142 1936 ad
1167 1889 1245 1950 pia
1272 1889 1452 1951 templa
1473 1885 1616 1940 datis.

407 1944 628 2012 Te_xgislis
652 1944 796 1997 variis
818 1944 982 2012 altaria
1010 1949 1133 1999 festa
1159 1944 1376 2012 coronis,

470 2009 698 2071 Pingitur
718 2016 772 2060 ut
796 2009 890 2072 hiis,
910 2012 1112 2061 ﬂoribus
1134 2025 1213 2061 ara
1240 2009 1392 2063 novis.

2035 601 2158 656 vino
2189 618 2239 656 ν.
2271 604 2374 659 694
2408 624 2422 660 :

2094 693 2192 768 ﬁed
2218 705 2468 768 postquam
2490 699 2701 768 liquidus
2724 702 2914 753 caelesti
2933 704 3134 768 spiritus
3153 717 3243 755 ore

2095 753 2379 819 Virgineam
2398 753 2639 825 respersit
2659 765 2877 826 humum,
2903 753 3204 817 medicabilis
3221 753 3303 818 illa
3327 777 3403 818 est

2107 863 2226 922 165.
2287 866 2399 922 iioc
2423 876 2599 924 autem
2621 883 2783 925 sensu
2805 870 3038 928 locutum
3090 873 3437 930 Prudentium
3493 875 3624 932 locis

2033 955 2260 1025 objectis
2289 966 2396 1013 tam
2443 960 2782 1030 perspicuum
2810 973 2894 1020 est
2932 955 2991 1019 ιιί
3037 965 3168 1020 nihil
3198 981 3383 1037 supra.
3407 965 3625 1023 Etenim

2033 1066 2178 1121 smpe
2217 1051 2306 1108 ille
2327 1051 2625 1110 clarissime
2657 1054 2938 1127 distinguit
2961 1058 3193 1114 animam
3224 1075 3254 1114 a
3275 1075 3522 1131 corpore,
3569 1069 3625 1115 et

2033 1160 2062 1198 a
2086 1146 2330 1202 materia.
2365 1147 2570 1216 Apoth.
2594 1162 2647 1202 v.
2676 1147 2782 1204 850
2810 1166 2825 1203 :

2101 1257 2186 1325 illa
2207 1259 2405 1325 quidem
2426 1262 2572 1325 ﬂatus,
2590 1261 2784 1310 Domini
2809 1269 2915 1325 est:
2939 1261 3026 1312 sed
3053 1263 3275 1325 spiritus,
3301 1269 3354 1312 et
3377 1264 3450 1312 vis

2095 1317 2204 1368 Non
2226 1317 2300 1369 est
2317 1321 2463 1383 plena
2481 1321 2596 1384 Dei,
2622 1329 2754 1372 tanto
2773 1317 3104 1373 moderamine
3127 1317 3292 1384 missa,

2096 1383 2288 1440 Quanto
2308 1387 2429 1432 tians
2453 1383 2604 1434 voluit
2624 1385 2768 1434 ﬂandi
2791 1397 2995 1435 servare
3018 1394 3263 1436 tenorem.

2094 1444 2738 1510 Est‘impossibilgspectare
2762 1446 2991 1510 profunda
3007 1446 3232 1510 Sabaoth
3257 1461 3270 1498 :

2097 1506 2195 1572 §ed
2215 1509 2464 1567 speculum
2485 1506 2698 1558 Deitatis
2721 1506 2866 1572 homo
2885 1516 2978 1558 est.
3005 1509 3058 1557 ln
3077 1523 3279 1572 corpore
3305 1509 3461 1560 discas

2097 1568 2338 1632 Bem_non
2361 1581 2644 1631 corpoream
2666 1570 2839 1628 solers,
2863 1572 3139 1632 interprete
3159 1568 3372 1632 Christo,

2016 1664 2020 1668 .
2097 1631 2193 1688 Qui
2219 1629 2415 1681 Patrem
2438 1629 2682 1694 proprium
2707 1633 2901 1682 mortali
2923 1635 2971 1681 in
2996 1629 3201 1696 corpore
3222 1629 3475 1684 monstrat.

2032 1733 2316 1803 Crederes,
2346 1735 2693 1792 Prudentium
2725 1752 2834 1806 prae
2874 1737 3047 1792 oculis
3093 1738 3342 1794 habuisse
3395 1739 3620 1809 symbo-

2034 1829 2141 1882 lum
2166 1827 2608 1895 Athanasianum,
2631 1830 2675 1884 si
2715 1842 2841 1885 vere
2865 1829 3143 1885 Athanasii
3169 1830 3375 1896 inisset,
3394 1835 3487 1884 aut
3510 1829 3622 1899 iam

1958 1887 2007 1949 Β
2035 1928 2146 1974 tum
2177 1920 2510 1976 exstitisset:
2543 1921 2682 1976 Nam
2718 1923 2850 1976 sicut
2872 1923 3047 1976 anima
3068 1922 3360 1988 rationalis,
3397 1931 3444 1976 et
3499 1935 3622 1976 caro

2033 2030 2164 2068 unus
2184 2022 2258 2069 est
2283 2015 2432 2070 homo
2464 2032 2484 2070 :
2511 2016 2583 2070 ita
2611 2014 2750 2070 Deus
2790 2025 2838 2070 et
2878 2019 3028 2071 homo
3070 2027 3203 2070 unus
3245 2024 3321 2069 est
3361 2013 3621 2069 Christus.

351 2111 508 2183 140
535 2113 606 2167 De
633 2114 754 2171 oleo
785 2130 911 2169 vero
945 2105 1312 2186 sepulcrorum
1343 2126 1638 2190 martyrum
1670 2115 1927 2192 legendus

2033 2104 2186 2161 Cath.
2227 2123 2308 2175 ut,
2340 2123 2391 2162 ν.
2429 2108 2569 2164 196ε
2611 2108 2775 2162 Credo
2808 2109 3063 2179 equidem,
3111 2123 3272 2177 neque
3299 2122 3427 2160 vana
3469 2104 3620 2173 ﬁdes,

340 2213 423 2258 est
447 2205 697 2260 Paulinus
721 2203 1081 2263 Pelrtcordim
1102 2211 1150 2263 in
1167 2207 1284 2266 Vita
1310 2211 1366 2267 S.
1397 2210 1641 2278 Martini,
1674 2213 1810 2270 lib.v
1830 2214 1923 2285 (ο),

343 2307 397 2351 ιιι
433 2295 611 2366 plures
637 2297 772 2356 alios
802 2303 1228 2371 praatermittam.

947 2417 1172 2477 CAPUT
1202 2419 1318 2476 XV.

349 2506 461 2572 Quo
485 2522 638 2563 sensu
669 2507 982 2565 Prudentius
1004 2512 1230 2634 αᾶιῇιηαιη
1251 2512 1500 2584 liquidam
1539 2523 1586 2569 et
1630 2515 1928 2570 elementum

1064 2594 1230 2634 merit.

1064 2594 1230 2637 ιπεηι.

414 2670 539 2725 itii.
573 2652 657 2725 Ea.
676 2687 816 2727 nunc
841 2673 1040 2728 diluam
1069 2690 1186 2744 qua:
1215 2675 1507 2732 Prudentio
1532 2679 1644 2733 sive
1665 2665 1732 2734 ab
1760 2677 1928 2734 haere-

324 2761 494 2828 ticis,
538 2762 652 2819 sive
697 2773 728 2816 a
768 2759 1046 2822 catholicis
1092 2776 1456 2837 opponuntur,
1506 2777 1755 2840 tanquam
1805 2771 1929 2826 reli-

340 2854 487 2923 gioni
507 2853 822 2912 Christianae
844 2860 1215 2928 repugnantia.
1252 2860 1451 2915 Bailius
1472 2862 1524 2915 in
1547 2861 1776 2918 Diction.
1809 2874 1930 2932 post

341 2933 608 3004 Clericum
640 2961 768 3006 tom.
802 2951 896 3007 Xll
949 2951 1068 3008 Bib.
1103 2956 1338 3010 univers.
1379 2964 1532 3025 putat
1581 2955 1929 3013 Prudentium

341 3043 575 3111 animam
623 3045 898 3116 appellare
947 3061 1260 3117 corpoream
1300 3048 1382 3104 his
1410 3049 1653 3104 versibus
1681 3050 1923 3106 Cathem.

345 3136 530 3208 liymn.
555 3155 586 3193 x
609 3157 621 3193 :
655 3139 885 3195 lieseissa
910 3142 1000 3197 sed
1029 3143 1129 3195 ista
1153 3158 1380 3199 seorsum
1407 3143 1621 3199 Solvunt
1649 3144 1925 3212 hominem,

343 3233 716 3302 perimuntque,
742 3231 946 3287 [Iunius
968 3235 1154 3304 excipit
1176 3236 1326 3290 arida
1346 3252 1546 3307 corpus,
1571 3237 1770 3292 Animae
1794 3239 1928 3307 rapit

341 3337 473 3373 aura
500 3321 764 3393 liquorem.
791 3324 851 3378 Et
873 3333 1053 3380 contra
1071 3325 1379 3396 Symmacli.
1410 3326 1504 3381 lib.
1533 3342 1591 3392 ιι,
1616 3343 1753 3383 vers.
1785 3329 1884 3383 184
1911 3346 1924 3382 :

999 3437 1102 3487 Non
1127 3440 1339 3502 occidet,
1357 3439 1534 3502 inquit,

413 3494 624 3564 interior
649 3499 731 3560 qui
758 3501 908 3564 Spirat
935 3500 1100 3564 homo,
1127 3499 1228 3551 luet
1250 3492 1338 3564 ille
1361 3492 1585 3564 pe'renhe

408 3560 724 3623 supplicium.
751 3560 878 3623 quod
897 3560 1149 3621 subjectos
1172 3560 1296 3612 male
1321 3560 1513 3613 rexerit
1528 3571 1679 3614 artus.

413 3620 656 3672 Neemihi
677 3620 872 3674 dillicile
897 3632 973 3675 est
997 3620 1226 3678 liquidam
1249 3626 1549 3675 circumdare
1574 3627 1780 3678 ﬂammis
1870 3634 1878 3643 '

406 3683 908 3752 b’aturam,_quatnvis
945 3683 1211 3752 perﬂabilis
1234 3687 1314 3736 illa
1339 3688 1527 3738 feratur

403 3742 559 3795 instar
584 3742 683 3796 tioti
707 3742 723 3794 Ξ
749 3745 932 3810 capiam
946 3742 1138 3808 tamen,
1168 3749 1221 3799 et
1241 3756 1483 3800 tormenta
1506 3749 1768 3801 adhibebo.

341 3843 543 3907 Dailius
584 3869 725 3907 mare
763 3855 870 3908 noti
913 3855 1256 3926 scripsisset,
1298 3857 1344 3911 si
1381 3855 1448 3910 ad
1488 3865 1716 3913 metrum
1753 3866 1927 3915 atten-

340 3935 530 4002 disset.
584 3937 657 4000 ita
688 3960 833 4002 certe
864 3947 1025 4002 habet
1069 3933 1408 4004 Prudentius.
1458 3949 1574 4005 Duo
1611 3951 1926 4022 responderi

339 4041 564 4111 pessunt
593 4059 604 4092 :
639 4039 865 4110 primum
884 4082 898 4105 ,
927 4037 1292 4110 Prudentium,
1319 4056 1439 4098 cum
1467 4044 1658 4100 anima:
1681 4045 1927 4115 liquorem

340 4133 398 4189 et
425 4133 654 4188 animam
683 4131 932 4203 liquidam
959 4133 1106 4204 dicit,
1143 4138 1419 4191 materiam
1450 4137 1563 4192 sive
1590 4151 1786 4207 corpus
1812 4141 1928 4193 ani-

340 4243 446 4284 ma:
488 4243 594 4284 non
627 4217 896 4298 tribuere,
937 4219 1030 4285 sed
1071 4230 1185 4298 ejus
1225 4229 1508 4300 puritatem
1545 4225 1928 4302 caelestemque

337 4319 603 4391 originem
653 4310 926 4386 indicare;
977 4319 1202 4377 alterum
1231 4366 1246 4392 ,
1301 4317 1438 4379 hanc
1487 4313 1925 4392 significationem

339 4413 524 4483 liquidi
567 4414 848 4467 absurdam
881 4429 986 4470 non
1016 4429 1134 4471 esse
1157 4456 1171 4481 ,
1205 4431 1376 4487 neque
1406 4401 1922 4486 reprehendendam.

341 4496 664 4560 Prudentius
692 4501 955 4560 interdum
983 4505 1198 4575 liquoris
1227 4521 1290 4562 ac
1327 4505 1508 4578 liquidi
1532 4507 1794 4564 vocabulo
1821 4511 1928 4582 spi-

337 4601 496 4651 ritum
525 4607 580 4654 et
607 4599 873 4668 spirituale
901 4599 1165 4669 intelligit,
1196 4609 1252 4654 ut
1278 4602 1473 4670 Apoth.
1501 4601 1570 4657 de
1595 4603 1840 4660 daemone
1868 4621 1922 4660 v.

338 4691 438 4745 Hi
475 4699 489 4744 ἑ
522 4689 710 4745 Pulsus
743 4689 824 4744 abi
843 4732 858 4757 ,
889 4695 1088 4746 ventose
1116 4691 1282 4762 liquor
1309 4706 1329 4747 :
1359 4691 1592 4750 Christus
1614 4697 1792 4768 jtlbet,
1822 4700 1924 4752 exi.

337 4777 496 4839 Catii.
525 4798 604 4852 ut,
639 4771 792 4856 141
815 4799 860 4839 v.
884 4779 1007 4850 190,
1028 4783 1094 4839 de
1111 4783 1284 4837 anima
1309 4796 1486 4840 nostra
1511 4781 1758 4856 loquens,
1781 4788 1928 4844 affir-

339 4881 453 4930 mat
480 4890 598 4931 eam
633 4889 738 4931 non
777 4877 936 4945 mori,
962 4876 1084 4946 quia
1120 4877 1238 4930 Vim
1267 4879 1475 4945 liquidae
1516 4880 1732 4934 rationis
1759 4879 1926 4935 habet.

340 4963 410 5022 Et
429 4968 625 5039 Aputh.
662 4974 714 5025 ν.
743 4969 833 5040 87,
851 4970 920 5026 de
943 4977 1127 5026 natura
1158 4971 1334 5027 divitia
1361 4989 1373 5024 :
1399 4971 1565 5040 Pura,
1611 4985 1814 5040 serena,
1838 4975 1934 5027 mt-

413 5241 495 5312 (a)
531 5239 775 5312 Namque
803 5247 857 5292 ut
896 5253 1029 5306 sape
1070 5237 1229 5312 solent
1267 5247 1524 5312 priscaqu
1558 5238 1930 5312 cordejdeles

348 5308 487 5376 Vasa
513 5312 628 5382 oleo
657 5308 897 5382 opplere,
929 5317 974 5363 et
1003 5309 1262 5382 seruandae
1283 5309 1508 5382 adducta
1530 5309 1693 5382 saluti
1730 5308 1821 5382 γει
1841 5313 1931 5382 ju-

337 5384 435 5437 stis
455 5381 636 5450 olims
653 5377 794 5449 uiris,-
816 5381 894 5436 uel
916 5379 1130 5450 condere
1149 5379 1336 5433 sanctis
1353 5377 1638 5450 Relligione
1661 5379 1804 5441 locis,
1818 5377 1931 5448 qui-

340 5454 436 5508 bus
454 5449 543 5507 aut
563 5454 791 5522 operatio
813 5467 1032 5522 prmsens
1047 5449 1290 5522 Martyris
1308 5449 1539 5522 emeritos
1562 5451 1728 5516 prodit
1750 5452 1930 5522 uirtute

342 5520 607 5594 patronos,
640 5532 745 5578 etc;
776 5520 832 5576 In
865 5520 1376 5594 Bibliotit.btlgdun.
1408 5520 1622 5594 Patrum
1651 5521 1805 5594 paulo
1835 5521 1932 5594 ali-

345 5591 429 5650 ter
456 5595 570 5651 haec
596 5596 830 5649 crmina
859 5593 1125 5660 leguntur.
1159 5592 1442 5646 Posteriori
1474 5599 1713 5657 tempore
1745 5591 1928 5645 iotsal-

341 5666 445 5720 dus
475 5665 767 5720 monachus
799 5666 848 5718 in
879 5665 1065 5719 funere
1104 5662 1345 5718 Odilnnis
1394 5671 1534 5714 anno
1589 5663 1725 5716 1048
1755 5677 1768 5716 :
1806 5661 1932 5716 Flo-

343 5737 512 5805 ridus,
541 5747 592 5791 et
617 5738 784 5789 nit-eus
819 5735 1042 5804 defertur
1069 5733 1283 5788 lectulus
1311 5734 1407 5805 illi,
1448 5732 1762 5805 Quem‘tegit
1791 5733 1930 5787 alma

343 5802 558 5874 cedrus,
608 5802 935 5874 redolensque
989 5804 1557 5874 eupressusﬁﬂadornat;
1605 5802 1930 5874 Spargantur

343 5878 515 5946 viola,
539 5887 833 5934 sternuntur
853 5873 963 5931 lilia
989 5890 1218 5944 quaque,
1245 5873 1379 5929 Tum
1401 5874 1572 5930 videas
1596 5873 1764 5930 roseos
1783 5875 1928 5931 illum

2031 2197 2259 2268 Corpora
2297 2201 2460 2254 vivere
2513 2216 2653 2254 more
2680 2201 2886 2256 anima.
2939 2199 3170 2255 Evidens
3209 2200 3265 2253 in
3307 2198 3494 2269 primis
3533 2203 3623 2253 est

2031 2288 2181 2346 locus
2210 2291 2263 2346 in
2295 2289 2549 2347 Passione
2579 2291 2807 2347 Romani
2832 2307 2884 2345 v.
2915 2289 3022 2347 452
3041 2300 3094 2347 et
3120 2304 3273 2362 seqq.
3300 2305 3316 2343 :

2092 2418 2304 2481 Certiant
2323 2417 2515 2481 utillud
2538 2417 2703 2468 lumen
2725 2424 2925 2469 teternae
2949 2419 3083 2481 spei,

2094 2480 2201 2530 Non
2225 2480 2524 2530 sueculentis
2543 2482 2754 2529 intluehs
2771 2481 3044 2538 obtutibus,

2092 2541 2197 2593 Nec
2219 2543 2498 2604 corporales
2525 2555 2612 2604 per
2639 2543 2881 2604 i‘enostras
2901 2544 3136 2600 emicans,

2097 2605 2240 2654 Puris
2263 2603 2351 2652 sed
2376 2605 2508 2654 intus
2527 2603 2659 2665 quod
2685 2604 2876 2653 relucet
2902 2603 3164 2652 mentibus.

2095 2668 2286 2729 Pupilla
2309 2667 2470 2729 carnis
2492 2678 2651 2729 crassa
2670 2665 3162 2729 crassumperspicit,

2092 2730 2155 2780 Et
2175 2721 2256 2779 res
2279 2728 2476 2790 caduca,
2500 2725 2630 2790 quod
2651 2721 2993 2777 resolvendum
3018 2721 3117 2790 est,
3142 2721 3294 2775 ridet.

2093 2785 2554 2855 Liquidisvidendis
2571 2795 2712 2855 aptus
2733 2794 2809 2838 est
2832 2789 3004 2855 animm
3024 2785 3205 2850 liqitor,

2093 2850 2278 2906 Naiura
2306 2853 2504 2901 fervens
2527 2851 2646 2914 sola,
2671 2850 3044 2914 ferventissimis

2094 2915 2369 2980 Divibitatis
2392 2917 2485 2980 vim
2507 2921 2843 2980 coruscantem
2864 2913 3008 2980 capit.

2095 2979 2215 3042 Hoc,
2240 2984 2374 3042 Opto,
2403 2975 2568 3026 iumen
2591 2978 2857 3039 imperator
2875 2974 3089 3024 never-it.

2032 3080 2324 3162 Diversitas
2345 3102 2656 3158 substantiae
2702 3103 2895 3156 animae
2950 3115 2977 3154 a
3031 3083 3326 3156 substantia
3373 3109 3617 3165 corporis

1953 3261 2002 3280 _
2031 3206 2216 3268 aperte
2243 3196 2500 3250 astruitur
2519 3193 2674 3263 Psyc.
2703 3208 2755 3246 v.
2785 3191 2927 3246 905:

1955 3263 2004 3333 Ὀ

2247 3326 2252 3330 ·
2558 3307 2745 3356 Fremit
2769 3313 2820 3354 et
2841 3305 3141 3355 discordibus
3162 3304 3309 3354 armis

2096 3371 2201 3421 Non
2225 3365 2432 3432 simplex
2459 3376 2629 3420 natura
2651 3365 2891 3416 hominis:
2920 3367 3236 3432 namuviscera
3252 3363 3368 3428 limo

2098 3426 2569 3495 Eﬂigialaipremunt
2590 3432 2819 3495 animum,
2839 3435 3002 3477 contra
3029 3426 3112 3495 ille
3135 3426 3320 3477 sereno

2094 3491 2266 3545 Editus
2289 3491 2451 3542 afﬂatu
2473 3492 2710 3554 nigrantis
2729 3502 2928 3540 carcere
2949 3491 3110 3554 cordis

2097 3555 2300 3615 Estuat,
2324 3563 2374 3604 et
2393 3551 2565 3603 sordes
2585 3559 2713 3602 arcta
2733 3554 2864 3615 inter
2887 3551 3040 3601 vincla
3063 3558 3276 3615 recusat.

2094 3614 2360 3684 §piritibus
2382 3623 2601 3684 pugnant
2625 3616 2771 3684 rariis
2795 3614 2875 3664 lux
2895 3623 3042 3684 atque
3063 3614 3304 3684 tenebrae;

2092 3676 2446 3743 Distamesque
2464 3676 2641 3728 animat
2662 3676 2840 3737 duplex
2866 3676 3134 3726 substantia
3159 3676 3303 3724 vires.

2037 3805 2194 3879 142
2223 3807 2411 3861 Perist.
2443 3821 2498 3870 χ,
2522 3799 2725 3868 νί555,
2756 3801 2823 3857 de
2851 3801 3029 3855 anima
3063 3818 3082 3890 ξ
3109 3799 3246 3856 Caelo
3272 3799 3477 3870 refusus
3502 3789 3620 3852 sub.

2028 3901 2218 3956 volabit
2246 3902 2478 3969 spiritus.
2503 3901 2658 3956 llam.
2690 3909 2741 3953 v.
2775 3897 2879 3952 527
2909 3914 2922 3950 :

2093 4013 2282 4073 Quippe
2304 4011 2490 4060 animus
2510 4011 2655 4070 longe
2683 4009 3091 4073 priestantior,__ut
3115 4014 3228 4068 pote
3251 3998 3441 4056 S'u'nimo

2092 4071 2294 4124 [Ethcre
2315 4074 2575 4125 demissus.
2605 4073 2853 4131 subjectos
2873 4072 2916 4118 si
2941 4071 3060 4119 velit
3082 4076 3217 4118 artus

2099 4133 2312 4196 lmperio
2335 4147 2568 4196 quassare
2593 4134 2749 4194 gravi,
2771 4138 2866 4180 etc.

2029 4237 2146 4294 Alia
2175 4237 2331 4307 hujus
2357 4237 2572 4307 generis
2603 4235 2766 4289 multa
2791 4240 3075 4303 praetereo.

2071 4297 2325 4384 '166.vUt
2358 4297 2534 4381 autem
2590 4297 3068 4393 intemperantium
3113 4320 3419 4376 criticorum
3471 4297 3656 4403 inso-‘L

2032 4419 2194 4476 lentia
2215 4418 2548 4473 maniiesrius
2592 4425 2866 4485 appareat,
2914 4430 2982 4471 ex
3035 4413 3243 4469 duobus
3295 4413 3425 4484 ipsis
3485 4405 3641 4470 iocis‘

2027 4512 2223 4582 quibus
2258 4510 2490 4565 animam
2542 4521 2857 4578 corpoream
2907 4522 2936 4561 a
2977 4506 3264 4562 Prudentio
3309 4508 3489 4563 vocari
3539 4506 3620 4561 illi

2031 4603 2198 4668 aiunt,
2223 4601 2463 4669 evincam
2501 4613 2615 4655 rem
2655 4598 2924 4653 contrario
2954 4597 3114 4652 modo
3154 4613 3213 4653 se
3270 4597 3485 4654 habere.
3517 4597 3622 4653 Ca-

2035 4695 2201 4754 theni.
2237 4710 2290 4762 ι,
2311 4710 2363 4749 v.
2386 4687 2419 4749 5
2444 4703 2496 4750 et
2524 4708 2674 4764 seqq.
2709 4710 2723 4747 :
2754 4688 2867 4746 Tua
2887 4704 3028 4758 sunt,
3078 4689 3184 4758 tua,
3225 4692 3433 4760 Rector,
3477 4703 3623 4747 utra-

2034 4807 2149 4860 que,
2181 4787 2296 4842 Tibi
2322 4787 2509 4856 copula
2539 4786 2784 4858 jungitur
2810 4785 3011 4849 horum,
3042 4783 3176 4846 Tibi,
3228 4784 3350 4839 dum
3394 4794 3624 4854 vegetata

2038 4883 2311 4944 ιοΙιωνειιι,
2340 4877 2408 4931 Et
2440 4878 2650 4945 spiritus
2673 4885 2718 4929 et
2741 4891 2861 4929 caro
2903 4875 3073 4930 seruit.
3123 4875 3355 4930 Re'srissa
3401 4877 3489 4929 sed
3523 4875 3623 4930 ista

2039 4985 2266 5027 seorsum
2286 4969 2504 5028 Solvunt
2531 4966 2806 5034 hominem,
2833 4965 3226 5038 perimuntque:
3254 4961 3461 5022 Humus
3485 4968 3624 5022 esci-

2037 5238 2134 5292 sibi
2158 5237 2363 5310 pingere
2389 5237 2557 5306 ﬂores,
2587 5234 2852 5310 Etvarias
2879 5235 3060 5292 herbas
3086 5236 3246 5310 oculis
3274 5231 3500 5310 spectare
3539 5230 3624 5284 be-

2038 5303 2228 5377 ηῖθηῖι,
2251 5303 2494 5361 Balsama
2515 5323 2613 5360 non
2644 5308 2844 5371 desunt,
2869 5317 2912 5361 et
2934 5317 3161 5361 arantata
3182 5303 3340 5358 multa
3363 5309 3620 5364 teruntur,

2047 5379 2257 5422 Nnrrins'
2283 5419 2293 5422 _
2328 5380 2534 5422 mmrlm
2571 5379 2729 5422 ηἱΙριιι
2755 5420 2765 5422 Α
2817 5387 3007 5422 smnus
3031 5419 3041 5422 _
3079 5391 3124 5422 et
3163 5376 3384 5422 maxima
3413 5381 3620 5422 rum'us.

2041 5379 2257 5432 Nardus’
2280 5419 2296 5441 ,
2328 5380 2534 5447 myrrha
2571 5379 2768 5443 nitent,
2817 5387 3007 5430 stactus
3030 5419 3043 5440 ,
3079 5391 3124 5430 et
3163 5379 3384 5427 maxima
3413 5381 3621 5441 cyprus,

2039 5449 2171 5504 Sunt
2197 5449 2338 5502 mille
2361 5450 2569 5523 species,
2602 5449 2784 5523 plures
2801 5449 3060 5523 sariuntur
3085 5447 3282 5523 odores,
3314 5441 3624 5523 Nemorens-

2037 5536 2133 5594 que
2157 5535 2312 5594 sapor
2339 5511 2702 5594 salum‘replet
2732 5512 3287 5594 altius__ipsu_i_n._Pl‘u_ra
3315 5511 3454 5594 circa
3486 5511 3622 5594 ritus

2039 5581 2289 5645 funebres
2341 5581 2764 5645 Christianorum
2819 5581 3061 5654 obtigerit
3109 5583 3301 5640 Paulus
3349 5581 3620 5654 Aringhus

2040 5661 2132 5734 lib.
2166 5677 2180 5715 ι
2215 5661 2394 5734 Roma!
2414 5661 2770 5726 subterraneis,
2804 5651 3105 5734 praisertim
3128 5663 3158 5712 'a
3186 5669 3306 5734 cap,
3339 5651 3403 5710 17
3432 5651 3505 5710 ad
3527 5653 3619 5721 51,

2036 5732 2352 5859 ublilsatpius
2384 5737 2624 5788 nostrum
2675 5723 2886 5800 poetam
2931 5727 3152 5799 laudat,-
3209 5723 3267 5785 et
3292 5723 3481 5784 testem
3525 5739 3620 5795 ap-

2036 5817 2099 5859 ne
2143 5812 2214 5858 at.

2034 5812 2214 5874 pellat.
