4142 6350
525 307 628 366 695

1944 298 2391 359 PRUDENTIUS.

3689 308 3800 368 696

526 428 597 501 pit
626 426 778 481 arida
807 443 1014 499 corpus,
1038 428 1235 481 Anima:
1288 425 1422 497 rapit
1459 440 1586 480 aura
1614 422 1879 495 liquorem.
1932 422 2107 480 Vellet
2132 426 2189 487 Δ
2214 428 2478 502 signiﬁcet
2504 428 2735 485 animam
2762 440 2886 486 esse
2910 427 3266 499 spiritualem,
3308 436 3466 501 atque
3497 432 3620 505 igne
3648 434 3801 491 nullo

526 520 766 575 Clericus
799 519 882 574 his
908 518 1082 575 verbis
1101 519 1328 589 exprimi
1350 517 1670 573 sententiam
1699 517 2107 589 Epicureorum,

528 613 617 682 qui
646 614 876 667 animam
903 613 1184 667 mortalem
1232 612 1564 678 asserebant,
1618 620 1670 665 et
1695 610 1891 681 allegat
1914 610 2111 666 Bailius

522 719 720 763 versus
744 704 975 759 Lucretii
1005 704 1073 760 de
1112 719 1175 760 ea
1231 705 1495 760 sententia
1542 702 1640 776 (a).
1697 703 1802 760 Sed
1831 704 2113 758 advertere

531 798 754 868 primum
797 810 1017 852 necesse
1057 807 1138 852 est
1168 796 1401 852 auctoris
1435 795 1748 866 cujusquam
1801 795 1962 852 verba
2004 808 2111 849 non

500 902 770 967 seorsum
834 902 956 944 esse
1013 889 1425 957 consideranda,
1476 889 1570 945 sed
1610 896 1767 957 prout
1810 896 2114 959 congruunt

529 981 615 1034 his
678 995 794 1048 qum
852 982 1162 1050 praecedunt
1222 989 1277 1036 et
1340 989 1730 1051 consequuntur
1769 1023 1784 1046 ,
1844 989 1897 1036 et
1970 980 2115 1049 ejus-

530 1071 651 1126 dem
686 1072 850 1126 tnenti
880 1072 1001 1128 aliis
1030 1074 1083 1127 in
1105 1075 1238 1129 locis
1264 1056 1587 1130 luculentius
1619 1074 1921 1129 declaratae.
1955 1072 2117 1128 Aliud

533 1165 674 1219 enim
704 1166 953 1235 judicabo
967 1166 1202 1222 voluisse
1232 1166 1411 1223 dicere
1428 1166 1715 1232 Clericum,
1747 1175 1838 1221 ant
1869 1165 2115 1232 Bailium,

534 1258 675 1313 aliud
707 1258 977 1314 hominem
1017 1259 1153 1314 bene
1175 1260 1240 1315 de
1272 1261 1529 1330 religione
1548 1261 1887 1327 sentientem,
1927 1275 2118 1329 quam—

535 1350 618 1405 vis
649 1358 872 1421 uterque
917 1353 1080 1407 verba
1126 1352 1372 1421 ambigua
1427 1352 1613 1408 eadem
1670 1352 1973 1422 pronuntiet
2019 1350 2115 1424 (ὁ).

537 1442 741 1498 Deinde
769 1443 894 1512 quid
923 1444 1087 1513 magis
1111 1452 1194 1499 est
1222 1444 1597 1500 Prudentianae
1649 1447 1929 1501 sententiae
1958 1446 2118 1501 dissi-

536 1536 687 1602 mile,
718 1552 873 1607 quam
910 1553 1094 1593 versus
1133 1540 1406 1597 Lucretii?
1434 1540 1482 1593 ls
1540 1548 1735 1595 terram
1792 1540 1953 1595 veluti
1977 1554 2119 1595 com-

536 1642 752 1681 munem
769 1638 992 1684 matrem
1019 1629 1247 1702 frugum,
1274 1632 1634 1698 arbustorum,
1662 1631 1958 1698 hominum,
1986 1632 2123 1687 lera-

535 1734 654 1774 rum
684 1734 1053 1791 reprzesentat,
1076 1741 1194 1796 quae
1212 1727 1389 1781 omnia
1408 1726 1599 1780 eodem
1622 1726 1781 1781 modo
1805 1736 2115 1793 nascantur,

2214 526 2375 582 modo
2404 525 2760 615 afﬂeiendam,
2784 526 2886 582 nisi
2906 524 3207 581 admirabili
3232 526 3457 598 quadam
3486 529 3577 586 Dei
3602 540 3798 602 poten-

2215 622 2307 676 tia.
2336 619 2490 689 Quod
2520 620 2609 675 ﬂet
2639 619 2997 688 manifestius,
3027 620 3070 675 si
3089 629 3200 676 tota
3225 620 3475 691 periodus
3512 622 3796 683 referatur.

2277 737 2385 789 Nec
2404 737 2521 785 mihi
2540 735 2737 785 diﬂicile
2762 740 2857 794 est,
2883 735 3115 797 liquidam
3140 737 3440 787 circumdare
3462 739 3668 790 ﬂammis

2278 800 2534 853 Naturam;
2554 800 2770 860 quamvis
2794 797 3058 859 perﬂabilis
3082 797 3159 846 illa
3184 798 3367 848 feratur

2279 861 2415 911 More
2438 862 2556 923 noti,
2585 861 2771 920 capiam
2798 868 2978 917 tamen,
3007 866 3057 910 et
3075 868 3317 910 tormenta
3344 863 3583 913 adhibebo

2277 923 2393 986 Ipse
2413 925 2730 984 incorporeus
2754 935 2810 971 ac
2826 923 3082 984 spirituum
3101 932 3231 972 sator
3249 937 3392 973 unus.

2282 985 2408 1045 Quin
2430 992 2481 1033 et
2505 985 2790 1046 corporibus
2814 986 2979 1046 parilis
3006 988 3245 1035 consortia
3273 1000 3427 1048 ptente

2283 1048 2561 1098 Decernam
2586 1061 2599 1097 :
2622 1060 2813 1108 possum
2836 1048 3063 1109 quoniam
3087 1060 3327 1097 renovare
3349 1048 3535 1099 favillas

2283 1112 2543 1172 Antiquam
2561 1113 2613 1172 in
2632 1110 2824 1166 faciem,
2851 1121 2944 1157 nec
2966 1109 3274 1171 desperanda
3300 1118 3514 1172 potestas
3536 1126 3550 1162 :

2282 1174 2373 1232 Qui
2396 1171 2533 1235 potui
2555 1171 2763 1221 formare
2783 1183 2982 1232 novum,
3009 1172 3248 1235 reparabo
3274 1171 3599 1237 peremptum.

2222 1285 2302 1342 En
2338 1291 2398 1339 ut
2428 1297 2532 1339 non
2563 1281 2737 1336 solum
2759 1294 2954 1349 corpus
2981 1279 3049 1334 ab
3102 1280 3278 1335 anima
3309 1281 3685 1353 distinguatur,
3712 1286 3810 1342 sed

2223 1380 2383 1433 etiam
2407 1375 2525 1431 ideo
2548 1374 2757 1429 dicatur
2785 1372 2929 1429 Deus
2957 1372 3213 1439 animam,
3265 1372 3367 1429 hoc
3420 1384 3503 1430 est
3544 1391 3659 1431 rem
3701 1380 3813 1448 spi-

2223 1470 2472 1527 ritualem
2501 1477 2556 1523 et
2604 1481 2709 1521 non
2739 1480 3076 1536 corpoream,
3098 1466 3394 1536 igneposse
3441 1467 3653 1537 punire,
3684 1472 3812 1540 quia

2224 1567 2339 1637 ipse
2359 1573 2444 1621 est
2469 1577 2676 1619 summa
2731 1568 2995 1630 potestate
3038 1558 3314 1629 praeditus,
3351 1562 3707 1633 incorporeus,
3765 1573 3814 1618 et

2224 1668 2362 1714 sator
2409 1674 2544 1712 unus
2572 1669 2868 1709 EPIRITUUII.
2903 1652 3013 1708 Hac
3036 1652 3245 1707 ratione
3265 1652 3321 1708 S.
3352 1651 3679 1722 Augustinus
3702 1655 3815 1710 daa-

2227 1768 2416 1810 mones
2468 1752 2583 1806 sine
2624 1761 2876 1817 corpore,
2926 1756 2982 1802 et
3038 1746 3242 1801 animas
3273 1745 3647 1803 damnatorum
3705 1748 3815 1820 igni

538 1814 729 1870 eodem
758 1815 1021 1873 intereant
1048 1818 1144 1889 (c).
1171 1819 1241 1873 At
1269 1818 1590 1874 Prudentius
1616 1820 1793 1873 statim
1823 1819 1875 1873 in
1933 1819 2120 1875 limine

2226 1843 2539 1901 cruciandas
2598 1814 2832 1896 allirmat
2881 1837 2972 1893 lib.
3030 1853 3119 1892 nt
3177 1836 3244 1893 de
3305 1837 3467 1894 Civit.
3518 1839 3636 1905 Dei,
3688 1814 3809 1913 cap.

537 1906 723 1978 hymni
758 1926 773 1963 :
813 1909 976 1977 Deus,
1007 1912 1153 1983 ignee
1173 1912 1286 1981 fons
1307 1913 1618 1981 animarum,
1644 1928 1695 1966 v.
1725 1912 1790 1967 21
1830 1929 1843 1967 :
1901 1912 1967 1966 Ut
1998 1913 2120 1966 dum

538 2019 781 2072 generosa
813 2005 1041 2072 caducis,
1073 2004 1175 2061 Ceu
1226 2022 1425 2061 carcere
1458 2007 1655 2073 clausa,
1686 2008 1933 2077 ligantur,
1987 2004 2120 2059 Pars
2149 2059 2156 2067 ,

480 2172 485 2175 ι
538 2096 633 2149 illa
668 2098 924 2165 potentior
954 2108 1132 2163 exstet,
1182 2100 1311 2166 Quae
1356 2116 1559 2169 germen
1606 2099 1669 2152 ab
1708 2098 1892 2152 cethere
1944 2099 2116 2151 traxit.

541 2189 605 2243 Si
635 2198 794 2244 terrea
819 2192 952 2260 forte
982 2193 1215 2247 voluntas
1245 2193 1461 2248 Luteum
1488 2194 1646 2263 sapit,
1674 2202 1721 2246 et
1752 2210 1903 2263 grave
1930 2202 2121 2261 captat,

542 2283 759 2337 Animus
778 2300 973 2356 quoque
1001 2289 1223 2358 pondere
1259 2289 1417 2342 victus
1468 2288 1717 2359 Sequitur
1762 2305 1856 2342 sua
1900 2287 2125 2341 membra

542 2376 799 2446 deorsum,
819 2380 883 2432 At
911 2382 954 2432 si
993 2382 1190 2451 generis
1233 2398 1423 2436 memor
1458 2382 1591 2451 ignei
1670 2380 1915 2452 Contagia
1977 2382 2126 2451 pigra

508 2479 756 2536 ,recuset,
806 2469 954 2524 Vehit
984 2472 1181 2542 hospita
1224 2474 1419 2526 viscera
1458 2490 1646 2539 secum,
1694 2471 1991 2543 Pariterque
2039 2490 2123 2528 re-

540 2563 798 2630 portatur!
824 2571 982 2616 astra.
1008 2564 1070 2617 V.
1098 2564 1198 2620 1'29
1233 2582 1245 2618 :
1278 2566 1475 2620 Anima:
1518 2568 1617 2636 fuit
1652 2566 1761 2621 haec
1782 2567 1964 2621 domus
2004 2568 2125 2622 olim

540 2652 780 2710 Factoris
809 2656 960 2729 153
977 2658 1038 2711 ab
1070 2675 1155 2713 ore
1184 2669 1386 2715 creatw.
1417 2660 1643 2715 Fervens
1672 2662 1913 2716 habitavit
1938 2664 1993 2716 in
2014 2664 2125 2717 istis

540 2745 830 2817 Sapientia,
858 2751 1084 2822 principe
1103 2750 1323 2808 Christo.
1353 2752 1413 2807 V.
1462 2754 1565 2807 M9
1591 2772 1601 2804 :
1641 2753 1747 2809 Sed
1776 2755 1900 2807 dum
1924 2754 2123 2809 resolu-

542 2839 639 2894 bile
670 2858 852 2913 corpus
877 2842 1125 2906 Revocas,
1153 2843 1311 2911 Deus,
1372 2854 1521 2912 atque
1560 2846 1830 2913 reformas,
1890 2847 2125 2913 Quanam

540 2934 742 3003 regione
788 2933 993 3005 jubebis
1041 2934 1276 2989 Animam
1322 2937 1631 3007 requiescere
1669 2941 1891 3007 puram?
1947 2940 2126 2994 Multis

540 3026 658 3081 aliis
688 3029 739 3081 in
772 3028 905 3084 locis
926 3029 1117 3084 anima:
1145 3031 1599 3087 immortalitatem
1664 3031 1985 3087 Prudentius
2028 3048 2123 3088 ex-

540 3121 704 3191 plicat
727 3132 781 3177 et
835 3132 1031 3191 tuetur,
1082 3140 1200 3194 quae
1243 3141 1415 3197 neque
1458 3126 1695 3184 indicare
1734 3126 1947 3196 quidem
1990 3142 2125 3197 opus

2225 1940 2601 2103 10:22.1“:
2628 2028 3095 2099 Supervacaneum
3122 2014 3267 2083 nunc
3287 2038 3432 2084 esset
3452 2044 3717 2099 quaerere,
3748 2046 3815 2087 an

2227 2126 2435 2196 proprie
2520 2123 2753 2177 animam
2809 2121 3139 2191 spiritttalem
3187 2122 3433 2193 liquidam
3453 2132 3526 2188 ,ει
3566 2123 3817 2194 liquorem

2226 2218 2549 2274 Prudentius
2572 2216 2955 2287 appellaverit;
2978 2231 3098 2286 quae
3118 2224 3201 2270 est
3226 2214 3294 2271 de
3324 2217 3540 2273 nomine
3564 2222 3813 2289 quaestio.

2228 2313 2477 2369 Barthius
2505 2312 2599 2367 lib.
2629 2328 2742 2377 xxi,
2764 2324 2884 2380 cap.
2918 2309 2974 2375 4,
3006 2317 3159 2380 putat
3189 2309 3239 2364 id
3259 2309 3533 2379 eleganter
3570 2310 3771 2366 dictum
3800 2330 3813 2367 :

2234 2424 2251 2456 ‹
2282 2408 2466 2460 Amnis
2498 2420 2651 2459 RAPl'l‘
2679 2418 2819 2458 AURA
2844 2404 3111 2464 moenium
3138 2417 3153 2454 :
3194 2400 3464 2471 Liquorem
3494 2403 3682 2457 animi:
3721 2402 3815 2457 ele-

2227 2509 2408 2570 ganter
2430 2498 2580 2565 dixit,
2610 2498 2729 2566 quia
2760 2496 2976 2567 liquida,
3008 2511 3160 2565 pura,
3215 2495 3391 2565 clara,
3449 2498 3665 2552 scelestis
3702 2498 3814 2569 ejus

2229 2604 2436 2649 natura.
2464 2592 2653 2662 Apoth.
2678 2633 2692 2647 .

2291 2706 2409 2765 Quae
2433 2705 2603 2755 collata
2626 2703 2800 2752 rudem
2822 2700 2941 2751 fecit
2963 2702 3221 2751 virescere
3248 2700 3433 2765 limum,

2294 2762 2359 2818 Ut
2381 2779 2492 2830 pote
2512 2768 2584 2830 de,
2600 2764 2786 2827 liquido
2810 2771 2996 2813 natura:
3021 2765 3211 2812 semine
3232 2762 3415 2824 primos

2292 2829 2551 2893 AcCipiens
2576 2829 2792 2889 habitus,
2816 2838 3100 2889 superoque
3121 2837 3358 2888 expressa
3385 2836 3585 2876 sereno.
3602 2839 3628 2870 ι

2230 2941 2327 3009 Qui
2356 2948 2479 2995 sunt
2507 2952 2694 2994 versus
2716 2936 2819 2993 902
2847 2945 2899 2990 et
2927 2950 3077 3006 seqq.
3098 2932 3345 2989 Profecto
3371 2933 3584 3003 propria
3610 2933 3815 3003 signiﬁ-

2228 3035 2367 3090 catio
2413 3033 2633 3102 spiritus
2682 3046 2747 3087 ex
2801 3029 3007 3100 origine
3055 3038 3139 3084 est
3182 3030 3338 3098 ﬂatus
3395 3027 3528 3081 aeris
3571 3043 3600 3082 a
3652 3028 3815 3083 verbo

2227 3127 2389 3199 spiro,
2412 3138 2531 3196 quae
2560 3121 2753 3178 deinde
2773 3121 2839 3175 ad
2867 3121 3096 3175 animam
3130 3119 3442 3175 rationalem
3472 3126 3557 3174 est
3577 3118 3766 3173 diffusa
3798 3134 3813 3172 :

542 3224 651 3281 est;
682 3232 804 3271 nam
842 3217 1038 3273 Bailius
1070 3218 1282 3287 fatetur,
1341 3222 1422 3275 his
1467 3220 1643 3277 verbis
1675 3264 1690 3287 ,
1745 3222 1941 3276 Anima:
1987 3228 2123 3293 rapit
2151 3207 2199 3271 C
2228 3229 2282 3275 et
2325 3218 2500 3273 anima
2532 3217 2644 3286 ipsa
2674 3229 2820 3285 smpe
2866 3228 2897 3268 a
2947 3213 3237 3268 Prudentia
3275 3213 3429 3267 ﬂatus
3483 3212 3707 3277 dicitur,
3761 3222 3817 3267 ut

542 3322 669 3362 aura
715 3309 977 3379 liquorem,
1028 3326 1132 3365 non
1180 3313 1359 3383 negari
1402 3314 1594 3368 anima:
1643 3314 2114 3383 immortalitatem,

538 3417 700 3471 quam
732 3404 891 3474 paulo
908 3414 1026 3473 post
1067 3406 1389 3462 Prudentius
1430 3408 1689 3473 admittit;
1733 3407 1977 3465 Clericus
1994 3426 2120 3466 vero

538 3496 710 3550 solum
739 3496 878 3553 velle
916 3499 1124 3554 videtur
1154 3500 1502 3557 Prudentium
1550 3505 1668 3573 plus
1711 3504 1917 3560 dixisse
1960 3521 2121 3576 quam

539 3590 907 3648 voluitdicere
942 3601 1041 3649 :at
1086 3608 1260 3663 neque
1293 3596 1459 3649 voluit
1515 3596 1715 3663 dicere,
1764 3612 1936 3667 neque
1987 3598 2133 3663 dixit

538 3683 704 3749 aliud,
729 3685 832 3740 nisi
858 3686 912 3740 in
943 3681 1354 3743 obitu‘animam
1387 3705 1573 3758 puram
1624 3707 1654 3745 e
1702 3705 1949 3761 corpore,
1982 3692 2124 3762 quod

541 3774 735 3829 humus
764 3776 981 3845 excipit,
1028 3778 1204 3844 abire,
1237 3780 1490 3848 migrare,
1520 3780 1750 3836 evolare.

617 3864 738 3919 167.
769 3865 872 3920 Alii
897 3881 1079 3922 versus
1125 3869 1531 3937 opponebantur
1554 3885 1620 3926 ex
1642 3872 1741 3930 lib.
1770 3888 1806 3927 ll
1868 3873 2125 3930 adversus

543 3956 945 4027 Symmachum,
989 3958 1078 4014 ubi
1100 3959 1294 4030 liquida
1320 3969 1506 4017 natura
1527 4002 1542 4028 ,
1580 3972 1635 4018 et
1667 3964 1947 4034 perﬂabilis
1972 3982 2125 4024 more

543 4051 654 4104 noti
676 4051 870 4105 eanima
912 4052 1122 4107 dicitur.
1157 4052 1353 4129 verum
1385 4069 1506 4110 cum
1557 4056 1877 4114 Prudentius
1900 4075 1963 4114 eo
2002 4060 2121 4115 loco

540 4150 661 4211 agat
690 4141 757 4197 de
774 4143 1035 4213 supplicio
1063 4159 1167 4214 quo
1196 4146 1388 4200 animae
1446 4156 1787 4218 peccatorum
1842 4151 2123 4220 punienda:

539 4247 685 4303 sunt,
714 4236 1086 4309 intelligendus
1110 4239 1502 4308 estaflirmare,
1545 4257 1699 4312 posse
1748 4243 1914 4299 Deum
1964 4255 2120 4301 natu-

539 4345 677 4398 ram,
710 4332 953 4399 quamvis
989 4334 1183 4403 liquida
1212 4343 1265 4387 et
1286 4336 1564 4405 per/labilis
1582 4337 1657 4391 sit
1686 4352 1832 4393 more
1848 4339 1981 4402 noti,
2011 4339 2125 4394 sive

543 4438 636 4489 par
681 4423 868 4477 levibus
908 4425 1085 4493 ventis,
1123 4425 1458 4482 circumdare
1508 4426 1758 4495 ﬂammis,
1809 4439 1867 4484 ut
1920 4430 2124 4486 scilicet

616 4625 694 4700 (a)_
706 4626 1123 4700 Lib.tt_:Denique
1134 4630 1317 4683 scelesti
1329 4648 1502 4685 sumus
1514 4647 1685 4690 omnes
1695 4634 2121 4689 semineoriundi:
2147 4638 2201 4700 ι)

499 4713 507 4720 ‘
545 4698 788 4751 Omnibus
819 4698 907 4752 ille
934 4698 1067 4753 idem
1096 4709 1241 4769 pater
1261 4713 1355 4767 est,
1389 4703 1526 4756 unde
1551 4704 1691 4757 alma
1721 4704 1964 4768 liquentes
2002 4705 2120 4760 Hu-

541 4785 740 4845 morum
768 4778 936 4837 guttas
954 4782 1125 4845 mater
1151 4789 1266 4825 cum
1294 4783 1427 4828 terra
1447 4775 1655 4844 recepit,
1674 4774 1817 4830 Foeta
1839 4778 1972 4845 parit
1995 4778 2087 4830 niti
2101 4808 2117 4824 ο

542 4842 634 4917 das
658 4844 853 4917 fruges,
886 4842 1193 4917 arbustaque
1217 4847 1356 4911 laeta,
1399 4845 1469 4900 Et
1494 4842 1649 4917 genus
1676 4842 1955 4901 humanum
1986 4863 2005 4901 :
2035 4865 2121 4916 pa-

540 4914 605 4963 rit
638 4914 807 4964 omnia
833 4914 983 4966 saecla
1039 4914 1357 4984 ferarum...
1403 4914 1729 4986 Quapmpter
1782 4919 1964 4972 merito
2011 4914 2120 4972 ma-

517 4990 736 5056 'ternum
758 4998 941 5038 nomen
965 4987 1151 5056 adepta
1177 4998 1268 5041 est.
1307 4988 1451 5042 Cedit
1504 4990 1621 5042 item
1666 4998 1824 5056 retro,
1876 4991 1939 5043 de
1987 5000 2119 5043 terra

539 5054 675 5129 quod
703 5055 813 5129 fuit
831 5066 966 5129 ante,
998 5054 1071 5109 In
1091 5067 1283 5115 terras:
1313 5069 1359 5113 et
1383 5061 1520 5129 quod
1545 5061 1753 5115 missum
1778 5054 1848 5116 est
1875 5077 1936 5114 ea:
1966 5060 2122 5115 cethe—

537 5126 758 5204 ris'oris“,
872 5143 1077 5204 sursum
1103 5130 1211 5183 caeli
1236 5123 1475 5204 rellatum
1501 5132 1685 5204 templa
1704 5140 1980 5204 receptant.

514 5258 519 5264 ί
556 5265 586 5275 υ
613 5197 687 5261 (ὁ)
721 5196 920 5275 Bailius
971 5199 1085 5267 ipse
1130 5201 1420 5275 assentitur
1449 5242 1463 5266 ,
1518 5202 1573 5275 in
1601 5196 1894 5275 'similibus
1948 5203 2124 5275 verbis

536 5266 1235 5341 diversamfuiisse’mentem
1257 5272 1560 5341 Epicharmi
1584 5275 1720 5341 apud
1752 5274 2119 5339 Plutarchum,

536 5336 603 5390 de
630 5336 1030 5414 Cousglatione,
1062 5357 1179 5410 pag.
1216 5336 1358 5399 illi:
1390 5336 1645 5398 Pra‘clare
1670 5346 1826 5414 igitur
1867 5336 2119 5413 Epic/sar;

536 5424 671 5485 ntus,
712 5428 728 5459 ι
769 5408 1090 5485 (Ζοηοτεειιηί,
1118 5408 1308 5482 inquit,
1334 5415 1463 5483 fuit,
1489 5423 1535 5467 et
1587 5408 1859 5469 discretum
1897 5408 1989 5481 est,
2043 5431 2121 5469 re-

536 5478 728 5555 diitque
754 5482 889 5555 unde
906 5492 1134 5547 venerat,
1157 5478 1303 5537 terra‘
1323 5478 1580 5550 deorsum,
1610 5488 1822 5555 spiritus
1844 5478 2068 5541 sursum.
2094 5505 2112 5537 ι

540 5545 678 5623 Quid
695 5565 755 5623 ea;
774 5550 850 5603 his
873 5554 1104 5609 omnibus
1119 5545 1349 5623 iniquum
1371 5566 1441 5611 est
1460 5545 1644 5611 ?nihil.'

606 5616 679 5688 (cl
709 5617 944 5700 itaetth
972 5628 1143 5695 pergit
1204 5616 1218 5679 Ξ
1249 5626 1378 5700 ΑΝεο
1425 5629 1498 5700 sic
1531 5628 1790 5700 interimit
1827 5642 1965 5700 mors
2013 5644 2114 5694 res,

532 5694 589 5765 ut
611 5691 847 5765 materiai
872 5691 1098 5765 Corpora
1128 5698 1388 5765 conﬁciat,
1413 5699 1499 5753 sed
1529 5708 1708 5752 caelum
1739 5697 1952 5765 dissipat
1975 5691 2109 5752 ollis.

534 5750 667 5839 Inde
693 5758 810 5813 aliis
850 5750 1006 5839 aliud
1057 5750 1315 5839 conjungit
1346 5750 1651 5837 efficit,
1678 5750 1681 5751 ν
1706 5750 1880 5822 omnes
1926 5750 2112 5823 Resiut

532 5838 821 5885 convertunt
835 5834 1051 5895 formas.
1074 5834 1363 5899 mutentque
1383 5834 1593 5895 colores.

2232 3313 2386 3367 Ham.
2434 3326 2488 3365 v.
2517 3308 2641 3374 9‘20,
2674 3311 2829 3379 ﬂatus
2858 3307 2966 3361 sine
2994 3322 3225 3375 corpore.
3265 3304 3399 3361 Cum
3454 3316 3633 3362 autem
3679 3321 3817 3377 aqua

2230 3406 2550 3460 elementum
2597 3402 2667 3455 sit
2709 3399 2821 3455 aeri
2886 3398 3228 3467 coniunctum
3263 3439 3277 3463 ,
3332 3405 3507 3467 poeta:
3576 3396 3814 3468 epitheta

2230 3497 2504 3564 utriusque
2547 3508 2689 3563 saepe
2709 3490 3069 3557 confundunt;
3125 3505 3245 3545 nam
3270 3504 3361 3544 aer
3384 3490 3539 3559 vulgo
3589 3489 3814 3554 liquidus

2229 3590 2443 3655 dicitur,
2500 3597 2553 3643 et
2593 3587 2891 3651 Lucretius,
2932 3585 3027 3640 lib.
3076 3601 3134 3654 ιι,
3181 3584 3351 3639 undas
3399 3593 3555 3639 vocat
3616 3601 3811 3638 aereas.

2233 3682 2376 3738 Idem
2402 3680 2701 3745 Lucretius,
2725 3688 2779 3733 et
2806 3678 3060 3749 Virgilius
3115 3678 3291 3748 ignem
3338 3677 3586 3747 liquidum
3630 3676 3817 3747 appel-

2232 3778 2364 3840 lant,
2426 3784 2483 3830 ut
2536 3775 2826 3829 mthereum
2892 3787 3214 3841 purumque,
3266 3785 3326 3825 ac
3357 3782 3510 3826 terra:
3561 3770 3811 3841 gravitati

2232 3870 2541 3940 oppositum
2566 3862 2685 3923 esse
2713 3866 2989 3922 denotent.
3015 3866 3169 3934 Apud
3192 3865 3441 3920 Hebraeos
3480 3865 3682 3933 liquidi,
3709 3879 3815 3921 seu

2231 3940 2590 4019 cteli'nomine
2646 3958 3116 4030 comprehenditur
3169 3957 3426 4028 quidquid
3480 3956 3666 4012 Grece
3696 3971 3815 4020 aer,

2231 4060 2400 4113 aether
2446 4065 2497 4111 et
2544 4056 2751 4131 οὐρανὸς
2802 4052 3121 4106 nominatur.
3166 4050 3299 4106 Hinc
3348 4050 3671 4106 Prudentius
3711 4065 3818 4105 non

2234 4154 2373 4208 male
2397 4151 2593 4206 animae
2618 4150 2883 4219 liquorem,
2937 4156 2989 4200 et
3043 4147 3274 4201 animam
3338 4146 3592 4216 liquidam
3641 4145 3820 4215 posuit

2234 4260 2331 4317 pro
2358 4244 2549 4299 anima:
2572 4241 2765 4312 spiritu
2788 4248 2841 4294 et
2872 4240 3120 4308 puritate,
3151 4252 3245 4307 pro
3263 4238 3440 4291 anima
3459 4236 3726 4305 spirituali
3766 4244 3819 4290 et

2233 4334 2462 4401 caelesti,
2511 4348 2607 4389 seu
2636 4348 2707 4389 ex
2756 4330 2897 4387 coelo
2931 4331 3195 4401 originem
3245 4328 3491 4384 trahente
3522 4348 3533 4382 :
3570 4346 3693 4384 nam
3718 4329 3818 4383 hoc

2234 4430 2530 4500 saepissime
2576 4427 2667 4482 ille
2724 4424 2956 4481 inculcat
3006 4424 3103 4496 (e).
3170 4423 3290 4479 Alia
3344 4423 3555 4479 ratione
3606 4434 3818 4481 veteres

2301 4634 2381 4706 (tl)
2406 4634 2508 4688 Cur
2536 4649 2626 4707 ego
2653 4649 2755 4707 non
2783 4631 3031 4707 dicamus,
3061 4630 3285 4699 quamvis
3305 4628 3466 4691 miris,
3486 4629 3819 4707 tammwris

2228 4702 2390 4761 modis
2423 4702 2581 4760 etiam
2601 4705 2813 4775 spiritus
2840 4704 3164 4774 incorporeas
3187 4712 3332 4775 posse
3356 4716 3504 4775 poena
3533 4702 3820 4775 corporalis

2208 4779 2356 4847 'igttis
2384 4777 2539 4849 aﬂligi
2555 4818 2569 4840 ,
2596 4771 2641 4829 si
2666 4776 2874 4847 spiritus
2899 4771 3333 4849 Itomittunt_etiant
3360 4771 3709 4849 ipsiprofecto
3731 4772 3820 4849 in-

2222 4843 2472 4917 corporei,
2487 4843 2535 4902 'et
2550 4843 2970 4914 nunc'potuerunt
2983 4843 3175 4898 includi
3191 4843 3541 4917 corporalibus
3552 4843 3815 4917 ηιεηφῷ.

2224 4930 2269 4973 et
2297 4912 2417 4972 tunc
2455 4912 2992 4990 poterunt‘corporum
3015 4930 3225 4990 suorum
3246 4912 3477 4990 _r_inculis
3521 4914 3816 4990 insolubili-

2228 5000 2303 5043 ter
2320 4984 2571 5061 alligari?
2600 4989 2675 5061 De
2721 4984 2820 5041 hac
2869 4988 3165 5061 quaestione
3209 4984 3377 5061 videri
3412 4992 3638 5061 possunt
3667 4985 3819 5038 theo-

2226 5061 2361 5131 logi;
2389 5054 2517 5115 mihi
2549 5060 2679 5113 satis
2726 5068 2808 5113 est
2860 5054 3049 5131 notare
3074 5054 3441 5131 Prudentium
3476 5054 3655 5123 ignem
3689 5070 3816 5108 cor-

2231 5127 2452 5201 poreum
2480 5144 2789 5201 agnoscere,
2823 5128 3253 5184 etdiflicultatem
3312 5127 3568 5201 excitare,
3599 5141 3817 5201 qua‘ra-
3848 5143 3869 5191 ι

2228 5194 2372 5258 tione
2398 5194 2591 5256 anima:
2621 5201 2953 5270 incorporeas
2981 5201 3102 5267 igne
3122 5211 3385 5270 corporeo
3410 5194 3551 5270 affici
3584 5197 3814 5264 possint.
3862 5213 3872 5224 ·

2230 5274 2295 5329 Ει
2324 5290 2444 5329 cum
2472 5275 2542 5327 ita
2572 5267 2801 5326 disserat
2828 5270 3168 5335 Prudentius,
3209 5267 3334 5322 dum
3377 5267 3613 5321 animam
3640 5284 3815 5331 LIQUI-
3840 5284 3847 5291 ο

2226 5360 2331 5399 nitu
2360 5355 2533 5408 vocat,
2562 5356 2897 5410 consequens
2921 5351 3004 5395 εει
3047 5354 3171 5395 eum
3207 5354 3272 5394 ea
3324 5352 3459 5393 voce
3493 5351 3601 5392 non
3655 5338 3816 5392 intel-

2225 5416 2419 5471 lexisse
2440 5430 2772 5470 conponens.
3337 5427 3343 5430 -
3512 5430 3513 5433 η
3673 5418 3677 5422 -

2298 5487 2367 5556 (e)
2402 5484 2532 5540 Vide
2561 5486 2617 5539 S.
2647 5483 3005 5556 Augustinum
3021 5481 3087 5537 de
3118 5480 3312 5556 Genesi
3339 5479 3404 5534 ad
3434 5479 3669 5556 litteram
3712 5480 3811 5556 lib.

2221 5552 2316 5623 vn,
2350 5552 2607 5610 enarrat.
2641 5555 2693 5608 in
2744 5552 2933 5623 psalm.
2984 5569 3178 5608 cxxxvt
3210 5552 3391 5607 :Sicut
3449 5553 3521 5604 ait
3586 5552 3815 5623 quodam

2220 5630 2331 5682 loco
2360 5627 2676 5693 Scriptura:
2714 5622 2917 5679 Volavit
2942 5641 3094 5694 super
3138 5639 3330 5691 pennas
3370 5622 3671 5694 ventorum?
3716 5625 3816 5694 hoc

2218 5709 2312 5765 est,
2345 5690 2499 5762 super
2519 5698 2725 5752 virtutes
2743 5690 3031 5749 animarum
3056 5712 3075 5749 :
3100 5690 3236 5747 unde
3278 5703 3322 5746 et
3351 5695 3508 5765 ﬂatus
3564 5690 3663 5744 Dei
3684 5693 3816 5744 dici-

2218 5764 2307 5825 turi
2326 5770 2499 5822 anima
2531 5779 2777 5837 tanquam
2800 5776 3000 5831 ventus,
3039 5783 3139 5819 non
3164 5775 3216 5819 ut
3248 5765 3340 5818 iste
3356 5764 3815 5837 intelligaturven_-

2218 5852 2297 5907 tus
2330 5857 2429 5907 quo
2458 5833 2644 5909 corpus
2662 5837 2979 5909 propellente
3007 5838 3274 5901 sentimus,
3297 5836 3386 5888 sed
3400 5838 3511 5905 ejus
3529 5833 3733 5886 nomine
3746 5833 3813 5885 si-
