4142 6350
304 397 404 455 697

303 612 392 660 cet
418 600 542 673 quia
572 611 764 667 corpus
793 612 881 650 vas
908 592 1112 647 ‘animte
1150 584 1504 658 appellabant.
1554 579 1686 636 Vide
1736 591 1887 635 com-

303 703 470 753 ment.
502 692 568 749 ad
590 692 775 765 hymn.
804 703 877 744 vn
903 684 1059 740 Cath.
1087 697 1139 739 v.
1174 680 1295 736 190.

376 788 499 844 169.
526 785 700 841 Aliam
728 784 796 838 de
851 778 1066 837 nomine
1098 777 1245 832 litem
1310 779 1527 828 movent
1597 764 1835 823 nonnulli
1870 809 1884 834 ,

304 880 448 952 quod
474 876 795 934 Prudentius
839 872 1074 929 animam
1117 869 1419 923 elementum
1476 856 1885 930 nuncupaverit,

305 951 427 1031 cod.
459 970 642 1042 hymn.
677 966 991 1037 Exsequiar.
1020 980 1071 1018 v.
1091 962 1116 1014 1
1148 968 1201 1018 et
1221 974 1372 1028 seqq.
1391 974 1401 1009 :
1422 955 1581 1023 Deus,
1610 953 1753 1023 ignee
1775 951 1889 1020 fons

306 1068 617 1131 animarum,
652 1062 767 1117 Duo
790 1062 877 1133 qui
929 1060 1128 1115 socians
1177 1056 1445 1117 elementa,
1512 1049 1685 1102 l’ivunt
1740 1044 1891 1099 simul

306 1175 367 1213 ac
398 1155 753 1212 moribundum
802 1152 1095 1214 Hominem,
1122 1146 1300 1213 Pater,
1333 1142 1581 1214 effigiasti.
1616 1141 1727 1206 Qua
1757 1151 1891 1192 voco

306 1267 462 1308 usum
488 1264 697 1321 quoque
719 1245 1049 1302 Lactantium
1077 1256 1185 1297 non
1215 1239 1512 1295 difﬁtentur
1534 1235 1626 1289 lib.
1657 1248 1735 1301 nt,
1768 1245 1885 1299 cap.

306 1348 381 1405 6:
409 1345 636 1403 Scientia
663 1344 717 1397 in
744 1342 883 1397 nobis
914 1339 975 1393 ab
1006 1339 1176 1392 aninto
1211 1342 1305 1399 est,
1357 1332 1443 1403 qui
1469 1331 1631 1384 oritur
1661 1344 1687 1381 e
1729 1324 1853 1379 cwlo
1872 1339 1891 1378 :

305 1440 558 1513 ignoratio
607 1454 637 1491 a
678 1450 911 1505 corpore,
948 1432 1084 1503 quod
1129 1439 1252 1484 este
1295 1437 1448 1481 terra.
1509 1422 1656 1479 Unde
1679 1421 1820 1475 nobis
1842 1428 1891 1473 et

306 1552 419 1590 cum
434 1534 566 1603 Deo,
583 1541 764 1586 etcum
789 1526 1117 1592 animalibus,
1135 1534 1207 1579 est
1228 1523 1402 1591 aliqua
1422 1519 1779 1574 communitas.
1804 1514 1899 1568 Ita

304 1632 547 1703 quoniam
565 1645 627 1683 ea:
637 1626 716 1680 his
732 1624 929 1679 duobus
946 1630 1235 1676 constamus
1260 1617 1517 1672 elementis
1529 1629 1751 1684 quorum
1767 1610 1891 1664 alte—

302 1742 419 1779 rum
432 1725 545 1778 luce
558 1721 827 1789 prwditum
850 1726 921 1772 est
932 1712 1431 1781 ,alterumtenebris,
1460 1725 1579 1777 pars
1610 1708 1753 1761 nobis
1770 1706 1892 1758 data

305 1829 379 1875 est
404 1818 655 1883 scientiae,
701 1830 821 1884 pars
869 1810 1191 1881 ignorantiae.
1238 1804 1485 1860 Barthius
1516 1801 1618 1857 loc.
1670 1802 1761 1855 cit.
1818 1799 1891 1853 ait

1675 366 2201 427 PROLEGOMENA.

300 504 590 565 Christiani
620 503 862 573 liquorem
884 510 1078 555 vocare
1102 480 1105 482 ’
1133 498 1417 564 potuerunt
1460 487 1713 553 animam,
1740 482 1887 539 scili-
1910 486 1965 547 Α

3462 361 3565 420 698

2576 478 2801 537 CAPUT
2843 478 2981 537 XVI.

1991 622 2264 697 Faveritne
2289 639 2603 695 Prudentius
2634 638 2985 711 Pytltagareis
3005 644 3053 711 et
3083 636 3382 694 Manichaeis
3412 654 3563 711 super

2061 714 2363 770 abstinentia
2388 729 2420 766 a
2445 708 2724 765 carnibus?
2752 728 2819 764 an
2843 708 3247 765 Maniclueorum
3271 708 3566 781 argumenta

2064 790 2125 842 de
2152 788 2350 842 duobus
2380 784 2645 856 principiis
2682 781 2852 838 valide
2879 781 3142 837 everterit!

2064 972 2187 1029 170.
2223 970 2361 1026 Ecce
2390 968 2581 1024 iterum
2602 964 2861 1030 Clericus,
2890 963 2979 1036 qui
3002 960 3350 1019 Prudentium
3378 962 3444 1017 ad
3466 962 3569 1034 Py-

1994 1062 2335 1135 tbagoreismi
2371 1068 2427 1116 et
2456 1058 2839 1115 Manicha’ismi
2869 1072 3110 1113 errorem
3156 1055 3223 1112 de
3252 1055 3571 1112 abstinentia

1992 1174 2023 1215 a
2053 1156 2303 1213 carnibus
2349 1154 2640 1209 accessisse
2684 1150 2978 1207 contendit.
3028 1149 3239 1222 Hymno
3282 1148 3499 1203 Cather.
3543 1150 3577 1202 ὅ

1992 1253 2130 1307 Ante
2159 1249 2360 1317 cibum,
2408 1262 2551 1303 vers.
2586 1244 2674 1312 56,
2708 1245 2823 1300 haec
2864 1244 3023 1299 habet
3053 1242 3373 1297 Prudentius
3405 1258 3417 1294 :
3452 1240 3577 1294 Hau:

1997 1344 2260 1414 opulentia
2281 1340 2600 1396 Christicolis
2628 1338 2813 1405 Servit,
2838 1347 2886 1392 et
2913 1338 3084 1392 omnia
3108 1336 3415 1409 suppeditat.
3440 1336 3580 1390 Absit
3664 1388 3665 1391 η

1993 1437 2129 1490 enim
2147 1436 2327 1506 procul
2349 1434 2442 1487 illa
2459 1434 2640 1503 fontes,
2664 1430 2897 1485 Cladibus
2925 1441 2977 1484 ut
3000 1428 3252 1500 pecudum
3276 1428 3427 1482 libeat
3444 1426 3582 1483 San-

1992 1531 2203 1601 guineas
2250 1529 2475 1582 lacerare
2516 1526 2693 1593 dapes.
2742 1525 2857 1579 Sint
2903 1526 3012 1595 fera
3051 1525 3283 1597 gentibus
3324 1522 3582 1577 indomitis

1997 1621 2227 1675 Prandia
2254 1621 2318 1674 de
2345 1635 2462 1674 nece
2502 1616 2891 1689 quadrupedum
2923 1633 2941 1671 :
2972 1615 3085 1672 Nos
3112 1615 3267 1670 oleris
3294 1632 3456 1680 coma,
3491 1632 3583 1670 nos

1995 1719 2204 1786 siliqua,
2248 1714 2376 1771 Feta
2419 1714 2673 1785 legumine
2711 1712 3043 1779 multimodo,
3089 1710 3296 1765 Paverit
3350 1711 3583 1764 innocuis

1995 1811 2177 1881 epulis.
2210 1809 2361 1864 Solet
2391 1822 2485 1862 usu
2517 1807 2619 1861 hoc
2648 1806 2885 1871 evenire,
2913 1802 3081 1873 utqui
3114 1816 3325 1857 errores
3358 1800 3585 1857 libenter

304 1912 652 1970 Prudentium
676 1909 919 1963 elementa
941 1902 1198 1975 principia
1225 1900 1426 1956 dixisse
1467 1896 1678 1952 ethnica
1710 1891 1889 1964 phrasi

2004 1903 2096 1970 ipsi
2137 1900 2529 1971 amplectuntur
2567 1896 2865 1967 praesertim
2911 1897 2962 1950 in
3004 1896 3163 1951 rebus
3199 1893 3341 1961 ﬁdei,
3384 1895 3436 1949 in
3466 1895 3585 1950 aliis

305 2022 371 2062 ex
401 2005 647 2069 Alcinoo,
680 2000 924 2071 Epicteto
958 2006 1011 2052 et
1043 1993 1315 2064 Euripide.
1367 1992 1476 2060 Ego
1505 1987 1677 2059 potius
1708 1985 1881 2040 dicam

310 2100 465 2171 155
504 2113 622 2154 eam
679 2093 901 2165 phrasin
954 2104 1074 2146 esse
1106 2087 1370 2143 Latinam.
1424 2081 1644 2148 Cicero,
1720 2078 1886 2135 Acad.

302 2193 507 2258 Quaest.
528 2232 541 2255 ,
568 2206 622 2257 p.
648 2189 715 2243 M
739 2206 749 2239 :
786 2185 926 2257 Ergo
952 2184 1044 2238 illa
1071 2181 1217 2236 initia
1242 2188 1307 2245 et,
1341 2179 1444 2248 nte
1480 2177 1657 2231 Crteco
1680 2184 1887 2243 vertam,

304 2286 569 2340 elementa.
629 2281 718 2338 Sic
742 2279 901 2350 vulgo
969 2278 1215 2331 elementa
1305 2288 1600 2345 puerorum,
1649 2272 1891 2325 elementa

308 2378 568 2449 loquendi,
602 2375 849 2429 elementa
892 2371 1203 2426 dialectices.
1245 2370 1351 2423 Cur
1414 2382 1542 2437 ergo
1594 2364 1741 2419 initia
1798 2378 1894 2418 seu

309 2469 567 2540 principia
597 2466 827 2521 hominis
854 2479 958 2519 non
990 2462 1325 2532 appellentur
1354 2456 1660 2515 elementa?
1716 2456 1895 2525 Itaque

308 2572 365 2618 ut
416 2560 759 2617 Prudentium
804 2569 1070 2625 tueamur,
1112 2554 1244 2610 nihil
1318 2567 1452 2622 opus
1501 2561 1582 2605 est
1610 2548 1897 2618 confugere

305 2655 370 2711 ad
396 2668 601 2725 eaquae
631 2652 852 2708 Huetius
894 2650 1129 2718 disputat
1170 2647 1223 2701 in
1272 2642 1639 2714 Origenianis,
1688 2641 1781 2696 lib.
1834 2656 1893 2706 tt,

306 2762 426 2815 cap.
456 2747 727 2811 2,qu:est.
767 2744 821 2808 6,
870 2757 1017 2798 num.
1078 2740 1162 2805 11,
1194 2738 1282 2793 ubi
1347 2750 1584 2792 errorem
1630 2734 1894 2804 Origenis,

306 2840 399 2909 qui
424 2824 652 2907 corpora
682 2835 874 2891 animis
895 2833 1132 2899 ascribit,
1167 2844 1429 2887 excusare
1454 2828 1584 2894 vult,
1613 2827 1735 2897 quia
1762 2841 1897 2881 non-

306 2932 432 2987 dttm
458 2930 653 2985 veritas
676 2928 939 2983 tcclesite
969 2926 1185 2981 decreto
1224 2932 1339 2978 erat
1383 2922 1621 2985 deﬁnita,
1654 2917 1735 2976 et‘
1755 2920 1895 2975 idem

305 3027 479 3081 visum
504 3021 976 3084 fuit'l‘ertulliauo,
1003 3019 1058 3074 S.
1094 3016 1295 3073 Hilario
1326 3016 1376 3071 in
1420 3014 1608 3070 Matth.
1640 3028 1759 3082 cap.
1821 3013 1895 3077 5;

262 3136 265 3137 '
307 3121 595 3179 Ambrosio
638 3119 730 3173 lib.
766 3132 801 3171 It
848 3115 914 3170 de
960 3113 1265 3178 Abraham,
1325 3124 1442 3179 cap.
1514 3102 1585 3173 8;
1617 3104 1894 3173 Cassiani),

308 3215 493 3272 collat.
526 3215 579 3278 7,
600 3226 718 3280 cap.
742 3211 807 3264 15
828 3229 843 3275 ;
868 3206 1145 3262 Theodoto
1178 3206 1229 3259 in
1253 3202 1538 3271 Excerptis
1564 3201 1628 3255 ad
1654 3200 1899 3255 Clemen-

310 3270 380 3361 tis
419 3270 766 3359 Alexandrini
806 3270 1005 3354 calcem
1060 3296 1311 3367 adjectis;
1377 3270 1643 3349 Methodio
1676 3338 1690 3362 ,
1756 3291 1894 3360 apud
1923 3270 1971 3336 ο

311 3399 562 3456 Photium
608 3393 885 3460 cod.254;
935 3393 1132 3448 Fausto
1180 3389 1462 3459 Regiensi,
1512 3388 1755 3458 aliisque.
1786 3388 1900 3453 Qua

311 3508 441 3548 vero
501 3490 707 3545 ratione
746 3485 953 3541 animus
1004 3500 1032 3539 a
1080 3482 1371 3538 Prudentio
1427 3484 1605 3553 igneus
1646 3491 1699 3535 et
1770 3481 1903 3551 ignis

306 3586 538 3651 dicatur,
559 3584 613 3638 in
636 3579 1033 3638 commentariis
1086 3585 1383 3648 exponetur
1421 3576 1755 3647 :nequeulla
1802 3591 1901 3646 pe-

307 3676 530 3732 culiaris
585 3674 636 3728 in
686 3673 787 3727 hoc
831 3680 913 3727 est
947 3669 1259 3735 difﬁcultas,
1331 3683 1451 3723 cum
1509 3669 1682 3738 ipsum
1727 3668 1896 3723 Deum

304 3770 511 3840 igneum
536 3781 678 3835 stupe
698 3764 1068 3835 appellaverit.
1094 3761 1319 3816 Veteres
1369 3760 1608 3814 nonnolli
1640 3770 1897 3829 putarunt

310 3873 499 3915 revera
530 3857 759 3912 animam
785 3869 901 3910 esse
939 3854 1139 3925 ignem,
1166 3862 1218 3908 et
1248 3852 1445 3907 idcirco
1476 3852 1577 3906 dici
1626 3852 1895 3908 hominem

308 3950 565 4021 exstingui
588 3964 707 4003 cum
740 3946 983 4013 moritur,
1032 3955 1084 4001 et
1130 3945 1204 3999 illi
1246 3958 1379 4013 aqua
1423 3951 1477 3998 et
1518 3945 1621 4014 igni
1652 3944 1895 3999 interdici

310 4062 435 4101 cum
467 4044 658 4100 exsilio
687 4040 1033 4106 multabatur,
1076 4037 1269 4107 quibus
1334 4035 1515 4091 verbis
1565 4037 1768 4102 minor,
1801 4050 1898 4092 seu

309 4137 488 4195 media
516 4135 704 4206 capitis
722 4133 1005 4188 diminutio
1035 4129 1433 4201 signiﬁcabatur
1458 4146 1469 4182 :
1520 4128 1672 4199 quasi
1702 4144 1898 4199 corpus

310 4247 381 4288 ex
408 4244 544 4301 aqua
569 4242 664 4283 seu
688 4226 932 4293 humore,
991 4225 1167 4277 anima
1213 4236 1277 4276 es
1302 4222 1422 4291 igne
1474 4228 1767 4275 constaret.
1797 4220 1898 4274 Alii

310 4333 452 4387 hanc
490 4328 754 4385 insaniam
773 4323 1115 4391 addiderunt,
1139 4336 1306 4392 grave
1347 4335 1464 4376 esse
1488 4321 1661 4389 perire
1689 4320 1903 4374 llﬂllil’ilr

310 4427 424 4498 gio,
456 4424 597 4495 quod
629 4423 803 4477 anima
846 4428 989 4476 esset
1016 4418 1171 4487 ignis,
1197 4418 1437 4485 adeoque
1487 4416 1718 4470 maxime
1748 4430 1899 4486 aqua:

1995 1994 2277 2063 diligenter
2301 1990 2457 2063 146
2472 2003 2685 2045 errores
2706 1986 3111 2057 deprehendere
3133 1996 3414 2051 conentur,
3434 1987 3585 2056 quasi

1994 2086 2168 2141 socios
2217 2084 2316 2139 sibi
2363 2089 2601 2152 quierant
2646 2091 2700 2136 et
2744 2081 3053 2150 adjungant.
3108 2079 3432 2135 Prudentius
3480 2080 3582 2135 hoc

1995 2179 2196 2250 hymno
2226 2178 2279 2232 id
2311 2192 2475 2232 unum
2503 2177 2633 2247 agit,
2676 2183 2730 2230 ut
2760 2174 3094 2230 Christianos
3133 2174 3198 2229 ad
3229 2190 3349 2229 eum
3381 2190 3586 2231 morem

1994 2271 2260 2339 hortetur,
2294 2270 2384 2342 qui
2423 2271 2561 2325 inter
2600 2270 2743 2339 ipsos
2780 2277 2907 2323 tunc
2946 2268 3206 2337 temporis
3248 2267 3406 2323 valde
3435 2283 3586 2323 com-

1997 2364 2172 2421 munis
2197 2371 2335 2428 erat,
2363 2371 2419 2417 ut
2445 2362 2581 2416 cibis
2605 2360 2978 2415 innocentibus
3001 2362 3259 2427 contenti,
3283 2375 3311 2413 a
3339 2361 3589 2416 carnibus

1996 2454 2401 2528 quadrupedum
2440 2453 2798 2518 abstinerent,
2833 2467 2940 2507 non
2970 2452 3113 2522 quod
3144 2453 3227 2505 his
3256 2452 3400 2507 vesci
3434 2462 3591 2523 nrget

2000 2550 2182 2610 licere,
2212 2548 2306 2602 sed
2334 2546 2457 2616 quia
2490 2547 2682 2601 melius
2712 2552 2797 2599 est
2827 2559 2931 2599 non
2965 2544 3130 2599 vesci.
3164 2544 3379 2599 Nullum
3409 2546 3587 2601 cibum

2000 2641 2321 2699 Christianis
2358 2641 2580 2695 vetitum
2612 2645 2734 2696 esSe
2766 2640 2907 2694 haud
2935 2640 3164 2695 obscure
3193 2648 3322 2726 ante
3346 2640 3591 2697 innuerat

1998 2757 2143 2798 vers.
2176 2742 2237 2796 11
2277 2749 2332 2795 et
2377 2755 2529 2809 seqq.
2559 2757 2571 2792 :
2607 2738 2675 2793 Te
2708 2738 2816 2792 sine
2846 2739 2993 2792 dulce
3021 2736 3168 2802 nihil,
3214 2734 3446 2807 Domine,
3484 2736 3592 2792 Nec

1990 2841 2144 2909 juvat
2176 2852 2263 2890 ore
2307 2833 2432 2905 quid
2461 2843 2721 2903 appetere,
2754 2830 2951 2885 Pocula
2984 2832 3035 2883 ni
3066 2832 3229 2900 prius,
3259 2840 3409 2901 atque
3432 2832 3589 2897 cibus,

1999 2929 2218 2995 Christe,
2239 2938 2355 2983 tuus
2374 2928 2519 2997 favor
2540 2926 2792 2994 imbuerit,
2815 2926 2986 2980 Onam
3010 2931 3425 2981 ssucrtrtcmre
3449 2943 3588 2981 FIDE.

2000 3024 2203 3092 Quibus
2237 3021 2523 3092 postremis
2553 3020 2735 3076 verbis
2767 3019 2958 3075 alludit
2986 3029 3079 3074 aut
3126 3019 3192 3074 ad
3220 3030 3379 3089 caput
3408 3036 3439 3074 ι
3472 3022 3590 3075 Act.

2002 3118 2361 3191 apost..§vers.
2387 3117 2443 3170 11
2465 3116 2566 3185 (a),
2591 3126 2683 3171 aut
2703 3115 2766 3170 ad
2790 3124 2949 3185 caput
2970 3130 3056 3169 xiv
3070 3115 3207 3185 epist
3250 3114 3313 3171 ad
3338 3115 3589 3185 Romam,

2002 3227 2144 3268 vers.
2175 3212 2244 3265 ΞΟ
2275 3210 2374 3280 (b).

2076 3308 2197 3362 171.
2228 3305 2505 3360 Prudentii
2530 3318 2684 3359 mens
2709 3304 2907 3359 clarius
2931 3298 3249 3374 intelligitui'
3273 3320 3335 3359 ex
3384 3305 3594 3360 ratione

2006 3415 2163 3470 quam
2215 3397 2470 3468 subiicit,
2528 3412 2625 3450 cur
2663 3397 2772 3450 Deo
2818 3397 3015 3466 gratias
3057 3410 3217 3466 agere
3253 3396 3544 3451 debeamus
3578 3415 3590 3452 :

2004 3490 2125 3562 Ipse
2145 3490 2343 3543 homini
2365 3489 2485 3559 quia
2510 3498 2688 3541 cuncta
2711 3488 2871 3552 dedit,
2894 3488 3023 3554 Qua:
3046 3489 3279 3558 capimus
3301 3488 3596 3542 dominante
3657 3528 3660 3531 ι

2004 3602 2179 3646 manu,
2218 3582 2346 3650 Qua:
2376 3582 2549 3653 polus,
2582 3588 2670 3634 aut
2701 3580 2900 3643 humus,
2933 3588 3021 3633 aut
3055 3580 3265 3653 pelagus
3290 3582 3435 3648 Aere,
3468 3597 3594 3651 gur-

2001 3685 2121 3754 gite,
2142 3697 2271 3755 ~rure
2298 3688 2490 3743 creant,
2527 3676 2656 3731 Haec
2682 3677 2807 3732 milii
2838 3676 3083 3739 subdidit,
3114 3686 3159 3731 et
3185 3677 3281 3731 sibi
3307 3694 3405 3731 nte.
3453 3678 3594 3733 inter

2001 3789 2064 3830 ea
2094 3789 2221 3828 vero
2250 3788 2367 3842 quae
2394 3773 2535 3831 Deus
2563 3771 2764 3826 homini
2793 3771 3046 3837 subdidit,
3078 3771 3144 3827 ad
3166 3771 3591 3830 Chrisﬁanorum

2001 3866 2177 3921 cibum
2219 3865 2395 3934 seligit
2434 3879 2559 3920 aves
2594 3871 2648 3919 et
2686 3862 2862 3933 pisces
2896 3864 2985 3935 (c).
3030 3863 3165 3919 Tum
3199 3864 3343 3920 addit
3390 3865 3594 3923 fructus

2004 3969 2159 4016 term
2189 3970 2240 4015 et
2267 3959 2541 4023 arborum,
2568 3974 2667 4013 nec
2698 3975 2803 4013 non
2833 3960 2914 4014 lac
2944 3970 2996 4015 et
3022 3978 3140 4033 quae
3170 3977 3233 4016 ex
3264 3963 3401 4017 lacte
3429 3964 3593 4019 multa

2006 4056 2121 4111 ﬁeri
2151 4055 2348 4109 solent.
2384 4055 2641 4125 Syrorum
2673 4069 2735 4108 ea
2768 4054 2864 4108 fuit
2894 4055 3185 4122 dementia,
3218 4064 3276 4109 ut
3304 4072 3330 4108 τι
3363 4058 3595 4124 piscibus

2007 4157 2062 4203 et
2090 4164 2116 4200 a
2150 4146 2415 4202 columbis
2445 4147 2723 4217 religionis
2754 4161 2915 4201 causa
2948 4147 3302 4202 abstinerent.
3334 4148 3592 4218 Hyginus,

2006 4240 2177 4295 fabula
2208 4238 2311 4294 195
2352 4258 2365 4293 :
2400 4237 2473 4292 0b
2512 4239 2567 4292 id
2606 4238 2730 4308 Syri
2776 4239 2936 4305 pisces
2980 4249 3026 4292 et
3065 4239 3346 4302 columbas,
3379 4257 3503 4305 quas
3543 4243 3594 4297 in

2006 4335 2216 4389 deorum
2238 4349 2506 4387 numerum
2524 4331 2727 4396 habent,
2749 4348 2851 4386 non
2873 4332 3052 4387 edunt.
3077 4331 3365 4387 Christiani
3390 4341 3595 4388 veteres

2004 4428 2183 4496 pisces
2212 4440 2444 4495 avesque
2483 4424 2671 4486 eodem
2705 4424 2824 4479 loco
2856 4423 3149 4495 ponebant,
3180 4423 3323 4494 quod
3352 4439 3414 4479 ex
3444 4425 3596 4494 aquis

312 4518 605 4577 contraria.
635 4517 804 4586 Quam
830 4515 987 4584 longe
1023 4514 1089 4567 ah
1118 4512 1200 4567 his
1226 4510 1429 4567 deliriis
1458 4510 1779 4566 Prudentius
1807 4511 1901 4566 ab-
1929 4528 1983 4588 D
2009 4528 2114 4574 tam
2141 4519 2389 4574 volucres
2412 4533 2571 4587 quam
2594 4518 2771 4587 pisces
2796 4525 2953 4572 natos
2973 4517 3158 4572 doceat
3178 4514 3401 4571 Genesis
3423 4531 3593 4588 cap.“

315 4615 405 4679 sit,
425 4628 493 4668 ex
515 4610 763 4667 omnibus
777 4608 893 4671 eius
907 4606 1232 4662 carminibus
1257 4605 1576 4674 perspicitur
1592 4590 1892 4662 evidenter.

316 4771 595 4845 gniﬁcetur.
612 4767 805 4845 aliquid
835 4763 1105 4829 invisibile,
1154 4771 1258 4817 etc.
1311 4762 1463 4845 Apud
1515 4774 1760 4845 auctores
1791 4766 1910 4845 lati-

317 4835 417 4899 nos
473 4835 724 4910 liquidum
776 4852 873 4907 pro
912 4851 1070 4910 puro
1104 4849 1248 4903 saepe
1288 4835 1539 4910 sumitur,
1599 4844 1657 4910 ut
1711 4838 1908 4905 liquida

317 4906 613 4977 oratio,'et
659 4906 872 4965 similia.
902 4906 1140 4961 Catullus
1199 4906 1436 4960 carmine
1481 4906 1548 4961 de
1584 4909 1704 4977 Aty,
1728 4923 1779 4961 v.
1811 4909 1907 4975 dii,

326 4985 648 5054 Liquidaque
673 4989 836 5054 mente
851 4978 995 5054 vidit.

394 5047 476 5124 (ἀ)
519 5047 595 5108 Et-
614 5054 734 5106 vidit
765 5047 1000 5124 (Petrus)
1032 5048 1211 5101 caelum
1242 5056 1497 5117 apertum,
1530 5056 1575 5101 et
1600 5050 1906 5124 descendens

315 5120 408 5183 vas
444 5120 730 5195 quoddam,
772 5120 906 5195 velut
947 5120 1455 5195 linteum_maguum,
1495 5131 1710 5189 quatuor
1748 5123 1907 5174 initiis

316 5187 548 5254 submitti
573 5196 633 5249 de
662 5187 787 5249 cardo
817 5194 870 5246 in
902 5203 1112 5244 terram.
1158 5187 1223 5242 In
1251 5187 1348 5259 quo
1387 5187 1528 5243 erant
1570 5195 1739 5245 omnia
1774 5210 1906 5254 qua-

319 5268 599 5339 drupedia,
631 5278 674 5339 et
707 5263 959 5339 serpentia
986 5266 1155 5339 terrai,
1182 5271 1229 5313 et
1258 5261 1485 5339 volatilia
1515 5264 1647 5317 caeli.
1682 5261 1746 5315 Et
1775 5266 1911 5331 facta

319 5350 398 5395 est
430 5330 537 5393 'vox
573 5338 640 5391 ad
679 5330 798 5391 eum
825 5351 842 5389 :
874 5334 1065 5402 Surge,
1098 5330 1271 5394 Petre,
1317 5332 1509 5396 occide,
1548 5345 1593 5385 et
1636 5330 1908 5388 manduca.

321 5412 412 5465 Ait
441 5420 612 5463 autem
642 5408 853 5470 Petrus;
875 5405 1039 5469 Absit,
1066 5402 1297 5461 Domine.
1323 5406 1438 5470 quia
1471 5420 1729 5474 nunquam
1758 5421 1909 5457 man-

316 5484 508 5536 ducavi
538 5496 683 5534 omne
722 5491 985 5531 commune
1039 5484 1084 5528 et
1123 5474 1460 5527 immundum.
1512 5474 1575 5527 Et
1608 5493 1704 5531 vos:
1732 5477 1911 5530 iterum

315 5554 547 5608 secundo
576 5552 644 5605 ad
675 5566 789 5605 eum
820 5564 839 5603 :
871 5544 1021 5615 Quod
1050 5542 1190 5600 Deus
1219 5546 1537 5616 puriﬁcovit,
1567 5557 1619 5600 tu
1649 5563 1912 5602 commune

316 5640 388 5679 ne
411 5624 621 5677 dixeris.

401 5695 475 5763 (b)
522 5693 653 5748 Noli
680 5701 888 5763 prapler
917 5695 1084 5746 escam
1111 5692 1367 5763 destruere
1407 5706 1534 5763 opus
1565 5689 1681 5763 Dei.
1728 5690 1915 5745 Omnia

318 5761 535 5837 quidem
574 5761 693 5837 sunt
733 5765 959 5837 munda;
998 5766 1085 5816 sed
1123 5762 1313 5837 malum
1351 5771 1423 5816 est
1461 5761 1671 5827 ltomini,
1705 5763 1791 5830 qui
1830 5778 1917 5828 per

320 5834 703 5905 oﬂendiculum
753 5835 1049 5905 manducet.
1119 5834 1315 5887 Bonum
1354 5843 1428 5887 est
1464 5850 1567 5887 non
1606 5834 1918 5887 manducare

320 5904 540 5964 carnem
582 5915 627 5960 et
658 5922 760 5960 non
792 5904 953 5960 bibere
982 5906 1185 5974 vinum,
1215 5919 1373 5976 neque
1404 5908 1455 5959 in
1484 5921 1585 5976 quo
1616 5906 1775 5977 frater
1806 5912 1920 5958 tuus

2009 4626 2150 4666 vers.
2170 4608 2354 4681 20(d).
2382 4609 2455 4665 Ex
2480 4624 2588 4680 quo
2609 4608 3018 4674 S.Ambrosius,
3039 4609 3237 4678 hymno
3262 4608 3327 4664 ad
3350 4624 3599 4678 vesperas

2016 4768 2315 4837 offenditur,
2338 4778 2426 4821 aut
2458 4767 2857 4831 scandalizatur,
2890 4779 2978 4820 aut
3004 4767 3311 4838 inﬁrmatur.
3338 4768 3416 4821 Tu
3449 4770 3601 4838 ﬁdem

2016 4840 2169 4894 habes
2188 4841 2211 4893 ?
2232 4856 2382 4907 penes
2406 4840 2724 4906 temetipsum
2745 4838 2871 4890 ltabe
2891 4854 3060 4891 coram
3088 4837 3222 4892 Deo.
3246 4877 3259 4890 .
3280 4881 3289 4891 .
3311 4840 3414 4905 Qui
3433 4837 3601 4895 autem

2014 4913 2279 4976 discernit,
2313 4913 2355 4963 si
2385 4910 2785 4973 manducauerit,
2822 4908 3095 4962 damnatus
3120 4918 3230 4963 est:
3251 4914 3372 4978 quia
3400 4929 3499 4965 non
3532 4924 3602 4965 est

2015 4999 2079 5035 ex
2112 4996 2252 5034 FIDE.
2287 4980 2449 5034 Omne
2486 4989 2657 5033 autem
2685 4981 2818 5045 quod
2853 4995 2953 5033 non
2988 4992 3059 5035 est
3094 4997 3160 5035 ex
3192 4997 3310 5035 FIDE
3340 4994 3603 5053 peccatum

2010 5061 2106 5107 εει.
3611 5060 3619 5069 '

2090 5124 2159 5193 (ε)
2219 5122 2466 5195 Callidus,
2494 5122 2735 5192 illaqueat
2792 5122 3169 5195 volucresﬂAut
3216 5124 3427 5195 pedicis
3456 5123 3604 5177 dolus

2019 5206 2105 5249 aut
2132 5194 2368 5258 maculis,
2397 5193 2542 5246 Illita
2573 5194 2764 5265 glutine
2793 5196 3005 5248 corticeo
3035 5193 3240 5265 Vimina
3271 5194 3603 5265 plumigeram

2024 5268 2206 5320 seriem
2247 5266 2539 5337 Impediunt
2577 5263 2629 5319 et
2669 5264 2808 5319 abire
2864 5275 3051 5320 vetant.
3103 5263 3233 5337 Ecce
3272 5263 3360 5337 iter
3400 5280 3604 5328 (equom

2021 5332 2516 5409 ﬂuctivagos'Teata
2566 5353 2738 5409 greges
2773 5337 2982 5409 sinuosa
3014 5336 3259 5409 trahunt.‘
3282 5332 3448 5409 Piscis
3486 5336 3603 5387 item

2021 5403 2251 5477 sequitur
2277 5403 2785 5477 calamumflia‘ptus
2816 5407 3049 5460 acumine
3070 5405 3343 5474 pului/ico,
3379 5403 3604 5461 Credula

2021 5481 2225 5539 saucius
2260 5496 2350 5532 ora
2381 5482 2507 5533 cibo.
3636 5480 3651 5495 ‘

2095 5552 2174 5619 (ά)
2221 5549 2462 5616 Dixitque
2500 5551 2652 5605 etiam
2697 5548 2874 5620 Deus:
2910 5547 3205 5600 Produrant
3244 5564 3390 5620 aqua:
3430 5552 3607 5620 reptile

2022 5624 2211 5675 anima:
2232 5622 2459 5686 viventis,
2486 5631 2535 5676 et
2570 5618 2776 5675 volatile
2797 5636 2946 5687 super
2970 5629 3152 5670 terram
3175 5618 3264 5671 sub
3283 5618 3605 5685 ﬁrmamento

2025 5692 2157 5749 caeli.
2194 5692 2486 5762 Creavitque
2515 5693 2653 5745 Deus
2679 5700 2783 5744 cete
2810 5690 3046 5760 grandia,
3081 5697 3131 5762 et
3157 5706 3352 5744 omnem
3384 5695 3606 5747 animam

2026 5766 2282 5829 virentem,
2307 5760 2455 5831 atque
2486 5761 2793 5824 motabilem,
2821 5775 2973 5827 quant
3005 5760 3350 5829 produxerant
3379 5780 3523 5832 aqua:
3554 5766 3606 5819 in

2026 5838 2217 5907 species
2240 5852 2378 5895 suas,
2402 5845 2447 5887 et
2472 5832 2853 5889 omuc~volalile
2880 5832 3157 5887 recundum
3181 5849 3339 5907 genus
3363 5850 3531 5891 suum.
