4142 6350
553 348 655 409 69.)

1968 345 2420 418 PRUDENTIUS.

3716 358 3829 428 700

549 473 696 529 ferire
725 474 758 529 5
783 490 795 527 :
823 472 1028 544 Magnis
1049 469 1188 525 Deus
1210 471 1473 540 potentiae,
1499 472 1598 538 Qui
1638 474 1798 543 fertili
1826 485 1975 529 natos
2000 493 2129 545 aqua
2157 477 2213 538 Α
2238 469 2461 532 Bailium
2502 470 2657 535 docte
2692 488 2746 535 et
2789 488 3015 537 ner‘vose
3052 478 3266 551 rel‘utat,
3294 478 3522 555 ejusque
3558 485 3693 542 alios
3728 494 3831 557 op-

549 567 753 622 Partim
789 565 1032 635 relinquis
1069 563 1221 634 1&7
1249 565 1462 635 gurgiti,
1492 564 1693 620 Partim
1734 567 1867 623 levas
1898 570 1951 622 in
1991 584 2133 635 aera,
2186 598 2187 601 η

555 657 803 712 Demersa
848 656 1070 727 lymphis
1114 656 1411 725 imprimens
1463 658 1696 713 subvecta
1735 661 1874 714 ralis
1916 662 2134 730 erigens.

553 750 623 806 Ut
643 752 797 820 stirpe
817 749 881 802 ab
903 765 1008 803 una
1027 748 1229 820 prodita
1246 747 1461 803 Diversa
1481 753 1708 821 repleant
1731 752 1863 808 loca.
1890 751 2137 808 [tabanus

554 841 797 899 Maurus,
833 840 930 895 lib.
961 856 997 894 ιι
1028 841 1096 896 de
1124 839 1464 896 Institutione
1499 842 1848 909 clericorum,
1894 858 2014 914 cap.
2043 844 2135 911 27,

550 946 700 988 esum
724 931 902 987 avium
939 940 995 988 et
1017 932 1240 1001 piscium
1264 933 1581 1002 permissum
1614 934 1706 998 ait,
1732 934 1851 1003 quia
1880 950 1943 989 ea:
1964 936 2137 990 eodem

549 1025 793 1079 elemento
824 1023 888 1078 de
921 1038 1023 1093 quo
1057 1033 1106 1079 et
1140 1026 1303 1096 pisces
1334 1035 1518 1080 creata:
1553 1033 1673 1079 sunt
1705 1042 1847 1091 aves,
1880 1038 2055 1097 neque
2083 1028 2137 1083 in

552 1116 737 1186 regula
765 1116 1155 1171 monachorum
1187 1116 1414 1171 aliarum
1444 1116 1684 1172 carnium
1715 1132 1861 1173 esum
1894 1117 2137 1186 prohibi-

546 1216 680 1271 tum,
714 1208 816 1263 nisi
854 1208 1277 1279 quadrupedum.
1304 1208 1588 1278 intelligit,
1629 1209 1842 1279 opinor,
1883 1220 2041 1279 caput
2068 1210 2137 1265 59

550 1301 748 1368 regulae
777 1300 833 1359 S.
856 1300 1126 1356 Benedicti
1160 1316 1175 1352 :
1211 1299 1455 1354 Carnium
1494 1317 1606 1354 vero
1651 1301 2041 1370 quadrupedum
2074 1304 2138 1356 ab

550 1391 783 1445 omnibus
813 1392 1128 1446 abstineatur
1163 1393 1399 1446 comestio
1420 1430 1435 1460 ,
1486 1402 1668 1462 praeter
1705 1394 1912 1449 omnino
1948 1393 2139 1449 debiles

548 1497 593 1539 et
624 1497 841 1559 aegrotos
868 1486 963 1557 (a).

620 1580 743 1634 ιη.
789 1580 1011 1635 Posseut
1049 1580 1208 1635 etiam
1256 1580 1419 1636 verba
1454 1580 1728 1637 Prudentii
1770 1581 1841 1637 ita
1883 1579 2151 1653 intelligi,‘

548 1679 607 1726 ut
635 1672 958 1743 Sanguineas
990 1672 1218 1727 lacerare
1254 1675 1413 1741 dapes
1444 1674 1737 1741 pertineret
1761 1674 1827 1729 ad
1857 1688 2010 1729 usum
2037 1674 2138 1730 ab-

544 1764 777 1819 stinendi
814 1780 845 1819 a
874 1765 1133 1834 sanguine
1170 1774 1225 1819 et
1260 1764 1540 1829 suﬂocato,
1569 1765 1659 1834 qui
1688 1765 1775 1820 diu
1808 1767 1859 1820 in
1892 1765 2132 1822 Ecclesia

2242 578 2561 639 pugnatore's
2585 571 2683 626 hac
2707 571 2760 627 in
2787 581 2937 643 parte
2959 583 3221 641 recenset,
3240 576 3508 647 Kingium,
3532 575 3824 648 Clericum,

2240 661 2598 730 Bernardum,
2633 665 3003 734 Jaquelotum,
3036 665 3397 737 Leihnizium,
3426 664 3727 743 Clarkium,
3772 672 3825 730 ta

2241 754 2498 822 Placette,
2538 756 2605 814 de
2626 757 2881 814 Crousaz’.
2926 759 3038 832 Ego
3074 762 3246 817 solum
3286 779 3349 820 ea
3387 756 3622 821 breviter
3659 768 3831 838 expli-

2238 838 2373 903 cabo
2412 862 2532 918 quae
2585 848 2782 905 Bailius
2810 851 3100 908 Prudentio
3139 854 3343 924 objicit,
3385 858 3561 927 neque
3588 855 3830 917 Chattic-

2240 940 2391 1009 pieus
2416 940 2492 997 illi
2518 942 2730 1012 objecta
2759 958 2880 1001 esse
2902 947 3164 1003 meminit.
3192 948 3468 1020 Princeps,
3499 950 3674 1022 inquit
3705 954 3831 1008 Bai-

2241 1031 2364 1115 lius,
2392 1032 2479 1104 qui
2508 1034 2769 1105 impedire
2794 1045 2969 1107 potest
2996 1041 3216 1105 malum,
3246 1050 3416 1111 neQue
3440 1042 3686 1115 impedit,
3716 1047 3831 1101 Vult

2241 1112 2368 1180 illud
2411 1127 2641 1194 malum;
2694 1136 2749 1183 et
2785 1128 2923 1186 hanc
2972 1139 3129 1187 vocat
3176 1133 3448 1190 notionem
3494 1112 3826 1192 evidentem.

2240 1215 2394 1284 Quod
2422 1228 2597 1273 autem
2655 1219 2978 1277 Prudentius
3020 1223 3306 1294 respondet
3348 1225 3617 1283 hominem
3658 1228 3831 1285 libere

2240 1322 2484 1377 peccare,
2507 1308 2633 1366 dicit
2655 1310 2874 1375 Bailius,
2900 1312 3036 1369 hanc
3064 1330 3183 1372 esse
3208 1316 3523 1386 petitionem
3553 1319 3825 1391 principii,

2239 1401 2361 1469 quia
2402 1401 2578 1457 thesin
2617 1402 2980 1472 impugnatant
3021 1406 3113 1460 dat
3142 1421 3236 1476 pro
3265 1411 3637 1478 responsione.
3682 1410 3831 1467 idem

2240 1488 2460 1557 Bailius,
2486 1490 2749 1548 Clericum
2777 1504 2993 1551 secutus
3040 1504 3188 1567 putat
3230 1499 3572 1555 Prudentium
3600 1508 3832 1572 respon-

2179 1642 2189 1653 _
2238 1592 2422 1639 surum
2467 1596 2667 1654 paucos
2691 1596 2810 1642 esse
2835 1589 2922 1657 qui
2950 1589 3271 1645 damnantur
3290 1609 3300 1643 :
3321 1607 3441 1647 nam
3469 1595 3545 1647 ait
3568 1594 3773 1666 hymno
3797 1597 3832 1650 ti

2240 1675 2507 1743 Cathem.,
2532 1692 2678 1734 vers.
2710 1679 2780 1736 93
2805 1694 2820 1735 :
2852 1680 2997 1735 Idem
3026 1691 3192 1738 tamen
3220 1684 3459 1754 benignus
3484 1685 3638 1740 Ultor
3656 1697 3832 1743 retun-

2240 1767 2311 1821 dit
2333 1770 2485 1838 iram,
2500 1768 2796 1837 Paucosque
2815 1788 2914 1827 non
2933 1774 3133 1842 piorum
3156 1773 3362 1829 Patitur
3384 1778 3550 1847 perire
3571 1780 3624 1833 in
3644 1790 3827 1835 (suum.

544 1856 927 1924 perseveravit.
946 1855 1193 1924 Tertull.,
1213 1854 1439 1926 Apolog.
1463 1856 1635 1926 cap.9
1655 1872 1668 1910 :
1690 1856 1972 1939 Erubescat
1994 1874 2136 1912 error
2167 1849 2213 1911 Β
2240 1854 2410 1928 Quam
2452 1862 2856 1931 responsionem
2902 1865 3146 1920 idoneam
3178 1874 3283 1921 non
3311 1880 3431 1922 esse
3466 1870 3682 1938 reponit
3712 1870 3832 1925 Bai-

543 1959 723 2013 vester,
767 1950 853 2019 qui
882 1965 943 2002 ne
976 1948 1278 2003 animalium
1315 1950 1521 2019 quidem
1560 1950 1860 2021 sanguinem
1889 1949 1942 2004 in
1971 1951 2135 2020 epulis

546 2043 814 2099 esculentis
850 2043 1093 2097 habemus
1113 2084 1127 2110 ,
1153 2044 1239 2114 qui
1269 2053 1537 2115 propterea
1562 2059 1763 2114 quoque
1800 2043 2062 2112 suffocatis
2088 2054 2136 2099 et

546 2135 829 2189 morticinis
852 2135 1179 2205 abstinemus,
1195 2152 1257 2189 ne
1271 2151 1369 2205 quo
1391 2138 1541 2190 ntodo
1562 2137 1809 2206 sanguine
1829 2138 2138 2192 contamine-

546 2243 661 2280 mur
696 2228 773 2281 vel
804 2228 939 2280 intra
973 2229 1166 2282 uiscera
1202 2228 1420 2298 sepulto.
1452 2228 1748 2282 Concilium
1780 2227 2053 2284 Aurelian.
2100 2243 2136 2284 tt

547 2332 690 2373 anno
713 2318 838 2382 555,
861 2332 981 2387 cap.
1006 2318 1077 2373 20
1106 2312 1119 2371 ξ
1150 2318 1421 2385 Catholici,
1448 2319 1533 2388 qui
1553 2319 1623 2372 ad
1642 2319 1897 2373 idolorum
1921 2320 2135 2386 cultum,

546 2419 677 2476 etc.,
707 2410 768 2464 ab
796 2408 1041 2466 Ecclesia:
1068 2412 1274 2467 ccetibus
1299 2422 1591 2467 arceantur.
1623 2412 1876 2468 Similiter
1901 2422 1948 2468 et
1972 2415 2026 2468 hi
2051 2414 2139 2485 qui

547 2501 820 2556 bestiarum
841 2503 1091 2558 morsibus
1111 2503 1381 2571 exstincta,
1398 2506 1476 2559 vel
1490 2504 1715 2576 quolibet
1736 2506 1887 2560 modo
1906 2514 1995 2560 aut
2014 2521 2139 2560 casu

546 2596 799 2664 stt/focale
828 2606 1115 2653 vescuntur.
1167 2598 1272 2654 Sed
1300 2598 1359 2655 Β.
1384 2600 1712 2670 Augustinus
1739 2600 1848 2670 jam
1875 2615 1975 2655 suo
2003 2608 2140 2655 tem-

550 2702 679 2757 pore
705 2673 862 2744 aliter
891 2688 1232 2744 existimabat
1262 2690 1357 2745 lib.
1381 2704 1451 2755 νι,
1476 2704 1595 2761 cap.
1622 2692 1691 2746 32
1718 2692 1979 2747 adversus
2000 2691 2141 2747 Fau-

550 2788 691 2832 stum
722 2778 1072 2835 Manichmum
1107 2798 1119 2834 :
1156 2780 1256 2835 Ubi
1286 2780 1521 2836 Ecclesia
1553 2784 1774 2850 gentium
1815 2783 1934 2836 talis
1963 2782 2141 2850 effecta

550 2880 643 2933 est,
671 2880 723 2922 ut
747 2871 798 2923 in
818 2887 880 2924 ea
906 2872 1079 2925 nullus
1101 2870 1347 2926 Israelita
1369 2873 1590 2926 carnalis
1611 2882 1880 2943 appareat,
1898 2874 2012 2942 quis
2023 2873 2141 2945 jam

554 2959 651 3012 hoc
681 2960 1000 3016 Christianus
1031 2963 1280 3029 observat,
1308 2971 1363 3016 ut
1392 2963 1569 3017 turdos
1596 2965 1675 3019 vel
1700 2965 1998 3019 minutiores
2026 2966 2138 3018 avi-

555 3053 698 3105 calas
720 3069 819 3106 non
844 3054 1082 3125 attingat,
1106 3056 1205 3110 nisi
1230 3072 1447 3127 quarum
1475 3059 1684 3125 sanguis
1708 3057 1903 3123 effusus
1933 3065 2022 3121 est,
2047 3069 2139 3112 aut

557 3144 777 3214 leporem
816 3163 917 3200 non
952 3148 1088 3213 edat,
1126 3148 1171 3202 si
1201 3165 1356 3202 manu
1395 3167 1427 3203 a
1458 3150 1647 3203 cervice
1681 3167 1953 3222 percussus
1991 3150 2136 3206 nullo

555 3248 760 3291 cruento
793 3238 995 3292 vulnere
1033 3240 1227 3294 occisus
1262 3242 1374 3295 est?
1410 3250 1458 3295 et
1493 3242 1580 3311 qui
1618 3245 1748 3311 forte
1786 3258 1939 3300 PAUC!
1971 3247 2140 3301 adhuc

554 3336 757 3398 tangere
781 3328 878 3382 ista
904 3329 1204 3396 formidant,
1233 3346 1264 3383 a
1292 3344 1526 3385 CETERIS
1553 3346 1897 3389 tnBlDENTUl.
1930 3335 2139 3394 Revera

554 3435 675 3475 cum
704 3421 1019 3477 Prudentius
1046 3436 1171 3477 aves
1201 3432 1255 3478 et
1278 3423 1451 3493 pisces
1480 3424 1532 3479 in
1554 3424 1690 3480 cibis
1710 3424 2140 3495 Christianorum

556 3512 828 3579 admittat,
867 3515 1271 3584 quadrupedum
1312 3530 1440 3571 vero
1482 3526 1729 3587 respuat,
1761 3535 1865 3575 non
1896 3521 1963 3577 ad
1999 3522 2143 3581 hunc

558 3598 843 3671 paucorum
874 3605 1204 3660 irridendum
1228 3621 1431 3660 morem
1458 3610 1713 3677 respexit,
1747 3611 1840 3666 sed
1868 3614 1935 3668 ad
1960 3614 2143 3671 lauda-

557 3695 716 3748 bilem
742 3696 967 3762 plurium
996 3696 1465 3761 consuetudinem,
1498 3699 1565 3755 de
1589 3714 1689 3770 qua
1722 3701 1861 3758 idem
1889 3704 1945 3760 S.
1964 3706 2144 3775 Augu-

561 3786 731 3840 stinus
763 3788 855 3842 lib.
882 3804 895 3841 ι
928 3788 994 3843 de
1022 3788 1258 3843 Moribus
1286 3789 1539 3846 Ecclesia:
1567 3795 1865 3864 catholicae,
1894 3814 2013 3868 cap.
2036 3801 2139 3857 ὅδε

563 3875 646 3929 Ita
681 3878 826 3931 multi
863 3896 1021 3950 neque
1055 3892 1322 3934 vescuntur
1357 3883 1615 3953 carnibus,
1656 3898 1816 3957 neque
1853 3897 2018 3945 tamen
2055 3910 2144 3948 eas

560 3969 853 4023 imntundas
874 3971 1220 4043 superstitiose
1241 3983 1518 4041 putant....
1552 3974 1819 4032 Continent
1844 3994 1896 4033 se
1927 3982 2083 4051 igitur
2106 3984 2145 4037 ii

559 4060 644 4128 qui
663 4072 892 4131 possunt,
911 4063 995 4131 qui
1023 4073 1190 4117 tamen
1216 4079 1348 4120 sum
1379 4080 1818 4137 lNNUMERABlLi-ZS,
1833 4082 1881 4125 et
1909 4089 1939 4126 a
1969 4076 2141 4129 carni-

560 4153 645 4205 bus
670 4162 715 4206 et
744 4169 775 4206 a
802 4155 914 4207 vino
939 4155 1065 4207 duas
1092 4156 1151 4208 ob
1173 4170 1375 4224 causas,
1401 4158 1479 4211 vel
1503 4168 1709 4230 prapter
1736 4165 1954 4231 fratrum
1982 4165 2141 4221 imbe-

557 4244 841 4314 cillitatem,
865 4246 941 4299 vel
966 4256 1172 4317 prapter
1198 4264 1345 4301 suam
1374 4248 1654 4305 libertatem
1687 4253 1783 4321 (b).

574 4360 580 4366 -
636 4334 793 4406 148
834 4336 953 4393 173.
1000 4332 1341 4394 Reicllendus
1380 4338 1539 4395 modo
1576 4352 1657 4398 est
1696 4342 1917 4415 Bailius,
1959 4351 2049 4419 qui
2087 4351 2143 4407 in

564 4424 890 4482 Dictionario
917 4429 1141 4497 aliisque
1170 4432 1419 4501 operibus
1446 4449 1588 4505 saepe
1610 4437 1711 4491 hoc
1738 4454 1927 4496 saxum
1954 4444 2141 4509 voluit,

562 4515 853 4572 catholicos
891 4529 1204 4588 argumenta
1235 4521 1645 4581 Manichaeorum
1674 4526 1743 4585 de
1779 4530 1986 4601 origine
2016 4536 2139 4590 mali

562 4626 830 4681 nunquam
858 4614 984 4668 satis
1013 4612 1255 4670 diluisse.
1285 4613 1513 4673 Jacobus
1536 4619 1796 4691 Georgius
1824 4624 1891 4680 de
1914 4624 2145 4685 Chauie—
2170 4609 2222 4671 Ῑ)

562 4701 671 4771 pie,
704 4702 757 4757 in
782 4702 916 4759 Nov.
942 4703 1172 4761 Diction.
1206 4706 1394 4762 histor.
1424 4710 1617 4778 critic.,
1648 4714 1802 4771 artic.
1839 4716 2138 4791 Manichaai,

563 4904 1098 4998 g“(ei‘l‘iicepltorus,
1124 4912 1216 4969 lib.
1244 4932 1316 4972 xtl
1340 4916 1506 4998 Hist},
1534 4935 1652 4991 cap.
1678 4922 1767 4998 $5,
1793 4924 2036 4982 diversos
2060 4927 2144 4998 δε-

558 4986 857 5055 ]ιιητιηιιιιιιι
883 4996 1056 5036 mores
1085 4999 1295 5041 enarrat
1320 5004 1334 5041 :
1365 4990 1584 5055 Quidam
1601 4986 1838 5049 animata
1859 5013 1959 5051 non
1982 4986 2143 5053 attin-

559 5056 718 5130 gunt;
741 5049 839 5140 lolii
870 5062 1039 5105 autem
1069 5049 1467 5140 attingunthlsed
1502 5064 1674 5140 pisces
1689 5068 1847 5140 solos.
1892 5049 2143 5140 Sinni

560 5120 787 5203 animata
826 5138 1022 5193 quoque
1061 5141 1178 5179 cum
1201 5120 1436 5207 ipiscibus
1480 5120 1711 5207 uolatilia
1750 5120 2147 5207 degustantjea:

560 5201 705 5276 aquis
726 5201 1421 5276 eaqueque.progenitaesse,
1436 5214 1489 5257 ut
1508 5202 1677 5259 Moses
1697 5201 1877 5276 inquit,
1899 5201 2143 5267 dicentes.

562 5259 821 5335 Nonnulli
837 5264 898 5317 ab
915 5259 1029 5319 iovis
1078 5259 1130 5321 εἴ
1150 5270 1361 5326 nuabus
1390 5259 1491 5329 sive
1510 5276 1674 5329 baccis
1699 5259 2146 5335 abitiuiaifiv'oril

562 5333 693 5420 nxalli
715 5349 828 5388 vero
854 5336 1095 5391 arborum
1123 5341 1373 5420 fructibus
1403 5356 1691 5420 uescuntur.
1721 5348 1944 5420 Quidam
1966 5333 2148 5420 partem

563 5404 743 5491 si‘octim
775 5413 972 5461 tantum
995 5404 1262 5465 comedunt
1285 5429 1304 5477 ;
1332 5415 1541 5482 quidam
1560 5431 1674 5471 vero
1696 5404 1760 5472 ne
1783 5418 1918 5474 hunc
1938 5404 2142 5491 quidem

564 5480 829 5530 attingunt.

740 5544 927 5623 Petrus
948 5549 1304 5616 Casteilanus,
1328 5554 1416 5621 qui
1443 5553 1510 5623 de
1536 5569 1630 5609 esu
1658 5558 1897 5621 carnium
1918 5561 1952 5613 4
1976 5562 2143 5619 libros

564 5610 871 5701 ediditllib.
906 5634 944 5685 l,
974 5636 1090 5701 cap.
1122 5625 1173 5701 i_,
1207 5610 1644 5701 consuetudinem
1679 5610 1951 5701 hominum
1977 5610 2143 5701 primi

566 5686 823 5764 temporis
850 5686 1073 5764 exponit
1100 5686 1400 5750 abstinendi
1429 5709 1456 5747 a
1481 5696 1750 5751 carnibus.
1786 5698 1954 5764 Plato,
1980 5686 2145 5758 lib.“

566 5751 945 5841 degLegmpag’.
974 5763 1098 5825 732,
1126 5774 1252 5818 tom.
1281 5765 1343 5832 ll,
1370 5767 1471 5821 ait:
1498 5765 1537 5837 ᾼ
1565 5751 1803 5823 carnibus

568 5827 657 5877 stri
704 5827 1048 5898 abstinebant,
1092 5827 1341 5903 tanquam
1376 5855 1475 5891 non
1501 5827 1627 5893 esset
1657 5842 1797 5905 pium
1830 5827 1948 5895 illas
1975 5827 2140 5905 edere.

2240 1952 2373 2018 lius,
2405 1955 2527 2024 quia
2558 1954 2603 2008 si
2631 1955 2904 2012 damnatio
2940 1958 3175 2014 omnium
3208 1959 3478 2015 hominum
3510 1968 3658 2017 e.-sct
3684 1974 3832 2019 actus

2240 2047 2449 2101 sttuitisi
2483 2058 2535 2100 ut
2560 2057 2693 2115 octo,
2718 2050 2990 2106 damnatio
3012 2066 3300 2123 paucorunt
3325 2056 3427 2110 erit
3452 2066 3595 2111 actus
3623 2058 3832 2113 stesitiei

2242 2147 2299 2190 ut
2317 2148 2554 2208 quatuor,
2578 2138 2656 2193 rel
2680 2152 2731 2194 ut
2758 2141 2880 2209 duo,
2899 2141 2975 2196 vel
2998 2153 3053 2197 ut
3073 2161 3249 2199 unum.
3278 2145 3352 2200 ita
3380 2147 3520 2201 enim
3550 2148 3831 2203 scholasti-

2241 2240 2336 2285 cus
2378 2244 2497 2286 esse
2544 2242 2686 2287 amat
2733 2244 2917 2290 contra
2977 2236 3253 2307 religionis
3299 2253 3539 2295 causam.
3593 2241 3701 2297 Sed
3742 2245 3831 2312 qui

2244 2320 2589 2378 Prudentium
2620 2324 2738 2381 sine
2767 2328 3021 2393 opinione
3048 2329 3223 2399 aliqua
3252 2331 3599 2401 praeiudicata
3629 2342 3833 2389 attente

2242 2412 2416 2484 legat,
2468 2416 2683 2485 penitus
2722 2417 2872 2474 Bailii
2919 2419 3107 2477 inanes
3156 2422 3477 2479 subtilitates
3522 2426 3830 2494 perspiciet.

2242 2506 2482 2564 Primum
2554 2524 2650 2565 cur
2694 2512 2967 2567 existimat
3026 2513 3371 2570 Prudentium
3446 2532 3827 2588 responsurum

2243 2614 2442 2670 paucos
2472 2615 2593 2658 esse
2635 2604 2727 2673 qui
2768 2604 2834 2659 ad
2865 2604 3064 2661 inferos
3092 2606 3479 2662 detruduntur?
3511 2608 3831 2666 Prudentius

2199 2730 2211 2735 -
2240 2700 2611 2759 argumentum
2637 2694 3049 2750 Mauichaedrum
3072 2706 3127 2752 et
3174 2698 3327 2752 Bailii
3352 2698 3451 2753 sibi
3478 2701 3751 2769 proponit,
3780 2711 3831 2755 et

2247 2791 2449 2837 tantum
2506 2784 2657 2840 abest
2682 2796 2741 2840 ut
2772 2786 2824 2841 id
2854 2787 3190 2857 respondeat,
3223 2800 3280 2843 ut
3311 2790 3470 2843 etiam
3501 2784 3828 2846 contrarium

2243 2884 2428 2946 aperte
2463 2893 2529 2933 eo
2558 2879 2611 2933 in
2643 2878 2763 2935 loco
2791 2880 3042 2937 afﬁrmet.
3074 2882 3366 2954 Hamartig.
3394 2887 3537 2939 vas.
3574 2884 3680 2941 8i9
3706 2902 3720 2937 :

2304 3056 2385 3106 Sic
2405 3059 2588 3108 animas
2606 3057 2716 3108 coeli
2740 3059 2804 3108 de
2829 3059 3041 3110 fontibus
3062 3061 3332 3111 unicoloras

2308 3118 2518 3169 lul‘undit
2542 3128 2713 3169 natura
2735 3119 2837 3170 solo
2859 3138 2869 3169 :
2898 3123 2984 3172 sed
3010 3124 3239 3172 suavibus
3264 3125 3407 3172 isth'c

2309 3180 2559 3245 pet-luctat
2586 3180 2833 3231 illecebris
2856 3188 3149 3243 retinentur,
3173 3193 3223 3235 et
3242 3187 3427 3234 :ethera
3460 3198 3629 3245 rauca

2165 3228 2213 3292 Ο
2305 3228 2909 3304 conscéutiu’ut'r'éaucééj
2920 3228 3342 3297 multas-{viscosus
3365 3228 3553 3299 inescat

2309 3304 2499 3370 Pastus,
2529 3314 2579 3370 et
2597 3306 2656 3370 ad
2680 3319 2890 3370 superas
2907 3322 3201 3370 percurrere
3228 3322 3320 3357 non
3356 3312 3467 3359 sinit
3487 3324 3644 3362 auras.

2310 3364 2557 3432 Praescius
2573 3368 2693 3432 inde
2710 3364 2858 3432 Pater
2882 3364 3081 3419 liventia
3106 3370 3305 3419 Tartara
3330 3370 3525 3432 plmnbo

2308 3426 2525 3493 [Incendit
2546 3430 2745 3491 liquido,
2773 3431 3030 3493 piceasque
3056 3432 3289 3483 bitumine
3313 3426 3462 3482 fossas

2306 3486 2561 3540 Infernalis
2584 3486 2879 3554 aquteiurvo
2901 3486 3095 3543 suilodit
3118 3494 3330 3544 Averno.

2323 3706 2479 3783 149
2506 3707 2627 3761 174:
2664 3709 2981 3764 Prudentius
3016 3721 3201 3781 argute
3250 3712 3602 3780 ohjectionem
3651 3712 3827 3767 Muni-
3870 3712 3873 3715 ’

2246 3799 2516 3852 citatorum
2548 3808 2672 3855 ante
2692 3810 3052 3870 expresserat,
3109 3812 3161 3856 et
3192 3803 3440 3857 subtilius
3476 3804 3629 3857 etiam
3656 3817 3823 3869 quam

2248 3889 2465 3957 Bailius,
2484 3892 2727 3959 quamvis
2752 3893 2836 3947 hic
2862 3906 3051 3949 omnes
3072 3890 3267 3965 iugcitii
3298 3910 3485 3950 nervos
3508 3896 3826 3948 contendat.

2247 3982 2389 4052 Lege
2410 3998 2550 4038 vers.
2579 3983 2685 4040 640
2716 3994 2770 4040 et
2798 4001 2950 4055 seqq.

2311 4179 2486 4246 ξυιοῃ
2507 4179 2608 4229 vult
2633 4181 2765 4230 Deus
2789 4181 3233 4246 essemalum,‘cur
3258 4195 3348 4231 non
3375 4183 3550 4234 vetat?
3592 4184 3768 4246 inquit.

2308 4238 2385 4306 Nil
2409 4242 2584 4303 refert,
2612 4253 2777 4306 auctor
2798 4243 2967 4306 fuerit,
2996 4238 3243 4306 laetorque
3266 4246 3517 4292 malorum.

2309 4300 2450 4367 gone
2479 4300 2625 4363 opera
2655 4304 2699 4351 in
2728 4307 2893 4353 tilium
2917 4300 3121 4354 sceleris
3143 4300 3473 4367 pulcherrima
3494 4308 3643 4367 verti,

2309 4363 2425 4430 Cum
2452 4373 2601 4424 possst
2623 4367 2903 4424 prohibere,
2930 4370 3047 4415 sinat
3071 4382 3084 4427 ;
3110 4363 3187 4430 qui
3212 4370 3250 4416 si
3279 4367 3393 4416 velit
3413 4381 3589 4416 omnes

2312 4424 2547 4490 innocuos
2566 4440 2715 4490 agere
2739 4424 3174 4490 onmipotcus,'uec
3194 4438 3356 4477 sancta
3379 4430 3599 4479 voluntas

2312 4486 2620 4553 ρυέςβιιυιιριζ
2647 4486 2885 4553 iactouec
2906 4503 2961 4553 se
2988 4502 3155 4537 manus
3187 4493 3405 4553 inquinet
3430 4491 3547 4540 ullo.

2309 4547 2530 4615 Qonalidit
2555 4547 2676 4615 ergo
2701 4551 2874 4599 malun
2902 4552 3151 4615 Domina,
3174 4547 3300 4615 quod
3331 4561 3519 4613 Spectat
3541 4554 3603 4601 ab
3628 4553 3741 4613 alto,

2311 4609 2367 4675 [ﬁt
2393 4613 2587 4670 patitur,
2615 4609 2819 4672 ﬁerique
2866 4613 3057 4675 probat,
3096 4609 3318 4674 tanquam
3346 4609 3450 4675 ipse
3475 4616 3677 4664 crearit.

2312 4671 2426 4738 ipse
2451 4671 2807 4738 creavitenim,
2831 4671 2959 4738 quod
2984 4671 3090 4722 cum
3115 4671 3389 4725 discludere
3416 4679 3585 4738 possit,

2359 4746 2419 4781 on
2444 4735 2623 4796 abolet,
2650 4735 2895 4799 longoque
2922 4737 3037 4786 sinit
3062 4739 3327 4799 grassarier
3352 4735 3459 4787 usu.

2249 4953 2406 5006 neque
2435 4938 2647 4989 deorum
2671 4952 2787 4989 aras
2819 4938 3062 5006 sanguine
3089 4938 3403 5007 polluebant.
3430 4940 3549 5007 Ipse
3575 4938 3836 4995 Castellu-

2249 5021 2367 5061 nus.
2398 5022 2517 5074 cap.
2546 5007 2602 5071 ⁸2,
2633 5016 2818 5060 contra
2850 5008 2982 5063 alios
3028 5009 3213 5076 probat
3246 5024 3435 5064 carnes
3480 5025 3593 5078 pra:
3625 5012 3840 5068 cmteris

2250 5078 2499 5132 omnibus
2522 5080 2777 5145 optimum
2802 5092 2866 5132 ac
2913 5080 3195 5143 plurimum
3222 5090 3475 5147 praestare
3496 5081 3841 5136 alimentum.

2249 5147 2446 5202 Confer
2486 5148 2830 5221 illementcm
2882 5150 3328 5221 Alexandrinum,
3383 5151 3594 5221 Pmdag.
3639 5152 3734 5205 lih.
3785 5168 3843 5219 tt,

2252 5234 2372 5288 t-ap.
2403 5223 2451 5283 t;
2484 5218 2825 5283 ’l‘ertullia_n.,
2874 5219 2941 5274 de
2977 5220 3122 5275 Cibis
3162 5220 3429 5283 Judaicis;
3484 5218 3844 5277 et'S.iiieru;

2252 5305 2424 5359 nytn.,
2469 5289 2619 5360 Iib.l
2663 5289 2924 5345 adversus
2972 5290 3235 5346 Joviuian.
3288 5291 3341 5345 In
3388 5295 3609 5360 auitiquo
3657 5295 3848 5349 codice

2252 5360 2504 5429 Ecclesim
2535 5359 2703 5427 Hisp.,
2729 5375 2884 5428 quem
2920 5361 3180 5429 Lopezius
3198 5364 3265 5417 de
3288 5359 3728 5425 Barrcra’edidit.
3757 5380 3848 5417 ra.

2253 5447 2356 5483 non
2380 5428 2457 5503 758
2485 5438 2658 5503 exstat
2686 5446 2749 5483 ex
2784 5431 2980 5501 Aucyr.
3004 5428 3106 5487 sm
3139 5454 3151 5489 :
3186 5434 3385 5500 Siquis
3421 5451 3520 5485 non
3549 5449 3643 5503 pro
3687 5438 3849 5485 absit-

2253 5502 2445 5567 nantia,
2476 5501 2563 5555 sed
2592 5517 2684 5569 pro
2720 5505 3064 5556 exsecratione
3094 5519 3324 5557 escarum
3363 5501 3601 5564 abstinet,
3650 5506 3851 5571 placuit

2252 5582 2426 5642 sancto
2454 5572 2666 5623 concilio
2699 5584 2748 5623 ut
2781 5582 3086 5642 pra'gustet,
3118 5586 3162 5627 et
3190 5579 3292 5635 sic,
3324 5576 3366 5627 si
3396 5574 3525 5637 vult,
3562 5576 3849 5640 abstineat;

2253 5641 2299 5693 si
2327 5654 2495 5693 autem
2531 5642 2745 5710 spernit,
2769 5643 2842 5695 ita
2870 5652 2926 5695 ut
2956 5646 3095 5697 olera
3133 5655 3274 5698 cocta
3316 5661 3429 5698 cum
3467 5646 3709 5697 carnibus
3740 5662 3850 5698 non

2255 5710 2505 5780 degustet,
2536 5713 2647 5776 iste,
2678 5729 2782 5784 non
2809 5713 3042 5768 obediens
3073 5732 3231 5784 neque
3261 5716 3599 5784 suspicionem
3634 5717 3851 5771 haeresis

2253 5798 2284 5834 a
2314 5797 2367 5836 se
2394 5796 2673 5849 removens,
2705 5782 2985 5854 deponatur
3015 5787 3076 5839 de
3104 5782 3282 5841 ordine
3307 5782 3596 5841 clericatus.

3356 5962 3361 5971 η
