4142 6350
252 404 352 462 701

249 514 389 590 Quid
417 516 485 576 ad
516 518 629 577 huic
652 514 1008 578 Prudentius?

316 637 495 686 Damna
513 650 674 698 aures,
704 631 847 685 Pater
873 636 1018 696 alme,
1053 647 1201 686 meas.
1227 637 1279 682 et
1296 631 1470 698 claude
1491 638 1682 682 meatus

313 690 720 749 Obbrutescentis
754 699 944 760 capitis,
973 690 1037 748 tie
1058 699 1224 759 pervia
1250 690 1372 745 tales

314 763 564 823 Concipiat
583 762 771 811 ﬂexura
795 766 995 811 sonos...

252 869 313 923 Et
342 881 462 923 sum
490 866 767 936 insigniter
814 864 1090 935 probasset
1123 860 1402 918 Dominum
1440 860 1595 915 Nolle
1618 860 1831 926 malum,

250 975 365 1026 nec,
393 959 530 1032 quod
546 966 659 1029 past
684 956 863 1023 abluit,
882 965 1000 1010 ante
1024 957 1260 1028 probare,
1285 954 1606 1008 Marcioncm
1638 953 1832 1008 iterum

255 1058 531 1121 urgentem
561 1048 765 1104 inducit
787 1065 801 1102 ε

311 1141 537 1191 Invitone
562 1140 736 1201 aliquis
760 1141 887 1201 potis
911 1142 986 1188 est
1005 1146 1211 1201 peccare
1234 1137 1457 1187 Tonante
1478 1134 1503 1183 ?

312 1203 396 1254 Cui
417 1203 559 1252 facile
584 1210 661 1252 est
683 1205 731 1251 in
754 1202 899 1252 corde
928 1203 1134 1251 hominis
1158 1211 1453 1262 componere
1486 1210 1677 1262 sensus.

311 1266 441 1323 Quos
460 1262 629 1324 libeat,
654 1264 898 1325 fibrasque
915 1276 1084 1313 omnes
1108 1261 1322 1311 animare
1343 1261 1527 1322 pudicis

312 1327 556 1389 Pulsibus,
581 1335 634 1377 et
651 1332 807 1377 totum
832 1330 970 1377 venis
994 1325 1250 1375 infundere
1277 1325 1557 1373 honestum.

250 1434 382 1489 Huic
408 1450 536 1504 ergo
588 1434 879 1505 objectioni
913 1434 1150 1488 occurrit
1194 1430 1548 1499 Prudentius,
1585 1445 1692 1487 non
1724 1446 1838 1486 res-

250 1524 494 1595 pondens
544 1524 861 1595 simpliciter
912 1523 1185 1581 hominem
1218 1522 1384 1579 libere
1432 1536 1688 1591 peccare,
1740 1522 1836 1577 sed

252 1623 359 1674 vim
389 1618 650 1675 libertatis
679 1619 731 1674 in
763 1630 828 1675 eo
866 1618 1022 1674 sitam
1070 1631 1208 1683 esse,
1243 1626 1298 1672 ut
1324 1616 1487 1672 homo
1517 1617 1688 1687 possit
1714 1632 1839 1687 pee-

250 1726 396 1783 care,
430 1714 732 1785 Oportuisse
770 1711 1041 1768 hominem
1092 1710 1266 1766 creari
1298 1710 1397 1766 hac
1426 1710 1676 1767 libertate
1706 1727 1840 1782 pra:-

250 1810 455 1876 diturn,
502 1818 560 1863 ut
610 1804 896 1861 laudabilis
934 1805 1263 1875 praemioque
1289 1804 1481 1875 dignus
1508 1811 1685 1870 esset;
1717 1820 1837 1876 qure

252 1902 476 1957 minime
504 1908 584 1957 est
606 1900 791 1971 petitio
817 1898 1087 1970 principii.

316 1993 506 2052 Neﬁcis,
540 1993 709 2053 stulte,
739 1992 835 2042 inte
862 1995 953 2041 vim
993 1990 1232 2040 libertatis
1256 1988 1315 2038 ab
1338 1992 1442 2052 ipso

319 2055 602 2104 Formatore
626 2053 827 2105 datam?
852 2053 1022 2102 Nescis
1045 2053 1105 2101 ab
1129 2054 1319 2109 origine
1350 2057 1529 2112 quanta

315 2116 389 2165 Sit
415 2130 640 2165 concessa
667 2114 753 2164 tibi
774 2115 949 2163 famulo
968 2128 1115 2174 super
1138 2115 1258 2162 orbe
1288 2119 1563 2174 potestas...

317 2178 475 2234 Quale
499 2182 624 2235 erat,
651 2176 840 2225 electus
866 2178 1026 2234 magni
1054 2189 1141 2224 rex
1171 2176 1303 2223 orbis
1322 2181 1374 2223 ut
1399 2180 1533 2224 esset

316 2240 420 2287 Non
443 2252 533 2300 rex
556 2241 660 2300 ipse
679 2240 773 2298 sui,
795 2244 935 2286 curto
957 2236 1164 2300 fil-datus
1182 2237 1368 2285 honore
1387 2235 1411 2283 7

316 2302 436 2359 Quae
461 2298 562 2348 laus
578 2298 731 2362 porro
753 2301 978 2362 hominis,
1000 2299 1076 2347 vel
1101 2299 1226 2362 quod
1248 2300 1490 2362 meritum,
1518 2300 1627 2348 sine
1646 2305 1781 2348 certo

320 2363 457 2412 inter
479 2360 741 2425 utramque
762 2363 888 2413 viam
910 2360 1189 2411 discrimine
1214 2360 1385 2411 vivere
1414 2360 1592 2421 justi...

252 2468 435 2539 itaque
464 2478 583 2523 cum
630 2464 822 2523 melior
852 2466 924 2525 sit
962 2460 1302 2522 Providentia
1328 2508 1343 2532 ,
1378 2467 1429 2521 in
1458 2482 1560 2536 qua
1594 2467 1841 2523 homines

254 2564 467 2635 possint
519 2560 689 2619 libere
742 2577 925 2633 agere,
969 2561 1212 2631 adeoque
1258 2560 1545 2631 aliquando
1593 2570 1835 2630 peccent,

252 2644 409 2728 quam
458 2652 800 2713 Providentia
826 2697 841 2724 ,
884 2654 937 2710 in
967 2670 1071 2727 qua
1120 2671 1279 2709 nemo
1319 2670 1457 2709 unus
1499 2654 1746 2710 libertate
1772 2656 1844 2709 sit

255 2749 511 2821 prteditns
537 2797 549 2817 ,
606 2749 807 2803 corruit
857 2748 1112 2819 quidquid
1145 2744 1403 2812 Marcion,
1437 2747 1693 2818 quidquid
1722 2749 1841 2802 Cle-

252 2843 430 2909 ricus,
457 2834 709 2912 quidquid
742 2832 939 2895 Bailius
978 2840 1202 2911 oggerit.
1232 2838 1361 2893 Nam
1394 2840 1552 2893 etiam
1590 2840 1839 2909 princeps

253 2935 498 2991 mortalis
527 2936 705 3004 (cujus
734 2934 855 2988 alia:
883 2942 1009 2987 sunt
1038 2932 1208 3003 leges)
1251 2947 1359 2987 non
1387 2932 1657 2988 diceretur
1701 2934 1840 2989 velle

252 3029 454 3082 malum
479 3066 492 3091 ,
522 3026 766 3096 quamvis
798 3027 955 3098 150
1004 3026 1404 3080 Providentiam
1428 3068 1441 3087 ,
1477 3025 1671 3081 bonam
1704 3020 1838 3082 alio-

251 3122 376 3191 quin
432 3126 485 3176 et
531 3118 737 3182 utilem,
787 3128 890 3173 non
936 3116 1154 3173 tolleret
1196 3133 1227 3173 e
1270 3116 1468 3183 medio,
1497 3134 1528 3174 e
1558 3134 1658 3187 qua
1689 3128 1839 3173 certo

252 3217 417 3270 sciret
446 3254 458 3278 ,
505 3215 747 3284 quaadam
798 3222 1043 3268 secutura
1085 3226 1205 3267 esse
1250 3213 1407 3267 mala.
1451 3213 1635 3283 Neque
1682 3212 1838 3267 video

251 3323 420 3377 quare
452 3308 649 3362 Bailius
677 3307 855 3362 thesin
885 3321 914 3359 a
945 3321 1002 3361 se
1040 3307 1321 3361 conﬁctam
1358 3322 1454 3373 pro
1482 3307 1698 3362 notione
1727 3308 1834 3362 cla.
1866 3298 1910 3357 C

251 3401 463 3455 rissima
495 3397 755 3464 venditet,
787 3414 889 3468 qua
919 3401 1077 3453 etiam
1110 3399 1277 3453 Deum
1304 3388 1434 3453 velit
1463 3396 1694 3469 alligari.

325 3494 449 3549 175.
480 3490 533 3549 Si
564 3500 740 3549 tamen
784 3487 982 3548 Bailitts
1005 3503 1096 3547 aut
1122 3492 1317 3562 aliquis
1352 3508 1448 3561 pro
1474 3507 1541 3547 eo
1582 3501 1837 3562 opponat,

252 3593 491 3661 petuisse
543 3591 707 3644 Deum
750 3590 965 3644 efﬁcere
1012 3598 1071 3643 ut
1126 3588 1286 3643 homo
1330 3597 1384 3642 et
1425 3586 1561 3643 bene
1590 3598 1644 3643 et
1673 3587 1841 3646 libere

249 3696 465 3755 semper
510 3688 732 3751 ageret,
772 3684 997 3750 primum
1040 3698 1159 3737 cum
1203 3682 1258 3737 S.
1311 3684 1612 3751 Augustino
1639 3684 1836 3749 dicam,

250 3777 447 3831 inclitis
490 3770 761 3843 indicasse
797 3775 961 3828 Deum
996 3772 1061 3829 de
1093 3775 1245 3829 malis
1292 3773 1649 3843 benefacere,
1677 3792 1837 3846 quam

251 3867 391 3922 mala
408 3865 548 3920 nulla
569 3880 686 3920 esse
703 3858 1046 3931 permittere;
1069 3870 1178 3919 tum
1202 3882 1305 3918 non
1325 3868 1578 3922 estmodo
1596 3883 1840 3938 qureren-

250 3960 375 4014 dum
409 3956 533 4026 quid
564 3957 702 4012 Deus
732 3958 965 4026 potuerit
994 3957 1172 4011 facere
1200 3999 1213 4020 ,
1246 3954 1337 4012 sed
1369 3973 1433 4010 an
1466 3958 1517 4013 id
1544 3959 1684 4028 quod
1718 3960 1842 4016 fecit

249 4068 373 4106 cum
404 4052 521 4121 ejus
563 4050 801 4105 bonitate
834 4048 1125 4104 cohaereat.
1152 4050 1381 4103 Dubium
1413 4061 1591 4105 autem
1626 4068 1728 4105 non
1760 4062 1841 4107 est

252 4146 377 4215 quin
411 4142 553 4199 Deus
597 4144 767 4197 lionns
799 4144 868 4197 sit
913 4142 1234 4212 judicandns
1263 4191 1274 4210 ,
1307 4145 1517 4199 etiamsi
1565 4145 1838 4201 hominem

251 4251 477 4307 peccare
501 4238 791 4304 permittat.
833 4235 1106 4289 Postremo
1135 4233 1390 4306 quidquid
1428 4237 1515 4301 sit,
1562 4254 1627 4290 an
1661 4240 1835 4306 aliqua

252 4330 543 4399 excogitari
584 4329 752 4398 possit
783 4328 1127 4383 Providentia
1154 4370 1168 4392 ,
1204 4330 1253 4381 in
1284 4344 1386 4397 qua
1416 4344 1630 4397 semper
1652 4346 1839 4384 omnes

252 4425 498 4477 homines
538 4424 672 4479 bene
711 4430 987 4476 uterentur
1016 4418 1299 4488 libertate,
1331 4420 1464 4475 ordo
1518 4430 1693 4475 rerum
1741 4420 1829 4491 qui

252 4532 393 4572 nunc
424 4526 540 4584 est,
576 4514 707 4577 fert,
745 4524 800 4567 ut
831 4513 992 4568 homo
1034 4513 1299 4568 interdum
1336 4524 1540 4583 peccet.
1575 4511 1675 4566 nisi
1699 4513 1839 4567 Dens

252 4624 465 4665 cursum
515 4606 811 4661 naturalem
857 4620 1136 4659 causarum
1166 4604 1461 4681 impediat,
1492 4603 1631 4672 quod
1679 4619 1838 4673 agere

1645 401 2178 460 PROLEGOMENA.

1867 522 1919 581 Λ
1947 519 2016 573 sit
2043 518 2543 589 prmdestinatorum
2566 539 2725 594 quam
2755 525 3102 597 reproborum
3129 531 3408 588 numerus.
3432 535 3519 588 ln-

3418 418 3517 476 702

1944 622 2022 667 ter
2049 613 2271 682 angelos
2302 615 2461 670 sitiat
2488 620 2820 687 comparatio
2842 660 2859 688 ,
2914 620 3098 690 plures
3128 621 3290 675 fuisse
3322 617 3529 690 praede-

1940 704 2169 760 stinatos
2197 706 2549 775 probabiliter
2571 712 2850 767 asseritur.
2873 712 2931 768 Si
2963 715 3189 782 quaestio
3218 714 3530 770 instituatur

1941 796 2008 851 de
2048 798 2301 854 omnibus
2345 800 2566 855 omnino
2611 801 2920 859 hominibus
2945 806 3036 875 qui
3090 806 3305 861 fuerunt
3332 807 3529 877 quique

1942 890 2100 944 futuri
2156 898 2304 959 sunt,
2360 892 2617 960 majorem
2661 908 2783 949 esse
2830 906 3111 952 numerum
3172 898 3526 968 reprobornm

1940 983 2279 1037 communior
2321 992 2375 1038 et
2402 985 2579 1038 verior
2601 995 2684 1039 est
2716 990 3006 1041 sententia.
3039 988 3347 1044 Tenendum
3378 990 3525 1060 pari-

1942 1082 2024 1127 ter
2047 1082 2159 1139 est,
2185 1089 2251 1129 ex
2278 1075 2621 1143 Christianis,
2650 1080 3056 1148 comprehensis
3088 1080 3373 1148 Iiwreticis,
3404 1082 3527 1152 plu-

1941 1181 2027 1221 res
2055 1168 2295 1223 damnari
2315 1184 2471 1239 quam
2493 1170 2710 1225 salvari.
2740 1171 2819 1225 Ex
2844 1172 2924 1226 his
2954 1174 3043 1241 qui
3070 1174 3206 1228 intra
3232 1175 3525 1233 Ecclesium

1941 1258 2257 1314 catholicam
2277 1260 2563 1329 decedunt,
2592 1264 2773 1331 plures
2796 1280 2915 1319 esse
2932 1266 3339 1333 przedestinatos
3367 1284 3524 1337 quam

1941 1351 2199 1420 reprohos
2251 1351 2479 1424 theologi
2543 1355 2685 1410 docti
2747 1357 2930 1426 piiqne
2970 1358 3284 1413 existimant
3330 1362 3525 1430 quibus

1942 1460 2241 1517 repugnare
2293 1463 2397 1502 non
2452 1451 2647 1503 audeo.
2695 1452 2878 1506 Exstat
2929 1453 2997 1507 cl.
3056 1455 3199 1509 Petri
3259 1456 3527 1511 Franc'sci

1944 1538 2183 1609 Fogginii
2208 1555 2341 1609 opus
2374 1541 2686 1611 inscriptum
2724 1562 2734 1596 :
2782 1544 3001 1599 Patrum
3042 1545 3285 1601 Ere/esid?
3313 1549 3376 1603 de
3401 1556 3527 1621 pnu-

1943 1633 2089 1685 citate
2130 1634 2424 1687 adultarum
2455 1636 2687 1704 ﬁdelium
2713 1642 3104 1707 salvam/orum,
3133 1644 3176 1695 si
3203 1658 3318 1696 cum
3347 1658 3529 1713 repro-
3602 1658 3607 1663 '

1945 1724 2123 1779 bandis
2157 1727 2389 1792 ﬁdelibus
2417 1733 2777 1799 conferantur,
2806 1734 2938 1786 miro
2959 1738 3222 1789 consensio
3262 1748 3456 1792 asserto
3485 1749 3529 1794 et

1944 1814 2315 1872 demonstrata.
2366 1819 2572 1885 Romae,
2602 1822 2763 1878 1752.
2798 1824 3078 1879 Debuisset
3116 1828 3405 1898 Fogginitts
3444 1830 3530 1883 di-

1869 1909 1920 1969 B
1948 1910 2223 1979 stinguere
2269 1912 2382 1967 loca
2436 1914 2651 1969 Patrum
2704 1917 2755 1971 in
2788 1918 2977 1987 quibus
3025 1920 3313 1977 Christiani
3344 1934 3531 1980 omnes

1948 2002 2148 2067 adulti,
2172 1992 2343 2060 etiam
2397 2008 2633 2065 hairetici
2666 2052 2681 2077 ,
2712 2016 3275 2083 comprehenduntur,
3302 2018 3381 2073 ’ab
3414 2019 3530 2076 aliis

1946 2099 2352 2155 auctoritatibus
2369 2118 2487 2171 quin
2509 2103 2574 2157 ad
2605 2106 2749 2159 solos
2772 2108 3067 2162 catholicos
3090 2108 3389 2177 pertinent;
3420 2118 3531 2169 tuin

1947 2186 2054 2240 alia
2084 2190 2384 2246 testimonia
2422 2193 2572 2265 151
2602 2195 2816 2251 Patrum
2842 2214 2959 2267 qua:
2982 2204 3271 2255 contraria;
3291 2203 3530 2270 opinioni

1944 2279 2124 2337 favere
2152 2284 2434 2350 videntur,
2480 2288 2788 2345 exscribere
2814 2299 2866 2345 et
2894 2293 3171 2361 explicare
3198 2312 3209 2347 :
3246 2308 3352 2349 non
3383 2296 3527 2350 enim

1945 2374 2101 2428 aliter
2127 2386 2297 2430 tutum
2324 2378 2581 2446 judicium
2619 2380 2744 2436 ferri
2788 2393 2964 2451 potest
3019 2402 3114 2451 pro
3160 2389 3293 2441 mira
3328 2388 3413 2441 illa
3445 2404 3531 2443 as-

1944 2473 2086 2519 serta
2136 2469 2511 2531 consensione.
2564 2473 2639 2528 De
2695 2475 3046 2532 distinctione
3102 2478 3243 2534 inter
3290 2468 3530 2552 non'pios

1945 2568 1999 2613 et
2020 2559 2204 2631 impios
2240 2562 2415 2619 dicam
2448 2580 2567 2635 cap.
2598 2583 2738 2638 seq.,
2769 2579 2827 2625 et
2872 2572 3115 2626 nonnihil
3148 2574 3199 2627 in
3240 2584 3529 2630 comment.

2539 2700 2766 2760 CAPUT
2807 2700 2967 2761 XVII.

1948 2802 2126 2862 Oratio
2152 2808 2205 2863 in
2234 2810 2337 2881 ﬁne
2378 2810 2785 2888 Hamartigeniaa
2822 2821 3097 2891 exponitur
3138 2832 3183 2876 et
3221 2823 3530 2893 defenditur.

2016 2923 2140 2997 176.
2199 2925 2486 2995 Postquam
2547 2929 2869 2986 Prudentius
2919 2935 2969 2988 in
3023 2934 3419 3005 Hamartlgenia
3466 2938 3532 2993 de

1945 3014 2152 3085 piorum
2203 3022 2437 3089 praemiis
2482 3023 2878 3096 impiorumque
2918 3028 3192 3096 suppliciis
3223 3029 3329 3083 Iste
3360 3029 3532 3085 disse-

1946 3120 2153 3174 ruerat,
2180 3114 2476 3169 orationem
2504 3116 2568 3170 ad
2605 3117 2770 3171 Deum
2812 3120 3079 3174 convertit
3112 3136 3253 3175 vers.
3285 3121 3407 3187 951,
3443 3123 3530 3179 tibi

1946 3196 1997 3251 hi
2028 3202 2294 3269 praecipue
2324 3220 2509 3262 versus
2539 3208 2699 3278 vulgo
2723 3209 2774 3263 itt
2797 3225 3023 3265 examen
3055 3222 3377 3267 revocantur
3408 3231 3421 3266 :

2623 3321 2728 3371 Non
2755 3336 2898 3384 posco
2920 3324 3062 3374 beata

2008 3375 2059 3425 in
2088 3380 2291 3437 regione
2323 3380 2575 3433 domum...

2008 3439 2069 3487 At
2094 3442 2208 3489 mihi
2236 3441 2453 3490 'l‘artarci
2481 3446 2597 3493 eatis
2620 3448 2751 3495 estsi
2783 3448 2909 3495 nulla
2936 3449 3137 3497 ministri

2008 3503 2239 3566 ρρειιιτεῐ
2266 3505 2432 3562 iacies,
2459 3507 2611 3553 uvida!
2634 3522 2724 3557 nec
2750 3510 2931 3557 ﬁnitima
2954 3512 3199 3566 gehennae

2008 3556 2226 3634 peteret
2254 3567 2373 3614 hanc
2393 3556 2597 3634 animam
2625 3556 2830 3634 mersam
2858 3556 3293 3622 liirn'acibiiswiitnis.

2010 3626 2124 3692 [isto
2146 3640 2435 3691 cavernoso,
2462 3630 2573 3690 quta
2593 3634 2659 3679 sit:
2689 3648 2772 3692 pro
2794 3633 2901 3681 lube
2929 3648 3135 3684 necesse
3157 3643 3235 3685 est

2007 3687 2275 3759 ςοεημοιιειει,⁸
2296 3687 2446 3759 tristis
2469 3687 2547 3759 me
2567 3687 2764 3759 sorbeat
2787 3697 2913 3754 ignis
2940 3698 3154 3759 Averno,

2008 3751 2191 3817 gallant
2217 3752 2438 3803 mitiﬁcos
2474 3756 2691 3817 incendia
2718 3751 2846 3805 lenia
2871 3772 3072 3817 vapores

2007 3813 2270 3881 Exhalrht,
2298 3822 2518 3881 testudini
2546 3816 2675 3864 caIOr
2702 3813 2967 3879 languente
2994 3828 3227 3881 tepescat.

2010 3875 2110 3943 idus
2129 3878 2375 3943 immensa
2402 3878 2538 3940 alios,
2565 3875 2855 3943 etgtempora
2885 3875 3255 3932 vincta'coronis

2007 3936 2305 3998 Glorih‘cent,
2334 3954 2413 3989 me
2438 3936 2575 4002 ptrue
2618 3936 3041 3994 levis'clemente'
3065 3946 3251 3996 adurat.

1944 4048 2191 4119 Plerique
2236 4048 2481 4102 catholici
2529 4055 2581 4102 In
2631 4051 2731 4103 hac
2762 4052 3005 4105 oratione
3035 4051 3351 4121 exagitanda
3381 4060 3527 4106 acer-

1946 4139 2124 4193 biores
2152 4150 2273 4193 sunt
2298 4155 2455 4208 quam
2480 4141 2717 4195 nonnulli
2748 4141 3062 4196 heterodoxi
3092 4159 3105 4195 :
3134 4155 3257 4196 nam
3288 4141 3338 4194 hi
3362 4156 3527 4210 agno-

1944 4242 2097 4286 scunt
2130 4233 2303 4302 ignem
2360 4235 2729 4304 pnrgatorinm
2755 4250 2817 4288 ea
2843 4234 3095 4298 defendi;
3124 4248 3282 4304 quam
3316 4244 3530 4290 senten-

1948 4328 2072 4380 tiam
2096 4328 2196 4383 etsi
2217 4327 2409 4383 falsam
2435 4331 2533 4397 ipsi
2564 4338 2770 4398 putent,
2797 4343 2972 4384 tamen
3006 4329 3242 4383 fatentur
3271 4345 3529 4400 quorum-

1944 4419 2066 4474 dam
2097 4430 2333 4475 veterum
2367 4421 2531 4478 fuisse
2558 4461 2574 4487 ,
2605 4432 2659 4476 et
2699 4438 2839 4477 nunc
2869 4422 2937 4477 ab
2966 4422 3213 4479 universa
3259 4424 3521 4478 catholica

1948 4512 2184 4567 Ecclesia
2210 4514 2401 4569 teneri.
2426 4514 2501 4569 De
2525 4513 3062 4585 MagdebnrgenSihns
3085 4512 3192 4571 dixi
3224 4530 3372 4571 num.
3402 4516 3523 4573 128.

1948 4604 2065 4659 Nic.
2110 4606 2372 4659 Antonius
2423 4602 2474 4660 in
2525 4606 2659 4661 Bibl.
2725 4606 2871 4677 tlisp.
2905 4617 3009 4661 vet.
3060 4608 3216 4663 docet
3271 4606 3523 4662 disertam

255 4716 357 4754 non
379 4698 561 4752 debet.
588 4696 769 4764 Neque
796 4696 937 4749 enim
968 4695 1280 4763 contingere
1308 4703 1504 4763 potest,
1538 4700 1595 4747 ut
1622 4694 1838 4748 libertas
1867 4682 1916 4741 Ι)
1944 4694 2080 4767 ignis
2109 4699 2330 4754 alterius
2375 4699 2443 4754 ab
2487 4701 2608 4770 igne
2652 4701 2859 4755 inferno
2908 4702 3144 4755 distincti
3201 4702 3525 4754 tttctttionem

256 4802 331 4849 tot
361 4794 645 4849 contrariis
674 4788 987 4861 impulsibus
1008 4800 1273 4846 commota
1296 4796 1609 4846 Constanter
1640 4789 1835 4844 bonum

255 4893 633 4956 prosequatur.
677 4876 755 4937 An
799 4892 972 4938 autem
1004 4880 1324 4937 Prudentius
1375 4881 1666 4936 crediderit
1713 4883 1833 4936 exi-

255 4993 416 5046 guum
463 4985 583 5029 esse
628 4974 999 5030 damnatorum
1054 4987 1358 5038 numerum,
1410 4971 1537 5025 nihil
1581 4972 1646 5025 ad
1705 4972 1841 5026 hanc

253 5066 631 5137 qnzestionem.
684 5066 889 5120 Bertius
938 5072 1140 5120 etcum
1185 5078 1249 5117 eo
1275 5062 1490 5130 itiscus,
1518 5060 1664 5132 Hisp.
1698 5077 1834 5118 sacr.

254 5167 387 5213 tom.
434 5157 627 5224 XXXI,
657 5158 1074 5225 interpretantur
1100 5153 1445 5209 Prudentium
1470 5170 1577 5208 non
1608 5154 1841 5208 tenuisse

251 5253 577 5307 sententiam
611 5250 961 5321 quorumdam
998 5248 1365 5317 theologorum
1410 5248 1477 5301 de
1504 5246 1692 5315 majori
1741 5263 1840 5299 nu-

254 5360 408 5399 mero
438 5343 939 5413 prmdestinatorum
963 5381 979 5407 ,
1032 5341 1125 5396 sed
1154 5342 1327 5395 solum
1363 5356 1608 5395 asserere
1642 5354 1840 5409 paucos

252 5455 319 5494 ex
373 5439 557 5506 impiis
596 5438 770 5507 perire
818 5445 1125 5506 comparate
1172 5436 1237 5489 ad
1279 5451 1372 5490 eos
1415 5436 1506 5504 qni
1552 5435 1838 5489 damnandi

252 5538 470 5596 essent,
496 5529 599 5584 nisi
641 5527 784 5585 Deus
814 5531 895 5584 eis
921 5542 1015 5582 sua
1038 5526 1206 5597 gratia
1232 5534 1285 5581 et
1310 5525 1639 5596 benignitate
1668 5526 1839 5595 opitu.

252 5624 482 5679 lavetur.
514 5622 571 5679 Id
601 5622 808 5677 videtur
841 5622 1017 5692 colligi
1048 5634 1114 5676 ex
1146 5620 1387 5675 versibus
1428 5626 1578 5675 nunt.
1616 5614 1715 5674 174
1760 5636 1842 5675 re-

251 5717 399 5783 latis,
417 5716 519 5771 nisi
549 5714 651 5770 sibi
673 5715 772 5784 ipsi
795 5715 951 5785 plaue
970 5712 1265 5769 contrarius
1290 5710 1515 5778 dicatur,
1542 5711 1678 5781 quod
1711 5728 1839 5767 non-

252 5806 388 5867 nulli
445 5810 501 5866 in
550 5808 839 5865 Prudentio
886 5808 1112 5878 aliisque
1164 5807 1338 5876 poetis
1389 5804 1680 5860 absurdum
1722 5819 1843 5860 esse

251 5902 398 5961 male
447 5909 667 5973 negant.
717 5898 971 5970 Theologi
1000 5899 1100 5956 hoc
1131 5897 1247 5955 fuse
1277 5896 1565 5967 disputant,
1600 5894 1843 5964 majorne

1943 4791 2056 4845 ﬁeri
2090 4792 2141 4845 in
2191 4792 2296 4847 ﬁne
2349 4792 2779 4863 iiamartigenize,
2825 4794 2966 4862 quod
2996 4793 3184 4848 intTme
3237 4793 3527 4861 purgatorii

1945 4884 2081 4954 ignis
2105 4897 2291 4939 osores
2313 4892 2524 4954 torquet
2550 4884 2854 4949 limreticos,
2895 4884 3191 4954 allegatque
3208 4880 3525 4940 Osiandrnm

1945 4976 2182 5044 Epitom.
2231 4970 2357 5030 hist.
2410 4979 2603 5031 ecc'es.
2634 5016 2649 5041 ,
2681 4987 2822 5033 cert.
2871 4978 2936 5041 4,
2974 4979 3066 5032 lib.
3103 4995 3151 5041 i,
3195 4994 3311 5046 cap.
3342 4979 3433 5032 26.
3463 4979 3529 5033 Et

1946 5066 2214 5121 Osiander
2255 5067 2483 5139 quidem,
2508 5084 2572 5122 eo
2613 5069 2667 5122 in
2698 5068 2875 5138 capite
2918 5069 3266 5124 Prudentium
3316 5069 3524 5129 laudnt;

1949 5159 2040 5212 sed
2075 5160 2213 5227 apud
2245 5154 2533 5213 Weitzinm
2563 5159 2695 5214 ttihii
2736 5161 2800 5215 de
2838 5161 2959 5231 igne
3002 5162 3305 5231 pnrgatorio
3355 5154 3525 5226 loqui-

1950 5259 2054 5314 tur,
2085 5251 2334 5313 quamvis
2361 5242 2432 5305 illi
2470 5268 2650 5306 πίω-ος
2680 5254 2885 5322 aliquos
2904 5253 3140 5321 olijiciat.
3546 5300 3549 5307 .

2024 5342 2147 5397 177.
2206 5344 2261 5398 In
2293 5345 2529 5400 editione
2578 5346 2771 5403 Veneta
2821 5346 2957 5401 Bibl.
3003 5354 3109 5399 vet.
3150 5344 3265 5397 Lat.
3302 5342 3528 5397 Fabricii

1948 5448 2089 5486 anno
2114 5434 2253 5488 i728
2275 5470 2291 5501 ,
2343 5432 2441 5489 lib.
2476 5452 2525 5490 iv
2546 5476 2558 5499 ,
2588 5452 2707 5506 cap.
2739 5436 2793 5501 2,
2825 5436 2875 5490 in
2908 5434 3133 5505 quadam
3163 5442 3284 5487 nota
3315 5430 3451 5501 lego,
3480 5435 3528 5489 in

1950 5524 2057 5579 ﬁne
2083 5524 2493 5596 Hamartigeniaé
2527 5522 2714 5597 subjici
2748 5542 2935 5595 preces
2961 5571 2975 5595 ,
3003 5527 3183 5595 quibus
3235 5536 3412 5580 auctor
3459 5528 3530 5579 ait

1949 5614 2172 5689 stt/ﬁcere
2194 5618 2308 5686 sibi,
2341 5623 2384 5674 si
2415 5620 2564 5673 modo
2585 5621 2637 5673 in
2660 5619 2877 5673 Tartara
2898 5634 3001 5672 non
3017 5618 3341 5684 detrudatur,
3377 5620 3530 5689 152

1950 5711 2065 5765 licet
2087 5728 2246 5781 pana
2271 5710 2472 5767 luendrc
2501 5713 2600 5767 sint
2628 5712 2682 5764 in
2725 5713 3040 5780 purgatorio.
3076 5710 3272 5765 liailius
3306 5706 3404 5764 alia
3450 5712 3529 5761 vin

1949 5803 2298 5859 Prudentium
2332 5803 2467 5859 tueri
2494 5811 2719 5857 conatur
2735 5802 2995 5858 adversus
3020 5801 3379 5870 Perkinsium,
3404 5805 3529 5874 quia

1952 5898 2202 5952 nimirum
2230 5892 2397 5965 potuit
2428 5894 2749 5950 Prudentius
2779 5910 2838 5952 se
2870 5896 3198 5954 beatitudine
3227 5896 3526 5968 indignum,
