4142 6350
615 295 720 353 705

2034 286 2485 350 PRUDENTIUS.

3781 295 3891 355 τοι

619 409 883 482 supplicio
912 408 1129 479 dignum
1171 405 1485 460 existimare
1510 445 1523 469 ,
1568 416 1684 474 quae
1719 401 1992 458 humilitas
2030 403 2191 473 impia
2218 405 2272 468 Α
2296 409 2499 465 Ausum
2535 405 2767 476 prmhuit
2808 404 3076 462 Giselinus
3102 446 3119 473 ,
3166 406 3255 477 qui
3282 405 3337 462 in
3370 409 3764 467 commentario
3793 425 3893 467 re-

623 522 727 563 non
757 513 837 561 est
861 523 873 558 :
900 502 1035 559 Cette
1060 500 1295 555 humilité
1321 498 1520 555 est—etle
1543 498 1735 569 impie?
1766 497 1846 553 En
1873 500 2103 553 donnant
2126 516 2196 554 un

622 601 719 656 bon
743 608 854 653 tour
876 612 982 652 oua:
1008 596 1207 664 choses,
1234 612 1297 649 ne
1315 595 1366 649 la
1394 594 1792 649 nommerait-on
1818 610 1908 664 pas
1934 610 2030 648 une
2058 594 2200 649 obla-

624 692 731 745 tion
750 690 813 744 de
836 706 894 743 sa
914 704 1159 759 personae
1184 689 1214 745 ὰ
1236 687 1287 742 la
1309 687 1486 756 justice
1508 686 1571 742 de
1597 686 1729 742 Dieu
1747 690 1771 742 ?
1790 685 1993 754 Quibus
2024 687 2200 744 verbis

625 782 821 838 Bailius
864 783 993 838 satis
1045 782 1219 837 innuit
1255 781 1463 838 nescire
1518 796 1576 836 se
1622 780 1747 851 quid
1800 782 1872 836 sit
1910 780 2197 837 humilitas.

623 876 878 942 Quaenam
922 873 1063 931 enim
1089 882 1234 930 esset
1263 874 1365 928 ista
1400 872 1679 928 humilitas
1720 887 1823 944 qua
1870 872 2050 939 homo,
2080 886 2201 927 cum

626 969 795 1038 possit
818 966 982 1021 Deum
1010 965 1307 1037 deprecari,
1334 973 1390 1019 ut
1421 964 1733 1021 criminibus
1759 964 1811 1018 in
1842 962 1941 1018 hac
1971 962 2075 1017 vita
2107 963 2202 1019 de-

628 1061 754 1117 letis
778 1060 846 1115 ab
874 1052 1469 1116 aeterna'damnatione
1525 1058 1803 1125 liberetur,
1860 1058 2035 1128 potius
2086 1071 2207 1114 sese

641 1156 750 1211 Deo
777 1154 1000 1222 offerat,
1028 1164 1086 1210 ut
1115 1155 1385 1227 perpetuis
1408 1154 1637 1209 ﬂammis
1666 1162 2001 1223 torqueatur,
2032 1154 2205 1209 beati-

631 1246 817 1301 tudine
846 1247 1055 1302 cmlesti
1082 1287 1096 1312 ,
1124 1246 1338 1315 Deoque
1366 1246 1484 1316 ipso
1507 1254 1767 1301 aeternum
1807 1245 2082 1316 privatus?
2106 1245 2205 1300 Pe-

632 1348 745 1395 t-rus
761 1337 1109 1408 Wesseling.,
1145 1338 1511 1394 Prohabilium
1538 1338 1626 1393 lib.
1658 1337 1935 1407 singulari,
1962 1351 2081 1407 cap.
2109 1336 2203 1403 22,

632 1444 817 1505 contra
848 1435 1187 1491 Guilielmum
1218 1435 1447 1491 Caveum
1478 1444 1810 1491 asserentem
1840 1478 1855 1502 ,
1888 1434 2105 1502 impium
2155 1441 2209 1489 et

633 1528 924 1585 Prudentio
945 1528 1216 1599 indignum
1240 1543 1359 1584 esse
1389 1527 1612 1593 dictum,
1646 1526 1766 1581 Non
1792 1543 1943 1594 posco
1966 1527 2113 1580 beata
2142 1524 2209 1579 In

633 1620 836 1691 regione
857 1620 1063 1674 domum
1089 1661 1105 1687 ,
1152 1620 1361 1688 reponit
1388 1636 1400 1672 :
1436 1617 1498 1672 At
1530 1618 1653 1688 quid
1675 1620 1719 1671 si
1748 1627 1896 1688 poeta
1917 1618 2127 1683 indicet,
2158 1633 2211 1673 se

634 1712 1048 1784 gravissimorum
1078 1718 1363 1766 erratorum
1392 1710 1487 1764 sibi
1516 1710 1810 1777 conscium,
1847 1727 1947 1764 non
1981 1711 2211 1780 aspirare

2303 503 2407 559 fert
2445 517 2505 559 se
2544 502 2741 558 vidisse
2788 501 2928 557 hanc
2958 502 3256 559 orationem
3311 516 3556 560 seorsum
3601 519 3724 561 cum
3760 506 3896 563 aliis

2302 608 2548 650 excusam
2577 635 2591 660 ,
2623 608 2729 651 non
2765 592 2997 649 indicato
3028 594 3261 651 auctoris
3294 594 3512 651 nomine
3539 640 3553 665 ,
3586 596 3731 667 quod
3778 596 3896 654 for-

2304 695 2446 743 tasse
2476 685 2697 741 librario
2738 686 3068 756 incognitum
3100 694 3236 743 erat.
3270 686 3327 743 Id
3358 687 3578 747 coniicit
3606 704 3638 745 e
3676 689 3893 748 duobus

2306 783 2546 839 versibus
2565 796 2701 854 quos
2728 784 2781 839 in
2806 782 2910 840 (ine
2938 784 3288 854 appenderat,
3315 786 3524 841 omnino
3551 796 3740 859 prater
3766 804 3896 843 auc-

2310 874 2433 929 toris
2463 883 2677 927 mentem
2699 882 2746 928 et
2775 876 3093 942 sententiam,
3118 875 3208 946 qui
3235 876 3446 948 epilogo
3475 876 3661 949 hymni
3688 877 3748 934 S.
3782 880 3899 934 Ro-

2307 967 2449 1022 mani
2481 967 2837 1024 adversantur
2881 967 2979 1039 (b).
3030 967 3375 1039 Ludewigius
3432 981 3616 1026 narrat
3657 971 3891 1028 Giselini

2307 1059 2615 1127 Opinionem
2664 1060 2717 1113 in
2764 1059 3008 1130 catalogo
3056 1059 3232 1116 Flacci
3269 1076 3390 1118 esse
3426 1076 3769 1134 expressam;
3796 1064 3897 1120 sed

2307 1151 2449 1220 quod
2499 1151 2679 1220 spuria
2709 1152 2779 1206 sit
2805 1153 2979 1207 oratio
3002 1194 3018 1220 ,
3048 1168 3153 1209 non
3186 1155 3477 1210 assentitur
3500 1198 3514 1222 ,
3552 1155 3640 1211 illa
3684 1159 3896 1213 ratione

2309 1243 2449 1313 quod
2499 1243 2787 1315 scriptores
2835 1245 2955 1312 sui,
3016 1246 3094 1301 uti
3151 1255 3324 1316 poetae
3376 1247 3535 1302 citius
3563 1288 3579 1313 ,
3634 1247 3891 1304 oblivisci

2308 1342 2529 1406 queunt.

2382 1428 2505 1483 179.
2548 1427 2671 1483 Mihi
2719 1435 2865 1484 certe
2905 1427 3050 1484 nulla
3082 1429 3277 1509 idonea
3319 1444 3439 1487 esse
3470 1444 3631 1487 causa
3679 1432 3895 1491 videtur

2311 1520 2655 1591 quamobrem
2707 1519 3080 1590 hujuscemodi
3135 1535 3324 1591 preces
3364 1521 3657 1577 Prudentio
3683 1524 3895 1594 abiudi-

2311 1623 2517 1678 centur,
2544 1613 2804 1684 siquidem
2828 1622 3019 1682 praeter
3041 1614 3281 1670 omnium
3304 1617 3546 1672 codicum
3569 1632 3894 1679 consensum

2314 1705 2400 1760 lso
2428 1706 2677 1777 Magister
2719 1706 2857 1761 inter
2887 1706 3092 1776 reliqua
3116 1706 3392 1763 Prudentii
3424 1723 3584 1778 opera
3611 1711 3753 1767 hanc
3776 1726 3893 1767 ora-

634 1804 701 1859 ad
726 1804 1065 1859 beatissimam
1085 1820 1194 1859 eam
1219 1803 1485 1858 stationem
1514 1804 1566 1857 in
1588 1819 1739 1873 quam
1765 1814 2013 1873 martyres
2044 1812 2093 1857 et
2111 1805 2211 1858 vir—
2244 1793 2288 1856 Β
2318 1802 2517 1855 tionem
2546 1799 2735 1871 glossis
2757 1799 3013 1866 illustrat,
3048 1808 3102 1855 et
3128 1800 3371 1856 eamdem
3400 1799 3694 1857 Prudentio
3724 1803 3887 1859 Theo

635 1899 772 1970 gines
798 1896 1232 1952 transcribentur?
1261 1897 1409 1961 Quod
1454 1904 1673 1967 arguunt
1697 1895 1843 1949 verba
1872 1911 1984 1965 qua:
2014 1911 2204 1965 prlece-

636 1990 763 2044 dunt
786 1997 834 2045 et
854 1998 1147 2059 sequuntur.
1181 1987 1350 2043 Multa
1379 1990 1431 2042 in
1467 1986 1720 2041 thesauris
1751 1986 1924 2041 Patris
1954 1996 2027 2041 est
2057 1986 2206 2040 habi-

638 2082 762 2135 tatio
783 2080 994 2147 Christi,
1021 2078 1323 2149 Disparibus
1349 2068 1567 2133 discreta
1590 2079 1732 2145 locis,
1764 2094 1866 2132 non
1889 2093 2039 2148 posco
2067 2078 2214 2131 beata

641 2171 707 2227 In
731 2174 938 2243 regione
980 2173 1188 2226 domum
1225 2186 1242 2224 :
1272 2172 1370 2224 sint
1402 2171 1508 2224 illic
1537 2177 1687 2224 casta.
1714 2170 1935 2244 uirorum
1960 2169 2172 2239 Agmina
2197 2210 2213 2235 ,

641 2268 929 2335 pulvereum
959 2284 1075 2339 quae
1105 2266 1436 2337 dedignantia
1487 2282 1727 2335 censum,
1790 2244 2003 2320 Diuitias
2033 2266 2217 2336 petiere

596 2412 599 2413 ν
641 2377 757 2415 suas
784 2377 802 2414 :
848 2362 913 2415 sit
942 2364 1070 2431 [lore
1118 2360 1325 2431 perenni
1374 2358 1607 2413 Candida
1652 2358 1955 2430 virginitas,
1985 2358 2216 2412 animum

641 2449 858 2506 castrata
882 2452 1118 2507 recisum.
1169 2450 1374 2507 Caetera
1404 2465 1524 2521 qua:
1570 2448 1721 2504 addit
1748 2449 2071 2506 Prudentius
2094 2494 2108 2519 ,
2142 2450 2216 2505 ait

642 2543 1026 2615 Wesselingius
1048 2584 1064 2611 ,
1104 2543 1159 2599 in
1204 2542 1512 2599 Christiano
1552 2542 1770 2598 homine
1794 2557 1897 2597 non
1927 2542 2212 2613 laudanda,

640 2636 735 2692 sed
766 2637 837 2692 ita
867 2646 1172 2706 comparata
1201 2651 1342 2702 esse,
1394 2646 1452 2691 ut
1506 2651 1536 2690 a
1587 2636 1866 2691 doctorum
1895 2635 2089 2691 veteris
2116 2636 2215 2691 τενί

640 2729 978 2799 Opinionihus
1018 2746 1123 2785 non
1154 2743 1377 2799 prorsus
1404 2729 1723 2784 dissentiant
1749 2770 1764 2795 ,
1794 2729 1883 2801 qui
1917 2729 2171 2798 putabant
2199 2775 2214 2800 ,

643 2835 827 2877 omnes
856 2822 945 2891 qui
975 2821 1319 2876 beatitudinis
1364 2820 1527 2875 futuri
1575 2821 1859 2892 aliquando
1892 2829 2046 2877 erant
2070 2837 2218 2877 com-

645 2922 796 2983 potes
825 2928 917 2983 per
939 2914 1113 2982 ignem
1138 2928 1258 2969 esse
1288 2914 1666 2982 traducendos,
1698 2930 1868 2986 coque
1890 2916 2214 2989 purgandos.

646 3003 903 3058 Nimirum
936 3004 1316 3077 Wesselingius
1343 3008 1409 3061 ab
1440 3008 1561 3077 igne
1590 3012 1897 3079 purgatorio
1919 3010 2213 3077 abhorret,

648 3095 741 3164 qui
777 3095 1119 3153 nihilominus
1140 3099 1386 3165 afﬁrmat,
1424 3101 1683 3169 poeticum
1714 3115 1834 3157 esse
1890 3111 1944 3156 et
1973 3102 2023 3156 in
2062 3111 2217 3172 poeta

648 3188 951 3259 ferendum,
1010 3208 1278 3247 cavernoso
1328 3194 1558 3261 Averno,
1610 3208 1705 3263 pro
1756 3194 2025 3250 indefesso
2076 3196 2216 3267 igne.
2249 3182 2297 3247 C

648 3285 909 3341 Postremi
935 3300 1119 3343 versus
1146 3287 1314 3357 prima
1347 3286 1519 3343 fronte
1556 3287 1801 3343 duriores
1834 3289 1906 3349 illi
1935 3288 2215 3344 videntur:

649 3378 828 3434 Nolim
850 3388 1016 3436 tamen
1047 3424 1060 3448 ,
1093 3381 1299 3450 pergit,
1328 3382 1603 3450 existimes,
1634 3391 1834 3451 poetant
1858 3364 2247 3437 damnatorum.

652 3472 791 3545 gregi
819 3488 925 3527 sese
952 3472 1224 3528 inseruisse
1252 3473 1411 3527 rerbis
1437 3474 1563 3538 illis,
1606 3471 1693 3527 Me
1738 3490 1885 3543 paena
1925 3484 2089 3530 tamen
2122 3476 2222 3530 cle-

646 3574 834 3619 menter
862 3565 1064 3619 adurat.
1118 3564 1195 3618 Ea
1234 3566 1409 3619 itidem
1436 3581 1500 3620 ea:
1528 3573 1749 3620 veterum
1777 3568 2096 3636 Opinionibus
2135 3584 2223 3623 ea:-

645 3656 885 3727 plicanda
913 3666 1029 3735 sunt
1060 3657 1160 3726 (α).

724 3749 876 3820 153
907 3733 1029 3803 ΠΒ.
1050 3748 1270 3803 Plurimi
1300 3758 1389 3804 aut
1418 3759 1614 3821 negant
1635 3764 1751 3804 eam
1775 3751 2071 3808 orationem
2102 3767 2222 3809 esse

650 3839 924 3895 Prudentii
956 3881 970 3905 ,
1012 3850 1103 3896 aut
1139 3840 1327 3896 saltem
1374 3842 1425 3896 id
1472 3841 1525 3898 in
1554 3842 1776 3898 dubium
1806 3854 2076 3901 revocant.
2108 3847 2219 3901 An-

649 3934 808 3988 dreas
835 3932 1083 3998 Hivetus,
1110 3932 1201 3987 lib.
1233 3948 1290 3987 ιιι
1314 3932 1497 3989 Critic.
1529 3949 1695 4001 sacr.,
1723 3950 1844 4007 cap.
1867 3936 1960 4003 26,
1988 3937 2223 3994 afﬁrmat

647 4037 739 4078 eas
767 4037 952 4093 preces
981 4022 1151 4079 videri
1197 4022 1331 4079 falso
1365 4026 1624 4095 ascriptas
1657 4026 1947 4084 Prudentio
1971 4070 1985 4095 ,
2010 4038 2065 4084 et
2093 4045 2220 4086 con-

647 4113 906 4170 tradicere
919 4114 1036 4170 odte
1057 4116 1087 4169 7
1105 4115 1373 4184 Cathem.,
1396 4116 1642 4188 idemque
1656 4128 1839 4188 putare
1857 4119 2215 4179 Perkinsium.

648 4206 964 4266 Guilielmus
983 4207 1192 4266 Caveus
1215 4209 1402 4266 eadem
1423 4213 1631 4267 ratione
1652 4213 1861 4284 spurias
1884 4229 1974 4269 eas
1992 4215 2215 4285 iudicat.

631 4318 637 4358 '-
722 4326 1173 4402 (a)_Lud_ewi_gius
1200 4326 1252 4381 in
1283 4326 1396 4381 Vita
1426 4326 1697 4402 Prudentii
1728 4330 1929 4402 inqaliis
1958 4331 2223 4402 dogmatis

648 4412 768 4469 qua:
811 4398 1134 4469 Prudentius
1184 4412 1304 4469 cum
1344 4400 1622 4454 catholicis
1666 4400 1896 4456 sustinet
1938 4402 2005 4456 de
2034 4398 2221 4459 'lihero

651 4467 898 4533 arbitrio,
921 4468 987 4522 de
1002 4468 1181 4540 carnis
1204 4467 1504 4540 innocentia
1526 4513 1539 4534 ,
1572 4469 1641 4525 de
1673 4470 1827 4526 bonis
1852 4474 2123 4540 operibus,
2153 4477 2219 4532 de

2313 1894 2492 1949 dulius
2543 1892 2943 1948 Aurelianensis
2999 1892 3271 1962 adiudicat
3319 1894 3373 1948 in
3425 1893 3519 1949 lib.
3578 1893 3647 1949 de
3693 1895 3893 1965 Spiritu

2315 1994 2546 2042 sancto:
2608 1984 2697 2040 Sic
2744 1988 3021 2056 perfectam
3049 2026 3063 2049 ,
3119 1993 3267 2055 atque
3295 1986 3609 2055 singularem
3660 1997 3893 2042 naturam

2314 2089 2501 2135 sancta:
2532 2077 2797 2131 Trinitatis
2830 2078 3052 2131 mirabili
3096 2078 3305 2131 veritate
3351 2078 3713 2133 demonstrauit
3759 2079 3895 2134 Pru-

2316 2172 2518 2225 dentius
2542 2172 2594 2224 in
2625 2169 2752 2224 libro
2778 2178 2957 2223 contra
2988 2169 3353 2223 Marcionistas
3393 2181 3553 2225 metro
3584 2173 3788 2227 heroico
3810 2191 3827 2226 :
3857 2175 3897 2227 0

2317 2263 2423 2319 Dee
2449 2265 2822 2333 cunctiparens,
2859 2265 3040 2318 anima:
3086 2265 3255 2329 dator,
3304 2280 3333 2318 o
3368 2264 3466 2321 Dee
3491 2265 3714 2333 Christe,
3744 2266 3901 2339 Cujus

2318 2358 2380 2411 ab
2399 2373 2482 2412 ore
2513 2355 2650 2410 Deus
2668 2356 2894 2411 subsistit
2924 2356 3154 2424 Spiritus
3185 2373 3334 2411 unus.
3359 2357 3731 2427 lnterpretatio
3777 2374 3901 2414 vero

2319 2465 2477 2522 quam
2505 2449 2694 2505 Biscus
2717 2449 2955 2513 adhibet,
2980 2464 3085 2505 non
3115 2451 3335 2505 omnino
3362 2451 3642 2520 displicet,
3668 2451 3902 2507 Pruden-

2321 2545 2453 2598 tium
2502 2557 2607 2596 non
2656 2540 2857 2596 audere
2899 2550 3084 2610 petere
3130 2540 3514 2596 beatitudinem
3562 2543 3748 2597 statim
3778 2553 3903 2611 post

2322 2634 2547 2699 obitum,
2581 2641 2636 2689 et
2678 2633 2845 2689 videri
2892 2633 3067 2702 pinnis
3110 2634 3400 2705 purgatorii
3433 2634 3571 2706 ignis
3593 2645 3902 2692 contentum

2322 2741 2439 2784 esse
2471 2744 2486 2782 :
2512 2726 2772 2798 aifertque
2804 2727 2994 2784 Riscus
3025 2741 3209 2783 versus
3230 2742 3299 2783 ex
3344 2726 3640 2799 Apotheosi
3674 2730 3727 2786 in
3754 2730 3856 2787 ﬁne
3886 2750 3900 2785 :

2384 2887 2563 2939 Pellite
2586 2888 2731 2937 corde
2756 2891 2957 2947 metum,
2983 2900 3095 2937 mea
3114 2888 3348 2947 membra,
3374 2894 3425 2937 et
3445 2888 3635 2937 credite
3658 2893 3845 2939 vosnet

2386 2952 2501 3003 Cum
2526 2951 2719 3013 Christo
2743 2950 2959 3000 reditura
2982 2950 3104 3009 Deo,
3144 2961 3252 2997 nam
3277 2962 3361 2999 vos
3383 2951 3516 3007 gerit
3553 2949 3661 3013 ille,

2574 3023 2633 3073 Et
2652 3036 2818 3072 secum
2840 3027 3049 3078 revocat,
3076 3021 3270 3069 morbos
3307 3021 3467 3070 ridete
3492 3012 3726 3083 minaces,

2411 3099 2438 3132 n
2478 3087 2596 3133 ictos
2619 3098 2759 3134 casus
2782 3084 3099 3134 contemnite.
3134 3089 3258 3131 tetra
3283 3087 3508 3134 sepulcra

2411 3084 2596 3133 nﬂictos
2619 3098 2759 3135 casus
2782 3084 3099 3139 contemnite,
3134 3089 3258 3145 tetra
3283 3087 3508 3145 sepulcra

2390 3147 2631 3211 DeSpuite
2651 3161 2665 3208 ;
2688 3158 2965 3208 exsurgens
2986 3156 3083 3207 quo
3108 3144 3324 3194 Christus
3349 3152 3600 3207 provocat,
3638 3149 3730 3197 ite.

2324 3296 2474 3365 Quod
2520 3304 2698 3351 autem
2745 3294 3086 3367 Ludewigius
3135 3296 3479 3368 respondet,
3507 3299 3823 3370 scriptores,
3853 3308 3907 3357 et

2327 3390 2618 3459 praesertim
2663 3398 2848 3459 poetas
2876 3376 3191 3467 ,interdum
3232 3392 3313 3445 sui
3346 3391 3614 3455 oblivisci.
3651 3393 3705 3448 id
3737 3394 3908 3450 locum

2326 3478 2525 3537 habere
2566 3490 2784 3551 potest,
2814 3470 2936 3537 cum
2976 3482 3120 3537 clare
3161 3483 3345 3538 dicunt
3370 3486 3648 3539 contraria
3676 3503 3690 3540 :
3722 3501 3841 3541 nam
3863 3486 3910 3539 si

2328 3574 2487 3629 verba
2519 3573 2625 3627 alio
2655 3575 2707 3629 in
2730 3573 2849 3628 loco
2884 3576 3160 3644 perspicua
3192 3584 3353 3641 sunt,
3386 3575 3493 3631 alio
3525 3577 3711 3644 dubia,
3745 3579 3913 3648 tequi-

2330 3675 2408 3719 tas
2436 3665 2667 3735 ﬂagitat,
2698 3674 2754 3719 ut
2794 3665 2850 3721 in
2895 3667 3059 3721 rebus
3107 3668 3337 3724 maxime
3384 3668 3605 3738 alicujus
3646 3674 3913 3727 momenh’

2327 3759 2556 3830 benigna
2581 3760 2953 3829 interpretatio
2977 3761 3315 3829 adhibeatur,
3342 3766 3465 3834 quin
3495 3765 3555 3817 ad
3577 3764 3918 3822 oblivionem

2327 3851 2621 3923 confugere
2660 3867 2880 3909 necesse
2907 3854 2995 3909 sit.
3028 3855 3105 3909 Ac
3134 3870 3200 3910 ne
3224 3856 3501 3911 credamus
3550 3856 3915 3914 Prudentium

2327 3943 2394 4000 de
2425 3944 2533 3998 vita
2564 3954 2763 3999 aeterna
2808 3947 3184 4015 consequenda
3220 3948 3540 4017 desperare,
3573 3951 3629 4004 in
3660 3962 3910 4022 promptu

2325 4046 2408 4091 est
2432 4036 2533 4091 ode
2562 4038 2592 4091 7
2614 4037 2882 4101 Cathem.,
2940 4048 3098 4107 quam
3132 4040 3215 4093 his
3238 4042 3485 4109 precibus
3511 4043 3761 4098 nonnulli
3784 4059 3910 4099 con-

2326 4131 2544 4184 trariam
2567 4130 2780 4198 dicunt,
2815 4145 2913 4185 nos
2943 4132 3138 4201 potiori
3169 4133 3289 4202 jure
3314 4150 3377 4189 ex
3410 4150 3473 4190 ea
3504 4136 3911 4206 interpretatio-

2325 4238 2446 4278 nem
2494 4224 2803 4278 sumendam
2846 4225 3218 4281 contendimus
3266 4226 3359 4298 (c).
3414 4227 3581 4299 Igitur
3628 4246 3749 4285 cum
3784 4231 3913 4285 Pruo

2329 4326 2519 4407 gatorii
2549 4341 2854 4397 crediderit.
2904 4342 3033 4398 Vide
3074 4343 3211 4399 inira
3240 4361 3387 4400 num.
3424 4347 3551 4413 184,
3583 4349 3678 4403 ubi
3712 4350 3915 4405 similes

2330 4424 2547 4488 preces,
2582 4427 2648 4467 ex
2691 4413 3041 4488 quorumdam
3084 4431 3177 4471 ore
3203 4431 3472 4486 expressas
3496 4463 3511 4488 ,
3541 4434 3571 4472 a
3617 4420 3679 4477 S.
3712 4421 3915 4477 Joanne

2327 4479 2569 4537 Climaco
2612 4482 2978 4550 proferuntur.

652 4537 1792 4628 uiartgrugmﬂcult‘u‘etuinvocatiouelpde.
1811 4537 2035 4628 iVirgine
2077 4550 2226 4628 beata
2254 4557 2308 4619 Ῑ)
2400 4552 2479 4628 _(_b)
2504 4553 2583 4607 Ad
2613 4537 2825 4628 versum
2854 4537 2959 4628 96$
2987 4574 2998 4608 :
3034 4556 3231 4611 Saltem
3253 4560 3509 4628 mitiﬁcos,
3536 4566 3811 4617 exclamat
3830 4564 3912 4615 Gi-

651 4607 991 4686 Prudentium
1014 4607 1126 4661 vult
1155 4622 1415 4663 excusare
1444 4619 1553 4686 tum
1586 4612 1654 4662 ob
1676 4607 2226 4686 codicescorruptos,

651 4689 761 4733 tum
792 4680 912 4749 quia
942 4693 1156 4734 carmen
1178 4693 1296 4750 non
1326 4689 1410 4733 est
1429 4680 1495 4750 ad
1512 4691 1769 4750 angustos
1796 4680 2091 4739 verborum
2108 4680 2228 4743 can:

650 4748 817 4826 cellos
834 4748 1308 4826 emancipandum.
1342 4749 1449 4806 Sed
1494 4748 1633 4806 hunc
1664 4753 1863 4826 locum,
1909 4754 2027 4810 Non
2075 4774 2230 4826 posco

649 4821 795 4874 beata
822 4820 1131 4892 Inregione
1160 4821 1390 4885 domum,
1424 4830 1581 4877 vocat
1606 4823 1827 4878 stultum
1860 4835 1913 4880 et
1938 4820 2229 4885 muliercu-

650 4891 824 4968 larum
852 4890 1043 4968 fabulis
1070 4893 1285 4968 dignum
1310 4902 1697 4968 commentum.
1733 4896 2038 4966 Quanquam
2059 4898 2225 4968 illud,

630 4963 740 5033 ait,
772 4964 853 5016 hic
880 4957 1218 5036 Prudentium
1246 4974 1468 5030 excuset,
1497 4965 1633 5033 quod
1662 4957 1979 5036 pro'labe'sic
2006 4971 2114 5034 pati
2134 4957 2228 5024 ne:

647 5050 781 5088 cesse
822 5049 929 5112 esse
977 5032 1194 5112 dixerit,
1233 5032 1598 5112 cummsanctos
1625 5032 1874 5112 martyres
1904 5032 2100 5112 dedisse
2116 5044 2233 5112 jam

647 5121 820 5176 paruus
850 5105 900 5176 in
928 5104 1190 5158 tormentis
1218 5120 1309 5173 pro
1332 5102 1535 5176 Christo
1556 5102 1797 5162 sustentis
1815 5102 2143 5167 existimaret.
2166 5112 2233 5167 Et

648 5174 742 5229 hoc
776 5175 928 5251 modo
972 5176 1018 5228 ei
1053 5176 1159 5251 fere
1203 5174 1424 5244 cequales
1471 5190 1706 5251 errarunt
1744 5180 1885 5249 apud
1928 5184 2232 5251 centuriat.,

647 5256 841 5321 centur.
862 5244 915 5321 ιξ,
963 5261 1084 5315 cap.
1109 5245 1143 5298 4
1164 5290 1179 5314 ,
1208 5262 1501 5321 quanquam
1529 5250 1601 5321 ad
1618 5244 1874 5305 saniorem
1901 5269 2057 5321 quam
2081 5244 2233 5309 hodie

648 5317 900 5392 pontiﬁcii
947 5327 1160 5392 mentem
1191 5318 1375 5384 exponi
1407 5317 1523 5392 illos
1569 5319 1748 5375 debere
1769 5362 1791 5392 ,ν
1823 5317 2045 5392 theologi
2073 5327 2235 5380 nostri

649 5384 958 5441 sentiant....
986 5384 1170 5440 Fuisse
1210 5396 1375 5440 tamen
1413 5390 1639 5454 privatus
1670 5402 1715 5443 et
1760 5384 2070 5447 domesticus
2092 5411 2234 5449 error

652 5455 923 5531 Prudentii
954 5458 1153 5531 potuit;
1183 5459 1269 5526 qui
1294 5457 1543 5512 scelerum
1563 5462 1846 5530 juventutis
1877 5464 2107 5519 conscius
2133 5507 2149 5531 ,
2179 5484 2233 5520 se

652 5527 919 5599 indignum
944 5529 1118 5582 statim
1157 5536 1268 5599 post
1321 5537 1537 5583 mortem
1563 5527 1680 5584 'vita
1722 5539 1913 5584 (eterna
1942 5527 2230 5591 crediderit.

652 5546 760 5579 ιηαι
798 5546 919 5580 num
944 5546 1118 5582 διαιιηι
1157 5546 1267 5599 ροδι
1321 5546 1537 5583 mortem
1578 5546 1680 5584 υιια
1722 5546 1913 5584 (eterna
1942 5546 2230 5591 crediderit.

652 5596 730 5652 Ita
760 5546 1101 5667 Zudewigius
1120 5598 1413 5654 catholicos
1443 5614 1563 5655 cum
1592 5600 1861 5656 veteribus
1886 5601 2028 5658 idem
2054 5604 2235 5663 dicere

655 5679 882 5741 testatur
912 5710 929 5735 ,
976 5671 1075 5741 nisi
1106 5670 1246 5739 quod
1279 5670 1548 5727 saniorem
1577 5672 1861 5741 quamdam
1894 5683 2127 5729 mentem
2177 5678 2230 5733 in

653 5740 923 5794 veteribus
973 5740 1327 5808 introspicere
1370 5740 1610 5806 laborati
1652 5752 1707 5796 et
1759 5742 1887 5798 illud
1930 5745 2143 5799 demum
2183 5749 2234 5807 in

656 5809 944 5867 I‘rndeutio
976 5811 1340 5880 reprehendit,
1372 5812 1513 5879 quod
1545 5826 1734 5884 pinnas
1763 5816 2082 5885 temporales
2106 5832 2237 5888 pur.

2336 4622 2584 4704 selinus:
2620 4622 2787 4704 Itane,
2822 4642 2870 4704 Δο
2918 4624 3200 4704 Prudenti,
3234 4638 3344 4704 tam
3365 4622 3583 4700 'obje'cto
3611 4651 3917 4704 quemquam

2336 4709 2443 4756 esse
2461 4696 2630 4773 animo
2649 4697 2831 4773 ?_a_liud
2856 4703 2988 4751 certe
3014 4699 3171 4773 nobis
3183 4696 3635 4773 spondent'suaoes'
3658 4696 3920 4773 Evangelii

2335 4779 2498 4819 voces.
2532 4766 2794 4841 Siquidem
2824 4770 3091 4841 propositis
3119 4766 3301 4823 divina)
3330 4774 3511 4841 gratiae
3535 4766 3919 4831 obtinendtein-

2335 4840 2660 4909 stramentis,
2692 4838 2865 4891 stricte
2886 4839 3169 4909 imperant,
3200 4838 3513 4896 vocationem
3554 4856 3787 4900 nostram
3811 4863 3917 4901 cer-

2337 4913 2440 4986 tam
2467 4907 2717 4975 faciamus
2739 4950 2753 4973 ,
2787 4907 3021 4986 certoque
3048 4920 3095 4963 et
3124 4907 3409 4966 indubitato
3434 4924 3641 4970 teter-nte
3663 4920 3779 4972 vitta
3807 4920 3919 4986 glo—

2338 4976 2469 5055 riam
2515 4988 2887 5058 exspectemus;
2919 4979 3198 5058 doceatque
3238 5000 3268 5058 e
3318 4988 3611 5052 contrario,
3667 4976 3924 5058 infernum

2338 5046 2503 5116 ignem
2534 5059 2622 5101 aut
2649 5052 2854 5123 gravius
2881 5046 3187 5120 supplicium
3230 5055 3494 5123 deprecari
3523 5046 3787 5113 servorum
3817 5078 3925 5114 esse

2336 5133 2543 5193 semper
2562 5121 2885 5193 metuentium
2927 5138 2989 5193 ac
3041 5139 3166 5191 pene
3199 5121 3603 5193 desperandum,
3640 5148 3756 5183 cum
3779 5132 3928 5185 nulla

2338 5204 2473 5242 nunc
2500 5190 2563 5243 sit
2580 5192 2933 5271 condemnatio
2952 5190 3139 5271 bisqui
3160 5195 3212 5271 in
3234 5190 3361 5249 Iesu
3384 5198 3586 5271 Christo
3604 5213 3923 5271 permanent,

2339 5268 2395 5339 ut
2416 5261 2824 5339 potenquifactus
2846 5262 3071 5339 sit|nobis
3095 5281 3125 5339 a_
3151 5264 3257 5339 Deo
3284 5270 3555 5339 sapientia.
3578 5261 3925 5338 instituet”.
3970 5323 3980 5330 ,

2340 5330 2740 5409 Qu_a3_Giseliiii
2771 5330 2927 5409 verba
2962 5334 3137 5409 deleri
3163 5330 3656 5409 jubet'Appeudix
3713 5330 3926 5409 Belgica

2332 5400 2530 5481 indicis
2556 5402 2825 5483 “Romani
2868 5405 3004 5483 apud
3046 5400 3329 5483 Labbeum
3362 5400 3436 5464 de'
3460 5400 3669 5483 'Script.
3702 5400 3927 5478 eet-les”

2342 5471 2451 5553 sive
2482 5472 2658 5538 potius
2678 5476 2881 5553 corrigi
2904 5471 3061 5541 iuxta
3087 5482 3479 5553 recOgnitionem
3502 5483 3565 5535 ab
3584 5471 3695 5553 ipso
3720 5471 3931 5537 auctore

2343 5540 2571 5617 editam;
2594 5559 2656 5617 ne
2672 5545 2725 5597 in
2746 5540 2915 5617 alieno
2930 5562 3085 5617 rapere
3113 5540 3265 5603 niniis
3276 5553 3464 5605 curiosi
3483 5554 3583 5607 sint
3602 5540 3928 5611 'Iteterodori.

2342 5610 2778 5681 Recoguitionem
2797 5610 3019 5671 Giselini
3050 5634 3154 5673 non
3178 5620 3305 5675 vidi.
3586 5650 3593 5657 ν

2416 5681 2491 5769 (c)
2542 5683 2598 5769 lln
2631 5684 2730 5769 hac
2758 5686 2858 5769 oda
2902 5686 2969 5769 de
2998 5687 3247 5769 N_inivi_tis
3269 5735 3283 5757 ,
3312 5708 3451 5748 vers.
3477 5694 3553 5769 _96
3584 5714 3596 5750 :
3633 5696 3741 5752 Sed
3771 5700 3934 5769 pumi-

2344 5754 2487 5838 tendi
2534 5754 2657 5807 dum
2684 5756 2851 5838 tiatur
2879 5758 3081 5813 diecula
3105 5802 3119 5825 ,
3155 5763 3213 5817 Si
3243 5754 3370 5838 forte
3411 5766 3592 5820 uellent
3641 5754 3934 5838 improbum

2342 5823 2600 5880 libidinem
2630 5868 2643 5892 ,
2684 5828 2978 5899 Veteresque
3009 5823 3171 5900 nugas
3200 5823 3504 5892 condomare
3541 5854 3604 5893 ac
3657 5823 3925 5911 frimgere,
