4142 6350
191 434 298 492 705

1563 421 2090 482 PROLEGOMENA.
2148 420 2149 425 “

3359 403 3465 467 706

172 544 364 602 ‘dentii
395 559 547 602 mens
590 546 656 601 de
684 542 1053 600 misericordia
1093 538 1274 595 divina
1321 536 1475 593 facile
1518 534 1769 605 placabili
1799 538 1849 596 Α
1880 534 2020 587 hunc
2070 525 2302 583 reddunt
2353 535 2602 589 sensum,
2651 520 2794 592 quod
2841 519 2888 574 si
2938 532 3157 572 necesse
3209 517 3302 587 sit,
3354 533 3461 587 me,

196 648 302 693 tam
330 644 515 707 aperta
547 644 728 706 totque
776 635 909 690 locis
936 632 1203 688 declarata
1236 631 1303 684 sit
1332 670 1347 696 ,
1385 637 1443 683 ut
1466 628 1625 682 etiam
1653 636 1778 681 ante

198 746 346 785 num.
382 728 485 784 175
514 728 898 785 elaborandum
942 726 1105 782 fuerit
1130 770 1144 793 ,
1171 740 1238 781 ne
1268 724 1587 779 sententiam
1618 722 1779 776 nimis

198 823 481 893 benignam
538 823 807 879 videretur
871 822 1151 891 amplexus
1194 820 1261 875 de
1314 818 1503 888 majori
1556 830 1781 873 numero

198 916 726 989 prmdestinatorum,
775 929 1115 986 consequens
1165 923 1271 979 est,
1320 914 1626 968 orationem
1680 911 1785 967 lla-

201 1007 537 1079 martigenia:
568 1008 939 1078 explicandam
962 1022 1083 1064 esse
1107 1022 1173 1063 ex
1202 1006 1285 1061 bis
1312 1020 1431 1075 qua:
1462 1003 1586 1059 alibi
1613 1002 1786 1068 dixit,

204 1112 260 1157 et
300 1100 366 1155 ad
394 1115 580 1155 eorum
611 1101 873 1156 rationem
904 1115 1023 1171 qua:
1053 1099 1146 1154 alii
1178 1099 1275 1155 SS.
1320 1096 1508 1152 Patres
1552 1096 1797 1168 protule-’

202 1202 347 1261 runt,
400 1202 458 1249 ut
506 1194 564 1250 S.
594 1193 822 1249 Hilarius
868 1195 1113 1249 Enarrat.
1159 1195 1210 1249 in
1256 1208 1274 1248 ι
1311 1192 1570 1263 psalmum
1608 1208 1619 1241 :
1657 1190 1793 1245 Sunt

204 1287 338 1341 enim
364 1286 526 1356 aliqui
562 1286 695 1340 inter
722 1287 906 1359 impios
931 1330 945 1355 ,
990 1288 1295 1359 piosque....
1344 1283 1534 1339 Plures
1580 1299 1794 1351 namque

140 1416 147 1421 -
206 1378 305 1434 Dei
334 1388 495 1433 metus
525 1380 578 1433 in
610 1378 841 1434 Ecclesia
880 1382 1140 1447 continet;
1170 1381 1260 1436 sed
1294 1380 1494 1435 eosdem
1530 1388 1695 1433 tamen
1725 1377 1794 1430 ad

208 1471 477 1527 stecnlaria
497 1472 619 1526 vitia
651 1474 827 1527 saeculi
852 1473 1202 1527 blandimenta
1225 1472 1598 1526 sollicitant....
1634 1468 1795 1539 [mpii

209 1583 310 1621 non
332 1577 557 1633 manent,
585 1568 704 1636 quia
724 1566 803 1621 his
836 1566 930 1621 Dei
948 1584 1130 1621 nomen
1152 1568 1203 1620 in
1226 1569 1417 1621 honore
1446 1576 1517 1619 est
1546 1582 1565 1629 ;
1597 1566 1667 1633 pii
1695 1579 1797 1617 non

211 1670 327 1713 sunt
357 1701 371 1727 ,
402 1660 525 1730 quia
553 1675 665 1727 qua:
695 1661 874 1730 pietati
908 1668 1024 1713 sunt
1072 1660 1243 1713 aliena
1268 1668 1594 1714 sectantur...
1627 1656 1691 1711 In
1717 1672 1799 1711 eos

212 1770 331 1826 ergo
350 1753 609 1824 judicium
629 1761 727 1819 est,
752 1756 889 1821 quod
902 1753 1015 1821 jam
1045 1763 1090 1805 et
1124 1754 1173 1805 in
1199 1750 1488 1805 incredulos
1516 1760 1683 1803 actum
1704 1758 1797 1815 est,

216 1858 264 1901 et
291 1847 344 1899 in
375 1846 638 1900 credentes
668 1861 768 1897 non
796 1846 1135 1898 necessarium
1162 1853 1233 1898 est
1258 1844 1355 1915 (a).

295 1938 451 2008 155
480 1937 599 1991 l80.
624 1936 961 2005 Quapropter
1000 1950 1196 1992 censeo
1253 1951 1357 1989 non
1388 1934 1529 1990 aliud
1564 1933 1804 1989 Pruden-

223 2030 354 2084 tium
389 2030 672 2100 postremis
701 2028 948 2083 versibus
977 2045 1088 2084 sute
1128 2028 1387 2082 orationis
1419 2028 1667 2091 voluisse,
1706 2026 1805 2080 nisi

222 2130 281 2173 nt
326 2120 517 2175 leviter
565 2122 684 2189 igne
733 2121 1039 2189 purgatorio
1086 2120 1444 2189 torqueretur,
1492 2119 1535 2172 si
1588 2132 1806 2171 necesse

220 2224 367 2269 esset
398 2230 493 2281 pro
534 2213 654 2267 labe
682 2227 942 2280 corporea
992 2212 1223 2265 animum
1270 2210 1482 2279 purgari
1512 2219 1635 2263 ante
1664 2208 1805 2263 diem

222 2313 519 2360 extremam
562 2302 747 2374 judicii
776 2320 789 2355 :
818 2318 939 2357 nam
990 2302 1056 2357 de
1085 2303 1233 2359 obitu
1267 2301 1498 2356 hominis
1542 2300 1687 2356 clare
1724 2300 1806 2355 Io-

225 2397 406 2466 quitur
435 2414 449 2451 :

291 2492 427 2540 Dona
451 2490 621 2538 animai
646 2487 939 2552 quandoque
964 2501 1105 2548 meas,
1132 2501 1237 2537 cum
1263 2489 1477 2550 corporis
1500 2488 1641 2549 hujus

293 2554 516 2616 Liquerit
554 2553 873 2615 hospitium...

908 2611 1026 2662 Cum
1053 2612 1226 2660 flebilis
1250 2613 1365 2661 liora

258 2686 261 2687 '
296 2678 533 2727 Clauserit
554 2676 648 2725 hos
672 2676 837 2735 orbes,
864 2684 915 2723 et
938 2675 1229 2723 conclamata
1265 2677 1450 2735 jacebit

298 2743 552 2801 Materies,
575 2738 826 2799 oculisque
850 2739 1115 2801 suismens
1150 2736 1272 2801 nuda
1299 2737 1508 2801 fruetur,

299 2804 371 2853 Ne
391 2798 560 2853 cernat
582 2798 907 2851 truculentum
931 2800 1140 2859 aliquem
1163 2798 1225 2846 de
1251 2808 1401 2858 gente
1433 2798 1695 2859 latronem,

303 2865 563 2926 Immiteni,
591 2863 829 2926 rabidum,
856 2860 1088 2926 vultuque
1114 2865 1166 2908 et
1188 2874 1305 2909 voce
1341 2863 1510 2926 minaci

300 2923 612 2986 Terribilem,
640 2924 723 2985 qui
745 2936 826 2971 me
850 2923 1144 2986 maculosum
1168 2923 1429 2986 aspergine
1451 2935 1637 2971 morum

304 2990 357 3039 In
382 2985 624 3052 prae-copis,
650 2995 700 3034 ut
720 2987 903 3052 praedo,
932 2985 1107 3043 trahat,
1140 2985 1390 3046 nigrisque
1410 2993 1636 3052 ruentem

304 3047 569 3111 [inmergat
596 3047 856 3110 Specubus,
884 3054 1340 3111 euncta_exact_urus
1368 3047 1427 3111 ad
1454 3060 1610 3108 usque

306 3106 635 3173 Quadrantem
654 3112 905 3160 minimum
923 3106 1175 3157 maculosae
1198 3109 1364 3157 debita
1390 3110 1515 3157 vitas.

245 3222 361 3277 Non
416 3220 575 3291 igitur
621 3215 857 3285 loquitur
908 3214 975 3268 de
1022 3214 1196 3283 pomis
1245 3214 1461 3268 maternis
1510 3212 1829 3277 inferorum,

243 3315 439 3385 quibus
485 3322 712 3378 corpora
762 3306 925 3361 etiam
957 3314 1085 3359 sunt
1128 3303 1423 3374 torquenda
1464 3320 1477 3357 :
1524 3303 1593 3359 de
1640 3304 1832 3375 quibus

245 3405 421 3477 panis
453 3404 555 3457 boc
583 3401 701 3471 ipso
732 3399 782 3453 in
814 3398 1049 3453 carmine
1066 3412 1212 3451 vers.
1232 3397 1333 3451 827
1367 3394 1468 3451 :Et
1488 3396 1835 3470 Phlegethon-

249 3508 330 3553 teo
352 3496 441 3573 sub
465 3495 664 3566 gurgite
693 3493 864 3547 sanxit
893 3491 1075 3545 edaces
1101 3490 1371 3561 Perpetuis
1395 3489 1644 3547 scelerum
1676 3492 1836 3563 poenis

250 3592 528 3647 inolescere
564 3602 753 3641 vermes
916 3583 1203 3650 Vermibns,
1230 3595 1275 3637 et
1298 3586 1542 3654 ﬂammis,
1565 3594 1611 3639 et
1644 3585 1839 3639 discru-

252 3680 473 3738 ciatibus
502 3696 664 3735 aevum
688 3677 983 3731 Immortale
1010 3676 1171 3732 dedit.
1219 3676 1283 3731 Et
1312 3694 1368 3743 ιι,
1402 3678 1452 3731 in
1486 3676 1663 3748 Sym.,
1692 3694 1836 3733 vers.

1887 626 2085 694 quippe
2116 621 2291 676 locum
2341 616 2481 673 inter
2528 616 2647 686 pios
2689 622 2743 670 et
2772 622 2986 669 sanctos
3034 624 3142 669 non
3190 611 3463 677 meritum,

1888 717 1999 788 igni
2028 712 2336 787 purgatorio
2368 707 2683 778 mancipari,
2725 706 2915 761 saltem
2944 705 3059 760 miti
3086 702 3329 759 incendio
3356 702 3471 757 affi-

1888 809 2022 874 ciar,
2050 818 2105 863 et
2130 807 2255 861 dum
2286 810 2500 860 sanctos
2536 807 2797 870 martyres
2822 805 2878 854 et
2897 796 3130 866 virgines
3154 794 3331 848 statim
3356 802 3473 861 post

1888 901 2095 957 obitum
2124 898 2217 954 lux
2237 897 2497 953 immensa
2523 902 2577 949 et
2606 902 2845 963 tempora
2869 891 3046 945 vincta
3073 884 3290 943 coronis
3316 884 3475 954 glori-

1893 996 2074 1062 ficant,
2106 1006 2193 1047 me
2223 1005 2379 1061 paena
2410 989 2707 1045 clementer
2732 984 2941 1041 adurat.
2992 981 3195 1037 Eodem
3234 984 3479 1048 spectant

1892 1088 1996 1143 alia
2024 1085 2190 1142 verba
2216 1101 2228 1138 :
2256 1082 2379 1137 Non
2408 1097 2561 1153 posco
2583 1080 2729 1135 beata
2754 1076 2819 1131 In
2840 1077 3045 1146 regione
3072 1074 3300 1129 domum.
3324 1069 3480 1125 Scili-

1894 1188 2003 1245 cet,
2039 1190 2263 1247 poscerc
2292 1188 2398 1230 non
2427 1172 2599 1227 audeo
2628 1172 2846 1227 domum
2876 1170 2929 1223 in
2960 1182 3024 1223 ea
3052 1164 3271 1235 regione
3304 1164 3481 1230 beata,

1896 1272 1987 1327 ubi
2020 1271 2169 1326 illico
2201 1278 2321 1339 post
2346 1276 2571 1323 mortem
2627 1266 2826 1321 anima:
2858 1276 3084 1334 quarum
3126 1258 3338 1329 egregia
3381 1255 3481 1311 fuit

1897 1364 1951 1420 in
1982 1363 2081 1417 hac
2111 1362 2217 1416 vita
2240 1360 2518 1426 sanctitas,
2571 1358 2929 1428 recipiuntur.
2976 1354 3199 1423 Semper
3226 1349 3369 1405 enim
3400 1348 3485 1403 in-

1900 1457 2092 1527 telligit
2122 1456 2188 1510 de
2221 1465 2485 1524 tempore,
2531 1452 2673 1523 quod
2704 1450 2944 1521 proxime
2972 1448 3175 1502 obitum
3206 1441 3487 1512 sequitur:

1899 1566 2014 1603 cum
2039 1548 2223 1617 ﬂebilis
2245 1547 2375 1601 hora
2397 1545 2654 1601 Clauserit
2680 1544 2773 1598 hos
2805 1543 2972 1597 orbes.
3002 1540 3212 1595 Revera
3239 1545 3491 1591 aeternam

1902 1640 2292 1698 beatitudinem
2346 1654 2406 1694 se
2457 1637 2669 1693 tandem
2720 1644 3133 1691 consecuturum
3194 1628 3492 1699 saepissime

1906 1742 2112 1803 sperat,
2161 1740 2217 1785 et
2264 1731 2328 1785 ad
2370 1746 2485 1785 eam
2517 1746 2629 1785 rem
2660 1736 2953 1799 martyrum
2992 1724 3345 1796 patrocinium
3392 1721 3493 1775 im-

1909 1822 2105 1892 plorat.
2140 1821 2220 1877 Ac
2264 1836 2331 1875 ne
2375 1819 2584 1890 longius
2610 1818 2821 1886 abeam,
2870 1818 2923 1871 in
2968 1816 3069 1873 bac
3116 1816 3230 1887 ipsa
3255 1813 3497 1870 oratione

1910 1916 1983 1969 ita
2004 1915 2076 1968 ait
2106 1933 2117 1969 :

1974 2006 2147 2057 Judice
2174 2013 2225 2057 te
2250 2006 2437 2066 pallens
2457 2005 2665 2065 trepido,
2692 2010 2743 2054 te
2764 2004 2927 2066 judice
2954 2004 3130 2054 eodem

1974 2070 2123 2130 Spem
2147 2063 2303 2130 capio,
2329 2068 2450 2127 fore,
2472 2063 2707 2130 quidquid
2746 2063 2776 2114 a'
2807 2080 2855 2126 ο,
2886 2067 3128 2115 \eniabile
3153 2063 3277 2125 apud
3304 2071 3354 2114 te

1978 2131 2252 2177 Quamlibet
2274 2132 2517 2177 inditmum
2546 2132 2687 2177 venia
2712 2082 3000 2177 faciamque.
3037 2126 3323 2177 louuaruue.

1978 2126 2252 2188 Quamlibet
2274 2126 2517 2191 indignum
2546 2126 2687 2177 venia
2712 2126 3000 2190 faciamque,
3037 2126 3323 2189 loquarque,

2168 2200 2411 2249 Conﬁteor
2436 2198 2661 2261 (dimitte
2691 2196 2868 2260 libens,
2897 2204 2949 2247 et
2985 2210 3128 2259 parce
3153 2196 3381 2258 fatenti),

2024 2275 2134 2310 mne
2156 2261 2334 2309 malum
2360 2263 2517 2309 merui
2542 2278 2553 2310 :
2582 2260 2667 2308 sed
2694 2267 2743 2309 tu
2763 2260 2919 2309 bonus
2944 2260 3131 2308 arbiter
3155 2257 3292 2306 aufer

2038 2257 2134 2310 ἧηέ
2156 2261 2334 2309 malum
2360 2257 2517 2309 merui
2542 2278 2553 2321 ;
2582 2260 2667 2308 sed
2694 2267 2743 2309 tu
2763 2257 2919 2309 bonus
2944 2257 3131 2308 arbiter
3155 2257 3292 2306 aufer

1980 2324 2119 2383 Quod
2138 2326 2298 2374 merui
2319 2336 2330 2370 :
2358 2323 2560 2372 meliora
2583 2322 2749 2373 favens
2773 2322 2955 2385 largire
2996 2322 3232 2383 precanti.

1844 2417 1893 2479 Β
1917 2407 2017 2474 Qui
2047 2409 2197 2462 aiunt
2252 2417 2486 2477 poetam,
2516 2407 2597 2461 sui
2624 2402 2871 2475 oblitum,
2919 2406 2985 2461 de
3012 2404 3385 2461 misericordia
3413 2403 3508 2459 Dei

1920 2496 2259 2568 desperasse,
2294 2502 2438 2555 clare
2466 2498 2911 2555 indicantoblitos
2946 2498 3155 2569 scipsos
3200 2499 3325 2569 quid
3354 2505 3511 2568 poeta

1928 2592 1983 2649 in
2013 2592 2115 2650 hac
2145 2598 2391 2651 oratione
2422 2593 2583 2649 fuerit
2614 2592 2930 2662 complexus
2952 2590 3047 2662 (b).

2496 2706 2722 2763 CAPUT
2762 2704 2979 2761 XVIII.’

1932 2798 2119 2870 Opinio
2148 2799 2418 2854 Prudentii
2448 2800 2512 2853 de
2556 2798 2716 2867 poenis
2746 2798 3104 2852 damnatorum
3150 2799 3201 2852 in
3258 2796 3519 2866 pervigilio

1996 2870 2193 2953 sabbati
2212 2871 2470 2997 paschalis
2500 2870 2768 2942 mitigatis,
2801 2887 2869 2924 an
2897 2869 3122 2924 aliorum
3148 2877 3336 2923 mentes
3366 2884 3519 2922 occu-

1998 2952 2189 2997 paverit

1998 2952 2189 3005 paverit

2005 3039 2128 3093 181.
2173 3036 2510 3107 Singularem
2554 3034 2844 3107 quamdam
2891 3036 3211 3091 sententiam
3256 3033 3525 3104 expressit

1934 3135 2255 3191 Prudentius
2282 3132 2525 3189 Cathem.
2550 3132 2734 3202 bymn.
2759 3130 2813 3195 5,
2838 3145 2981 3186 vers.
3004 3130 3106 3185 125
3132 3148 3144 3182 :
3176 3129 3308 3185 Sunt
3338 3137 3383 3183 et
3412 3129 3518 3197 spi-

1948 3226 2125 3280 ritibus
2166 3241 2301 3295 saepe
2337 3224 2632 3278 nocentibus
2677 3222 2953 3277 Pwnarum
2989 3221 3207 3275 celebres
3247 3221 3339 3274 sub
3372 3220 3528 3291 Styge

1936 3318 2079 3385 feriae
2108 3314 2404 3381 Illanocte,
2437 3331 2578 3369 sacer
2604 3332 2706 3384 qua
2740 3314 2891 3367 rediit
2920 3313 3058 3366 Deus
3095 3313 3306 3383 Stagnis
3337 3312 3404 3365 ad
3435 3328 3525 3365 su-

1938 3425 2084 3478 peros
2130 3425 2192 3462 ea:
2238 3407 2596 3461 Acheronticis
2746 3405 2978 3459 Μαι-σωκ
3015 3406 3277 3476 suppliciis
3313 3404 3534 3459 Tartara

1938 3504 2168 3569 mitibus,
2195 3501 2535 3571 Exsultatque
2565 3500 2642 3554 sui
2670 3501 2885 3554 carceris
2910 3500 3013 3553 otio
3038 3498 3347 3553 Umbrarum
3369 3515 3532 3569 papu-

1943 3596 2048 3661 lus,
2074 3595 2202 3649 liber
2240 3594 2302 3647 ab
2327 3592 2529 3666 ignibus
2559 3592 2653 3663 (c).
2690 3590 3043 3647 Bellarm’nus
3070 3590 3165 3648 lib.
3187 3606 3224 3646 ιι
3246 3590 3312 3645 de
3338 3590 3535 3660 Purga-

1948 3688 2109 3751 torio,
2152 3702 2271 3756 cap.
2328 3685 2415 3750 18,
2466 3686 2520 3738 in
2568 3684 2862 3754 quaestione
2914 3700 2981 3738 an
3029 3682 3279 3753 suffragia
3329 3681 3539 3752 prosint

254 3776 356 3832 191
385 3790 399 3828 :
428 3772 564 3840 Quin
595 3781 641 3825 et
676 3770 969 3839 corporibus
998 3770 1177 3837 parilis
1200 3770 1452 3823 consortia
1482 3786 1642 3841 paena:
1667 3771 1835 3825 Decer-

1950 3780 2218 3836 damnatis
2240 3777 2517 3833 Prudentii
2541 3776 2662 3832 loco
2689 3790 3066 3845 responsurus,
3087 3775 3162 3829 ait
3186 3792 3199 3828 :
3228 3773 3377 3827 Nihil
3396 3773 3541 3827 aliud

256 3885 394 3923 nam.
427 3865 601 3921 Verba
632 3863 743 3927 illa,
779 3862 903 3916 Esto
931 3876 1222 3925 cavernoso,
1264 3862 1386 3932 quia
1404 3863 1477 3915 sic
1500 3879 1592 3929 pro
1623 3863 1733 3916 labe
1757 3881 1841 3918 ne-

257 3976 397 4016 resse
439 3967 512 4012 est
560 3955 842 4019 Corporea.
889 3954 1049 4008 tristis
1097 3970 1176 4007 me
1220 3956 1415 4009 sorbeat
1461 3956 1592 4025 ignis
1623 3958 1843 4026 Averno,

261 4095 548 4163 Snspendit
584 4102 739 4147 ictum
770 4100 930 4145 terror
976 4090 1662 4163 exorabilis,__Paulumque
1712 4097 1849 4152 dicta

263 4161 484 4222 substitit
534 4164 802 4218 sententia.
839 4163 903 4215 Et
932 4176 1071 4215 vers.
1108 4162 1204 4215 171
1237 4180 1249 4215 :
1283 4161 1517 4216 Mollitus
1550 4161 1629 4218 his
1652 4174 1700 4218 et
1733 4170 1851 4222 tali-

258 4243 354 4292 bus
383 4240 570 4291 brevem
612 4237 745 4287 Deus
781 4231 922 4286 Iram
954 4232 1180 4302 refrenat
1206 4273 1219 4298 ,
1244 4243 1533 4303 temperans
1579 4238 1849 4292 oraculum

262 4310 493 4379 Prosper
527 4307 787 4359 sinistrum
816 4320 833 4357 :
874 4321 1033 4379 prona
1078 4320 1196 4379 nam
1228 4303 1503 4379 Aclementia
1534 4305 1693 4379 Haud
1722 4310 1851 4379 difﬁ-

262 4375 429 4435 culter
452 4377 1067 4451 supplicein‘mortalium‘
1094 4375 1257 4451 solvit
1284 4386 1482 4451 reatum
1504 4417 1518 4440 ,
1546 4376 1703 4448 ﬁtque
1733 4375 1849 4451 fau-

264 4453 373 4505 trix
425 4446 681 4521 ﬂentium.
720 4446 1106 4521 Multa__alia_in
1140 4446 1243 4521 line
1284 4447 1351 4500 de
1386 4448 1593 4521 jejunio
1619 4446 1854 4521 aliisque

264 4517 487 4592 pictatis
520 4520 767 4592 Operibus
798 4518 990 4584 quibus
1021 4517 1159 4592 Deus
1189 4518 1445 4592 placatur.
1478 4518 1572 4572 llis
1618 4517 1852 4577 addo-cx

266 4588 420 4662 praef.
446 4591 541 4645 lib.
568 4606 580 4642 l
610 4589 661 4643 in
690 4589 921 4662 Synini..
951 4603 1091 4662 vers.
1121 4589 1188 4642 80
1218 4606 1234 4662 :4
1257 4588 1495 4662 Salvator
1525 4593 1721 4660 generis
1755 4594 1859 4647 lto-

268 4659 448 4726 inulei,
500 4676 697 4727 precor,
743 4659 844 4726 Qui
881 4661 1074 4712 cunctis
1124 4660 1322 4712 veniam
1377 4660 1467 4714 das
1508 4659 1853 4730 pereuntibus,

274 4735 380 4801 Qui
429 4731 628 4803 nullum
678 4730 857 4783 statuis
905 4746 1007 4803 non
1062 4732 1226 4803 operis
1267 4732 1341 4784 tui
1392 4730 1680 4799 Mortalem,
1715 4737 1857 4803 [acili

270 4799 423 4874 quem
454 4802 641 4869 releves
684 4818 859 4866 manu,
896 4799 1097 4871 Hujus,
1152 4802 1195 4854 si
1223 4803 1354 4871 potis
1384 4818 1458 4867 es,
1500 4806 1606 4869 iam
1655 4799 1859 4861 misere-

272 4878 427 4941 scito,
446 4884 550 4929 etc.

352 4947 429 5015 (α)
473 4947 535 5000 Et
563 4958 681 5013 cap.
733 4943 767 4995 ‘2
812 4942 864 4997 in
895 4942 1198 5015 Matthaenm
1232 4961 1243 4995 :
1277 4943 1473 4999 Salutis
1500 4944 1651 5014 igitur
1678 4957 1863 5001 nostra:

278 5012 461 5089 iudicii
492 5012 690 5089 tempus
730 5015 959 5089 designat
992 5015 1041 5065 in
1068 5012 1290 5089 Domino
1321 5016 1490 5089 dicens
1576 5015 1678 5071 Ille
1699 5020 1864 5089 bapti-

276 5085 413 5141 subit
454 5103 540 5140 vos
568 5087 617 5139 in
648 5086 844 5156 Spiritu
878 5094 1129 5156 sanctoet
1182 5085 1328 5154 igni:
1360 5088 1479 5153 quia
1511 5085 1781 5156 baptizatus
1811 5091 1865 5142 in

281 5160 485 5227 Spiritu
529 5154 706 5210 sancto
758 5154 1101 5230 reliqunmsit
1135 5154 1631 5230 consummariigne
1649 5159 1863 5230 judicii.

279 5226 342 5283 S.
378 5230 672 5299 Cyprianus
694 5228 851 5296 epist.
874 5227 944 5281 5‘2
970 5226 1035 5279 ad
1070 5227 1435 5299 A_ntonianum
1461 5227 1564 5299 ait,
1595 5226 1733 5299 quod
1766 5247 1869 5283 non

282 5301 387 5356 nisi
406 5297 488 5352 die
513 5298 720 5353 Domini
738 5314 859 5351 vasa
887 5299 1057 5367 lignea
1084 5297 1245 5351 divini
1266 5298 1464 5351 ardoris
1494 5297 1728 5353 incendio
1750 5317 1873 5354 con-

283 5380 571 5424 crementur
593 5408 609 5434 ,
639 5378 685 5441 et
717 5370 899 5441 ﬁctilia
944 5368 1091 5441 abeo
1120 5368 1217 5441 cui
1248 5370 1371 5421 data
1411 5378 1489 5441 est
1528 5370 1692 5439 ferrea
1729 5372 1872 5441 virga

285 5448 620 5513 frangantur.
665 5440 721 5495 S.
768 5438 1363 5513 Atnbrosins__Enar_rat.
1407 5438 1630 5513 in_psal.
1660 5438 1821 5496 xxxvi
1853 5462 1866 5497 :

285 5508 431 5584 Igne
465 5528 585 5584 ergo
613 5510 981 5584 purgabantur
1020 5508 1118 5578 ﬁlii
1149 5508 1437 5584 Levi,gigne
1461 5509 1722 5579 Ezechiel,
1758 5517 1872 5584 igne

286 5530 423 5580 Igne
465 5530 585 5637 ergo
628 5530 981 5580 purgabantur
1020 5530 1118 5578 [uti
1149 5530 1285 5576 belli,
1320 5530 1437 5579 igne
1461 5530 1722 5579 nsecmet,
1758 5532 1872 5584 igne

286 5582 481 5637 David.
558 5582 620 5635 ed
651 5582 703 5634 hi
726 5584 814 5635 etsi
846 5582 1119 5653 perignem
1146 5582 1585 5647 examinabuntur,
1605 5585 1770 5638 dicent
1795 5594 1872 5638 ta-

256 5708 262 5726 ,
286 5671 429 5719 men,
448 5653 796 5707 Transivimus
810 5669 895 5721 per
909 5652 1079 5726 ignem
1090 5662 1133 5705 et
1147 5669 1373 5726 aquam.
1387 5696 1399 5708 .
1415 5652 1526 5726 Etsi
1541 5654 1705 5708 salvos
1722 5657 1874 5726 faciet

258 5724 267 5759 ⁸
294 5726 548 5778 Dominus
578 5739 746 5777 servos
767 5739 907 5787 suos,
933 5724 1056 5777 salvi
1085 5724 1271 5776 erimus
1302 5741 1385 5793 per
1411 5725 1585 5793 ﬁdem,
1613 5727 1682 5780 sic
1705 5724 1873 5781 tamen

288 5794 423 5852 salvi
464 5796 609 5866 quasi
647 5811 734 5864 per
763 5796 947 5866 ignem.
979 5795 1159 5866 Sixtus
1195 5795 1469 5864 Senensis,
1504 5796 1637 5851 Bibl.
1670 5796 1763 5851 lib.
1797 5814 1868 5862 vn,

290 5864 484 5923 adnot.
517 5865 645 5931 545,
668 5864 849 5936 multis
872 5865 968 5921 SS.
998 5865 1213 5919 Patrum
1240 5867 1596 5936 testimoniis,
1626 5869 1899 5924 nomina-.

297 5941 398 5996 tim
416 5935 692 5996 Prudentii
718 5935 915 6000 bymno
945 5936 1253 6002 Exsequiar.
1272 5975 1289 6005 ,
1315 5947 1369 5994 et
1388 5937 1693 5996 octodecim
1730 5954 1871 5996 mar-

1952 3875 2087 3940 dico,
2115 3873 2213 3927 nisi
2244 3888 2383 3927 more
2418 3871 2617 3943 poetico
2649 3870 2833 3925 lusisse
2864 3868 3225 3923 Prudentium.
3265 3870 3335 3922 At
3373 3866 3545 3937 potuit

1955 3965 2103 4022 aliud
2133 3966 2429 4022 dicerezet
2457 3973 2602 4019 certe
2646 3963 2692 4019 si
2740 3961 2881 4016 aliud
2915 3960 3155 4027 dixisset,
3203 3959 3542 4015 occasionem

1954 4112 2058 4174 tyr.
2076 4102 2407 4170 Cmsaraug.,
2424 4108 2489 4174 et
2508 4098 2693 4174 Daniel
2708 4097 2949 4162 Huetius,
2966 4096 3055 4174 lib,
3078 4112 3113 4151 ll
3142 4095 3543 4174 0rigenian_or.,

1953 4166 2073 4241 c'ap.
2102 4176 2171 4237 2,
2204 4166 2401 4243 quiuit.
2437 4171 2967 4243 “Ldemonslrant,
3019 4169 3085 4221 de
3113 4166 3279 4243 modo
3316 4174 3369 4221 et
3419 4166 3539 4243 loco

1955 4236 2239 4299 felicitatis
2265 4244 2363 4298 SS.
2408 4244 2475 4295 ad
2519 4241 2881 4295 Florentinam
2913 4253 3085 4307 usque
3114 4236 3377 4307 synodum
3410 4236 3545 4307 nibil

1955 4317 2085 4369 certi
2115 4316 2181 4369 ab
2214 4313 2453 4367 Ecclesia
2485 4311 2649 4366 fuisse
2678 4304 3071 4380 praescriptum,
3100 4304 3239 4363 adeo
3270 4316 3327 4363 ut
3367 4308 3421 4361 in
3462 4306 3546 4361 di-
3606 4304 3613 4309 ⁷

1960 4401 2118 4440 versa
2142 4385 2327 4439 Patres
2356 4383 2606 4438 abierint.

2031 4457 2110 4581 ἳὸ)
2137 4457 2369 4512 Joannes
2399 4454 2633 4518 Lamius,
2684 4452 2735 4507 in
2774 4450 2988 4507 Deliciis
3040 4449 3370 4505 eruditorum
3418 4458 3549 4505 tom.

2065 4530 2103 4581 Ι.
2140 4543 2257 4581 nan.
2286 4525 2409 4581 5M.
2434 4526 2735 4579 orationem
2769 4521 3041 4577 Prudentii
3073 4523 3408 4581 exscribens.
3449 4524 3546 4577 lin-

1960 4521 2103 4592 Xlll,
2140 4543 2257 4596 pag.
2286 4525 2409 4589 5M,
2434 4526 2735 4596 orationem
2769 4521 3041 4596 Prudentii
3073 4523 3408 4596 exscr‘ibens,
3449 4524 3546 4577 lin-

1960 4603 2040 4670 git
2073 4592 2247 4654 locum
2310 4597 2574 4670 mitiorem
2606 4596 2655 4649 in
2683 4595 2868 4670 inferis
2896 4608 3020 4649 eum
3067 4592 3385 4670 P9§lulasse,
3432 4609 3555 4670 cum

1964 4663 2212 4739 paradiso
2242 4668 2516 4739 indignum
2542 4682 2601 4721 se
2628 4666 2899 4739 crederet,
2934 4674 3005 4739 et
3034 4663 3305 4739 subjungit
3332 4665 3557 4739 impium

1969 4736 2609 4807 iestamentumPhilippi
2663 4736 2899 4801 Strozzi,
2928 4737 3089 4807 ’quod
3121 4736 3221 4787 alia
3269 4743 3451 4807 mente
3480 4736 3559 4789 fa-

1966 4823 2110 4867 ctum
2138 4812 2367 4864 afﬁrmat
2394 4830 2406 4864 :
2431 4805 2534 4863 Per
2559 4825 2661 4861 non
2688 4808 2857 4860 venire
2883 4807 2971 4875 piis
3011 4806 3063 4857 in
3097 4815 3267 4873 patere
3291 4805 3559 4861 de’nemici

1967 4884 2085 4936 miei
2220 4885 2269 4933 io
2298 4878 2508 4946 Filippo
2538 4878 2740 4933 Strozzi
2778 4878 2846 4929 mi
2880 4890 3007 4929 sono
3040 4876 3316 4931 deliberata
3350 4880 3400 4930 in
3441 4875 3561 4947 qual

1969 4954 2121 5006 modo
2150 4952 2241 5004 che
2266 4951 2315 5003 io
2342 4966 2514 5019 posso,
2546 4947 3033 5019 quantunqueduro
3055 4946 3144 4999 all‘
3164 4950 3338 5019 anima
3368 4946 3469 5001 mia
3493 4947 3562 5001 mi

1972 5026 2114 5091 paia,
2167 5038 2260 5075 con
2301 5018 2349 5073 le
2386 5022 2481 5073 mie
2508 5035 2657 5091 mane
2686 5019 2832 5085 ﬁnire
2874 5018 2926 5071 la
2966 5018 3067 5091 mia
3098 5019 3218 5072 vita.
3271 5018 3507 5071 L‘anima
3531 5032 3564 5069 a

1973 5088 2073 5148 Dio
2101 5107 2295 5147 sommo
2328 5090 2678 5145 misericordia
2706 5088 3049 5143 raccomando
3068 5130 3081 5151 ,
3126 5090 3418 5143 umilmente
3444 5103 3562 5157 pre-

1973 5164 2219 5236 gandolo,
2247 5178 2301 5215 se
2317 5162 2451 5236 altro
2479 5162 2677 5236 dibene
2697 5161 2839 5236 darle
2864 5177 2967 5214 non
2990 5160 3157 5236 vuole,
3179 5160 3230 5236 _le
3247 5161 3338 5236 dia
3363 5162 3564 5236 alumna

1975 5227 2097 5304 quat
2126 5236 2301 5305 lupgo,
2332 5234 2460 5305 dove
2488 5250 2512 5285 e
2535 5230 2740 5305 Catone
2759 5230 3013 5297 Uticense,
3053 5230 3115 5284 ed
3137 5227 3258 5284 altri
3275 5227 3567 5305 simili‘vir-

1978 5298 2112 5360 luosi
2146 5298 2362 5368 nomini,
2395 5302 2578 5357 chetal
2600 5303 2700 5371 [ine
2722 5301 2893 5356 hanno
2916 5305 3067 5372 (atto,
3105 5311 3214 5356 etc.
3264 5299 3404 5365 Quid
3435 5298 3566 5353 Pru-

1898 5411 1952 5471 D
1979 5374 2429 5471 deptjippreeibus
2454 5389 2574 5471 ωιτη
2602 5374 2702 5471 hate
2725 5371 3009 5471 or‘atione?

2051 5446 2121 5518 (ι’)
2149 5440 2393 5500 Clericus
2418 5446 2471 5518 in
2510 5445 2630 5518 Vita
2659 5443 2933 5498 Prudentii
2966 5441 3104 5495 male
3133 5440 3381 5518 intelligit
3421 5441 3568 5518 _lt_ut_t_c

1978 5510 2197 5580 locum,
2247 5530 2309 5571 ac
2354 5516 2504 5587 pejus
2544 5515 2667 5587 inde
2715 5522 3088 5587 argumentum
3119 5511 3371 5587 conficit:
3492 5511 3569 5587 dit

1980 5580 2481 5657 (Prudentiusjque
2505 5597 2616 5640 lous
2636 5585 2707 5638 les
2736 5580 2849 5649 aris,
2885 5584 2937 5635 la
2967 5584 3073 5634 nuit
3099 5598 3192 5657 que
3222 5580 3571 5657 Jésustltrist

1976 5653 2273 5721 ressuscita,
2314 5653 2624 5712 les-damnes
2646 5671 2709 5723 ne
2738 5662 3017 5708 ressentent
3050 5653 3191 5721 point
3215 5656 3275 5707 de
3305 5656 3494 5723 ptines,
3519 5669 3574 5707 ce

1982 5731 2073 5801 qui
2094 5746 2313 5800 suppose
2334 5746 2431 5795 que
2454 5721 2803 5801 Iesus-Christ
2831 5724 2953 5778 etait
2968 5724 3234 5801 descendit
3253 5721 3378 5780 dans
3400 5741 3455 5778 ce
3476 5726 3575 5777 lieu

1984 5796 2033 5855 et
2056 5818 2117 5854 en
2144 5796 2276 5854 abuit
2301 5801 2394 5853 tiré
2424 5801 2496 5853 les
2512 5797 2723 5852 damnes
2744 5804 2869 5849 cette
2891 5796 3100 5852 nuit-la.
3126 5796 3258 5853 Vide
3283 5804 3573 5856 comment.

1983 5863 2051 5928 ad
2083 5873 2275 5942 bymn.
2306 5872 2341 5927 3
2367 5870 2551 5939 Cath.,
2577 5880 2720 5925 vers.
2753 5866 2880 5923 196.
