4142 6350
572 334 675 392 707

1979 293 2437 381 caueamus.

3758 302 3871 359 708

573 447 855 505 cavihandi
883 460 989 502 non
1015 441 1331 516 praebuisset
1362 434 1714 509 ilospiniano,
1760 437 1850 509 qui
1881 436 1936 492 in
1965 435 2060 491 lib.
2088 434 2153 490 de
2181 438 2236 499 Α
2258 435 2315 492 S.
2349 434 2592 506 Gregorii
2621 432 2818 505 Magni,
2865 437 2920 489 et
2943 428 3221 487 Prudentii
3261 431 3315 485 in
3359 426 3559 500 hymno
3608 426 3678 481 de
3706 426 3865 483 Novo

575 545 789 614 Origine
817 540 1001 596 festor.
1033 536 1229 593 Christ.
1261 534 1320 588 in
1348 532 1488 589 festo
1517 532 1573 587 S.
1605 531 1875 603 Hippolyti
1926 530 2159 585 affirmat

576 631 918 692 Prudentium
966 628 1021 685 in
1068 624 1331 697 martyrio
1374 626 1434 681 S.
1485 624 1755 696 Hippolyti
1804 620 2159 678 describenda

577 741 726 782 more
752 722 961 794 poetico
987 720 1199 787 lusisse,
1232 717 1369 790 quod
1396 717 1575 785 etiam,
1597 716 1790 785 inquit,
1814 713 2161 769 Bellarminus

577 820 629 872 in
655 831 709 870 re
744 813 930 884 majori
959 828 1075 868 eum
1105 811 1285 883 fecisse
1322 810 1470 864 dicit.
1497 808 1635 877 Quid
1665 823 1793 878 ergo
1819 806 1963 863 aliud
1991 806 2163 877 potuit

578 905 756 962 dicere
784 902 1175 959 Bellarminus?
1201 901 1381 957 Potuit
1409 908 1463 957 et
1490 899 1720 955 fortasse
1747 899 1932 955 debuit
1958 898 2160 964 dicere,

579 995 865 1052 nonnullos
909 1006 1123 1051 veteres
1161 998 1216 1048 in
1262 1007 1326 1048 ea
1365 992 1619 1062 opinione
1662 990 1828 1047 fuisse
1888 1005 2048 1061 quam
2102 990 2161 1045 S.

581 1088 913 1158 Augustinus
944 1102 1051 1141 non
1082 1096 1166 1141 est
1194 1099 1359 1140 ausus
1388 1084 1747 1139 condemnare
1775 1096 1894 1153 cap.
1920 1081 2026 1136 112
2057 1082 2165 1136 En-

581 1180 794 1239 chlridii
834 1195 854 1234 :
887 1178 1076 1234 Poenas
1106 1177 1469 1230 damnatorum
1499 1175 1650 1228 certis
1685 1183 1971 1244 temporum
2012 1173 2170 1227 inter-

584 1272 733 1329 vallis
754 1273 1063 1340 existiment,
1082 1271 1127 1325 si
1153 1271 1245 1327 hoc
1270 1270 1342 1324 eis
1365 1268 1552 1340 placet,
1578 1269 1898 1339 aliquatenus
1917 1266 2167 1338 mitigari,

592 1368 744 1439 157
768 1364 1045 1419 dummodo
1071 1363 1386 1432 intelligatur
1420 1362 1475 1416 in
1496 1361 1567 1415 eis
1593 1375 1800 1414 manere
1824 1360 1908 1413 ira
1929 1357 2046 1423 Dei,
2079 1360 2172 1412 hoc

586 1470 659 1515 est
687 1462 802 1531 ipsa
839 1460 1124 1513 damnatio.
1170 1454 1253 1510 Ad
1308 1470 1469 1525 quem
1501 1455 1679 1509 locum
1714 1452 2068 1508 Bellarminus
2090 1465 2175 1505 re-

588 1552 761 1623 ponit,
790 1551 1134 1620 Augustinum
1174 1548 1243 1602 ibi
1274 1564 1376 1602 non
1403 1562 1554 1618 agere
1579 1547 1641 1600 de
1684 1545 1914 1599 oratione
1959 1558 2052 1613 pro
2082 1544 2173 1596 de-

588 1645 799 1715 functis,
830 1650 879 1698 et
898 1641 1067 1697 solum
1087 1643 1273 1707 dicere,
1321 1657 1421 1695 non
1449 1656 1555 1694 esse
1579 1653 1849 1693 erroneum
1875 1635 2172 1701 concedere,

589 1740 855 1792 damnatos
898 1738 1069 1805 puniri
1098 1738 1225 1791 citra
1265 1735 1599 1806 condignum,
1647 1731 1783 1800 quod
1814 1730 2006 1785 clarius
2033 1730 2177 1783 docet

591 1830 679 1884 lib.
705 1845 796 1884 xxi
838 1828 901 1883 de
947 1828 1097 1883 Civil.
1145 1824 1260 1892 Dei,
1310 1842 1428 1897 cap.
1458 1824 1552 1879 24.
1592 1821 1702 1878 Cur
1739 1823 1901 1892 igitur
1938 1820 2080 1876 idem
2111 1819 2181 1873 de

589 1923 883 1979 Prudentio
905 1938 1009 1977 non
1034 1921 1276 1976 dicatur?
1300 1920 1434 1975 illud
1463 1918 1645 1989 negari
1669 1918 1875 1987 nequit,
1904 1912 2179 1971 Prudentii

591 2017 909 2072 sententiam
934 2016 1002 2071 ab
1025 2013 1321 2085 Augustino
1346 2012 1587 2079 indicari,
1613 2010 1739 2066 dum
1763 2009 1990 2066 liberum
2017 2008 2183 2065 relin-

594 2110 710 2178 quit
756 2108 1087 2173 existimare,
1115 2106 1160 2161 si
1192 2105 1384 2177 placet,
1412 2100 1600 2175 pmnas
1620 2103 1995 2160 damnatorum
2019 2101 2181 2157 certis

594 2210 897 2271 temporum
920 2199 1221 2255 intervallis
1250 2198 1585 2269 aliquatenus
1612 2196 1843 2267 mitigari
1874 2196 1974 2269 (a).

665 2292 787 2349 182.
821 2292 1017 2349 Confer
1048 2306 1168 2367 quae
1196 2289 1401 2353 addidit
1427 2290 1530 2349 loc.
1561 2290 1653 2347 cit.
1684 2287 1980 2347 Enchiridii
2010 2304 2024 2342 :
2052 2285 2183 2343 Ηωε

596 2386 730 2443 enim
752 2394 958 2443 vocatur
986 2386 1066 2440 ira
1112 2384 1223 2450 Dei,
1259 2400 1363 2445 non
1384 2384 1543 2438 divini
1574 2383 1733 2437 animi
1762 2381 2098 2453 perturbatio,
2130 2390 2184 2441 ut

596 2482 649 2535 in
673 2481 753 2534 ira
775 2496 869 2533 sua
888 2521 901 2545 ,
933 2478 1027 2534 hoc
1057 2488 1152 2545 est,
1202 2486 1439 2539 manente
1467 2478 1547 2532 ira
1570 2493 1686 2542 sua,
1743 2492 1845 2531 non
1866 2486 2034 2531 tamen
2064 2492 2187 2530 con-

597 2573 752 2626 tineat
797 2571 1143 2631 miserationes
1180 2587 1321 2636 suas,
1373 2586 1472 2631 non
1505 2581 1691 2626 teterno
1732 2569 1987 2641 supplicio
2032 2569 2185 2637 ﬁnem

596 2667 788 2734 dando,
814 2665 905 2720 sed
936 2665 1163 2719 levamen
1200 2664 1512 2731 adhibendo,
1561 2664 1639 2719 vel
1677 2663 2047 2733 interponendo
2069 2679 2184 2715 cru-

596 2757 831 2811 ciatibus.
866 2756 1016 2811 Hanc
1060 2756 1399 2829 sententiam
1429 2757 1715 2831 amplexus
1759 2762 1844 2817 est
1869 2755 1925 2811 S.
1948 2754 2185 2817 Joannes

597 2850 1019 2927 Chrysostomus
1041 2849 1238 2909 Homil.
1272 2850 1305 2904 ὅ
1336 2849 1389 2907 in
1434 2850 1593 2918 epist.
1620 2848 1689 2904 ad
1722 2849 1978 2919 Philipp.,
2026 2864 2185 2919 quem

599 2945 653 3000 in
697 2944 859 2998 alium
892 2956 1108 2997 sensum
1148 2944 1359 2997 trahere
1393 2951 1620 2997 conatur
1647 2942 2040 2998 Bellarminus:
2075 2942 2186 2997 Hos

600 3034 755 3105 igitur
783 3036 1044 3104 lugeamus
1068 3032 1328 3103 (loquitur
1352 3033 1419 3088 de
1447 3032 1756 3103 damnatis),
1805 3048 1950 3103 opem
1985 3049 2077 3103 pro
2116 3034 2190 3087 vi-

600 3127 739 3182 ribus
785 3130 1034 3196 feramus,
1082 3123 1290 3192 aliquod
1335 3125 1458 3195 ipsis
1510 3126 1767 3179 auxilium
1812 3141 2185 3195 comparemus,

601 3220 839 3293 exiguum
860 3218 990 3273 illud
1006 3218 1231 3289 quidem,
1248 3218 1337 3272 sed
1357 3218 1496 3289 quod
1513 3227 1682 3273 tamen
1702 3217 1949 3272 auxiliari
1966 3228 2185 3289 queat...

598 3312 763 3381 Atque
786 3312 839 3365 id
862 3309 1067 3381 quidem
1112 3310 1177 3364 de
1200 3307 1279 3362 his
1315 3310 1404 3379 qui
1445 3310 1497 3363 in
1523 3310 1625 3378 ﬁde
1655 3310 1997 3365 decesserunt.
2039 3310 2186 3364 Cate-

2266 528 2493 584 Luminc
2514 526 2782 598 paschalis
2806 524 3011 581 sabbati
3040 523 3141 591 (sic
3167 523 3308 578 enim
3338 521 3607 591 inscribit)
3631 520 3865 589 aliisque

2268 619 2570 690 huiusmodi
2620 617 2907 672 illustrium
2956 615 3171 669 Patrum
3217 612 3415 677 dictis,
3469 613 3521 668 in
3570 611 3713 667 hanc
3743 615 3864 683 opi-

2265 712 2483 767 nionem
2526 710 2881 774 inclinarunt;
2934 706 3022 761 alii
3052 706 3208 762 aliter
3239 720 3356 761 eam
3387 705 3658 777 explicant
3695 720 3863 760 :nam

2266 804 2326 859 S.
2344 803 2578 858 Thomas
2607 803 2779 857 solum
2811 814 3102 871 agnoscere
3122 798 3329 855 videtur
3359 799 3413 853 in
3444 799 3715 855 damnatis
3746 800 3866 853 ina-

2269 912 2391 952 nem
2437 895 2722 967 quamdam
2762 894 2965 949 fallacis
3013 892 3189 963 gaudii
3237 892 3503 961 speciem,
3547 900 3866 963 gratamque

2256 990 2551 1045 .maarentis
2597 987 2758 1042 animi
2801 986 3104 1040 illusionem
3139 984 3401 1054 {qualem
3440 998 3562 1038 esse
3610 984 3791 1037 ferunt
3812 982 3867 1036 in

2271 1062 2628 1144 daemonibus,
2661 1079 2751 1150 qui
2782 1080 3027 1135 homines
3058 1077 3121 1132 ad
3163 1077 3493 1148 peccandum
3521 1076 3861 1142 inducentes,

2274 1189 2406 1228 vana
2425 1173 2653 1244 quadam
2678 1171 2864 1227 laetitia
2882 1170 3206 1235 afﬁciuntur,
3227 1170 3352 1239 quin
3377 1185 3532 1239 poena
3551 1170 3863 1225 decrescat:

2274 1281 2377 1337 qua
2410 1266 2477 1320 de
2503 1280 2562 1320 re
2589 1273 2753 1334 agunt
2781 1263 3013 1333 theologi
3046 1262 3371 1317 scholastici.

2350 1359 2470 1414 181.
2503 1360 2557 1414 in
2595 1358 2782 1413 codice
2828 1372 2928 1411 ms.
2960 1356 3139 1412 saeculi
3164 1372 3214 1410 χι
3249 1355 3387 1411 Bibl.
3415 1355 3667 1410 Riccard.
3696 1362 3872 1409 exstat

2277 1452 2517 1517 missale,
2566 1460 2620 1505 et
2647 1451 2698 1503 in
2731 1449 2831 1504 hoc
2856 1450 3033 1514 missa,
3074 1464 3166 1520 pro
3198 1450 3345 1519 cujus
3377 1448 3547 1503 anima
3577 1447 3869 1514 dubitatur,

2277 1546 2429 1617 cujus
2472 1543 2716 1599 meminit
2757 1542 2971 1597 Lamius
2999 1552 3128 1596 tom.
3161 1540 3277 1596 Xlll
3318 1541 3486 1595 Delie.
3526 1540 3711 1606 erud.,
3746 1554 3869 1610 pag.

2279 1639 2378 1694 511
2426 1647 2480 1694 et
2534 1652 2684 1707 seqq.
2742 1636 2935 1691 Preces
2980 1635 3045 1689 ad
3095 1633 3198 1689 hoc
3245 1633 3418 1702 ipsum
3454 1633 3681 1689 tendunt
3730 1634 3873 1703 quod

2281 1732 2590 1802 quaerimus.
2624 1730 2689 1789 Et
2717 1730 2761 1783 si
2791 1728 2993 1801 plenam
3024 1729 3219 1783 veniam
3257 1728 3441 1782 anima:
3465 1729 3626 1798 ipsius
3650 1727 3875 1783 obtinere

2284 1843 2385 1881 non
2408 1841 2694 1897 possumus,
2724 1824 2902 1877 saltem
2930 1821 3005 1876 vel
3032 1822 3165 1876 inter
3202 1822 3317 1889 ipsa
3342 1832 3595 1874 tormenta
3623 1838 3739 1888 qua:
3764 1823 3873 1890 for-

2283 1923 2417 1977 sitan
2448 1920 2660 1990 patitur,
2690 1918 3012 1989 refrigerium
3054 1918 3117 1969 de
3160 1916 3470 1970 abundantia
3491 1916 3875 1971 miserationum

2286 2022 2492 2069 tuarum
2518 2013 2701 2067 sentiat
2818 2018 2873 2063 ut
2895 2010 2937 2063 si
2962 2010 3177 2079 forsitan
3210 2026 3303 2080 pro
3330 2010 3580 2079 gravitate
3606 2011 3876 2063 criminum

2288 2124 2387 2162 non
2402 2116 2653 2161 mereatur
2667 2104 2903 2175 gloriam,
2923 2119 3013 2169 per
3030 2104 3138 2157 hac
3152 2118 3312 2157 sacra:
3327 2102 3597 2157 oblationis
3613 2102 3875 2171 libamina,

2288 2203 2366 2257 vel
2398 2200 2686 2255 tolerabilia
2715 2199 2843 2268 [iant
2868 2198 2961 2252 sibi
3004 2197 3118 2268 ipsa
3164 2205 3433 2252 tormenta.
3474 2197 3645 2267 Apud
3666 2198 3876 2252 Bollan-

2287 2294 2473 2351 dianos
2507 2301 2634 2348 tom.
2669 2290 2734 2347 Ill
2777 2291 2921 2356 Maii,
2970 2290 3037 2344 ad
3062 2289 3206 2345 diem
3237 2290 3325 2358 14,
3371 2304 3492 2360 pag.
3526 2290 3654 2356 556,
3691 2290 3749 2345 S.
3781 2290 3878 2345 Pa-

2287 2391 2535 2447 chomius
2553 2390 2621 2443 ita
2644 2387 2801 2442 aitde
2826 2386 3054 2458 quodam
3079 2385 3331 2442 damnato
3355 2383 3519 2439 :Eam
3540 2384 3603 2438 ob
3626 2401 3734 2439 rem
3755 2401 3877 2455 rogo

2287 2499 2394 2550 vos,
2443 2491 2500 2535 ut
2546 2482 2589 2535 si
2644 2480 2896 2534 cruciatus
2938 2476 3165 2549 defuncti
3196 2476 3380 2546 cupitis
3400 2478 3621 2533 reddere
3651 2476 3876 2539 leviores,

2289 2576 2399 2629 sine
2422 2571 2630 2644 psalmis
2649 2589 2761 2627 eum
2776 2570 3053 2642 sepultura:
3073 2570 3355 2625 mandetis:
3371 2577 3539 2642 posset
3564 2570 3701 2623 enim
3727 2569 3878 2635 Deus,

2290 2685 2406 2724 cum
2425 2669 2585 2722 bonus
2607 2669 2673 2723 sit
2689 2678 2735 2722 et
2758 2667 3059 2731 misericors,
3080 2666 3305 2735 requiem
3320 2664 3547 2735 aliquam
3568 2664 3733 2720 eidem
3754 2680 3879 2735 pra:-

2295 2764 2431 2819 bere.
2465 2763 2595 2818 Vide
2622 2772 2769 2816 notas
2795 2760 3279 2817 Bollandianorum.
3321 2760 3379 2816 S.
3412 2759 3649 2815 Joannes
3692 2759 3881 2815 Clima-

2291 2872 2411 2923 cus,
2436 2857 2603 2928 gradu
2635 2857 2667 2912 5
2707 2856 2876 2912 Scalm
2909 2854 3162 2925 paradisi,
3210 2853 3416 2911 similes
3440 2866 3637 2923 preces
3659 2866 3729 2909 ex
3755 2867 3883 2922 quo-

2291 2948 2540 3005 rumdam
2579 2964 2672 3003 ore
2711 2948 2936 3019 exponit
2984 2947 3124 3007 :Alii
3167 2946 3321 3000 simul
3367 2947 3538 3001 oneris
3564 2946 3883 3001 conscientia:

2294 3040 2539 3113 gravitate
2576 3039 2825 3111 depressi,
2872 3048 2922 3093 et
2957 3038 3213 3107 supplicia
3237 3046 3431 3093 interna
3461 3037 3880 3107 deprecabantur,

2295 3141 2342 3186 et
2371 3132 2609 3203 indignos
2655 3142 2824 3185 tamen
2870 3146 2923 3185 se
2971 3130 3097 3185 caelo
3146 3132 3340 3184 sincere
3385 3131 3794 3199 proclamabam,
3841 3140 3885 3182 et

2294 3225 2571 3278 dummodo
2604 3224 2719 3291 hoc,
2743 3224 2998 3293 inquiunt,
3045 3224 3158 3292 ﬁat,
3192 3222 3369 3295 sufﬁcit
3399 3222 3568 3276 nobis.
3625 3222 3750 3277 Vidi
3784 3223 3888 3276 illic

2296 3317 2493 3371 animas
2522 3315 2759 3383 humiles,
2802 3325 2849 3370 et
2882 3315 3049 3370 oneris
3087 3315 3312 3385 pondere
3340 3313 3632 3382 depressas,
3680 3328 3885 3384 qua...

599 3404 835 3459 cltumeni
873 3419 989 3458 vero
1020 3417 1183 3472 neque
1222 3402 1322 3455 hac
1348 3402 1629 3474 dignantur
1672 3403 2039 3469 consolatione,
2086 3419 2184 3455 uno

2295 3408 2591 3463 dictitabant
2707 3408 2849 3462 Satis
2875 3408 3011 3461 enim
3040 3407 3185 3462 nobis
3207 3416 3278 3462 est
3332 3407 3377 3462 si
3408 3423 3439 3461 a
3469 3407 3774 3478 gravissima
3800 3416 3891 3461 tua

600 3495 821 3563 quodam
846 3502 1075 3563 excepto.
1108 3492 1273 3559 Quale
1303 3509 1422 3549 vero
1451 3494 1584 3548 hoc?
1613 3494 1728 3563 licet
1749 3493 2061 3564 pauperibus
2088 3492 2189 3545 ali-

600 3589 723 3659 quid
745 3606 837 3661 pro
859 3589 983 3661 ipsis
1008 3589 1154 3657 dare,
1188 3598 1341 3658 atque
1371 3588 1488 3642 hinc
1510 3587 1706 3657 aliquid
1735 3588 2021 3659 percipiunt
2042 3588 2190 3658 refri-

601 3683 899 3753 gerationis.
948 3681 1177 3738 Omissis
1220 3680 1428 3737 Joanne
1472 3679 1828 3743 Damasceno,
1879 3679 1992 3734 sive
2039 3693 2190 3745 vero,

601 3772 717 3833 sive
745 3773 853 3828 alio
876 3773 974 3827 sub
998 3772 1116 3841 ejus
1144 3772 1382 3835 nomine,
1432 3770 1490 3826 S.
1524 3771 1745 3824 Paulino
1772 3769 1999 3837 Nolano,
2043 3771 2194 3838 cujus

603 3878 789 3934 preces
816 3863 883 3918 ad
904 3863 1143 3920 Nicetam
1175 3876 1417 3930 promam
1446 3876 1597 3915 num.
1632 3861 1737 3916 185
1767 3862 1820 3915 in
1846 3871 1993 3929 nota,
2027 3870 2080 3916 et
2106 3862 2194 3914 ln-

604 3955 853 4012 nocentio
877 3954 965 4021 lll,
1011 3969 1041 4009 a
1068 3968 1295 4025 quorum
1334 3952 1653 4009 auctoritate
1693 3967 1799 4008 non
1839 3954 1972 4009 satis
2012 3969 2073 4010 se
2103 3969 2198 4009 ex-

607 4049 762 4105 tricat
784 4048 1160 4116 Bcllarminus,
1196 4048 1421 4105 clariora
1448 4056 1575 4102 sunt
1622 4049 1948 4119 propiusque
1976 4048 2041 4103 ad
2067 4049 2197 4104 Pru-

605 4143 845 4200 dentium
876 4142 1157 4209 accedunt,
1188 4156 1307 4213 quae
1326 4157 1396 4196 ex
1426 4140 1620 4201 Missali
1650 4141 1986 4201 Mozarabico
2009 4142 2141 4197 feria
2161 4141 2196 4197 ι

606 4246 726 4306 post
771 4234 975 4292 Pascha
1018 4233 1318 4291 describam
1366 4250 1381 4288 :
1420 4231 1670 4288 Viderunt
1722 4242 1770 4287 te
1815 4232 1989 4302 inferi,
2036 4233 2196 4300 Deus,

605 4331 839 4384 viderunt
884 4338 931 4383 et
981 4336 1291 4383 tremuerunt
1320 4344 1351 4380 a
1386 4342 1501 4381 voce
1551 4327 1771 4380 tonitrui
1810 4326 1905 4395 tui,
1954 4326 2198 4392 dicentes,

605 4422 855 4492 Absorpta
884 4432 955 4475 est
994 4437 1131 4475 mors
1162 4421 1215 4474 in
1234 4420 1468 4476 victoria.
1526 4419 1624 4474 Ubi
1658 4429 1752 4485 est,
1797 4436 1954 4486 mors,
1994 4420 2204 4473 victoria

608 4522 733 4576 tua?
762 4520 847 4573 ubi
878 4529 969 4581 est,
1004 4534 1161 4585 mors,
1214 4519 1421 4572 aculeus
1446 4520 1605 4571 tuus?
1649 4516 1868 4586 Propter
1894 4518 2030 4586 quod
2071 4525 2205 4569 atto-

609 4613 717 4666 nita
754 4611 1025 4681 paululum
1070 4618 1252 4663 stetere
1293 4609 1547 4679 supplicia
1590 4608 1912 4661 miserorum.
1962 4607 2070 4661 Nec
2111 4608 2203 4660 Ita-

611 4705 758 4759 beant
776 4711 1042 4756 cruentum
1055 4710 1305 4754 tormenta
1325 4701 1396 4754 sic
1410 4699 1586 4754 vicisse
1603 4700 1859 4754 cernentia
1878 4700 2200 4768 cruci/imum:

610 4807 656 4861 et
675 4797 907 4869 judicent
930 4813 1082 4851 suum
1102 4797 1218 4865 ipsa
1244 4797 1398 4849 etiam
1427 4809 1572 4863 paena
1592 4794 1912 4847 contremuit.

682 4888 805 4945 185.
838 4882 1018 4944 Six'tus
1038 4887 1316 4954 Senensis,
1347 4886 1479 4940 Bibl.
1513 4894 1711 4941 sanctae
1738 4884 1830 4940 lib.
1855 4902 1929 4953 vr,
1960 4900 2080 4956 cap.
2104 4886 2194 4952 47,

610 4983 815 5055 profert
831 4982 1125 5038 sententias
1143 4980 1512 5051 theologorum
1536 4979 1868 5050 Praepositivi
1886 4979 2199 5037 Leodicnsis

609 5078 867 5134 Ecclesiae
894 5076 1213 5148 presbyteri,
1243 5075 1491 5140 Gilberti,
1514 5074 1808 5140 Gnilielmi,
1838 5074 2084 5144 Ruperti,
2107 5074 2199 5145 qui

608 5187 674 5227 ex
704 5170 885 5227 verbis
923 5170 982 5225 S.
1007 5168 1231 5225 Joannis
1270 5167 1637 5240 Chrysostomi
1680 5167 1925 5238 allegatis
1971 5168 2200 5238 aliisque

609 5262 663 5319 in
694 5261 878 5317 Matth.
922 5261 1070 5317 hom.
1103 5259 1173 5316 '55
1209 5258 1432 5315 Joannis
1475 5258 1603 5313 item
1646 5257 1986 5326 Damasceni,
2039 5260 2197 5331 158

575 5426 597 5460 θ
679 5469 755 5537 (α)
782 5468 962 5539 Nonne
1008 5466 1149 5522 aliud
1177 5468 1357 5539 dim!"-
1402 5466 1456 5539 δέ
1492 5469 1817 5539 “susum”
1864 5467 1957 5522 ιω·
1995 5482 2086 5521 xm
2118 5469 2186 5525 de

610 5538 769 5593 Civil.
786 5537 901 5604 Dei,
930 5555 1047 5609 cap.
1072 5540 1139 5593 ει
1162 5555 1175 5590 :
1204 5537 1308 5593 Sed
1337 5537 1518 5607 quibus
1541 5540 1701 5606 placet
1721 5538 1870 5609 istam
1891 5541 2191 5605 sententiam

610 5626 767 5678 usque
807 5614 873 5680 ad
912 5608 1011 5663 illa
1040 5611 1311 5680 impiorum
1356 5618 1603 5680 tormenta
1643 5608 1963 5680 protendere,
2012 5612 2190 5665 saltem

611 5676 691 5734 sic
706 5678 1012 5749 intelligant,
1043 5690 1096 5734 ut
1113 5676 1358 5735 manente
1381 5680 1431 5732 in
1462 5679 1535 5732 eis
1556 5682 1631 5731 ira
1645 5676 1765 5744 Dei,
1786 5694 1898 5749 qua:
1925 5678 1977 5731 in
2003 5691 2188 5737 a’terno

610 5761 685 5828 est
716 5746 1055 5828 praenuntiata
1083 5753 1356 5823 supplicio,
1405 5767 1523 5828 n_on_
1546 5749 1797 5804 contineat
1823 5746 1961 5802 Deus
2010 5755 2061 5807 in
2091 5755 2189 5809 hac

610 5820 693 5876 t'ra
713 5837 809 5873 sua
833 5820 1335 5889 miserationes'suas,
1360 5833 1404 5879 et
1424 5822 1576 5892 faciat
1600 5838 1681 5875 eos
1708 5836 1811 5875 non
1826 5828 1969 5876 tanta
1987 5837 2181 5891 quanta

2295 3502 2683 3556 comminatione
2726 3509 2769 3553 et
2794 3499 3233 3569 inexplicabilibus
3254 3508 3303 3554 et
3323 3499 3603 3557 reconditis
3623 3498 3889 3571 suppliciis

2295 3592 2585 3647 liberemur.
2623 3590 2691 3648 Ut
2716 3592 2849 3645 enim
2880 3592 3044 3646 omnis
3072 3607 3283 3662 prorsus
3312 3608 3457 3665 paena
3490 3592 3637 3646 nobis
3664 3593 3890 3647 remitta-

2297 3693 2400 3749 tur,
2429 3686 2673 3757 veniaque
2698 3685 2935 3752 donetur,
2972 3695 3141 3754 pctere
3168 3701 3268 3739 non
3295 3685 3560 3741 audemus.
3592 3686 3743 3752 Quod
3772 3684 3890 3741 fore

2298 3782 2439 3830 tasse
2485 3777 2653 3845 magis
2683 3776 2911 3847 pertinet
2938 3780 3003 3831 ad
3044 3777 3351 3832 orationem
3383 3776 3648 3839 Prudentii
3687 3778 3741 3829 in
3770 3775 3888 3831 ﬁne

2301 3866 2731 3937 llamartigeniaa,
2762 3867 2829 3922 de
2858 3882 2961 3939 qua
2987 3882 3102 3937 cap.
3138 3870 3225 3935 17,
3253 3884 3377 3923 nam
3405 3876 3620 3936 utraque
3643 3866 3764 3921 haec
3793 3882 3893 3924 res

2300 3957 2646 4013 similitudine
2689 3960 2862 4030 aliqua
2893 3960 3219 4027 continetur,
3265 3970 3320 4015 et
3356 3961 3490 4015 inter
3518 3974 3577 4014 se
3602 3962 3891 4015 connecti-

2305 4058 2411 4106 tur.
2442 4050 2558 4107 Non
2585 4052 2825 4107 omittam
2876 4052 3130 4123 hymnum
3160 4052 3300 4106 hunc
3322 4051 3595 4107 Prudentii
3626 4052 3681 4107 in
3710 4052 3892 4109 multis

2301 4144 2547 4201 ecclesiis
2577 4145 2642 4199 ad
2663 4159 2946 4200 accensum
2976 4146 3116 4201 cerei
3145 4146 3409 4217 paschalis
3434 4144 3601 4200 fuisse
3633 4145 3889 4201 decanta-

2302 4247 2415 4294 tum
2460 4258 2472 4292 :
2518 4240 2572 4294 in
2613 4239 2807 4304 quibus
2859 4251 3143 4311 propterea
3189 4256 3251 4297 ea
3290 4241 3556 4296 sententia
3601 4255 3709 4295 non
3756 4240 3894 4296 male

2303 4336 2574 4391 audiebat.
2604 4334 2733 4401 Quae
2758 4334 2995 4389 rationes
3026 4334 3333 4405 Dionysium
3361 4332 3642 4388 Petavium
3668 4334 3895 4390 fortasse

2306 4427 2655 4495 impulerunt,
2706 4435 2784 4491 ut,
2833 4441 2952 4481 cum
2991 4426 3262 4481 Prndcntii
3297 4439 3485 4479 versus
3516 4426 3897 4495 exscripsisset

2310 4528 2440 4575 tom.
2477 4520 2561 4586 ill,
2580 4520 2673 4575 lib.
2707 4535 2763 4573 ut
2788 4519 2855 4574 de
2885 4519 3122 4588 Angelis,
3147 4533 3264 4587 cap.
3291 4520 3344 4585 7,
3368 4518 3635 4573 addiderit
3661 4517 3775 4572 :De
3800 4518 3897 4570 hac

2305 4614 2664 4666 damnatorum
2691 4610 2873 4666 saltem
2895 4610 3157 4664 hominum
3197 4610 3533 4681 respiratione
3572 4610 3704 4663 nihil
3723 4610 3897 4662 adhuc

2306 4706 2430 4760 certi
2456 4704 2711 4760 decretum
2749 4716 2823 4759 est
2868 4704 2929 4757 ab
2959 4703 3188 4757 Ecclesia
3216 4702 3466 4756 catholica
3499 4717 3517 4757 :
3545 4712 3599 4755 ut
3625 4710 3897 4773 propterea

2223 4810 2280 4870 D
2306 4816 2404 4853 non
2440 4788 2643 4861 temere,
2672 4807 2909 4867 tanquam
2938 4797 3187 4863 absurda,
3228 4799 3291 4851 sit
3320 4797 3640 4867 explodenda
3680 4797 3898 4852 sanctis-

2301 4894 2547 4949 simorum
2588 4893 2808 4948 Patrum
2850 4892 2959 4948 Iuec
3008 4892 3180 4963 opinio
3225 4908 3243 4944 :
3280 4891 3513 4961 quamvis
3560 4906 3593 4942 α
3638 4890 3895 4943 communi

2300 5003 2452 5042 sensu
2472 4986 2842 5041 catholicorum
2871 4986 2964 5038 hoc
2994 4994 3217 5053 tempore
3249 4984 3311 5037 sit
3335 4983 3524 5037 aliena.
3571 4980 3699 5036 Scio
3753 4979 3893 5034 libe-

2301 5094 2416 5134 ram
2474 5078 2614 5132 hanc
2658 5077 2857 5132 Petavii
2905 5077 3226 5132 sententiam
3258 5092 3287 5129 a
3337 5072 3522 5130 multis
3573 5071 3811 5137 defendi,
3860 5084 3897 5124 a

2301 5171 2480 5227 multis
2507 5171 2829 5241 impugnari.
2879 5170 2985 5226 Sed
3021 5185 3237 5235 censeo,
3274 5168 3465 5223 melius
3494 5182 3525 5221 a
3556 5165 3777 5222 Patavio
3808 5164 3897 5218 in-

2304 5263 2471 5336 telligi
2501 5263 2852 5321 Prudentium
2880 5277 3040 5334 quam
3069 5261 3137 5316 ab
3176 5260 3242 5316 iis
3272 5260 3363 5331 qui
3386 5259 3526 5314 hunc
3549 5274 3654 5313 non
3678 5257 3901 5327 dogma-

2297 5473 2441 5546 digni
2461 5484 2578 5531 sunt
2608 5492 2874 5543 pinnarum
2900 5478 3169 5531 atrocitate
3187 5474 3431 5546 cruciari,
3459 5489 3574 5546 non
3591 5482 3647 5525 ut
3676 5488 3763 5525 eas
3790 5485 3896 5546 pa-

2296 5544 2390 5598 rtas
2419 5547 2493 5619 vel
2518 5562 2775 5619 nunquam
2807 5547 3042 5614 subeant,
3067 5549 3145 5602 vel
3173 5544 3695 5619 aliquandogﬁniant,
3723 5544 3813 5594 sed
3838 5551 3896 5593 ιιι

2296 5632 2379 5673 eas
2404 5616 2811 5689 mitiores'quam
2839 5621 3019 5673 merita
3047 5628 3163 5673 sunt
3203 5633 3402 5683 eorum,
3453 5616 3763 5689 levioresque
3797 5628 3898 5682 pa-

2296 5690 2510 5743 tiantur.
2536 5690 2624 5745 Sic
2650 5685 2784 5744 cnim
2815 5700 2861 5744 et
2891 5692 2969 5743 ira
2990 5690 3083 5743 Dei
3114 5689 3365 5756 manebit,
3385 5696 3432 5741 et
3460 5688 3511 5741 in
3542 5688 3656 5740 ipsa
3688 5685 3769 5737 ira
3796 5699 3899 5736 sua

2294 5761 2636 5817 miserationes
2658 5779 2778 5816 suas
2807 5777 2904 5815 non
2923 5762 3215 5815 continebit.
