4142 6350
255 326 357 396 700

1629 324 2161 389 PROLEGOMENA.

3435 328 3537 387 710

253 452 367 514 tice,
414 450 502 503 sed
545 447 729 515 poetice
759 448 995 503 locutum
1028 454 1395 517 propugnant;
1446 456 1606 515 quam
1636 443 1829 499 distin-
1862 444 1919 506 Α
1943 438 2159 493 Litteris
2189 446 2428 495 extrema
2472 437 2562 495 illa
2591 439 2871 497 tremenda
2902 439 3018 498 dies
3048 454 3243 513 magno
3272 453 3536 513 apparatu

254 542 489 603 ctionem
519 542 707 597 vellem
735 540 805 601 ab
834 541 963 611 ipsis
997 539 1272 610 explicari.
1296 536 1627 596 Nonnullam
1663 536 1837 606 expli-

254 636 521 697 cationem
552 635 769 693 invenio
800 636 851 691 in
877 634 1053 691 indice
1080 634 1339 692 librorum
1366 631 1835 704 cxpurgsndorum

254 743 286 791 a
313 728 373 787 P.
400 725 485 785 Jo.
515 727 680 785 Maria
724 726 1159 787 Brussichellensi
1204 741 1344 783 sacr.
1380 726 1487 795 pal.
1521 733 1690 795 apost.
1729 738 1842 778 ma-

253 822 424 891 gistro
450 819 719 884 conlecto,
768 819 855 877 ubi
898 834 1015 889 pag.
1050 818 1178 883 257,
1237 818 1395 890 159
1437 832 1503 874 ex
1553 826 1698 873 tomo
1728 814 1841 871 Vlll

256 911 601 975 Bibliotheca
646 911 862 973 Patrum
901 911 1193 981 Margarini
1238 910 1354 967 haec
1395 917 1760 979 expurgantur
1786 907 1840 963 in

253 1004 477 1065 Aurelio
527 1002 820 1065 Prudentia
865 1020 878 1058 :
921 1002 1002 1061 Ad
1047 1002 1197 1059 verba
1236 1001 1331 1061 illa
1366 1010 1559 1068 textus,
1606 1015 1739 1057 sum
1773 1014 1840 1056 ιτ

216 1092 220 1171 ξ
255 1109 539 1157 summatis
567 1109 772 1163 appone
798 1093 869 1149 ad
906 1092 1210 1163 marginem,
1258 1108 1435 1149 curre
1464 1108 1598 1153 non
1625 1106 1743 1147 nam
1780 1100 1844 1146 ea:

256 1185 463 1255 placitis
490 1184 754 1256 theoloyia:
786 1183 986 1239 nullum
1011 1198 1124 1241 uere
1164 1184 1486 1254 refrigerium
1517 1200 1741 1254 unquam
1770 1190 1845 1239 est

256 1280 525 1337 animabus
555 1281 912 1337 damnatorum
938 1278 993 1332 in
1022 1278 1245 1348 inferno.
1293 1276 1493 1333 Forsan
1532 1276 1843 1333 Prudentius

257 1374 455 1443 poetico
478 1388 612 1426 more
640 1371 818 1435 lusisse
846 1378 1047 1433 tantum
1074 1371 1254 1437 voluit,
1288 1369 1357 1423 ad
1396 1369 1728 1425 indtcandam
1754 1369 1844 1425 lte-

258 1464 425 1519 titiam
466 1463 567 1518 diei
607 1461 992 1521 resurrectionis
1038 1460 1268 1521 Domini.
1311 1460 1482 1527 Quam
1526 1460 1845 1529 interpreta-

261 1558 457 1619 tionem
486 1556 576 1611 alii
610 1562 877 1621 tucantur,
931 1568 1024 1622 per
1052 1567 1139 1609 me
1169 1552 1330 1615 licet;
1381 1566 1481 1627 ego
1513 1552 1689 1621 potius
1720 1564 1843 1613 cre-

258 1647 383 1705 dam
410 1649 757 1713 Prudentium
799 1662 919 1702 cum
949 1646 1070 1705 aliis
1097 1659 1326 1709 errasse,
1373 1644 1419 1705 si
1460 1654 1639 1699 tamen
1695 1651 1845 1707 certo

258 1741 522 1798 altirmari
553 1750 727 1811 potest
755 1740 899 1801 illam
950 1736 1261 1807 opinionem
1303 1734 1662 1805 quorumdam
1691 1743 1842 1791 vete-

258 1847 381 1889 rum
411 1847 653 1895 errorem
680 1846 799 1895 esse
824 1830 923 1900 (is).

852 1941 1080 1999 CAPUT
1121 1941 1262 1996 XIX.

270 2038 380 2095 Cur
404 2037 719 2093 Prudentius
750 2039 802 2091 in
824 2037 1036 2092 extremi
1051 2037 1240 2107 judicii
1268 2037 1350 2090 die
1378 2036 1447 2090 ad
1472 2038 1732 2092 dexterum
1751 2037 1847 2092 Ju-

611 2110 738 2180 dicis
768 2109 901 2163 latus
932 2108 1200 2176 transferri
1230 2109 1487 2163 oraverit?

342 2220 463 2275 i85.
494 2218 630 2273 illud
661 2218 825 2273 etiam
854 2215 1361 2286 reprehensionibus
1385 2218 1737 2287 quorumdam
1766 2226 1851 2273 est

265 2310 581 2375 obnoxium,
617 2309 759 2379 quod
790 2309 1107 2364 Prudentius
1137 2308 1395 2379 hymnum
1424 2308 1483 2364 8.
1511 2308 1738 2364 Romani
1767 2310 1850 2364 his

264 2403 513 2460 versibus
540 2402 865 2458 concluserit
890 2420 903 2455 :
937 2401 1155 2472 Vellem,
1187 2403 1392 2458 sinister
1421 2403 1554 2456 inter
1583 2404 1849 2457 medorum

265 2512 439 2568 greges
470 2494 538 2549 Ut
558 2512 675 2549 sum
698 2496 923 2563 laturus,
954 2495 1148 2548 eminus
1178 2494 1504 2565 dignoscerer
1525 2509 1545 2548 .'
1567 2493 1729 2562 Atque
1755 2496 1849 2549 hoc

264 2598 523 2660 precante,
557 2587 749 2642 diceret
768 2602 858 2641 res
888 2588 1108 2658 optimus
1134 2604 1153 2643 :
1178 2587 1442 2641 Montanus
1462 2598 1606 2652 erat;
1630 2592 1852 2659 transfer

264 2680 405 2741 hunc
428 2681 636 2737 hsedunt
662 2680 809 2746 mihi,
857 2680 921 2734 sit
945 2680 1117 2734 dexter
1144 2696 1327 2751 agnus,
1373 2680 1620 2734 induatur
1642 2680 1844 2735 vellere.

266 2774 337 2831 Et
366 2775 418 2830 in
451 2775 558 2829 line
584 2774 855 2828 Passionis
885 2771 942 2827 8.
977 2771 1260 2827 Fructuosi
1286 2782 1339 2827 et
1368 2787 1481 2828 soc.
1518 2789 1531 2825 :
1559 2772 1697 2827 Olim
1726 2781 1851 2827 tem-

268 2882 368 2932 pus
396 2867 511 2931 erit,
543 2874 717 2919 ruente
746 2864 958 2930 mundo,
984 2864 1112 2917 Cum
1139 2874 1206 2928 te,
1240 2863 1484 2929 Tarraco,
1531 2862 1851 2921 Fructuosus

267 2958 377 3012 acri
396 2957 570 3013 Solvet
600 2958 853 3025 supplicio
879 2966 1053 3028 tegens
1076 2959 1139 3011 ab
1161 2959 1288 3027 igni.
1324 2956 1459 3012 Fors
1490 2958 1784 3029 dignabitur
1806 2970 1850 3014 et

268 3052 396 3106 sucis
443 3050 689 3105 medelam
741 3049 1027 3104 Tormentis
1080 3052 1204 3105 dare
1250 3060 1582 3121 prosperante
1624 3052 1847 3121 Christo,

274 3143 463 3200 Dulces
492 3144 648 3215 160
676 3142 1125 3216 hendecasyllabos
1153 3144 1427 3201 revolvens.
1450 3144 1583 3201 Cum
1606 3146 1659 3202 in
1682 3148 1851 3203 sacris

344 3423 426 3495 (a)
457 3421 725 3495 Laudatus
752 3421 919 3495 indos
954 3421 1087 3476 liber
1114 3434 1238 3475 raro
1262 3419 1452 3495 obvius
1479 3420 1737 3495 creditur.
1762 3421 1850 3475 Ti-

274 3492 423 3549 tulus
464 3503 548 3549 eSt
583 3511 595 3548 :
626 3493 822 3549 indicis
864 3492 1109 3549 librorum
1138 3494 1611 3562 expurgandomm,
1664 3493 1718 3546 in
1748 3501 1857 3546 stu-

274 3566 540 3619 diosorum
563 3566 782 3634 gratiam
804 3564 1034 3687 conlecti,
1067 3572 1229 3616 tomus
1258 3563 1472 3629 primus,
1506 3563 1557 3617 in
1582 3580 1683 3631 quo
1708 3564 1856 3634 quin-

276 3636 522 3687 auaainta
552 3644 816 3687 auctorum
855 3635 890 3687 li
925 3635 969 3686 ri
1006 3650 1111 3687 prce
1156 3635 1348 3687 cazleris
1388 3634 1659 3687 desiderati
1685 3650 1854 3687 emen-

276 3636 527 3706 quaginta
552 3644 816 3688 auctorum
855 3634 969 3687 libri
1006 3650 1111 3704 pra:
1156 3635 1348 3688 cazteris
1388 3634 1659 3706 desiderati
1685 3650 1854 3687 emen-

276 3705 483 3760 dantur.
507 3705 681 3760 Romw
701 3723 762 3759 ea:
784 3714 890 3775 typ.
910 3721 1012 3758 rev.
1037 3722 1171 3759 cam.
1194 3714 1360 3774 apost.
1390 3705 1546 3775 1607.
1572 3706 1859 3773 Exemplar

280 3791 448 3847 penes
477 3778 547 3832 cl.
581 3774 1145 3847 praesulciniicggium
1180 3784 1358 3831 notam
1401 3774 1564 3831 habet
1588 3777 1641 3833 in
1673 3775 1858 3847 limine

278 3846 442 3907 manu
491 3848 777 3915 ascriplam
823 3864 834 3899 :
867 3846 933 3900 lit
964 3856 1261 3905 cwterorum
1306 3847 1532 3901 indicum
1563 3846 1861 3917 hujusmodi

281 3921 463 3973 seriem
490 3934 551 3971 ac
574 3928 872 3971 consuetum
911 3919 1098 3986 stylunt
1144 3933 1483 3987 sequeremur,
1514 3916 1745 3987 qua’dam
1769 3934 1859 3971 ex-

283 4006 513 4061 pungere
537 3990 698 4042 coacti
723 4005 914 4061 sumus,
963 4005 1075 4057 qua:
1101 3989 1222 4061 licet
1254 3988 1451 4041 erudite
1487 3988 1857 4061 animadversa,

280 4058 352 4114 ad
382 4058 670 4114 institutum
697 4069 863 4113 tamen
891 4058 1045 4129 hujus
1092 4059 1205 4112 libri
1234 4060 1537 4129 opponenda
1564 4075 1665 4112 non
1695 4069 1858 4124 erant,

283 4148 401 4185 cum
431 4139 508 4183 sat
550 4132 612 4186 sit
663 4131 785 4199 quid
836 4128 1107 4201 delendum
1155 4138 1203 4201 et
1240 4128 1365 4201 quid
1410 4140 1554 4185 caute
1594 4129 1861 4201 legendum

283 4202 708 4255 animadvertere.
745 4200 944 4253 Placuit
976 4200 1306 4253 nihilominus
1352 4200 1499 4251 initio
1527 4200 1863 4268 quorumdam

285 4273 531 4326 librorum
556 4272 787 4341 quwdam
816 4274 879 4323 de
905 4287 1078 4324 eorum
1108 4270 1398 4323 auctoribus
1424 4271 1655 4338 (breviter
1675 4273 1862 4341 tamen)

285 4340 636 4413 attingere,ut
660 4342 857 4407 lectori,
884 4342 1047 4410 qualis
1069 4342 1132 4413 sit
1155 4350 1352 4405 auctor,
1382 4358 1447 4394 an
1488 4341 1766 4395 catholicus
1787 4340 1863 4395 vel

288 4412 573 4476 hrercticus,
604 4419 749 4483 cujus
780 4414 995 4482 denique
1033 4412 1437 4475 existimationis,
1476 4413 1628 4481 facile
1668 4415 1865 4466 innote-

289 4485 500 4540 scat.Ex
533 4499 636 4551 quo
666 4500 846 4553 arguo,
876 4500 982 4539 non
1014 4484 1189 4536 omnia
1222 4499 1337 4553 qua:
1366 4483 1599 4537 Thomas
1630 4483 1867 4536 Malueri-

288 4555 380 4619 da,
415 4554 903 4621 splendidissimum
941 4554 1206 4622 Hispania:
1233 4565 1285 4609 et
1314 4554 1525 4608 familiae
1555 4553 1868 4623 praedicato-

292 4643 411 4681 rum
438 4627 621 4692 decus,
670 4626 720 4679 in
754 4626 1075 4679 Bibliotheca
1124 4625 1337 4678 Patrum
1367 4624 1764 4692 animadvertit,
1813 4624 1866 4679 in

292 4697 523 4751 indicem
558 4697 717 4751 fuisse
747 4697 1018 4764 conjecta;
1051 4695 1116 4748 dc
1147 4712 1250 4763 quo
1282 4695 1394 4748 hinc
1424 4694 1535 4748 Nic.
1564 4695 1824 4750 Antonius
1851 4714 1863 4747 :

293 4766 553 4836 Cujusntct
596 4768 716 4819 anni
746 4784 955 4833 pensum
985 4767 1216 4818 bimestre
1255 4769 1351 4834 fuit
1374 4765 1700 4819 Biblimhecw
1734 4776 1865 4819 vete-

294 4854 410 4891 rum
440 4837 654 4889 Patrum
681 4839 1025 4890 commendata
1054 4839 1098 4889 ei
1126 4852 1211 4905 per
1248 4837 1451 4901 indicis,
1487 4847 1537 4890 ut
1564 4847 1761 4901 vocant,
1790 4854 1867 4890 sa-

295 4926 410 4962 eros
442 4920 746 4979 purpuratos
778 4907 955 4961 Patres
989 4908 1265 4977 recognitio
1296 4926 1307 4959 :
1350 4911 1486 4960 unde
1520 4926 1619 4974 qua
1652 4910 1869 4975 scripto-

1942 530 2298 599 describatur,
2346 532 2800 601 Christianorum,
2848 535 3081 591 maxime
3116 543 3377 600 veterum,
3408 543 3533 590 vota

1941 638 2007 683 eo
2037 623 2353 695 respiciunt,
2379 635 2438 682 ut
2462 642 2569 696 quo
2598 636 2839 697 tempore
2864 630 3145 685 universus
3163 630 3311 686 orbis
3330 628 3536 699 judica-

1942 714 2112 780 bitur,
2162 717 2294 773 iram
2323 720 2561 787 supremi
2584 719 2781 790 judieis
2804 735 2835 775 a
2859 734 2981 777 sese
3006 720 3392 791 deprecentur;
3423 737 3530 777 non

1943 807 2085 879 quod
2120 817 2388 877 putarent,
2420 812 2685 869 incertum
2718 828 2840 870 esse
2874 825 2998 871 ante
3021 830 3141 871 eam
3170 817 3336 883 diem,
3370 830 3532 887 quam

1942 908 2145 959 sortem
2190 901 2385 972 singuli
2436 901 2685 959 homines
2728 916 2913 962 essent
2956 907 3221 976 subituri,
3272 908 3367 963 sed
3413 908 3536 979 quia

1945 998 2073 1048 tunc
2097 1004 2282 1047 eorum
2306 992 2556 1049 omnibus
2580 996 2845 1051 sententia
2872 1004 2955 1051 est
2986 997 3307 1067 proferenda
3344 998 3444 1070 (b).
3474 997 3534 1055 S.

1944 1082 2198 1141 Paulinus
2219 1083 2395 1141 Natali
2425 1085 2567 1143 idem
2591 1088 2749 1158 plane
2776 1088 3082 1145 conﬁrmat.

2439 1219 2645 1287 Cum_tu,
2655 1234 2851 1287 quoque
2874 1235 3049 1287 magna
3062 1224 3264 1287 piorum

2008 1282 2195 1347 Portio,
2227 1290 2519 1344 regnantem
2544 1282 2681 1333 Felix
2708 1282 3023 1334 comitsbeiis
3044 1282 3257 1345 A‘gnum,

2008 1344 2189 1409 Posce,
2207 1347 2367 1409 ovium
2388 1358 2547 1409 grege
2572 1359 2659 1403 nos
2673 1348 2836 1409 Statui,
2865 1354 2918 1409 ut
2939 1344 3187 1397 sententia
3207 1344 3383 1397 summi

2008 1405 2191 1470 iudicis
2212 1405 2306 1457 hoc
2329 1405 2525 1470 quoque
2549 1420 2637 1457 nos
2661 1405 2836 1457 iteruni
2862 1408 2948 1457 tibi
2976 1422 3182 1458 munere
3214 1410 3385 1469 donet,

2011 1467 2086 1518 Ne
2107 1470 2236 1518 male
2259 1467 2461 1530 grsiatis
2484 1468 2631 1517 [uaros
2648 1470 2894 1527 adjudicet
2915 1470 3085 1527 turdis,

2010 1530 2111 1583 Sed
2130 1533 2289 1637 pgtius
2312 1533 2488 1603 dextra
2511 1532 2691 1593 positos
2709 1535 2756 1580 in
2779 1538 2917 1593 parte
2936 1530 3109 1602 salutis

2010 1590 2160 1637 hinni!
2179 1604 2237 1637 co
2261 1605 2444 1637 necon-
2486 1590 2694 1637 laudatis
2714 1598 2957 1637 aaureaet
2975 1605 3109 1637 aenis

2010 1590 2237 1641 Munitlco
2261 1593 2445 1655 pecori,
2486 1590 2694 1641 laudatis
2714 1590 2957 1655 aggregct
2975 1596 3117 1656 agnis
3140 1591 3229 1655 (c).

1950 1694 2077 1752 Haec
2106 1704 2221 1751 erat
2250 1696 2351 1753 SS.
2382 1696 2603 1751 Patrum
2654 1696 2949 1764 sententia,
2993 1696 3160 1754 Deum
3209 1696 3263 1757 in
3294 1706 3536 1755 extremo

1949 1786 2153 1863 judicio
2199 1788 2270 1847 ob
2300 1787 2489 1843 merita
2525 1797 2580 1847 et
2620 1802 2808 1860 preces
2831 1797 3140 1845 sanctorum
3167 1788 3232 1844 ad
3264 1788 3540 1849 dexterum

1956 1878 2097 1935 latus
2124 1880 2305 1953 plures
2338 1896 2458 1945 esse
2476 1892 2821 1945 vocaturum;
2854 1898 2959 1953 quo
2992 1883 3243 1955 innunnt,
3274 1882 3541 1950 homines,

1955 1973 2081 2029 dum
2142 1976 2352 2043 vivunt,
2409 1977 2609 2033 sanctis
2658 1977 3109 2053 deprecantibus,
3160 1976 3441 2045 obtinere,
3488 1984 3545 2035 ut

1877 2042 1926 2104 Β
1958 2064 2099 2123 bona
2146 2081 2311 2139 opera
2355 2063 2634 2141 eiﬁciant,
2690 2042 2745 2125 ei
2796 2070 3023 2126 salutem
3073 2042 3331 2127 aeternam
3376 2042 3545 2140 adipi-

1954 2168 2196 2217 seantur.

2030 2256 2155 2321 186.
2190 2254 2249 2313 8.
2280 2255 2575 2331 Cyprianus
2620 2257 2692 2314 ita
2722 2264 2804 2315 est
2830 2255 3178 2331 experiendus
3219 2254 3312 2315 lib.
3341 2256 3412 2313 de
3437 2255 3542 2315 La-

1957 2348 2067 2423 psis
2092 2364 2107 2402 :
2130 2345 2396 2405 Credimus
2419 2350 2623 2419 quidem
2675 2366 2823 2419 posse
2848 2349 2989 2418 apud
3012 2330 3246 2405 Judicem
3263 2349 3543 2421 plurimum

1957 2450 2238 2512 martyrum
2271 2444 2471 2511 merita,
2503 2452 2550 2498 et
2578 2460 2734 2517 opera
2764 2445 3050 2513 justorunt,
3098 2443 3187 2505 sed
3212 2458 3327 2499 cum
3352 2442 3547 2514 judicii

1955 2538 2065 2599 dies
2090 2540 2299 2607 venerit,
2324 2555 2440 2595 cum
2465 2550 2578 2611 post
2612 2555 2848 2597 occasum
2878 2539 3052 2593 seaculi
3096 2536 3252 2608 hujus
3288 2545 3335 2591 et
3368 2535 3548 2597 mundi

1956 2640 2075 2686 ante
2101 2630 2331 2689 tribunal
2361 2631 2548 2691 Christi
2577 2630 2800 2703 papulas
2831 2630 2941 2697 eius
2968 2629 3181 2691 astiterit
3216 2643 3233 2681 :
3260 2626 3548 2693 Venantius

1960 2724 2287 2787 Fortunatus
2311 2725 2405 2781 lib.
2438 2740 2509 2787 tv.
2538 2724 2605 2789 de
2641 2724 2755 2781 Vita
2779 2722 2836 2778 S.
2866 2721 3077 2781 Martini
3104 2735 3119 2779 :

2016 2857 2091 2922 In
2113 2871 2309 2922 quoque
2327 2857 2817 2922 jussuserlsdextro
2840 2856 3080 2922 residere
3104 2854 3268 2922 sedili.

2018 2916 2173 2987 Iuno,
2202 2916 2393 2987 precor,
2415 2928 2470 2987 ut
2492 2920 2717 2987 fragilem
2740 2930 2881 2987 sacro
2908 2917 3152 2987 velamine
3174 2916 3327 2979 celes,

2020 2980 2077 3046 Et
2098 2978 2179 3031 tua
2198 2978 2278 3032 ine
2306 2978 2549 3046 trepidum
2570 2978 2806 3046 defendat
2828 2978 3265 3046 abigneiucerna.

2016 3044 2139 3094 Nam
2161 3046 2266 3095 scio
2283 3039 2426 3109 posse
2452 3058 2592 3095 reum
2610 3058 2785 3107 quemv
2795 3045 2836 3093 is
2850 3039 2952 3092 tibi
2965 3042 3145 3090 cedere
3166 3041 3409 3090 Christum
3428 3039 3523 3103 (d).

2036 3149 2187 3221 161
2225 3150 2347 3207 i87.
2379 3150 2653 3207 Fabricius
2698 3148 2950 3205 haeretico
2979 3146 3172 3218 spiritu
3213 3146 3473 3218 impulsus
3496 3145 3549 3205 in

1962 3422 2026 3475 ab
2046 3420 2229 3475 turdis.
2256 3420 2322 3475 Et
2353 3430 2536 3476 statuet
2568 3436 2683 3475 ores
2705 3422 2912 3491 quidem
2935 3437 2967 3474 a
2994 3422 3209 3490 dextris,
3251 3422 3423 3479 htedos
3451 3442 3548 3481 au-

1962 3502 2062 3545 tem
2086 3509 2117 3544 a
2138 3492 2379 3546 sinistris.

1958 3618 1959 3621 η
2033 3562 2106 3633 (c)
2138 3562 2202 3616 Et
2237 3563 2303 3621 de
2344 3561 2516 3617 reditu
2548 3561 2744 3616 Nicetis:
2775 3564 3010 3630 episcopi
3066 3563 3117 3617 in
3149 3562 3364 3620 Daciam
3395 3583 3407 3619 :
3436 3567 3547 3622 Nos

1961 3633 2106 3698 locis,
2131 3644 2376 3701 quantum
2397 3634 2610 3698 meritis,
2634 3634 2888 3702 dirempti,
2921 3633 3132 3687 Eminus
3162 3635 3310 3697 celsis
3332 3636 3550 3693 humiles

1961 3706 2213 3777 patronis,
2235 3703 2305 3760 Te
2324 3704 2505 3775 procul
2534 3704 2697 3777 sacris
2718 3707 2911 3777 socium
2933 3706 3141 3777 catervis
3178 3704 3546 3777 Suspiciemus.

1965 3775 2088 3839 Quis
2118 3777 2201 3829 die
2228 3774 2370 3830 nobis
2392 3776 2531 3829 dabit
2559 3774 2656 3828 hoc
2682 3775 2734 3828 in
2766 3776 2877 3841 illa,
2935 3776 3002 3830 Ut
3041 3778 3114 3830 tui
3158 3774 3345 3833 stem—us
3374 3778 3551 3835 lateris

1962 3848 2054 3927 sub
2112 3846 2308 3927 umbra,
2370 3845 2435 3905 Et
2484 3856 2585 3901 ture
2637 3847 2779 3901 nobis
2833 3849 3066 3927 requietis
3109 3863 3233 3901 aura
3286 3847 3549 3927 Temperet

1962 3916 2172 3984 ignem?
2220 3916 2384 3983 Tunc,
2435 3934 2632 3981 precor,
2685 3919 2846 3971 nostri
2890 3916 3106 3971 nimium
3153 3916 3432 3986 memento,
3485 3918 3549 3976 Et

1966 3986 2141 4063 Patris
2170 3990 2333 4063 sancti
2381 3990 2573 4063 gremio
2614 3991 2903 4042 recumbens
2933 3990 3153 4043 Roscida
3205 3991 3347 4044 nobis
3388 3993 3549 4063 digito

1966 4059 2215 4129 [urentem
2238 4056 2391 4112 Discit
2401 4068 2448 4111 te
2466 4061 2748 4127 flammam.

2039 4129 2117 4198 (ιι)
2152 4130 2387 4199 Imitatur
2420 4129 2691 4183 l’rudcntii
2736 4138 2790 4183 et
2836 4130 3015 4189 hocet
3058 4130 3177 4184 aliis
3207 4130 3358 4195 locis,
3405 4133 3547 4199 Quod

1967 4198 2541 4269 observavitilarthius
2569 4199 2657 4251 lib.
2687 4215 2802 4263 λιν,
2831 4213 2948 4269 cap.
2975 4200 3026 4264 9,
3056 4199 3275 4269 llericus
3301 4198 3549 4257 AltiSSio-

1968 4268 2212 4323 dorcnsis
2261 4268 2352 4322 lib.
2386 4284 2437 4322 vi
2482 4268 2613 4321 Vita:
2663 4269 2719 4323 S.
2755 4268 3006 4340 Germani
3050 4268 3236 4340 :Ergo
3284 4272 3360 4323 tui
3408 4283 3545 4335 tunc,

1969 4351 2142 4415 sancte
2169 4348 2329 4415 pater,
2359 4340 2681 4415 miserescito
2702 4342 2851 4415 uatis,
2875 4338 3109 4415 Cumque
3136 4338 3285 4415 olidis
3312 4344 3548 4415 junctum

1970 4408 2248 4482 dispexeris
2269 4410 2467 4467 eminus
2498 4410 2678 4475 haedis,
2721 4408 2787 4482 Id
2816 4409 2940 4465 mihi
2986 4408 3102 4466 nam
3122 4408 3371 4481 spondent
3394 4415 3549 4467 scele-

1970 4481 2083 4535 rum
2116 4493 2439 4535 monumenta
2463 4497 2708 4554 meo_rum,
2736 4481 2869 4535 Tum
2892 4500 3058 4554 regem
3095 4483 3321 4543 precibus
3347 4485 3547 4549 iulsare

1970 4563 2223 4606 memento
2252 4555 2513 4623 benignis;
2544 4549 2592 4603 F
2596 4552 2804 4606 lectetur
2831 4549 2984 4619 certe,
3019 4554 3148 4607 dicet
3170 4555 3429 4623 ﬂexusque
3454 4558 3547 4609 mi-

1972 4624 2165 4694 nistro;
2207 4624 2493 4681 Germanus
2533 4634 2665 4690 orat,
2715 4641 2814 4679 non
2856 4628 2933 4694 fas
2963 4626 3208 4693 sprevisse
3239 4635 3545 4694 precantem,

1974 4693 2129 4767 lianc
2171 4694 2374 4750 hcvdum
2405 4696 2569 4767 niveos
2598 4695 2975 4767 quamprimum
3008 4693 3246 4763 transfer
3274 4697 3327 4767 in
3368 4714 3543 4767 agnos,

1973 4765 2149 4837 Agnus
2173 4776 2250 4820 cat
2282 4768 2475 4831 dexter,
2520 4765 2785 4819 decoretur
2813 4766 2991 4820 vellere
3015 4766 3247 4836 pulchro.
3277 4766 3361 4820 Bai
3380 4765 3545 4836 titius,

1973 4838 2060 4906 qui
2100 4838 2181 4891 his
2212 4838 2340 4893 locis
2382 4838 2702 4903 conﬁrmat,
2752 4837 3122 4891 damnatorum
3170 4839 3405 4893 numeris
3436 4842 3547 4892 oxi-

1976 4921 2122 4961 mcrc
2152 4923 2286 4979 quos
2316 4917 2579 4977 martyres
2610 4906 2895 4979 voluerint,
2936 4922 3099 4979 penes
3130 4908 3225 4963 hos
3257 4923 3376 4962 esse
3409 4910 3548 4963 lutu-

293 4997 410 5031 runt
439 4976 497 5031 ea
525 4976 1000 5047 comprehensorum
1037 4976 1247 5047 quisque
1292 4979 1592 5031 auctoritate
1631 4990 1718 5031 aut
1755 4978 1867 5031 loco
1894 4986 1948 5047 ι)
1975 4992 2115 5048 rum,
2144 4976 2189 5031 si
2223 4978 2354 5033 tides
2384 4976 2752 5048 scriptoribus,
2786 4992 2889 5032 non
2931 4978 3164 5047 alioquin
3202 4979 3340 5034 male
3363 4979 3430 5034 de
3466 4996 3547 5035 rc-

296 5052 491 5104 ccnscri
521 5050 717 5113 debeat,
751 5049 995 5101 doctrinm
1038 5065 1214 5119 genus,
1263 5058 1411 5117 atque
1453 5058 1597 5117 telas,
1642 5049 1868 5119 obserua-

295 5123 435 5174 tione
465 5120 670 5189 Thomce
711 5120 873 5173 nostri
888 5158 903 5185 ,
955 5120 1007 5172 in
1042 5118 1335 5189 Romanum
1380 5120 1620 5186 indicem,
1664 5121 1751 5189 qui
1777 5118 1866 5175 lo.

297 5190 484 5244 Mariae
514 5188 958 5263 Brassichellensis
978 5189 1037 5243 S.
1061 5188 1250 5263 Palatii
1273 5191 1501 5263 magistri
1529 5188 1726 5263 nomine
1751 5207 1872 5263 pro-

297 5264 541 5331 diitanno
568 5262 701 5315 1607
727 5264 955 5331 conjecta
976 5270 1116 5313 sunt.
1144 5260 1342 5329 Easque
1368 5262 1507 5331 ipsas
1523 5260 1873 5315 adnotationes

297 5333 351 5384 in
382 5330 747 5402 Bibliothecam
766 5349 796 5384 a
820 5330 876 5385 se
905 5347 1042 5402 anno
1069 5331 1200 5385 i605
1214 5330 1459 5402 recoctam
1478 5331 1783 5384 Parisiensis
1807 5341 1878 5402 tg-

252 5400 257 5428 ί
293 5400 593 5472 pographus
637 5403 865 5455 admisit.
920 5401 1025 5455 Pro
1058 5417 1193 5455 anno
1236 5401 1367 5455 “305
1414 5402 1692 5472 legendum
1738 5400 1871 5456 anno

297 5472 513 5527 1624111
544 5471 659 5527 Nic.
691 5474 944 5540 Antonio,
977 5480 1033 5526 ut
1053 5488 1149 5541 ego
1175 5473 1388 5541 quidem
1412 5471 1680 5527 existimo.

372 5488 439 5525 24
463 5488 513 5524 In
544 5488 659 5527 unc.
691 5488 944 5540 amomo,
977 5488 1080 5526 nte
1124 5492 1149 5520 tl
1175 5488 1388 5541 quidem
1412 5488 1680 5527 ethumo.

368 5542 445 5614 (b)
474 5542 645 5597 Locus
669 5552 751 5597 est
776 5544 995 5615 insignis
1022 5488 1150 5599 ing.
1172 5544 1356 5598 Matth.
1383 5560 1505 5609 xxv,
1528 5544 1587 5597 51
1612 5554 1663 5599 et
1686 5559 1870 5615 seqq.:

294 5611 617 5667 Cumautem
648 5616 835 5667 venerit
868 5612 1041 5668 Filius
1068 5616 1286 5667 hominis
1318 5619 1368 5668 in
1390 5618 1654 5685 majestate
1684 5611 1875 5677 sua—[ct

293 5698 471 5761 omnes
495 5686 660 5761 angeli
682 5701 796 5739 cum
825 5702 903 5761 eo,
927 5696 1042 5739 tunc
1066 5686 1251 5741 sedebit
1280 5704 1429 5757 super
1450 5686 1619 5741 sedent
1642 5690 1877 5761 majesta-

294 5755 358 5807 tis
384 5755 609 5829 sure.th
634 5757 1073 5829 congregabantur
1101 5766 1217 5811 ante
1236 5755 1347 5810 eum
1390 5773 1563 5811 omnes
1593 5755 1784 5829 gentes,
1829 5769 1875 5811 et

254 5886 257 5887 ν
294 5825 553 5893 separabit
588 5841 674 5880 eos
710 5826 773 5880 ab
809 5827 1047 5896 invicem,
1101 5830 1230 5882 sicut
1274 5838 1449 5897 pastor
1488 5825 1714 5907 segregat
1759 5844 1872 5883 oves

1977 5046 2175 5120 ligionc
2210 5058 2394 5120 nostra
2431 5046 2709 5120 consultis,
2731 5048 2811 5102 ‘sit
2836 5046 3133 5120 adhibenda
3164 5051 3326 5120 (quod
3369 5051 3446 5120 ait
3488 5065 3553 5119 se,

1977 5117 2172 5186 legisse
2212 5119 2351 5188 apud
2399 5117 2782 5172 amatissimum
2831 5118 2930 5174 sibi
2973 5117 3281 5188 scriptorem
3313 5117 3549 5174 l‘rudcu;

1978 5189 2107 5242 tium
2137 5191 2188 5260 in
2216 5190 2320 5244 line
2341 5188 2621 5244 Fructuosi
2651 5196 2703 5244 et
2724 5189 2999 5259 Romani),
3046 5206 3231 5260 parum
3279 5188 3379 5243 sibi
3422 5205 3549 5260 con-

1975 5268 2100 5327 stat,
2151 5259 2276 5315 dum
2317 5260 2410 5315 lib.
2454 5275 2566 5325 vm,
2615 5275 2733 5330 cap.
2771 5261 2856 5324 il,
2909 5259 3075 5327 notat,
3128 5260 3467 5319 Prudentium
3494 5259 3549 5321 in

1980 5330 2086 5385 line
2117 5331 2338 5387 ilomani
2384 5346 2440 5386 se
2487 5330 2695 5387 haedum
2739 5330 3065 5401 jungendum
3116 5331 3271 5386 hircis
3315 5345 3344 5385 a
3383 5330 3551 5386 latere

1978 5400 2196 5473 sinistro
2216 5402 2419 5457 Jttdicis
2449 5402 2647 5473 longius
2679 5400 3153 5473 nimia’humilitate
3186 5404 3336 5473 etiam
3375 5417 3552 5473 arero

1981 5470 2269 5526 Mediatore
2306 5470 2587 5527 secessisse.
2638 5476 2790 5539 Quod
2837 5474 2882 5527 si
2910 5472 3153 5527 Barthius
3184 5472 3255 5525 ita
3286 5471 3553 5539 intelligit,

1984 5558 2147 5615 penes
2169 5552 2433 5616 martyres
2460 5560 2578 5600 esse
2611 5544 2844 5616 iuturum
2872 5542 3105 5616 eaimerc
3129 5558 3260 5616 quos
3290 5542 3557 5616 voluerint

1980 5612 2010 5669 ὁ
2039 5612 2408 5671 damnatorum
2437 5630 2679 5680 numero,
2706 5624 2763 5668 ut
2788 5613 2839 5666 hi
2869 5612 2958 5682 qui
2981 5626 3164 5669 revera
3192 5612 3426 5668 damnati
3446 5612 3557 5679 jam

1983 5695 2107 5757 sunt
2133 5701 2161 5741 a
2196 5701 2352 5757 poena
2383 5684 2739 5743 damnationis
2768 5684 3087 5757 liberentur,
3114 5699 3287 5754 neque
3320 5684 3558 5741 Pruden-

1982 5755 2063 5823 tii,
2097 5753 2271 5830 neque
2296 5760 2525 5817 aliorum
2554 5753 2789 5813 mentem
2817 5762 3093 5811 assecutus
3118 5765 3222 5817 est.
