4142 6350
602 400 702 456 7H

2020 384 2469 445 PRUDENTIUS.

3781 386 3892 445 712

602 515 706 568 line
754 524 950 568 comm.
1002 500 1057 564 in
1106 493 1405 563 Romanum
1453 504 1525 561 ita
1571 505 1917 563 Prudentium
1957 504 2181 576 alloqui-
2208 505 2263 565 Α
2289 519 2379 573 per
2406 505 2678 559 intercessu
2720 501 2830 557 Dea
2878 502 3099 571 ﬁdeliter
3144 501 3505 573 [animantium
3548 500 3637 571 qui
3681 516 3746 556 ea:
3789 504 3887 557 hac

605 616 688 658 tur
721 622 734 658 :
765 602 878 658 Ista
905 586 1155 656 sententia
1176 640 1192 666 ,
1221 598 1266 653 si
1295 606 1384 653 tua
1413 607 1515 663 est,
1549 597 1827 665 Prudenti,
1857 599 1933 652 vir
1962 596 2186 652 clarissi-

606 712 715 759 me,
772 692 1031 747 contraria
1078 702 1152 746 est
1200 690 1448 746 doctrina:
1501 690 1874 760 prophetiae...
1934 688 2189 744 contraria

602 785 721 837 item
771 784 1018 837 doctrina:
1069 782 1385 854 apostolicae.
1452 781 1671 837 Scilicet
1730 780 2008 837 Fabricius
2056 777 2189 834 nihil

602 883 909 929 sanctorum
934 873 1122 929 merita
1143 883 1197 927 et
1221 887 1408 942 preces
1437 872 1619 927 valere
1635 871 1773 941 apud
1800 871 2067 926 Christum
2087 883 2188 939 pu-

604 974 696 1020 tat.
731 966 995 1037 Georgius
1026 965 1226 1021 Remus
1254 964 1308 1019 in
1336 963 1477 1019 notis
1506 964 1620 1018 ait:
1653 963 1936 1019 Sinistrum
1968 960 2189 1017 auctoris

602 1060 767 1114 timidi
804 1060 954 1114 nimis
984 1075 1043 1113 ac
1072 1058 1414 1129 superstitiosi
1465 1066 1657 1111 votum.
1692 1056 1995 1112 Fabricium
2029 1054 2192 1108 alios-

601 1169 704 1223 que
735 1166 968 1210 mentem
999 1153 1232 1208 auctoris
1260 1167 1449 1222 parum
1494 1151 1831 1223 perspexisse
1856 1149 2194 1205 animadver-

604 1248 665 1303 tit
710 1248 825 1302 Nic.
866 1245 1137 1301 Heinsius.
1176 1243 1614 1316 Distinguendus,
1664 1230 1865 1314 inquit,
1912 1242 1994 1295 hic
2028 1242 2190 1296 locus.

606 1338 766 1402 Dicit,
787 1346 962 1409 aptare
982 1355 1053 1408 se,
1086 1344 1139 1390 ut
1161 1336 1238 1391 vel
1273 1338 1403 1390 inter
1427 1335 1691 1390 hcedarum
1720 1351 1895 1408 greges
1920 1343 2192 1398 statuatur,

605 1432 694 1486 sed
744 1431 837 1485 hac
879 1431 1197 1497 conditione,
1242 1438 1297 1483 ut
1338 1438 1385 1483 et
1409 1430 1639 1496 eminus,
1669 1430 1837 1501 qualis
1865 1429 1981 1494 erit,
2012 1428 2195 1499 digno—

608 1534 860 1592 sceretur,
894 1534 940 1579 et
981 1524 1244 1578 Romanus
1282 1540 1373 1595 pro
1418 1540 1471 1577 se
1513 1532 1711 1591 oraret,
1744 1538 1892 1593 quem
1916 1538 1947 1575 a
1995 1519 2195 1575 Christo

607 1616 986 1674 exaudiendum
1018 1618 1128 1685 fore
1156 1628 1293 1671 certo
1336 1619 1605 1688 persuadet
1636 1618 1749 1671 sibi.
1790 1615 1915 1671 Mihi
1959 1615 2074 1670 haec
2110 1614 2195 1669 in-

612 1711 947 1781 terpretatio,
980 1724 1139 1780 quam
1186 1710 1251 1764 ad
1293 1710 1513 1765 verbum
1554 1709 1947 1765 Citamillardus
1989 1707 2194 1763 exscri-

611 1804 759 1873 psit,
790 1817 897 1859 non
929 1801 1216 1856 admodum
1251 1801 1454 1871 placet,
1486 1816 1662 1872 neque
1705 1801 1846 1855 enim
1876 1799 2195 1855 Prudentius

606 1895 716 1950 ullo
764 1894 925 1951 modo
971 1903 1119 1965 optat
1148 1894 1288 1949 inter
1333 1893 1605 1948 haedorum
1649 1907 1839 1964 greges
1868 1891 2049 1959 statui,
2097 1890 2190 1945 sed

606 1995 811 2043 tantum
842 1996 962 2043 orat
988 2004 1018 2043 a
1057 1987 1275 2043 sinistro
1321 1988 1515 2053 latere,
1568 2002 1727 2058 quem
1777 1987 1952 2041 locum
1984 1984 2053 2040 ob
2100 1998 2192 2038 sua

606 2090 827 2150 peccata
858 2080 960 2135 sibi
990 2079 1174 2136 deberi
1221 2080 1421 2147 credit,
1469 2080 1696 2134 Romani
1741 2080 1993 2145 precibus
2025 2088 2199 2133 trans-

610 2174 740 2229 ferri
769 2173 835 2229 ad
864 2174 1115 2229 dextrum
1141 2215 1155 2241 ,
1188 2175 1271 2229 vel
1303 2174 1477 2243 patius
1514 2183 1630 2228 orat
1673 2189 1740 2229 ne
1778 2176 1829 2228 in
1875 2174 2093 2228 sinistro
2122 2173 2198 2227 la-

612 2273 728 2322 tere
772 2281 896 2321 cum
948 2265 1116 2321 haedis
1166 2265 1530 2335 relinquatur,
1583 2264 1708 2320 dum
1742 2280 1869 2320 oves
1914 2265 1981 2319 ab
2032 2264 2199 2321 haedis

614 2360 1024 2431 separabantur.
1062 2360 1227 2416 Recte
1254 2374 1382 2416 vero
1413 2360 1587 2430 inquit
1619 2360 1885 2425 lleinsius,
1912 2374 2016 2413 non
2044 2358 2198 2413 ablu-

612 2453 743 2509 dere
767 2451 836 2507 ab
867 2454 969 2508 hoc
999 2450 1275 2508 Prudentii
1321 2453 1437 2507 loco
1475 2450 1564 2506 illa
1604 2451 1797 2507 Alcimi
1844 2452 1983 2507 Aviti
2015 2449 2107 2505 lib.
2140 2465 2197 2505 ιιι

616 2543 685 2600 de
722 2544 986 2614 Supremo
1016 2544 1225 2600 Judicio
1268 2561 1281 2598 :
1315 2543 1465 2613 Tum,
1509 2560 1625 2598 cum
1654 2544 1879 2598 sinceras
1922 2552 2094 2613 pastor
2118 2543 2200 2597 di-

606 2635 843 2690 screverit
873 2653 1056 2709 agnas,
1088 2635 1273 2713 Hardie
1304 2636 1589 2707 disparibus
1620 2635 1819 2691 diversa
1847 2638 1897 2689 in
1943 2646 2087 2705 parte
2121 2634 2200 2690 lo-

611 2729 771 2793 catis;
802 2737 857 2784 et
894 2728 962 2784 de
1006 2728 1188 2784 Laude
1217 2729 1362 2798 Virg.
1399 2728 1558 2799 (forte
1599 2728 1745 2799 alibi)
1781 2746 1793 2780 :
1829 2727 1926 2782 Ubi
1953 2729 2072 2781 sede
2106 2744 2197 2783 su-

614 2840 773 2891 perna
801 2822 1099 2877 Humanum
1127 2822 1183 2876 in
1208 2831 1378 2894 partes
1408 2822 1612 2875 dirimet
1642 2838 1802 2891 genus
1828 2824 2017 2876 arbiter
2039 2823 2193 2891 orbis,

612 2908 785 2985 Agnos
823 2916 1004 2969 dextra
1058 2914 1236 2968 lavans
1276 2914 1427 2968 [cevas
1476 2922 1757 2968 contemnet
1800 2925 1856 2967 ut
1899 2914 2106 2979 haedos;
2144 2922 2199 2969 et

616 3007 1007 3061 Tertullianum
1055 3005 1149 3061 lib.
1180 3022 1229 3060 tv
1268 3005 1525 3060 adversus
1580 3006 1901 3061 Marcionem
1933 3024 1945 3060 :
1980 3008 2117 3071 Quas
2144 3008 2199 3060 in

610 3096 891 3168 Evangelia
920 3097 1171 3151 Dominus
1201 3113 1399 3167 quoque
1428 3096 1579 3165 dixit,
1611 3105 1657 3152 et
1686 3097 1858 3152 htedas
1895 3097 1997 3151 Abs
2027 3098 2197 3153 avibus

610 3190 750 3242 cerni
777 3198 964 3244 stantes
1006 3190 1059 3243 in
1101 3197 1244 3260 parte
1273 3190 1501 3253 sinistra,
1532 3190 1622 3245 ubi
1660 3190 1807 3245 cerni
1852 3190 1991 3245 idem
2021 3200 2103 3246 est
2133 3205 2197 3248 ac

610 3277 861 3335 discerni.
902 3279 1007 3336 Sed
1040 3279 1237 3335 clarius
1302 3280 1592 3336 Prudentia
1633 3282 1811 3337 favent
1841 3281 2107 3338 Juvencus
2139 3291 2195 3338 et

610 3369 880 3442 Eugenius
909 3371 1504 3428 ToletanusJuvericus
1534 3374 1585 3428 in
1616 3374 1821 3444 praefat.
1853 3373 1907 3429 in
1938 3375 2101 3430 libros
2127 3375 2193 3431 de

612 3462 748 3519 llist.
782 3479 972 3535 evang.
1008 3481 1021 3518 :

674 3555 778 3607 Nec
800 3565 979 3614 metus,
1000 3564 1054 3605 ut
1076 3556 1240 3606 mundi
1265 3557 1453 3618 rapiant
1472 3554 1698 3606 incendia
1716 3568 1884 3606 secum

669 3619 773 3668 Hoc
790 3632 946 3681 Opus:
972 3619 1064 3667 hoc
1084 3619 1269 3668 etenim
1293 3618 1453 3681 forsan
1474 3631 1552 3681 me
1574 3619 1829 3668 subtrahet
1848 3620 1950 3680 igni

666 3681 789 3730 Tum
814 3678 923 3730 cum
945 3681 1263 3729 ﬂammivoma
1285 3678 1557 3729 descendet
1580 3683 1712 3729 nube
1731 3678 1989 3731 coruscans

668 3742 831 3792 Judcx
857 3741 1103 3791 altithroni
1140 3739 1388 3790 Genitoris
1408 3740 1561 3803 gloria
1586 3741 1825 3791 Christus.
1980 3748 1983 3751 ‘

616 3847 770 3917 162
820 3845 1044 3915 Eugenii
1086 3860 1306 3915 versus,
1355 3846 1548 3916 quibus
1591 3847 1833 3904 eamdem
1881 3847 2197 3904 sententiam

610 3938 879 4010 exprimit,
918 3939 1176 4010 descripsi
1210 3954 1355 3993 num.
1390 3939 1457 3993 47
1488 3938 1587 4012 (a).

681 4032 805 4088 188.
839 4030 1095 4086 Eamdem
1138 4031 1389 4101 loquendi
1429 4031 1691 4086 rationem
1722 4030 1810 4086 alii
1857 4046 2199 4103 consequen-

609 4123 749 4179 tibus
799 4123 1131 4193 temporibus
1186 4130 1491 4178 tenuerunt.
1540 4123 1712 4178 'Tom.
1769 4123 1991 4180 XXXIV
2043 4126 2193 4196 Hisp.

607 4228 771 4283 saec,
802 4230 923 4285 pag.
950 4214 1075 4280 440,
1100 4215 1292 4286 legitur
1319 4216 1731 4272 instrumentum
1762 4217 2067 4275 donationis
2090 4236 2195 4289 quo

606 4298 874 4363 Ordonius
895 4322 989 4363 rex
1005 4308 1161 4377 paulo
1188 4316 1308 4377 post
1324 4323 1519 4363 annum
1535 4309 1638 4365 916
1652 4309 1816 4364 multa
1829 4310 1986 4366 offert
2009 4327 2104 4382 pro
2116 4312 2197 4367 di-

608 4402 732 4455 vino
754 4399 898 4454 cultu
910 4408 964 4455 et
985 4398 1353 4453 ministrorum
1367 4400 1664 4456 alimentis:
1683 4396 1803 4457 cum
1818 4402 1959 4456 enim
1970 4442 1983 4467 ,
2004 4404 2195 4473 inquit,

608 4501 830 4563 tempore
851 4491 1040 4561 judicii
1059 4499 1280 4546 astantes
1308 4507 1481 4546 coram
1505 4493 1741 4547 redditor
1772 4496 2195 4566 apparuerimus,

678 4630 754 4759 Si)
770 4632 829 4687 ln
848 4630 1088 4701 catalogo
1105 4629 1445 4685 bibliothecae
1466 4631 1862 4697 Laurentianus,
1884 4640 2014 4687 tam.
2038 4632 2057 4686 l
2081 4635 2187 4690 col.

732 4746 748 4759 .
784 4703 1071 4759 ltandinius
1114 4702 1252 4756 inter
1280 4702 1495 4756 codices
1542 4717 1672 4756 mss.
1706 4711 1952 4757 recenset
1982 4704 2187 4759 Psalte-

606 4702 748 4771 5'59,
784 4703 1071 4759 ltandinius
1114 4702 1252 4756 inter
1280 4702 1495 4756 codices
1542 4717 1672 4756 mss.
1706 4711 1952 4757 recenset
1982 4704 2189 4761 Psalte-

608 4776 747 4831 rium
777 4775 974 4830 sseculo
1005 4789 1095 4828 vni
1125 4784 1435 4839 exaratum,
1475 4772 1617 4841 quod
1650 4772 1917 4828 clauditur
1947 4777 2191 4833 oratione

605 4846 858 4913 quadam,
881 4845 1031 4914 cujus
1064 4844 1341 4913 inscriptio
1372 4853 1484 4899 est:
1510 4842 1768 4913 Hymnus,
1800 4860 1945 4913 quem
1976 4850 2197 4901 cantavit

606 4916 787 4972 Gildus
805 4932 893 4970 rex
909 4933 1001 4985 pra
1023 4916 1194 4969 anima
1218 4917 1376 4984 patris
1404 4916 1502 4980 sui,
1518 4915 1731 4983 quierat
1755 4916 1805 4968 in
1821 4916 2043 4985 inferna.
2069 4918 2197 4985 Qui-

603 5005 800 5059 cunque
824 4989 1095 5061 cantavcrit
1127 4987 1547 5061 singulisdiebus
1576 5003 1665 5057 per
1690 4997 1849 5041 totum
1870 5004 2063 5042 annum
2088 5007 2181 5061 pro

2221 3435 2268 3501 C

2294 596 2603 667 perceperint
2631 596 2941 663 subsidium,
2975 595 3159 649 animte
3181 594 3511 664 corporisque
3536 593 3751 649 evadere
3779 610 3888 649 me-

2293 705 2492 743 reamur
2518 706 2548 743 a
2576 704 2860 753 VULGARIS,
2891 697 2937 742 et
2961 687 3145 742 Averni
3174 703 3372 742 recessu
3392 727 3407 753 ,
3452 696 3602 758 atque
3640 704 3887 742 eruamur

2294 801 2356 839 ea:
2380 785 2459 839 his
2487 784 2573 855 qui
2615 784 2803 839 tristem
2845 782 3131 853 acceperint
3156 781 3383 837 censoris
3424 782 3722 850 repudium,
3754 790 3879 835 tunc

2295 892 2475 939 nempe
2507 876 2619 929 tulti
2647 877 2700 929 in
2729 875 2938 930 dextera
2968 874 3152 930 vellere
3180 871 3351 927 solatii
3388 872 3557 928 induti
3587 889 3704 927 cum
3738 890 3890 926 mun-

2297 971 2377 1023 dis
2422 969 2687 1024 adnectere
2734 984 2978 1033 queamus
3025 966 3198 1021 avibus
3248 964 3397 1037 (sic).
3445 965 3504 1020 In
3546 966 3656 1020 alio
3688 968 3890 1020 instru-

2298 1070 2479 1117 mento
2508 1061 2730 1118 Ordonii
2765 1061 2831 1116 lfl
2854 1074 2995 1115 anno
3015 1060 3121 1116 955
3148 1059 3337 1115 eadem
3366 1068 3450 1115 est
3476 1057 3762 1129 periodus;
3795 1056 3891 1113 sed

2299 1170 2392 1225 pro
2418 1156 2643 1225 vulgaris
2674 1154 2868 1225 legitur
2894 1154 3114 1225 vulgalis
3144 1151 3242 1224 (ὁ).
3285 1151 3366 1207 Ex
3397 1153 3479 1207 his
3509 1152 3653 1207 aliud
3684 1151 3888 1207 instru-

2298 1258 2530 1305 mentum
2561 1248 2819 1302 Fruminii
2848 1263 2885 1302 ιι
2916 1260 3058 1302 anno
3085 1245 3189 1301 917
3224 1246 3463 1315 suppleri
3494 1247 3667 1314 potuit
3696 1246 3747 1299 in
3768 1260 3891 1300 seu-

2299 1343 2460 1397 tentia
2482 1342 2593 1396 fere
2612 1338 2798 1403 eadem
2829 1337 2933 1396 :Et
2950 1340 2999 1393 in
3030 1340 3331 1409 futurum...
3359 1348 3559 1393 uterum
3584 1338 3885 1408 promereri,

2300 1451 2490 1505 nempe
2527 1436 2783 1489 dexteram
2818 1433 3117 1503 promereri.
3158 1432 3396 1502 Denique
3434 1431 3702 1508 sententia
3749 1430 3883 1484 Pru-

2298 1526 2502 1594 dentii,
2549 1533 2607 1581 ut
2651 1525 2769 1596 ejus
2799 1524 2901 1579 hac
2948 1524 3000 1578 in
3045 1537 3106 1579 rc
3134 1522 3506 1579 defensionem
3542 1520 3883 1588 concludam,

2299 1634 2523 1691 prorsus
2554 1619 2625 1673 illi
2676 1617 2867 1674 similis
2904 1626 2986 1673 est
3016 1631 3173 1687 quam
3221 1616 3272 1670 in
3306 1630 3463 1687 prosa
3493 1624 3587 1670 aut
3611 1615 3887 1685 sequentia

2305 1713 2483 1767 missae
2549 1709 2920 1765 defunctorum
2989 1708 3282 1763 canimus:
3334 1705 3480 1761 Inter
3546 1722 3662 1760 aves
3724 1706 3889 1759 locum

2301 1813 2507 1876 praesta,
2545 1802 2606 1855 Et
2634 1802 2696 1855 ab
2744 1801 2903 1855 haedis
2950 1816 3029 1854 me
3054 1809 3340 1871 sequestra,
3391 1798 3640 1854 Statuens
3668 1799 3722 1851 in
3749 1807 3891 1866 parte

2300 1898 2499 1951 dextra.
2554 1894 2930 1959 Bellarminus,
2964 1892 3031 1947 de
3078 1892 3355 1962 Purgator.
3405 1890 3497 1945 lib.
3531 1906 3606 1956 ιι,
3660 1904 3783 1959 cap.
3838 1889 3887 1950 5,

2302 1990 2450 2060 plura
2474 1998 2625 2043 acute
2644 1986 2884 2052 disserit,
2909 1993 2965 2041 ut
2994 1985 3227 2054 explicet
3256 1984 3554 2039 orationem
3587 1989 3712 2053 post
3734 1997 3888 2037 evan-

2297 2084 2492 2154 gelium
2524 2081 2577 2136 in
2622 2081 2784 2135 missa
2829 2080 2896 2135 de
2934 2080 3158 2134 mortuis
3193 2095 3206 2133 :
3240 2076 3445 2146 Libera,
3497 2076 3746 2143 Domine,
3779 2078 3887 2129 ani-

2299 2193 2408 2230 mas
2450 2176 2673 2229 omnium
2703 2173 2931 2243 ﬁdelium
2961 2172 3327 2243 defunctorum
3358 2172 3424 2225 de
3468 2171 3628 2242 plenis
3670 2172 3881 2239 inferni,

2299 2282 2345 2325 et
2391 2271 2453 2324 de
2482 2268 2738 2339 profunda
2769 2269 2907 2333 lacu,
2960 2266 3115 2321 libera
3161 2283 3246 2321 eas
3276 2266 3339 2320 de
3379 2281 3465 2319 ore
3494 2264 3682 2331 leonis,
3715 2280 3778 2318 ne
3805 2265 3885 2317 ab-

2301 2362 2499 2416 sorbent
2528 2378 2614 2416 eas
2639 2359 2909 2425 Tartarus,
2940 2376 3001 2413 ne
3030 2358 3218 2411 cadant
3241 2358 3294 2411 in
3320 2358 3618 2421 obscurum,
3649 2364 3755 2410 etc.
3785 2353 3887 2409 Sed

2301 2455 2436 2510 nihil
2486 2454 2643 2509 affert
2680 2452 2821 2524 quod
2849 2450 2914 2506 ad
2945 2449 3294 2506 Prudentium
3338 2445 3624 2503 transferri
3665 2460 3767 2500 non
3795 2458 3883 2498 va—

2302 2549 2429 2606 leat.
2460 2549 2537 2604 Ne
2574 2562 2703 2604 vero
2750 2548 2865 2601 haec
2908 2545 3283 2616 prolegomena
3330 2541 3571 2612 longiora
3602 2554 3755 2610 quam
3784 2552 3883 2606 par

2300 2651 2382 2698 est
2430 2640 2681 2705 evadant,
2714 2648 2909 2694 (uetera
2971 2652 3091 2707 quae
3141 2633 3414 2691 Prudentii
3464 2629 3729 2687 doctrina
3754 2627 3886 2696 obji-

2299 2736 2534 2799 ciuntur,
2566 2733 2620 2787 in
2670 2729 3075 2788 commentariis
3104 2728 3398 2784 diluentur'
3432 2738 3575 2780 nunc
3620 2722 3727 2778 alia
3766 2734 3886 2791 per-

2301 2843 2605 2900 sequemur.

2900 2915 3126 2972 CAPUT
3163 2914 3283 2969 XX.

2304 3013 2610 3086 Ignorantia
2657 3009 2999 3086 quarumdam
3045 3009 3134 3086 qui
3185 3014 3453 3086 _putarunt
3482 3004 3737 3086 _tenigmq
3785 3019 3887 3086 esse

2370 3074 2835 3151 interpretationem
2882 3074 3397 3151 sacrte_'Scripturte,_
3417 3094 3450 3130 a
3474 3074 3763 3131 Prudentia
3792 3074 3887 3128 ad-

2377 3146 2588 3210 hibitam
2616 3156 2668 3209 in
2695 3152 2995 3225 pra'futiane
3024 3146 3465 3220 Psychamachite.

2376 3291 2529 3363 163
2560 3288 2683 3344 189.
2720 3286 2990 3343 Pollicitus
3019 3300 3135 3340 sum
3166 3298 3285 3354 cap.
3321 3284 3373 3347 1.
3402 3298 3552 3339 num.
3585 3282 3643 3351 6,
3676 3284 3764 3339 me
3795 3266 3889 3339 de-

2303 3370 2723 3440 monstraturum
2750 3379 3128 3437 obscuritatem
3160 3384 3281 3449 quae
3306 3377 3597 3433 Prudentia
3646 3377 3887 3447 obji<-itur

2302 3494 2366 3535 ex
2396 3476 2728 3547 antiquitatis
2750 3473 3079 3545 ignoratione
3104 3472 3160 3527 in
3183 3486 3281 3540 qua
3305 3470 3455 3526 multi
3487 3480 3767 3525 versantur
3810 3470 3888 3523 ius

2301 3569 2508 3625 terdutn
2542 3568 2692 3633 oriri,
2726 3580 2832 3621 non
2880 3581 2950 3620 ex
2999 3554 3237 3619 auct'oris
3283 3564 3432 3629 vitia,
3465 3563 3741 3633 proposito
3788 3561 3890 3617 hoc

2301 3660 2550 3729 exemplo
2574 3674 2638 3715 ex
2661 3657 2973 3729 przeiatione
2998 3654 3453 3727 Psychomachiaa.
3479 3652 3798 3709 Prudentius
3824 3666 3889 3706 ea

2304 3752 2620 3821 praefatione
2645 3749 3014 3819 complectitur
3034 3746 3313 3803 historiam
3334 3761 3398 3802 ex
3429 3760 3543 3817 cap.
3574 3759 3662 3798 xiv
3686 3742 3887 3797 Genus.

2301 3858 2442 3899 vers.
2495 3842 2562 3898 14
2614 3841 2708 3913 (c).
2760 3841 2932 3909 Tum,
2997 3840 3488 3908 interpretationem
3537 3833 3888 3903 allegaricam

2303 3936 2654 4006 amplectens,
2687 3933 2835 3989 addit
2865 3948 3003 3988 vers.
3034 3933 3102 3988 56
3137 3951 3147 3984 :
3185 3931 3299 3985 Nos
3342 3947 3448 3986 esse
3476 3930 3608 4000 large
3636 3926 3893 3981 vernula-

2302 4048 2415 4086 rum
2443 4031 2641 4097 divites,
2676 4028 2738 4084 Si
2766 4028 2889 4095 quid
2912 4028 3143 4095 trecenti,
3180 4027 3255 4082 bis
3283 4026 3485 4081 novenis
3510 4023 3721 4091 additis,
3760 4022 3890 4077 Pos-

2301 4126 2420 4188 sint,
2463 4124 2630 4193 figura
2672 4120 2957 4176 noverimus
2999 4121 3234 4191 mystica.
3267 4119 3457 4175 Mirum
3501 4126 3760 4189 quantum
3806 4116 3890 4171 hic

2302 4219 2453 4274 locus
2485 4219 2809 4287 interpretes
2855 4230 3043 4272 omnes
3092 4216 3327 4272 torserit.
3359 4215 3626 4272 Antonius
3670 4211 3889 4267 Nebris-

2303 4313 2478 4369 sensis
2506 4312 2582 4366 ait
2618 4328 2627 4362 :
2660 4308 2960 4364 Tercentum
2992 4310 3164 4364 decem
3191 4318 3238 4365 et
3263 4316 3396 4364 acta.
3427 4308 3567 4374 Quid
3598 4314 3771 4360 autem
3799 4322 3891 4358 nu-

2303 4422 2469 4461 merus
2506 4404 2594 4459 ille
2637 4404 2911 4475 signiﬁcet,
2942 4405 3287 4460 consulendus
3323 4411 3451 4457 esset
3490 4402 3749 4473 quispiam
3780 4398 3891 4470 Pg-

2305 4498 2621 4571 thagaricus,
2667 4497 2752 4567 qui
2792 4498 2843 4551 in
2893 4497 3187 4570 hujusmodi
3233 4496 3515 4553 rationibus
3562 4510 3890 4550 numerorum

2304 4634 2484 4690 verbis
2511 4632 2867 4701 quorumdam
2900 4632 3115 4687 Patrum
3144 4633 3286 4688 male
3316 4631 3604 4687 intellectis
3628 4631 3891 4702 originem

2304 4721 2453 4762 suam
2483 4704 2701 4776 ducunt,
2736 4720 2765 4759 a
2796 4705 2953 4776 vulgo
2980 4714 3033 4760 et
3062 4704 3473 4775 imperitissimis
3507 4702 3725 4758 feminis
3780 4703 3891 4771 ple-

2302 4792 2527 4847 rumque
2558 4775 2821 4831 formatas.

2373 4844 2455 4919 (b)'
2483 4847 2594 4902 Hoc
2624 4848 2939 4920 vocabulum
2979 4847 3236 4920 originem
3269 4844 3442 4920 trahit
3470 4859 3537 4920 ex
3564 4844 3737 4920 vulgo,
3769 4859 3890 4920 qua;

2299 4915 2646 4989 capacitatem
2676 4919 2760 4973 vel
2804 4920 2979 4973 sinum
3009 4915 3129 4972 cum
3179 4915 3397 4972 laxitate
3444 4915 3890 4989 signiﬁcatapud

2299 4986 2551 5046 Nonium.
2600 4991 2655 5043 ln
2688 4990 2959 5044 Comoedia
3006 4989 3189 5044 Dantis
3242 4998 3385 5042 noue
3425 4996 3551 5041 sunt
3583 4986 3887 5055 malebolge,

601 5052 773 5114 anima
801 5059 953 5112 amici
988 5060 1087 5123 sui,
1119 5052 1233 5111 licei
1262 5059 1314 5111 in
1344 5060 1542 5128 inferno
1572 5052 1664 5125 sit,
1696 5068 1920 5125 eruetur,
1951 5071 1997 5113 et
2024 5052 2185 5116 in're-
2213 5052 2266 5114 D
2294 5077 2391 5117 seu
2440 5060 2737 5130 malebolgie
2756 5099 2772 5125 ,
2823 5069 2877 5113 et
2924 5060 3086 5129 bolgie
3135 5059 3425 5113 inferorum
3456 5052 3891 5130 receptacula'et

600 5147 758 5203 gnum
790 5130 886 5183 Dei
916 5130 1129 5203 ducetur
1174 5169 1187 5203 τ
1226 5130 1270 5182 si
1310 5138 1477 5183 autem
1521 5130 1841 5184 obliviscatur
1890 5147 1988 5183 uno
2019 5133 2102 5203 die
2128 5134 2182 5187 in

600 5200 757 5267 anno,
787 5219 818 5254 n
850 5208 1004 5267 caput
1028 5200 1265 5268 incipiat,
1297 5210 1342 5253 et
1379 5216 1467 5269 per
1495 5209 1655 5253 totum
1684 5217 1875 5253 annum
1902 5202 2181 5270 adimpleat

597 5274 671 5327 ita
702 5289 721 5328 :
748 5274 826 5326 Ad
850 5270 1129 5324 Dominum
1161 5286 1281 5339 cuin
1310 5270 1600 5335 tribularer,
1636 5286 1791 5339 usque
1826 5271 2057 5326 Laudate
2084 5290 2181 5327 no-

600 5361 712 5398 men
738 5341 965 5397 Damini.
996 5342 1182 5409 Incipit
1214 5359 1225 5395 :
1258 5338 1394 5394 Deus
1422 5356 1616 5411 summe
1648 5338 1819 5411 pacis,
1848 5352 1893 5395 et
1922 5344 2033 5396 caeli
2058 5360 2181 5397 san-

600 5427 675 5469 cte
709 5413 885 5484 Pater,
930 5415 1246 5481 amnipotens
1286 5422 1471 5484 teterne
1522 5409 1677 5465 Deus.
1731 5412 1982 5467 Desinit:
2031 5414 2181 5479 Quod

600 5486 707 5552 ipse
734 5482 975 5552 prtestare
1006 5485 1259 5556 dignetur,
1290 5482 1375 5551 qui
1404 5490 1644 5556 venturus
1665 5491 1746 5556 est
1778 5484 2019 5552 judicare
2044 5488 2179 5539 vivos

598 5567 647 5610 et
684 5566 925 5623 mortuos,
958 5565 1003 5609 et
1042 5553 1288 5610 steculum
1321 5569 1409 5621 per
1437 5554 1624 5623 ignem.
1661 5555 1784 5608 llaec
1814 5556 1986 5610 oratio
2012 5557 2175 5613 stulta

600 5634 702 5691 est,
740 5627 1127 5695 superstitiosa,
1151 5640 1290 5681 verte
1321 5625 1603 5694 theologia:
1647 5634 1700 5678 et
1747 5623 2005 5680 doctrina:
2033 5627 2177 5681 chri-

600 5698 787 5752 stiana:
809 5697 1109 5763 contraria,
1144 5712 1206 5752 ac
1253 5697 1397 5751 nullo
1446 5696 1606 5767 modo
1650 5695 1709 5752 S.
1769 5696 2175 5767 llermenegildo

600 5770 819 5839 martyri
845 5767 1145 5837 aftingenda
1184 5768 1365 5839 (prout
1392 5768 1444 5822 in
1482 5766 1656 5822 indice
1697 5766 1923 5839 catalogi
1954 5766 2067 5822 fieri
2096 5773 2178 5822 vi-

601 5838 800 5907 detur),
832 5853 952 5894 cum
980 5847 1105 5909 ante
1132 5848 1333 5908 patrem
1361 5854 1515 5893 suum
1549 5838 1988 5909 Hermenegildus
2014 5841 2081 5893 ab
2109 5854 2175 5895 eo

603 5909 897 5966 exstinctus
921 5908 1135 5966 abierit.
1163 5908 1473 5974 Huiusmodi
1510 5908 1858 5981 ineptissime:
1886 5924 2073 5981 preces
2104 5924 2174 5968 ex

2291 5133 2472 5189 sedes.
2526 5127 2751 5200 Hispani
2802 5127 3204 5185 balnea'calida
3258 5131 3307 5183 in
3375 5129 3594 5185 civitate
3637 5127 3891 5200 Aurieusi

2288 5212 2486 5259 vocant
2516 5198 2720 5272 burgas.
2753 5200 2807 5255 In
2846 5202 2977 5255 Dict.
3014 5201 3165 5255 acad.
3199 5200 3348 5272 llisp.
3381 5199 3708 5272 etymologia
3737 5198 3890 5272 duci-

2289 5284 2374 5330 tur
2405 5291 2435 5329 a
2476 5270 2625 5328 sono'
2650 5286 2802 5340 aquae
2841 5272 3168 5327 ebullientis.
3194 5270 3302 5327 Sed
3329 5286 3438 5327 non
3466 5279 3552 5326 est
3578 5270 3882 5326 omittenda

2286 5348 2442 5416 origo
2471 5347 2672 5399 Latina:
2706 5344 2854 5397 vocis
2884 5344 3054 5416 vulgo.

2359 5410 2433 5486 (ἱ)
2469 5416 2617 5482 Quod
2646 5431 2761 5467 cum
2808 5410 3033 5467 audisset
3073 5413 3349 5486 Abraham,
3400 5420 3606 5482 captum
3648 5410 3889 5486 videlicet

2284 5484 2388 5540 Lat
2416 5484 2626 5556 fratrem
2652 5502 2825 5551 suum,
2848 5486 3133 5539 numeravit
3159 5484 3416 5555 expeditas
3436 5484 3738 5538 vernaculos
3753 5498 3888 5556 _suos

2287 5552 2535 5611 trecentos
2565 5556 2737 5611 decem
2781 5566 2826 5610 et
2857 5566 2992 5622 octo,
3020 5565 3065 5610 et
3111 5552 3404 5625 persecutus
3432 5564 3521 5625 est,
3551 5570 3711 5625 usque
3742 5552 3883 5606 Dan.

2288 5627 2353 5682 Et
2384 5628 2557 5681 divisis
2584 5628 2749 5697 sociis,
2796 5628 2944 5682 irruit
2972 5624 3124 5697 super
3166 5643 3248 5681 eos
3286 5641 3446 5695 usque
3469 5624 3645 5691 Hoba,
3671 5641 3789 5694 qute
3814 5632 3886 5676 est

2285 5699 2353 5752 ad
2394 5700 2570 5753 laevam
2610 5696 2872 5754 Damasci.
2907 5696 3229 5768 Reduxitqtte
3268 5712 3486 5768 omnem,
3512 5697 3883 5768 substantiam,

2281 5779 2327 5825 et
2356 5769 2450 5825 Lat
2485 5772 2697 5840 fratrem
2742 5787 2893 5824 suum
2941 5786 3058 5826 cum
3095 5767 3379 5826 substantia
3429 5767 3592 5836 illius,
3639 5767 3887 5822 mulieres

2280 5858 2480 5913 quoque
2507 5850 2553 5896 et
2581 5840 2848 5911 populum.
3368 5850 3373 5855 ‘
