4142 6350
599 371 707 430 715
2017 365 2468 428 PRUDENTIUS.
3763 367 3872 422 716

675 485 797 543 19⁸5.
821 483 878 541 in
899 485 981 539 his
1008 473 1210 539 Barthll
1229 481 1513 552 Drusiique
1537 483 1985 552 explicationibus
2007 481 2182 554 prima
2211 487 2267 548 Α
2291 481 2514 538 indicari
2546 496 2760 538 crucem
2790 481 3134 548 dominicam,
3161 481 3320 536 etiam
3349 473 3422 535 illi
3444 477 3532 550 qui
3550 479 3617 534 de
3645 479 3870 534 historia

602 593 727 647 pars
761 575 828 632 de
859 575 1130 640 trecéntis,
1181 571 1350 643 figura
1397 573 1575 628 crucis
1613 571 1882 640 indicatis,
1931 587 2182 641 expressa

603 677 686 723 est
711 683 818 722 non
844 667 1014 722 solum
1047 665 1100 720 in
1136 663 1312 735 glossa
1336 664 1607 720 ordinaria
1645 664 1708 718 ad
1734 664 1907 718 locum
1936 663 2180 731 Genesis,

601 763 694 816 sed
728 761 890 816 etiam
922 761 973 814 itI
994 759 1187 829 glossis
1221 759 1388 814 lsonis
1417 759 1482 812 ad
1513 757 1860 813 Prudentium
1895 757 1995 830 (a).
2029 755 2082 812 In
2109 759 2186 810 al“-

601 863 714 908 tera
745 862 895 921 parte
915 849 1235 921 exponenda
1267 865 1438 919 neque
1467 849 1734 915 Barthius,
1767 863 1939 918 neque
1965 847 2185 903 Drusius
2233 873 2236 876 η

599 944 730 998 satis
760 943 880 997 aliis
911 943 1178 1008 fecerunt;
1213 941 1436 996 Drusius
1465 957 1636 1012 neque
1665 941 1764 996 sibi
1787 941 1910 1012 ipsi,
1939 935 2185 994 Barthius
2214 999 2222 1002 η

600 1049 750 1098 vero,
779 1037 866 1104 qui
903 1033 1260 1090 confidentius
1289 1034 1540 1103 loquithr,
1587 1035 1638 1088 in
1671 1033 1826 1087 aliam
1868 1031 2184 1088 sententiam

607 1127 736 1180 abiit
764 1127 857 1180 lib.
890 1141 1041 1192 XLIII,
1065 1139 1184 1196 cap.
1219 1125 1273 1180 ’1.
1305 1125 1461 1196 166
1488 1125 1594 1179 Nos
1639 1125 1714 1178 ait
1737 1125 1962 1194 gemina:
2002 1123 2189 1176 mortis

607 1237 730 1275 reos
760 1233 920 1274 esse:
959 1219 1079 1273 ideo
1111 1219 1217 1272 duo
1246 1227 1314 1280 9;
1347 1217 1649 1286 rcSpexis‘se
1693 1225 1903 1286 poetam
1946 1215 2010 1268 ad
2055 1213 2189 1267 duos

604 1312 806 1366 libros:
841 1311 1068 1364 alterum
1101 1309 1328 1363 indicem
1363 1315 1664 1362 nostrorum
1692 1308 2000 1370 criminum,
2029 1320 2187 1374 quem

606 1405 806 1459 habere
855 1403 1106 1458 Satanam
1141 1417 1170 1456 a
1213 1399 1453 1470 pluribus
1492 1400 1787 1464 traditum;
1829 1395 2080 1460 alterum,
2123 1395 2190 1450 de

608 1511 714 1565 quo
756 1495 922 1549 Exod.
961 1509 1134 1548 χχχιι.
1190 1491 1262 1544 De
1302 1491 1621 1546 militaribus
1671 1483 1904 1544 Isidorus
1948 1501 1964 1540 I
2015 1485 2186 1554 Orig.,

607 1599 724 1651 Cap.
757 1587 824 1640 55
860 1603 872 1637 :
920 1583 985 1636 In
1017 1583 1278 1637 breviculis
1313 1581 1488 1650 quibus
1517 1581 1732 1634 militum
1776 1579 1981 1631 nomina
2030 1577 2193 1630 conti-

606 1681 875 1746 nebantur,
907 1679 1120 1751 prapria'
1143 1689 1262 1732 nota
1291 1685 1400 1731 erat
1429 1675 1568 1747 apud
1600 1681 1808 1738 ueteres,
1840 1673 2190 1744 quteinspice-

569 1801 582 1808 υ
606 1788 764 1841 retur,
792 1777 966 1844 quanti
988 1792 1050 1828 ea:
1079 1773 1325 1828 militibus
1354 1779 1672 1842 superessent
1689 1771 1964 1840 quantique
1987 1771 2040 1823 in
2066 1771 2192 1823 bello

2289 577 2557 632 Abraham
2614 575 2744 630 nihil
2796 576 3032 646 cogitant
3088 571 3184 645 (b).
3243 573 3298 628 In
3347 587 3570 628 cccxvnt
3629 574 3872 626 vernulis

2288 671 2578 726 Abrahami
2605 671 2870 741 designari
2899 685 3111 724 crucem
3143 676 3196 722 et
3217 665 3590 736 compendium
3643 665 3872 720 n0minis

2289 761 2441 826 Jesu,
2475 763 2584 817 sive
2617 763 2749 816 duas
2778 761 2976 832 primas
3025 761 3248 824 litteras,
3279 759 3526 814 Clemens
3552 755 3872 812 Alexandri-

2289 869 2389 908 nus
2427 853 2494 907 ab
2526 853 2644 907 aliis
2675 852 2782 920 jam
2818 852 3066 906 traditum
3122 849 3307 904 docuit
3350 849 3442 902 lib.
3495 863 3550 901 Vl
3607 847 3868 902 Stromat.

2289 961 2412 1016 pag.
2445 941 2548 999 656
2572 963 2582 998 :
2621 944 3063 1012 Quemadmodum
3086 959 3206 1013 ergo
3229 944 3284 997 in
3304 941 3614 996 astronomia
3633 940 3876 994 habemus

2292 1037 2579 1108 exemplum
2603 1037 2883 1102 Abraham,
2911 1037 2983 1089 ita
3017 1037 3171 1089 etiam
3209 1036 3262 1088 in
3296 1035 3612 1092 arithmetica
3641 1031 3876 1086 eumdem

2291 1131 2570 1183 Abraham.
2601 1128 2727 1184 Cum
2755 1129 2884 1182 enim
2920 1129 3192 1182 audivisset
3229 1126 3503 1178 abductum
3545 1125 3704 1192 fuisse
3743 1121 3876 1174 Loth

2293 1225 2567 1292 captivum,
2597 1235 2888 1274 TRECEN'HS
2921 1231 3244 1272 vennscums
3283 1218 3387 1271 suis
3434 1217 3528 1270 sibi
3574 1215 3876 1278 numeratis,

2295 1313 2460 1368 hostes
2489 1329 2778 1382 aggressus,
2801 1311 2916 1364 eicit
2947 1311 3226 1364 maximum
3256 1325 3433 1364 eorum
3463 1325 3745 1362 numerum.
3781 1307 3878 1358 Di-

2294 1415 2412 1458 cunt
2446 1420 2562 1475 ergo
2601 1403 2844 1458 dominici
2888 1403 3096 1472 quidem
3140 1402 3272 1470 signi
3315 1411 3508 1470 typum,
3551 1401 3706 1470 167
3742 1399 3880 1469 quod

2295 1499 2363 1550 ad
2392 1497 2614 1568 ﬁgurans
2633 1497 2838 1560 attinet,
2865 1511 2972 1548 esse
2995 1495 3316 1557 elementum,
3337 1493 3472 1561 quod
3500 1491 3753 1561 signiﬁcat
3779 1499 3876 1543 tre-

2297 1597 2468 1642 centos
2487 1601 2506 1639 :
2536 1589 2662 1642 ἰῶτα
2684 1594 2848 1638 autem
2877 1595 2922 1638 et
2946 1582 3044 1644 ἦτα
3078 1583 3372 1655 signiﬁcare
3403 1598 3586 1636 nomen
3627 1583 3876 1645 salutare,

2295 1679 2578 1750 signiﬁcari
2609 1695 2726 1748 ergo
2750 1695 2831 1731 eos
2869 1691 2978 1732 esse
3009 1667 3225 1730 Abrahae
3253 1677 3576 1742 domesticos,
3605 1686 3650 1728 et
3679 1677 3722 1728 ei
3760 1692 3879 1727 con-

2287 1773 2526 1842 junctos,’
2544 1772 2680 1841 quod
2705 1771 2773 1824 ad
2793 1771 3010 1822 salutem
3035 1770 3232 1833 attinet,
3261 1769 3350 1840 qui
3375 1769 3442 1822 ad
3463 1769 3672 1840 signum
3704 1777 3746 1821 et
3791 1785 3878 1822 ne-

605 1867 941 1930 excidissent;
967 1865 1008 1919 T
1032 1873 1150 1919 nota
1167 1866 1221 1918 in
1242 1865 1404 1936 capite
1427 1863 1662 1918 uersiculi
1681 1865 1849 1935 posita
1869 1863 2191 1931 superstitem
2225 1861 2276 1924 Β
2299 1881 2413 1918 men
2443 1863 2646 1917 Domini
2673 1863 3038 1932 confugerunt,
3066 1873 3110 1914 et
3131 1878 3392 1931 superasse
3420 1878 3500 1914 eos
3521 1861 3609 1929 qui
3639 1861 3778 1928 ipsos
3799 1861 3879 1912 ab-

606 1959 922 2029 designabat,
956 1967 997 2014 ο
1033 1975 1147 2012 vero
1186 1959 1252 2010 ad
1293 1959 1694 2026 uniuscuiusque
1737 1955 1968 2028 defuncti
2009 1973 2192 2010 nomen

608 2051 973 2120 apponebatur.
1006 2049 1064 2103 Si
1086 2050 1271 2117 itaque,
1299 2049 1448 2101 addit
1486 2047 1756 2112 Barthius,
1789 2063 1952 2100 veram
1981 2047 2133 2102 vitam
2162 2064 2194 2100 a

608 2159 724 2196 t'era
769 2151 926 2195 morte
955 2141 1170 2210 mystica
1203 2141 1390 2210 figura,
1421 2141 1610 2192 scilicet
1643 2156 1730 2208 per
1772 2154 1970 2192 crucem
2001 2137 2194 2191 Christi

612 2233 922 2302 distinguere
943 2231 1239 2300 poterimus,
1254 2231 1376 2283 satis
1398 2243 1648 2300 superque
1667 2229 1994 2283 vernularum
2019 2227 2193 2282 divites

611 2325 816 2376 erimus.
1601 2371 1608 2376 .

686 2414 808 2468 194.
847 2413 982 2469 Vere
1037 2413 1280 2482 aenigma;
1309 2411 1751 2467 obscurissimum
1813 2411 1863 2465 in
1891 2411 2191 2466 ‘Prudcntii

612 2507 858 2564 versibus
887 2509 1095 2575 lateret,
1129 2509 1228 2563 nisi
1275 2507 1376 2562 alia
1407 2517 1548 2562 esset
1581 2505 1889 2574 explicatio.
1925 2505 2070 2560 Hane
2101 2520 2196 2558 au-

613 2611 718 2656 tem
754 2603 870 2656 dico
897 2617 1015 2657 esse
1031 2599 1522 2655 communissimam
1547 2597 2036 2668 interpretationem
2060 2597 2193 2650 alle-

611 2697 864 2762 gorieam,
896 2711 1014 2764 quae
1045 2694 1217 2748 adhuc
1244 2695 1296 2747 in
1327 2693 1569 2762 plurimis
1594 2692 1807 2744 Patrum
1833 2689 2194 2744 voluminibus

620 2787 876 2848 occurrit,
915 2785 1163 2840 videlicet
1192 2800 1429 2840 cccxvm
1455 2783 1690 2838 vernulis
1716 2782 2006 2837 Abrahami
2031 2781 2194 2852 signi-

617 2877 771 2932 ﬁcari
798 2893 1011 2932 crucem
1045 2877 1278 2943 Domini,
1306 2883 1358 2931 et
1385 2877 1516 2930 duas
1545 2877 1740 2944 primas
1777 2875 1982 2929 litteras
2017 2875 2194 2928 norni-

617 2971 702 3024 nis
726 2967 874 3031 Iesu,
905 2992 921 3023 ι
950 2977 1003 3022 et
1041 2992 1092 3027 η,
1127 2969 1247 3036 quia
1286 2967 1423 3036 apud
1454 2965 1669 3020 Graecos
1709 2963 1842 3033 Tau,
1883 2981 2000 3036 quas
2029 2965 2194 3035 figura

619 3070 700 3116 est
739 3063 930 3124 crucis,
961 3069 1282 3125 tercentum,
1313 3083 1330 3114 ι
1359 3059 1564 3125 dei-em,
1598 3070 1646 3114 et
1682 3087 1710 3122 η
1741 3069 1862 3114 octo
1910 3059 2190 3130 significat,

619 3165 683 3205 ex
726 3151 917 3220 quibus
944 3137 1148 3204 summa
1176 3151 1405 3206 efficitur
1434 3166 1678 3206 cccxvm.
1725 3149 1874 3218 Quod
1915 3153 2100 3206 attinet
2129 3153 2192 3207 ad

2297 1953 2542 2008 ducebant
2573 1956 2626 2006 in
2661 1955 3022 2024 captivitatem,
3053 1963 3098 2007 et
3143 1951 3390 2023 plurimas
3433 1962 3606 2024 gentes
3655 1951 3880 2018 inﬁdeles

2297 2065 2411 2118 qua:
2440 2065 2520 2102 eos
2542 2046 2897 2116 sequebantur.
2921 2045 3042 2098 Jam
3065 2061 3178 2100 vero
3200 2061 3444 2098 numerus
3467 2045 3672 2112 quidem
3697 2053 3880 2096 trecen-

2300 2139 2525 2194 tenarius
2568 2147 2640 2192 est
2687 2138 2941 2192 ternarias
2985 2138 3037 2190 in
3072 2139 3380 2191 centenario.
3433 2136 3671 2189 Decimus
3719 2145 3880 2187 autem

2298 2237 2408 2290 sine
2456 2234 2564 2288 ulla
2593 2235 2932 2288 controuersia
2975 2241 3048 2287 est
3077 2235 3411 2304 undequaque
3447 2233 3717 2300 perfectus.
3759 2230 3880 2284 Octo

2299 2337 2490 2394 autem,
2520 2327 2608 2397 qui
2639 2335 2708 2380 est
2741 2327 2934 2394 primus
2976 2325 3156 2391 cubus,
3179 2335 3250 2380 est
3277 2324 3622 2395 aequalitas'in
3653 2322 3881 2375 omnibus

2301 2417 2718 2480 dimensionibus,
2745 2425 2847 2472 etc.
2897 2415 3214 2472 Addendum
3255 2425 3341 2470 est
3375 2414 3610 2470 versioni
3661 2413 3878 2478 Latinae,

2300 2529 2403 2584 qua
2427 2521 2566 2576 utor,
2603 2512 2824 2566 Lutetiae
2859 2509 3182 2564 Parisiorum
3225 2507 3380 2574 1647,
3429 2508 3665 2562 trecentis
3711 2519 3874 2560 necent

2301 2625 2367 2663 ET
2395 2622 2528 2662 oc'ro
2565 2603 2871 2668 vernaculis,
2913 2617 3032 2656 nam
3061 2601 3246 2657 Graece
3276 2609 3359 2656 est
3388 2607 3472 2661 τιὴ
3518 2599 3616 2670 (c).
3667 2597 3728 2654 S.
3759 2601 3880 2652 Am-

2300 2697 2513 2754 brosius
2541 2695 2632 2750 lib.
2659 2711 2675 2749 I
2704 2695 2770 2750 de
2809 2695 3099 2762 Abraham,
3131 2707 3248 2762 cap.
3281 2693 3351 2748 5:
3382 2689 3693 2746 Numerauit
3725 2699 3882 2743 autem

2301 2789 2624 2860 (Abraham)
2650 2797 2894 2842 trecentos
2924 2785 3094 2840 decem
3121 2794 3168 2840 et
3188 2793 3320 2852 octo,
3343 2791 3398 2837 ut
3428 2785 3558 2837 scias
3591 2799 3695 2836 non
3719 2797 3880 2852 quan-

2302 2883 2494 2936 titatem
2529 2881 2766 2958 _numeri,
2809 2881 2898 2934 sed
2943 2879 3180 2932 meritum
3220 2877 3476 2932 electionis
3521 2889 3880 2946 expressum...

2304 2957 2572 3026 Trecenta;
2593 2973 2728 3026 enim
2757 2969 2798 3023 T
2821 2969 3002 3026 Graeca
3030 2971 3199 3022 littera
3226 2967 3500 3039 signiﬁcat,
3523 2967 3701 3020 decem
3721 2975 3766 3019 et
3780 2975 3884 3019 octo

2301 3076 2472 3120 autem
2515 3089 2564 3124 ιη
2601 3065 2854 3134 exprimit.
2903 3062 3051 3116 Fidei
3089 3078 3210 3132 ergo
3251 3060 3430 3114 merito
3461 3058 3728 3112 Abraham
3755 3056 3884 3120 uicit,

2307 3175 2409 3212 non
2436 3159 2686 3230 pepuloso
2707 3157 2952 3212 exercitu.
2985 3155 3086 3210 Alii
3115 3155 3315 3226 legunt,
3339 3168 3540 3206 summa
3579 3175 3630 3211 in
3655 3151 3886 3222 exprimit

617 3259 900 3300 numerum
944 3251 1327 3310 trecentorum.
1375 3258 1519 3313 saepe
1549 3243 1647 3299 SS.
1693 3241 1881 3300 Patres
1928 3243 2078 3300 aiunt
2139 3261 2204 3301 eo
2234 3239 2282 3306 C
2313 3268 2492 3306 nomen
2519 3251 2676 3320 ﬁdei;
2704 3250 2812 3316 alii,
2845 3264 3044 3303 summa
3080 3245 3204 3302 Iesu
3228 3246 3464 3314 exprimit
3493 3261 3704 3299 nomen.
3739 3243 3804 3300 Et
3835 3244 3886 3300 in

619 3429 946 3501 quaesierunt,
971 3441 1030 3478 ac
1053 3423 1130 3477 vel
1161 3439 1358 3501 cru_cc_m
1383 3441 1662 3489 nomenque
1687 3425 1837 3480 Jesus
1856 3445 1914 3482 eo
1937 3427 2200 3499 signiﬁca-
2262 3425 2265 3428 ’

618 3495 728 3554 tum
757 3499 914 3569 fuisse
940 3503 1139 3569 putant,
1173 3497 1248 3550 cel
1287 3495 1462 3550 Patres
1499 3505 1770 3550 {recentum
1805 3495 2201 3555 decem'et'octo

617 3571 674 3624 in
710 3567 924 3622 cancilio
979 3567 1194 3640 Νἱεωῃρ
1230 3578 1402 3620 contra
1458 3570 1635 3620 Arium
1690 3581 2041 3640 congregatas.
2071 3571 2202 3632 _lloc

620 3641 830 3708 planum
861 3647 972 3708 est;
1005 3638 1308 3690 dominicam
1343 3653 1458 3690 vero
1488 3654 1687 3691 crucem
1719 3648 1760 3692 et
1793 3638 2134 3708 nomen.quia
2158 3642 2199 3696 T

621 3707 852 3764 Crtecum
878 3707 1022 3760 habet
1050 3709 1268 3776 formam
1297 3709 1485 3772 crucis,
1514 3719 1560 3760 et
1588 3710 1837 3778 signiﬁcat
1868 3711 1990 3774 500,
2017 3707 2055 3762 L
2084 3729 2202 3765 vero

623 3793 670 3834 et
711 3780 760 3832 N
791 3781 960 3830 decem
997 3787 1044 3830 et
1089 3787 1218 3840 octo,
1255 3779 1547 3844 exprimunt
1587 3793 1766 3836 nomen
1809 3779 1958 3833 Jesus
1981 3789 2199 3844 Ἰησοῦς.

624 3851 700 3906 Ita
771 3862 953 3902 rorsus
984 3847 1094 3902 ille.
1151 3847 1256 3899 Sed
1297 3849 1570 3902 sciendum
1619 3849 1848 3904 litteram
1897 3861 1957 3910 Λ,
1992 3852 2090 3906 hoc
2121 3861 2204 3906 est

625 3921 693 3974 L.
723 3865 922 3974 graecis
950 3932 1046 3974 pro
1084 3931 1307 3970 numero
1347 3917 1413 3972 50
1461 3934 1609 3974 esse:
1663 3919 1891 3974 litteram
1920 3935 1958 3974 N
1988 3937 2081 3974 nro
2111 3925 2200 3974 50.

625 3921 693 3988 L,
723 3917 922 3974 Crtecis
950 3932 1046 3986 pro
1084 3931 1307 3988 numero
1347 3917 1413 3972 50
1461 3934 1609 3986 esse;
1663 3919 1891 3974 litteram
1920 3935 1958 3976 N
1988 3937 2081 3988 pro
2111 3925 2200 3987 50,

628 3987 868 4058 adeoque
898 4004 1001 4042 non
1036 3987 1273 4058 intelligo
1315 4003 1418 4054 quo
1442 3997 1596 4058 pacto
1637 3991 1935 4058 sign-licent
1977 3987 2066 4056 {8,
2113 4003 2204 4046 aut

627 4057 930 4131 exprimant
953 4073 1146 4112 nomen
1175 4057 1346 4111 .Iesus.
1373 4057 1863 4131 Suspicandilocns
1887 4071 1989 4127 est,
2022 4063 2200 4117 Teolii

624 4129 786 4189 verba
837 4133 904 4185 ab
944 4131 1274 4202 exscriptore
1301 4129 1382 4182 vel
1421 4131 1754 4202 typographo
1777 4145 1898 4187 esse
1925 4145 2198 4202 corrupta,

624 4220 748 4262 nam
778 4203 999 4270 digitum
1031 4201 1084 4254 in
1107 4199 1280 4253 fontes
1311 4199 1558 4256 intendit.

703 4277 780 4343 (α)
817 4271 1226 4343 Βετιιιὶιιεῄιοοῄξ
1264 4271 1436 4324 citatis
1479 4271 1672 4343 allegat
1715 4273 1875 4328 etiam
1921 4273 2202 4329 Tertullia-

627 4339 776 4410 num,
829 4345 920 4398 lib.
949 4359 1024 4414 λιι
1071 4341 1126 4394 in
1179 4341 1553 4414 MarcioncuL:
1590 4339 1720 4414 Ipsa
1750 4352 1825 4396 est
1864 4347 1994 4398 enim
2035 4346 2202 4400 littera

625 4416 920 4470 Graecorum
944 4413 1080 4477 Tau,
1110 4421 1277 4463 nostra
1298 4424 1462 4464 autem
1485 4411 1548 4472 T,
1574 4411 1764 4480 species
1785 4415 1969 4469 crucis.
2001 4417 2065 4470 Et
2087 4431 2205 4470 car-

627 4491 772 4538 mine
797 4487 862 4538 '5:
899 4482 1010 4534 Hoc
1048 4483 1230 4551 etenim
1261 4483 1406 4551 signa
1439 4485 1733 4549 praedonum
1768 4488 1940 4538 stravit
1978 4503 2202 4550 acervos,

629 4551 940 4622 Congresms
986 4549 1169 4618 populo
1193 4549 1378 4622 Clyt—sti
1421 4553 1544 4622 sine,
1567 4555 1728 4606 milite
1765 4555 1944 4618 multo,
1985 4549 2202 4609 Tenen-9

629 4619 948 4695 tetto:equitc,
987 4619 1286 4695 numerus_T
1321 4621 1483 4695 littera
1515 4621 1694 4695 Grafca
1722 4633 1812 4695 est.
1844 4625 1940 4680 Ubi
1975 4626 2204 4695 loquitur

2309 3433 2531 3502 speciem
2575 3440 2725 3484 tenet.
2769 3429 2865 3484 Cui
2909 3447 2949 3483 st
2997 3443 3150 3502 super
3191 3435 3529 3480 transversam
3571 3425 3762 3502 lineam
3802 3428 3886 3502 id,

2307 3497 2444 3570 quod
2487 3503 2538 3554 in
2561 3515 2710 3554 crure
2747 3503 2946 3566 eminet,
3000 3499 3302 3570 adderetur;
3346 3513 3448 3550 non
3483 3497 3651 3551 crucis
3677 3499 3884 3565 species,

2307 3569 2396 3626 sed
2424 3574 2534 3638 ipsa
2565 3587 2690 3626 cruat
2727 3582 2871 3625 esset.
2907 3571 3040 3637 Quia
3068 3585 3186 3640 ergo
3217 3569 3310 3622 iste
3337 3577 3678 3640 trecentorum
3713 3585 3888 3622 nume-

2305 3659 2398 3695 rus
2425 3637 2479 3696 in
2511 3643 2618 3696 Tan
2646 3644 2812 3696 littera
2835 3637 3140 3702 continetur,
3171 3649 3214 3692 et
3237 3655 3324 3709 per
3355 3637 3464 3692 Tan
3489 3640 3730 3700 litteram,
3759 3640 3886 3692 sicut

2306 3713 2550 3794 diximus,
2576 3715 2773 3798 species
2795 3713 2960 3766 crucis
2987 3711 3424 3798 “(cupitum-aqu
3447 3710 3706 3790 immerito
3731 3710 3782 3760 in
3805 3711 3888 3789 his

2309 3784 2542 3836 trecentis
2573 3779 2858 3836 Gedeonent
2899 3781 3215 3850 sequentibus
3237 3781 3314 3833 illi
3353 3779 3601 3852 designati
3621 3787 3739 3852 sunt
3763 3781 3884 3844 qui-

2307 3853 2396 3904 bus
2433 3855 2618 3906 dictum
2652 3861 2724 3906 est
2747 3872 2764 3906 :
2789 3853 2848 3908 Si
2873 3847 2984 3920 quis
3025 3853 3130 3904 vult
3176 3859 3292 3922 post
3331 3866 3410 3902 me
3452 3847 3622 3908 uenire,
3661 3847 3880 3918 abneget

2307 3925 2654 3992 semetipsum,
2687 3935 2735 3976 et
2779 3925 2920 3977 tollat
2969 3938 3168 3976 crucem
3211 3937 3382 3985 suam,
3415 3929 3457 3976 et
3497 3929 3732 3992 sequatur
3778 3935 3884 3972 me.

2305 3989 2542 4048 Isidorus
2572 3995 2622 4047 in
2652 3993 2844 4048 Cenes.
2877 4009 2980 4046 VII:
3019 3991 3192 4045 Potest
3213 3992 3414 4057 quidem
3437 3999 3484 4043 et
3509 3989 3560 4040 in
3587 3989 3666 4041 his
3689 3999 3886 4057 trecen-

2307 4065 2372 4116 tis
2397 4063 2578 4117 cubitis
2604 4063 2784 4134 (arcte)
2810 4064 3012 4132 signum
3040 4061 3164 4134 ligni
3193 4055 3440 4132 passionis
3463 4060 3678 4134 ostendi.
3715 4055 3885 4130 Ipsius

2305 4135 2440 4190 enim
2471 4137 2650 4189 litteris
2674 4133 2714 4186 Τ
2741 4131 2977 4187 numerus
3005 4131 3170 4186 crucis
3194 4131 3509 4186 demonstrat
3535 4131 3764 4201 signum,
3783 4141 3882 4201 etc.

2381 4207 2456 4280 (τ)
2485 4203 3197 4280 ἒϐιεξητειις-Αζβχηηᾴτὶηυε
3257 4203 3535 4280 epistolam
3584 4199 3882 4280 'Qarnabaz,

2306 4271 2420 4332 sive
2439 4271 2665 4330 alterius
2707 4274 2806 4328 sub
2849 4273 3102 4328 Barnabas
3133 4275 3365 4334 nomine.
3397 4285 3540 4341 saape
3573 4271 3793 4342 allegat.
3833 4273 3884 4326 In

2310 4348 2407 4400 bar-
2430 4349 2652 4415 epistola
2684 4347 2871 4401 eadem
2914 4345 3278 4413 interpretatio
3307 4344 3598 4415 invenitur,
3642 4343 3884 4415 quamvis

2307 4411 2483 4472 minus
2523 4417 2658 4470 bene
2699 4417 2762 4469 ad
2812 4411 3086 4470 historiam
3131 4413 3552 4469 circumrisionis
3585 4411 3885 4467 referatur:

2308 4487 2501 4541 Discite
2541 4485 2872 4558 igitur,rfilii,
2905 4487 2968 4540 de
3012 4485 3240 4558 omnibus
3274 4483 3493 4558 abunde.
3549 4481 3886 4558 Abrahamus,

2307 4555 2614 4626 quiiprimus
2643 4557 2777 4610 dedit
2808 4557 3263 4626 circumcisionem,
3295 4556 3348 4626 in
3368 4555 3550 4624 spiritu
3573 4555 3888 4626 prospiciens

2309 4621 2362 4680 in
2395 4621 2588 4679 Filium
2619 4627 2840 4696 (rectius
2871 4629 2922 4681 in
2967 4621 3162 4692 Jesum,
3207 4621 3262 4679 ut
3313 4623 3366 4679 in
3395 4621 3654 4696 'yersio'ne
3711 4625 3890 4682 Latina

629 4689 996 4780 ggifiéitlelme-
1033 4690 1194 4744 Md“
1219 4691 1519 4756 Paulinum.
1548 4689 1871 4760 epist.2,‘de
1894 4711 1999 4764 quo
2021 4689 2204 4764 postea
2234 4718 2292 4780 Β
2315 4697 2530 4780 legitur)
2567 4689 3159 4780 circurncidit,nercrpto
3199 4693 3681 4780 trirtnt_ﬁttfrarum
3737 4697 3892 4778 docu-

629 4763 823 4817 dicam.

703 4834 778 4905 (rb)
809 4833 1008 4905 Praeter
1031 4833 1162 4905 alios
1185 4833 1243 4889 S.
1281 4833 1607 4902 Augustinus
1631 4848 1880 4889 sermone
1909 4835 1977 4888 56
2007 4851 2207 4905 appen-

629 4901 767 4958 dicis
785 4921 806 4974 ε,
849 4901 1054 4956 Gedeon
1096 4903 1240 4972 elegit
1277 4901 1518 4958 trecentos
1561 4905 1692 4957 viros
1742 4905 1808 4957 ad
1857 4901 2112 4972 praelium,
2155 4921 2208 4962 ut

630 4979 932 5036 ostenderet,
964 4989 1066 5024 non
1099 4974 1152 5024 in
1194 4989 1404 5028 numero
1444 4975 1805 5040 multitudinis,
1838 4977 1925 5029 sed
1953 4979 2002 5030 in
2033 4995 2209 5031 sacra-

630 5055 798 5100 mento
827 5044 993 5117 crucis
1022 5043 1594 5117 mundumabjncursu
1623 5043 1854 5117 grai-inm
1893 5047 2112 5101 hostium
2145 5049 2208 5101 li-

633 5117 816 5171 berari.
843 5114 1073 5168 Trecenti
1097 5113 1230 5166 enim
1267 5116 1318 5166 in
1349 5113 1528 5168 Graeca
1559 5115 1600 5169 T
1625 5113 2014 5172 similitudinem
2046 5121 2206 5174 crucis

633 5187 972 5242 ostendunt...
1013 5193 1060 5237 et
1097 5184 1218 5254 quia
1255 5189 1458 5238 trecenti
1499 5190 1777 5240 secundum
1808 5189 2040 5243 ercum
2071 5205 2206 5242 com-

629 5268 808 5328 putum
831 5269 1029 5310 crucem
1059 5255 1272 5328 faciunt,
1300 5257 1370 5307 ita
1393 5265 1510 5328 tunc
1533 5255 1734 5311 Gedeon
1755 5261 1808 5312 in
1838 5261 2064 5313 trecenti.-
2087 5261 2205 5314 viris

625 5325 928 5400 Judworum
959 5325 1206 5400 populum
1236 5327 1297 5400 de
1327 5327 1684 5380 crudelissimis
1723 5331 1954 5400 gentibus
1999 5331 2202 5400 eripuit,

625 5399 883 5467 quomoda
929 5395 1103 5466 postea
1138 5395 1366 5452 Christus
1398 5411 1484 5464 per
1513 5395 1806 5465 mysterium
1851 5403 2014 5454 crucis
2047 5395 2206 5452 totum

625 5487 783 5592 genus
811 5470 1092 5552 humanum
1116 5469 1180 5520 de
1207 5477 1454 5549 potestate
1484 5469 1674 5520 diaboli
1712 5469 1959 5525 liberavit.
1994 5471 2050 5524 S.
2077 5471 2206 5551 hm-

669 5555 840 5592 rostus
883 5557 937 5592 In
981 5539 1176 5592 Lucam
1233 5540 1322 5592 lIb.
1377 5553 1450 5592 vr.
1493 5553 1608 5592 can.
1661 5539 1710 5592 7.
1758 5541 2027 5592 exnheans
2075 5541 2204 5592 Illud

669 5545 840 5594 rosius
883 5541 937 5594 in
981 5539 1176 5593 Lucam
1233 5539 1322 5592 lib.
1377 5553 1450 5604 vr,
1493 5553 1608 5605 cap.
1661 5539 1710 5602 7,
1758 5541 2027 5608 explicans
2075 5541 2204 5594 illud

625 5606 864 5672 Joannis,
929 5609 1106 5663 Potuit
1151 5610 1283 5662 enim
1336 5611 1616 5662 uenundari
1663 5606 1894 5662 trecentis
1951 5611 2197 5676 denariis,

623 5679 696 5733 ait
723 5696 736 5732 :
767 5678 1012 5732 Trecenta
1055 5691 1220 5734 autem
1252 5695 1356 5732 tera
1381 5681 1544 5733 crucis
1581 5680 1780 5748 insigne
1810 5681 2092 5736 declarant.
2137 5683 2193 5734 S.

623 5747 914 5818 Gregorius
945 5749 1178 5816 Magnus,
1207 5751 1295 5820 lib.
1333 5765 1434 5805 xxx
1462 5747 1758 5814 Moralium,
1791 5765 1913 5820 cap.
1949 5751 2014 5805 Π
2043 5769 2054 5804 :
2083 5751 2202 5804 Tri-

623 5817 862 5876 mea
887 5833 1128 5874 numerus
1153 5821 1208 5874 in
1230 5817 1344 5874 Tati
1383 5820 1554 5876 littera
1587 5817 1875 5876 continetur
1900 5835 2014 5891 qua
2031 5824 2198 5877 crucis

2313 4763 2482 4838 mento
2506 4763 2522 4820 ἑ
2553 4779 2726 4821 narrat
2756 4771 2888 4821 enim
2918 4763 3210 4838 Scriptura,
3243 4765 3380 4837 quod
3419 4763 3738 4838 Abrahamus
3763 4767 3893 4838 uiros

2311 4853 2340 4894 e
2389 4837 2538 4892 domo
2585 4855 2678 4891 sua
2721 4839 2890 4892 decim
2928 4845 2972 4892 et
3021 4833 3129 4890 octo
3167 4845 3216 4891 et
3253 4833 3495 4891 trecentos
3547 4833 3889 4890 circumcidit.

2317 4909 2442 4974 Qua?
2471 4925 2588 4978 ergo
2619 4909 2695 4961 illi
2717 4909 2770 4961 in
2807 4909 2900 4960 hoc
2927 4911 3050 4962 data
3077 4919 3152 4960 est
3179 4907 3398 4977 cegnitio
3417 4907 3442 4959 ?
3467 4905 3660 4959 Discite
3681 4922 3698 4957 :
3727 4907 3892 4978 primo

2313 4993 2486 5034 DECEI
2517 4995 2582 5033 ετ
2611 4993 2764 5041 οοτο,
2790 4979 2904 5032 dein
2927 4991 3266 5033 rncccaros:
3290 4989 3464 5033 DECEH
3484 4985 3657 5028 autem
3685 4985 3734 5029 et
3759 4989 3894 5030 ocra

2311 5051 2667 5114 exprimuntur
2696 5063 2784 5118 per
2815 5050 2868 5118 ι(
2877 5049 3066 5118 decem)
3099 5073 3128 5108 η
3162 5048 3318 5118 (octo)
3343 5067 3353 5100 :
3391 5045 3544 5098 habes
3571 5047 3774 5118 initium
3805 5061 3894 5118 no-

2311 5121 2464 5173 minis
2489 5117 2658 5172 Jesus.
2693 5115 2790 5190 (Ita
2819 5115 2953 5172 hanc
2983 5115 3257 5190 periodum
3293 5115 3630 5190 interpungo,
3666 5117 3773 5190 alii,
3793 5115 3898 5168 ali-

2313 5191 2438 5260 ter.)
2473 5191 2604 5256 Quia
2631 5186 2747 5243 vero
2775 5203 2904 5260 crus:
2929 5186 3176 5258 inﬁgura
3215 5186 3490 5260 liuet-rel",
3521 5202 3640 5260 quae
3665 5187 3896 5255 designat

2311 5256 2578 5314 numerum
2605 5273 2720 5322 ccc,
2747 5259 2978 5329 habitura
2997 5256 3104 5330 erat
3125 5259 3363 5330 gratiam,
3392 5256 3511 5330 ideo
3538 5257 3636 5330 ait,
3673 5271 3898 5330 ETi‘l‘nE-

2311 5347 2526 5386 ccnros.
2565 5331 2796 5384 Ostendit
2823 5327 3000 5400 itaque
3047 5325 3223 5384 Iesum
3267 5331 3320 5382 in
3366 5325 3564 5400 duabus
3600 5329 3812 5400 litteris,
3846 5337 3899 5378 et

2311 5413 2506 5454 crucem
2530 5403 2584 5454 in
2608 5399 3048 5470 tertia.fScitjhoc,
3081 5402 3165 5470 qui
3193 5401 3398 5454 insitum
3428 5399 3618 5450 donum
3645 5399 3900 5451 doctrinm

2310 5485 2418 5524 sua:
2437 5471 2604 5540 posuit
2625 5472 2678 5524 in
2710 5469 2869 5524 nobis.
2897 5469 3064 5526 Nemo
3093 5469 3256 5541 magis
3275 5483 3570 5541 germanum
3593 5483 3632 5541 a_
3649 5483 3732 5521 me
3751 5483 3900 5519 acce-

2311 5543 2384 5610 pit
2406 5537 2718 5613 ssi-manem;
2748 5541 2835 5613 sed
2874 5541 3087 5613 sciotjos
3117 5537 3302 5613 dignos
3340 5555 3463 5613 esse.
3505 5537 3634 5613 ξλεεί
3671 5545 3902 5613 possunt

2311 5607 2451 5664 notua
2501 5611 2737 5681 liugonis
2788 5609 3059 5677 Menas-di,
3116 5607 3336 5667 Joannis
3391 5607 3612 5681 Davisii,
3671 5607 3900 5681 {cannis

2311 5681 2562 5748 Baptista:
2585 5677 2881 5746 'Cotelerii,
2937 5681 3184 5736 Eduardi-
3214 5678 3493 5746 Bernardi,
3535 5685 3593 5733 et
3637 5677 3904 5734 editionis

2311 5751 2630 5807 Oxoniensis
2659 5751 2712 5807 in
2740 5753 2879 5806 hunc
2905 5751 3101 5808 locum.
