4102 6348
551 387 653 449 Ἱ19

554 506 670 559 sine
698 498 949 569 Sphynge
994 501 1048 549 et
1081 487 1291 557 OEdipo
1340 482 1599 552 intelligat
1647 476 1777 549 quid
1812 473 2125 544 exprimere
2153 475 2209 534 Α

558 566 783 652 voluerit
804 566 1148 649 l’rudentius,
1170 595 1292 637 eum
1318 576 1565 648 exposita
1600 569 1826 629 historia
1858 567 1926 625 de
1963 566 2132 622 victo-

560 689 638 744 ria
658 679 946 742 Abrahauti
973 675 1178 732 addidit
1200 692 1217 729 :

740 777 836 825 Nos
859 784 971 822 esse
993 770 1129 831 large
1150 765 1455 831 vernularum
1474 762 1669 831 divites,

742 822 804 886 Si“
818 822 934 899 quid
960 822 1192 899 treCEnti,
1214 829 1291 877 bis
1312 826 1514 899 novenis
1547 822 1739 899 additis,

746 886 953 957 Possint,
980 893 1135 956 ﬁgura
1158 886 1435 941 noverimus
1462 886 1678 948 mystica.

1092 992 1369 1069 ,carur
1423 988 1567 1046 χχι

565 1098 716 1155 Fidei
729 1095 995 1151 catholica:
1005 1099 1051 1146 et
1066 1087 1312 1143 Ecclesia:
1324 1081 1593 1155 catholicas
1608 1076 1886 1155 appellatio
1901 1081 2146 1155 quantum

712 1145 1233 1229 aliisque
1266 1155 1485 1224 antiquis
1520 1145 1771 1219 Hispanis
1802 1145 1997 1199 debeat.

645 1283 801 1355 170
830 1279 954 1334 197.
980 1277 1135 1345 Saepe
1178 1268 1520 1333 Prudentius,
1550 1268 1885 1334 repugnante
1905 1257 2148 1328 quamvis

574 1386 769 1437 metro,
801 1368 1038 1424 catholici
1067 1378 1254 1418 vocem
1283 1361 1335 1415 in
1359 1360 1471 1413 suis
1492 1354 1819 1411 carminibus
1848 1348 2146 1418 usurpavit,

574 1481 679 1521 non
709 1464 796 1518 illa
827 1458 1097 1515 communi
1138 1450 1524 1524 signiﬁcatione
1558 1463 1661 1517 qua
1683 1444 1963 1499 catholicus
1996 1448 2152 1496 sonat

572 1554 928 1615 universalent,
960 1547 1056 1604 sed
1096 1546 1196 1601 bac
1239 1544 1407 1613 magis
1449 1538 1665 1611 propria
1708 1550 1815 1608 qua
1857 1531 2151 1588 catholicus

572 1650 766 1707 dicitur
794 1646 884 1717 qui
903 1659 1009 1699 non
1037 1650 1121 1697 est
1161 1637 1465 1700 haereticus,
1499 1643 1552 1688 et
1584 1641 1741 1702 prout
1766 1630 1834 1684 ab
1856 1643 1921 1684 eo
1950 1627 2155 1680 discer-

573 1742 742 1799 nitur.
765 1740 823 1794 ln
846 1736 1053 1808 praefat.
1078 1731 1314 1788 omnium
1360 1742 1603 1799 operum,
1645 1739 1786 1779 vers.
1822 1722 1922 1777 39:
1950 1718 2156 1789 Pugnat

1975 356 2423 419 PRDDENTIUS.

3709 331 3826 389 Ἰἰο

2231 466 2462 535 indulge.
2505 463 2630 517 Cum
2666 470 2778 530 post
2827 453 3085 529 apostolos
3143 452 3359 507 htcreses
3387 447 3822 503 exstitissent...”

2240 576 2406 617 nonne
2426 571 2703 630 cognomen
2732 568 2882 607 suum
2904 550 3042 621 plebs
3068 546 3353 618 apostolica
3373 538 3681 613 postulabat,
3716 553 3826 607 quo

2241 628 2521 720 incorrupti
2574 646 2751 719 populi
2782 643 3108 712 distingueret
3158 637 3405 691 unitatem
3426 634 3515 687 ?...
3554 629 3664 699 Ego
3696 628 3831 698 forte

2242 748 2500 818 ingressus
2548 739 2849 811 populosam
2875 734 3047 788 urbem
3093 728 3269 794 hodie,
3298 742 3415 780 cum
3462 720 3830 783 Marcionitas,

2244 817 2361 893 cum
2394 833 2823 907 Apollinariacos,
2866 827 3242 897 Cataphrggas,
3292 830 3340 874 et
3394 817 3737 879 Novatiauos,
3786 822 3835 865 et

2247 940 2453 985 cazteros
2478 924 2734 1000 ejusmodi
2778 920 3153 991 comperissem,
3193 913 3281 983 qui
3310 927 3363 965 se
3390 907 3711 965 Christianos
3746 922 3840 959 vo-

2249 1028 2444 1087 carent,
2491 1034 2591 1088 quo
2642 1013 2941 1085 cognomine
2997 1006 3445 1078 congregationem
3501 1014 3623 1053 ntere
3672 997 3839 1066 plebis

2252 1110 2710 1187 agnoscerem,nisi
2747 1117 3039 1161 cunouca
3081 1101 3333 1152 diceretur
3360 1098 3382 1150 Ρ
3408 1094 3566 1151 Plura
3607 1092 3709 1144 alia
3745 1090 3841 1141 ςιιΙ-

2254 1182 2333 1262 dit
2360 1204 2594 1276 egregia,
2625 1201 2720 1257 sed
2754 1198 2881 1254 illud
2912 1212 3017 1252 non
3054 1190 3406 1249 omittendum
3438 1186 3580 1257 quod
3608 1184 3661 1238 in
3696 1182 3839 1237 mni-

2255 1275 2430 1353 torum
2458 1295 2609 1349 libris
2665 1291 2924 1361 repetitur
2975 1285 3133 1341 :Nec
3178 1293 3346 1337 tamen
3384 1286 3591 1342 testues,
3644 1275 3842 1345 frater;

2254 1390 2609 1445 ClRlSTlANUS
2636 1399 2751 1438 utut
2771 1396 2944 1437 uoueu
2975 1394 3090 1444 nsr,
3122 1360 3449 1431 caruoucus
3474 1382 3613 1423 veno
3644 1381 3744 1421 coc
3765 1380 3846 1413 ιο-

2257 1498 2385 1539 ιιιιΝ.
2414 1478 2559 1534 Illud
2600 1492 2678 1531 me
2704 1481 2991 1542 nuncupat,
3024 1469 3162 1524 istud
3196 1464 3451 1528 ostendit;
3492 1460 3588 1514 hoc
3630 1456 3841 1527 probor,

2254 1573 2376 1628 inde
2401 1569 2681 1642 signiﬁcor.
2716 1564 2856 1621 Nihil
2886 1560 3053 1633 potuit
3079 1558 3181 1613 diei
3210 1551 3553 1611 luculentius.

2330 1637 2465 1719 199:
2486 1637 2705 1714 Codicis
2742 1650 3103 1710 Theodosiani
3144 1646 3333 1703 titulus
3380 1651 3464 1699 est
3494 1642 3546 1694 in
3578 1637 3673 1693 lib.
3711 1650 3841 1690 xvi:

2261 1754 2338 1809 De
2361 1753 2464 1823 fide
2492 1749 2761 1804 catholica.
2792 1741 3130 1800 Theodosius
3154 1747 3361 1806 noster,
3397 1729 3849 1806 prazelarissimns

575 1841 754 1888 contra
784 1831 1017 1893 mm"
1037 1822 1342 1921 “fimi?”
1358 1820 1597 1921 discufia‘
1629 1807 2151 1921 ﬁdem'_,pﬁri§tefh
2182 1859 2229 1921 Β
2257 1807 2565 1917 imperator,
2614 1842 2680 1897 ad
2732 1838 2983 1910 populum
3019 1833 3167 1889 urbis
3225 1830 3391 1885 Const
3412 1822 3851 1891 antinopolitanae

578 1927 762 1999 hymn.
795 1925 883 1990 ll,
917 1936 1061 1977 vers.
1092 1917 1199 1972 εις
1231 1915 1448 1969 Munere
1476 1913 1695 1965 dilatant
1728 1904 1992 1960 catholica:
2030 1900 2152 1971 fidei

579 1990 635 2074 ei
684 2015 845 2087 paulo
912 2020 1034 2085 post
1094 2006 1312 2079 exponit
1357 2003 1485 2075 quid
1561 2002 1630 2057 sit
1684 1996 1947 2053 catholica
1988 1990 2157 2060 ﬁdes,

582 2120 724 2165 vers.
749 2106 850 2162 50:

889 2171 1147 2223 Catholicis
1169 2168 1363 2217 reddite
1387 2179 1470 2215 vos
1496 2162 1699 2226 populis.

646 2239 753 2287 Una
776 2220 1104 2294 ﬁdesfvigeat,
1128 2233 1286 2293 prisco
1304 2241 1413 2289 quae
1434 2220 1947 2294 conditatemplonest,

709 2279 1290 2359 Guam'l’au‘lus‘i'étinet,
1310 2279 1554 2351 quamque
1576 2279 1804 2334 cathedra
1822 2282 1957 2331 Petri
1981 2279 2072 2341 (tl).

587 2403 786 2475 Apoth.
815 2417 955 2457 vers.
992 2399 1057 2455 2:
1087 2398 1168 2451 Ne
1215 2397 1329 2449 dira
1366 2394 1530 2447 relatu
1574 2390 1829 2460 Dogmata
1859 2384 2167 2440 catholicam

586 2473 837 2550 maculent
861 2490 993 2545 male
1015 2489 1218 2560 prodita
1239 2488 1486 2556 linguam.
1520 2480 1678 2546 lbid.,
1703 2495 1843 2534 vers.
1874 2476 1975 2532 291
2001 2492 2013 2529 :
2040 2473 2169 2528 Π(εο

587 2600 642 2644 tu
672 2589 715 2643 si
753 2585 957 2641 dubitas
1004 2582 1110 2635 nati
1138 2579 1378 2650 mysteria
1404 2574 1615 2639 Christi,
1657 2571 1885 2636 Perdite,
1915 2566 2169 2622 catholica

587 2695 689 2735 non
701 2696 752 2735 es
766 2678 828 2731 de
844 2674 1003 2745 plebe.
1022 2670 1307 2742 Psychom.
1338 2683 1481 2723 vers.
1511 2665 1644 2719 107:
1674 2661 1939 2716 Catholica
1966 2659 2020 2712 in
2045 2666 2169 2712 tem—

588 2772 675 2841 plo
704 2769 862 2824 divini
887 2766 1039 2837 fontis
1079 2763 1145 2817 ad
1174 2778 1318 2815 aram
1342 2758 1633 2814 Consecrat.
1660 2754 1820 2808 Praef.
1861 2768 1877 2805 1
1910 2750 1963 2804 in
1990 2749 2164 2818 Sym.,

590 2879 734 2921 vers.
767 2860 835 2917 59
861 2878 874 2914 :
899 2857 1213 2913 Catholicam
1236 2868 1479 2923 puppem.
1507 2849 1623 2903 Vox
1645 2846 1859 2917 quidem
1882 2842 2171 2897 catholicus

592 2971 623 3010 a
655 2953 836 3024 primis
868 2950 1075 3007 saeculis
1123 2945 1376 3001 Ecclesiae
1407 2941 1649 2997 adhiberi
1690 2947 1775 2994 est
1814 2944 1988 3005 coepta
2031 2933 2170 3024 apud

596 3050 890 3109 Irenaeum,
933 3042 1266 3097 Clementem
1298 3033 1717 3092 Aletandrinum
1759 3029 1999 3096 aliosque
2023 3005 2059 3092 ;”
2079 3023 2173 3080 sed

598 3141 745 3195 hanc
768 3135 1089 3207 peculiarem
1122 3128 1565 3200 signiﬁcationem
1610 3139 1712 3194 qua
1748 3120 1988 3176 haeretici
2025 3133 2054 3172 a
2084 3131 2175 3172 ea-

2265 1910 2434 2009 legem
2462 1910 2752 1992 secundam
2784 1930 2900 1997 ejus
2931 1924 3071 1981 tituli
3114 1924 3139 1977 t
3171 1935 3310 1975 anno
3344 1917 3450 1973 sso
3486 1915 3605 1969 tulit
3643 1914 3696 1967 in
3735 1910 3855 1964 haec

2263 2003 2428 2087 verba
2454 2045 2467 2081 :
2489 2024 2705 2081 Cunctos
2730 2020 2969 2091 populos,
3000 2032 3125 2085 quos
3167 2011 3450 2067 clementia:
3495 2014 3687 2061 nostra?
3724 2003 3855 2071 regit

2268 2124 2745 2190 temperamentum,
2767 2113 2819 2166 in
2839 2111 2927 2165 tali
2947 2108 3178 2162 volumus
3202 2102 3443 2174 religione
3485 2096 3675 2152 versari
3700 2110 3856 2163 quam

2274 2186 2502 2266 divinum
2524 2208 2741 2263 Petrum
2769 2202 3061 2274 apostolum
3090 2196 3360 2252 tradidisse
3386 2189 3632 2248 Romanis
3677 2186 3857 2257 religio

2268 2322 2427 2376 usque
2450 2318 2584 2358 nunc
2603 2301 2667 2356 ab
2688 2302 2797 2370 ipso
2824 2297 3084 2352 insinuata
3111 2292 3353 2353 declarat,
3388 2299 3641 2354 quamque
3685 2280 3856 2349 ponti-

2271 2370 2417 2465 ﬁcem
2446 2394 2727 2447 Damasum
2763 2387 2900 2457 sequi
2942 2386 3122 2447 claret,
3165 2390 3213 2436 et
3262 2378 3471 2432 Petrum
3524 2370 3857 2427 Alexandria:

2272 2488 2583 2558 episcopum,
2618 2484 2778 2536 virum
2804 2474 3101 2542 apostolicae
3134 2469 3415 2528 sanctitatis
3437 2482 3456 2521 :
3487 2476 3540 2519 ut
3583 2462 3860 2519 secundum

2275 2556 2614 2647 apostolicam
2655 2571 2977 2639 disciplinam
3046 2564 3481 2635 evangelicamque
3532 2556 3857 2617 doctrinam,

2274 2642 2475 2733 Patris,
2506 2675 2552 2719 et
2578 2662 2732 2728 Filii,
2764 2670 2810 2715 et
2846 2659 3073 2730 Spiritus
3104 2655 3286 2718 sancti,
3314 2667 3469 2704 unam
3509 2649 3746 2702 deitatem
3770 2642 3862 2697 sub

2274 2759 2426 2831 parili
2460 2759 2723 2827 majestate
2765 2761 2812 2808 et
2848 2751 2938 2806 sub
2976 2750 3061 2819 pia
3100 2748 3325 2800 trinitate
3354 2741 3645 2796 credamus.
3705 2735 3855 2789 lianc

2277 2854 2436 2923 legem
2473 2857 2734 2921 sequentes
2779 2857 3197 2901 CHRlSTIANOBUM
3244 2848 3653 2893 CATBOLICORUI
3688 2840 3860 2884 δοκεῖ(

2276 2958 2503 3000 suscitas
2535 2954 2793 2996 AMPLECTI
2815 2956 2827 2991 :
2851 2933 3073 3004 reliquos
3101 2949 3217 2987 vero
3249 2932 3525 2989 dementes,
3560 2936 3865 2989 vesanosque

2267 3036 2585 3107 judicantes,
2616 3030 2840 3086 haeretici
2876 3026 3128 3098 dogmatis
3158 3022 3426 3092 infantiam
3456 3018 3736 3078 sustinere,
3772 3026 3865 3065 nec

2279 3125 2617 3181 conciliabula
2642 3138 2819 3177 eorum
2859 3119 3182 3175 ecclesiarum
3208 3129 3391 3168 nomen
3418 3110 3663 3179 accipere.
3689 3105 3861 3159 divina

598 3228 915 3284 tholicorum
942 3237 1165 3279 numero
1188 3219 1563 3283 excluduntur,
1596 3214 1728 3269 nulli
1770 3222 1860 3267 aut
1891 3212 2038 3280 prius
2085 3216 2175 3262 aut

2281 3220 2499 3288 primum
2513 3216 2751 3280 vindicta,
2772 3222 2881 3283 post
2898 3212 3050 3266 etiam
3062 3218 3222 3262 motus
3236 3205 3416 3269 nostri,
3443 3216 3591 3267 quem
3603 3217 3667 3253 ex
3684 3196 3871 3251 τοξιεηί

2350 3312 2390 3317 --
2449 3312 2459 3317 -
2753 3309 2763 3317 .
2977 3304 3025 3317 ιν·
3205 3300 3293 3317 ιγ..
3332 3299 3448 3317 ην.--
3532 3293 3859 3317 ‘I.--n:..:.......

598 3320 859 3377 illustrius
885 3321 1286 3385 expresserunt,
1311 3324 1472 3380 quam
1504 3305 1726 3376 Hispani
1754 3303 2065 3372 scriptores.

669 3410 793 3467 198.
824 3410 881 3464 In
903 3406 1132 3463 concilio
1172 3403 1501 3459 Eliberitano
1522 3413 1691 3456 canon
1723 3406 1805 3452 est
1847 3396 1915 3450 16
1948 3413 1962 3450 :
1996 3394 2178 3449 Hiere-

599 3507 685 3562 tici
706 3506 749 3560 si
779 3521 830 3558 se
862 3504 1139 3571 transferre
1161 3498 1417 3553 noluerint
1450 3495 1516 3548 ad
1540 3492 1827 3548 Ecclesium
1848 3488 2177 3550 catholicam,

598 3616 691 3655 nec
712 3600 835 3669 ipsis
856 3595 1129 3651 catholicas
1149 3592 1347 3645 dandas
1374 3604 1481 3643 esse
1500 3586 1716 3658 puellas.
1749 3584 1825 3642 Ab
1851 3583 1953 3637 hoc
1979 3593 2182 3635 canone

599 3694 829 3762 reliqua,
858 3690 941 3744 vel
968 3684 1238 3757 generalia
1260 3683 1343 3738 vel
1372 3678 1743 3750 provincialia,
1767 3674 1996 3732 concilia
2027 3686 2182 3728 acce-

602 3786 763 3853 pisse,
796 3796 916 3851 quae
963 3776 1274 3848 bujusmodi
1303 3772 1660 3829 matrimoniis
1699 3769 1902 3825 aditum
1953 3767 2184 3837 praeclu-

602 3881 809 3939 serunt,
842 3870 1045 3925 notavit
1068 3865 1439 3923 Ferdinandus
1466 3862 1719 3918 Mendoza
1749 3860 1839 3916 lib.
1880 3874 1919 3913 ιι
1946 3858 2013 3914 de
2037 3856 2183 3913 Con-

605 3961 976 4019 ﬁrm.Concil.
1010 3959 1253 4015 Eliberit.
1302 3958 1564 4013 Pacianus
1611 3952 2024 4010 Barcinonensis
2073 3951 2186 4019 epi-

608 4073 826 4127 scopus,
851 4054 1003 4125 cujus
1034 4053 1142 4108 ﬁlio
1168 4052 1374 4107 Dextro
1398 4049 1455 4107 S.
1482 4050 1837 4119 Hieronymus
1857 4044 2183 4118 171'suum

602 4152 928 4222 scriptorum
999 4145 1480 4204 ecclesiasticorum
1535 4141 1833 4211 eatalogum
1891 4138 2181 4208 inscripsit,

603 4243 705 4299 sub
748 4240 1055 4297 Theodosio
1098 4238 1342 4308 principe
1378 4236 1562 4291 ultima
1602 4241 1878 4290 senectute
1920 4239 2183 4296 mortuus,

605 4336 855 4391 castitate
901 4340 957 4387 et
984 4329 1310 4399 eloquentia,
1357 4336 1412 4384 et
1454 4337 1559 4382 tam
1593 4327 1700 4381 vita
1748 4340 1906 4395 quam
1937 4336 2187 4379 sermone

605 4426 785 4482 clarus
812 4440 842 4477 a
868 4423 929 4478 S.
955 4423 1284 4491 Hieronymo
1300 4419 1517 4474 dicitur.
1545 4419 1591 4472 Is
1618 4417 1896 4486 epistolam
1927 4414 2186 4469 adversus

607 4516 892 4587 quemdam
915 4514 1266 4569 Novatianum
1303 4512 1371 4566 de
1411 4510 1677 4566 catholico
1712 4509 1925 4563 nomine
1950 4508 2184 4576 scripsit,

2282 3312 2493 3367 arbitrio
2514 3309 2901 3379 sumpserimus,
2928 3304 3124 3359 ultione
3164 3299 3473 3369 plectendos.
3525 3293 3862 3349 Justiniamts

2285 3406 2424 3461 hanc
2455 3406 2629 3474 legem
2663 3402 2890 3471 primam
2924 3412 3044 3454 esse
3065 3394 3231 3450 voluit
3254 3392 3335 3447 sui
3359 3390 3582 3453 codicis,
3628 3400 3691 3439 ac
3731 3383 3869 3437 tituli

2284 3496 2479 3568 primi:
2508 3473 2587 3547 De
2614 3508 2811 3547 summa
2832 3489 3083 3544 Trinitate
3121 3502 3179 3539 ac
3209 3485 3310 3553 fide
3346 3479 3618 3542 catholica,
3652 3475 3738 3530 ubi
3768 3473 3873 3527 etsi

2285 3591 2501 3645 nomina
2524 3588 2907 3656 imperatorum
2941 3578 3206 3646 Gratiani,
3236 3573 3590 3630 Valentiniani
3620 3581 3672 3625 et
3696 3568 3876 3622 Theo-

2285 3680 2423 3736 dosii
2446 3679 2861 3750 praemittuntur,
2904 3684 3083 3730 tamen
3111 3688 3140 3725 a
3178 3670 3294 3725 solo
3339 3664 3647 3722 Theodosio
3679 3662 3875 3730 Magno

2285 3772 2448 3827 latam
2475 3786 2594 3826 eam
2625 3769 2791 3824 fuisse
2840 3768 3013 3836 legem
3059 3772 3271 3819 constat
3314 3775 3382 3814 ex
3412 3757 3589 3812 codice
3614 3751 3874 3807 Theodo-

2286 3866 2440 3920 siano
2484 3875 2540 3919 et
2586 3859 2974 3918 commentario
3024 3853 3359 3913 Gothofredi.
3416 3849 3592 3905 Obiter
3618 3843 3878 3898 anitnazl-

2288 3967 2463 4022 verto,
2495 3956 2876 4011 intolerantiam
2901 3952 3043 4006 illam
3080 3947 3425 4018 religionum,
3466 3954 3619 4010 quam
3644 3944 3882 3991 novatn-

2289 4064 2378 4107 res
2406 4049 2571 4117 aliqui
2602 4055 2819 4109 vocant,
2852 4054 2905 4099 et
2945 4041 3155 4097 saaculis
3192 4036 3431 4093 barbaris
3478 4040 3657 4087 natam
3687 4027 3883 4082 elatni-

2289 4151 2445 4206 tant,
2469 4140 2536 4195 ab
2558 4139 2686 4211 ipsis
2709 4137 2895 4207 primis
2918 4133 3240 4190 Christianis
3270 4124 3683 4198 imperatoribus
3713 4121 3882 4175 fuisse

2289 4234 2482 4289 edictis
2505 4230 2835 4287 solemnibus
2871 4226 3202 4287 stabilitam;
3246 4236 3407 4292 quam
3447 4220 3537 4286 qui
3570 4230 3711 4271 nunc
3748 4213 3880 4267 tueri

2289 4328 2441 4390 velit,
2467 4323 2776 4379 auctoribus
2805 4337 2909 4375 non
2943 4319 3171 4381 levibus,
3204 4325 3259 4371 et
3289 4310 3435 4367 haud
3489 4309 3602 4363 scio
3646 4323 3715 4360 an
3756 4320 3881 4374 gra-

2290 4416 2524 4473 vissimis
2563 4417 2716 4486 172
2741 4413 2818 4468 uti
2854 4410 3069 4478 poterit,
3096 4408 3239 4464 bello
3260 4416 3314 4461 et
3338 4405 3535 4473 pietate
3562 4398 3881 4469 insignibus,

2290 4508 2661 4573 Constantino,
2694 4502 3020 4565 Theodosio,
3056 4500 3281 4568 aliisque
3319 4493 3551 4563 antiquis
3584 4493 3874 4558 imperato-

607 4606 677 4661 de
705 4620 813 4674 quo
836 4604 1055 4658 nomine
1101 4601 1380 4656 Novatiani
1420 4601 1836 4655 controversiam
1867 4599 2183 4654 excitarant.
2216 4636 2269 4695 Β
2293 4600 2468 4663 ribus;
2496 4611 2720 4667 quorum
2761 4595 2904 4663 leges
2956 4592 3213 4647 adversus
3261 4599 3519 4657 paganos,
3569 4582 3876 4646 haereticos,

610 4697 672 4755 Si
700 4698 907 4765 bonum,
933 4696 1136 4767 inquit,
1170 4710 1353 4748 nomen
1402 4703 1494 4759 est,
1528 4709 1629 4747 non
1673 4694 1854 4761 recipit
1901 4692 2111 4756 odium;
2144 4692 2188 4745 si

607 4790 824 4855 malum,
873 4798 1011 4844 caret
1068 4788 1356 4842 invidia....
1392 4786 1619 4842 Sea‘sub
1649 4784 1915 4856 apostolis,
1966 4785 2186 4854 inquies,

608 4896 756 4935 nemo
787 4878 1065 4934 catholicus
1092 4880 1384 4933 vocabatur.
1419 4875 1570 4943 Esto,
1616 4877 1688 4930 sic
1732 4876 1907 4947 fuerit,
1960 4877 2036 4929 uel
2060 4874 2189 4929 illud

684 5022 761 5089 (α)
789 5018 841 5071 in
873 5019 969 5071 hac
998 5016 1121 5089 ﬁdei
1150 5016 1426 5089 catholica:
1455 5015 1813 5089 descriptione
1855 5013 2186 5089 observanda

609 5079 967 5148 est‘a'cenrata
997 5087 1249 5153 loquendi
1278 5088 1413 5139 ratio
1449 5102 1549 5153 qua
1584 5079 1749 5139 tititur
1781 5092 1932 5152 poeta
1982 5084 2191 5137 theolo-

609 5178 723 5230 gus.
754 5160 1009 5230 Nominat
1021 5157 1414 5230 _en_im_Paulum
1446 5166 1497 5210 et
1518 5158 1751 5230 Petrum,
1784 5154 1896 5230 s‘ed_
1910 5154 2007 5207 soli
2034 5153 2191 5207 Petro

609 5224 919 5287 cathedram
946 5227 1152 5282 tribuit.
1179 5226 1246 5280 Et
1271 5225 1468 5295 ubique
1488 5227 1569 5280 sui
1590 5227 1781 5280 similis
1802 5224 1855 5279 in
1876 5224 2185 5295 Laurentio,

611 5319 755 5358 vers.
787 5301 931 5355 460:
985 5299 1121 5353 Alter
1166 5293 1396 5351 vocator'
1422 5296 1849 5367 gentiumLAlter
1894 5293 2189 5367 cathedram

612 5374 874 5437 possidens
897 5371 1147 5434 Primam,
1164 5367 1383 5421 recludit
1396 5365 1616 5419 creditas
1634 5365 2184 5435 /Eternitatisjanuas.

612 5434 820 5498 Pariter
872 5443 926 5495 in
985 5439 1137 5510 praef.
1198 5438 1337 5510 lih._t
1362 5445 1547 5510 contra
1579 5438 1755 5510 Sym.,
1782 5451 1900 5510 quae
1928 5434 2106 5510 estde
2133 5434 2192 5488 S.

616 5514 778 5566 Paulo
809 5532 821 5567 :
860 5503 1074 5575 Paulus,
1105 5524 1272 5580 praeco
1296 5506 1407 5568 Dei,
1432 5507 1518 5574 qui
1573 5503 1701 5580 fera
1726 5503 2195 5580 ge_ntiunt_Printus

614 5584 773 5664 corda
809 5599 953 5664 sacro
982 5575 1272 5653 prodomuit
1293 5580 1446 5659 stylo.
1478 5581 1547 5664 [λι
1574 5577 1642 5630 de
1688 5578 1743 5630 ὃ.
1773 5576 1934 5664 ξθιτο
1962 5575 2012 5628 in
2045 5575 2192 5641 praef.

615 5652 712 5708 lib.
738 5667 804 5704 II:
831 5646 1030 5716 Simon,
1054 5668 1201 5720 quem
1233 5650 1450 5702 vocitant
1492 5646 1723 5720 Petrum,
1768 5646 2013 5720 Summus
2044 5647 2199 5697 disci-

616 5724 773 5793 pul‘us
802 5721 914 5776 Dei.
950 5723 1007 5793 In
1038 5716 1139 5776 hoc
1147 5727 1483 5793 argumento
1512 5718 1740 5793 erudite,
1789 5726 1860 5793 ut
1877 5716 2031 5793 solet.
2080 5730 2200 5769 ver-

615 5784 763 5873 satus
800 5801 898 5873 est
931 5792 997 5873 γ’.
1146 5784 1463 5873 Ρνξηεξξοιιξ
1516 5784 2116 5873 ἒῥιιιοιιίυξ..νζξξειιίινὶίιε
2145 5786 2200 5839 in

618 5861 837 5927 dissert.
868 5863 936 5921 de
960 5862 1199 5918 Primatu
1226 5861 1283 5917 ὃ.
1314 5858 1483 5928 Petri,
1515 5859 1720 5929 Romae,
1756 5856 1913 5912 1776.

2295 4690 2532 4755 Judteos,
2581 4696 2830 4743 constant
2874 4700 2937 4739 ex
2996 4680 3225 4742 Historia
3267 4675 3664 4741 ecclesiastica,
3717 4684 3773 4728 et
3815 4688 3882 4725 ex

2300 4783 2486 4840 codice
2517 4780 2889 4837 Theodosiano
2921 4787 3033 4832 toto
3072 4776 3167 4829 lib.
3198 4788 3309 4838 xvi,
3363 4770 3559 4840 quibus
3589 4766 3710 4822 addi
3757 4781 3882 4835 pos-

2303 4882 2429 4930 sunt
2458 4874 2575 4927 alia:
2596 4888 2659 4927 ex
2689 4871 2873 4927 codice
2903 4865 3249 4924 Justinianteo
3285 4861 3377 4915 ’bl.
3403 4860 3519 4915 Alia
3542 4860 3742 4913 leviora
3776 4871 3878 4911 non

2375 5014 2450 5082 (ὁ)
2481 5013 2533 5065 In
2575 5010 2695 5082 cod.
2732 5010 2910 5082 ittst._._
2944 5007 3047 5082 leg.
3076 5006 3134 5082 2,
3169 5005 3258 5082 tit._
3285 5004 3336 5082 ς,
3385 5015 3451 5053 ex
3481 4996 3887 5082 constitutione

2300 5067 2586 5136 Tlt‘eddosii
2613 5080 2780 5148 Magni
2815 5098 2827 5132 ε
2859 5067 3053 5131 Nullus
3076 5067 3334 5148 rlttereticis
3355 5070 3742 5148 Δθυείδιον-ἰοντιιιτξ¹
3766 5067 3885 5148 (alii

2302 5164 2404 5213 ter,
2440 5152 2531 5206 sed
2558 5137 2734 5204 mimis
2779 5150 2917 5203 bene
2962 5142 3373 5211 ministeriorum)
3415 5137 3588 5213 locus,
3634 5137 3775 5189 nulla
3822 5138 3887 5186 ad

2300 5212 2635 5277 exercendam
2663 5220 2821 5273 animi
2852 5216 3191 5271 obstinatioris
3215 5212 3519 5267 dementiam
3542 5216 3713 5276 pateat
3742 5222 3887 5258 orca-

2301 5294 2398 5347 sio.
2432 5293 2559 5357 Leg.
2588 5293 2621 5346 '5
2643 5288 2881 5358 ejusdem
2909 5287 2988 5340 tit.
3015 5286 3211 5358 scripta
3264 5282 3686 5358 litereticorumh
3716 5278 3881 5355 nomi~

2304 5364 2472 5417 natim
2505 5348 2734 5416 Nestoi‘ii
2764 5358 3005 5413 comburi
3033 5348 3250 5424 jttbetur
3281 5370 3293 5405 :
3342 5350 3436 5405 His
3463 5350 3557 5424 qui
3592 5348 3718 5424 talia
3747 5349 3863 5424 Δ,ςιτὶ

2303 5416 2419 5503 pta,
2453 5442 2540 5485 aut
2564 5432 2717 5485 libros
2747 5429 2949 5503 habere,
2980 5416 3636 5503 autlegeresustinuerint,
3661 5416 3893 5498 ultimum

2304 5488 2614 5573 'supplicium
2644 5488 2949 5573 aperturis;
3005 5488 3208 5573 Li‘b.'l,
3237 5496 3317 5559 tit,
3354 5490 3483 5573 διάη,
3518 5488 3796 5568 Ηειπεεςὶοἰς
3841 5497 3894 5539 et

2307 5560 2639 5633 Manichteis,
2667 5560 2770 5641 leg.
2792 5570 2826 5622 2
2845 5586 2858 5622 ;
2876 5568 3248 5641 Htereticorum
3271 5561 3515 5615 vocabulo
3540 5560 3891 5641 continentur,

2308 5652 2356 5696 et
2384 5644 2501 5696 latis
2523 5628 2762 5695 adverst
2801 5656 2884 5693 eos
2925 5637 3271 5691 sanctionibus
3318 5630 3649 5685 succumbere
3688 5628 3896 5685 debent,

2308 5713 2395 5783 qui
2422 5714 2498 5766 vel
2521 5713 2615 5766 ιιιυὶ
2642 5719 2943 5783 argumento
2965 5725 3006 5783 a_
3021 5706 3219 5783 judicio
3240 5703 3510 5783 catholica:
3537 5700 3827 5778 religionis,
3850 5708 3898 5775 et

2311 5768 2510 5837 lramite
2539 5768 2727 5836 detecti,
2746 5780 2931 5849 fuerint
2973 5768 3370 5849 det~iare._Leg_.
3497 5768 3663 5824 sectae
3710 5768 3899 5836 viginti

2316 5868 2513 5911 novem
2560 5842 2961 5918 haereticorum,
3015 5862 3134 5920 quae
3178 5842 3489 5916 singillatim
3523 5850 3903 5897 recensentur.
