4102 6348
302 362 395 419 ’191

303 482 647 537 consectabor
691 498 704 534 :

303 589 412 640 ture
437 573 730 641 meritoque
758 575 906 643 regis,
941 574 1180 644 regnique
1208 573 1444 627 catholici
1470 574 1678 627 titulum
1712 574 1872 629 fuisse

304 664 554 733 Hispanis
575 665 912 733 attributum,
935 681 1055 721 cum
1080 682 1187 731 prce
1214 666 1422 720 caeteris
1449 666 1717 735 egregiam
1750 665 1874 720 iidei

300 765 353 809 et
384 755 639 809 Ecclesia:
664 756 942 810 catholica:
967 756 1381 826 appellationem
1413 756 1704 826 antiquitus
1736 756 1863 810 illu-

300 846 617 909 straverint;
663 856 718 900 ut
748 847 879 901 nihil
904 863 1043 902 nunc
1065 848 1258 913 (licam,
1286 847 1614 903 Recaredum
1643 862 1672 902 a
1700 849 1875 902 conci-

301 940 661 1008 lio,Toletano
683 956 735 994 ιιι
766 940 929 995 fuisse
954 957 1122 1011 regem
1162 941 1468 994 catholicum
1496 941 1869 1007 acclamatum,

298 1031 544 1101 quodque
578 1035 745 1102 magis
774 1032 840 1086 ad
865 1047 977 1087 rem
998 1033 1246 1103 pertinet.
1273 1033 1325 1087 in
1358 1034 1609 1103 Hispania
1640 1032 1873 1089 maxime

298 1123 503 1177 bellum
530 1134 853 1194 perpetuum
877 1140 998 1180 esse
1019 1124 1210 1179 haeresi
1242 1125 1518 1180 indictum.
1564 1126 1745 1195 Neque
1772 1125 1872 1179 im-

297 1217 485 1269 merito
515 1215 837 1270 Prudentius
864 1226 1067 1282 noster,
1090 1216 1178 1285 qui
1218 1216 1342 1271 huic
1370 1216 1721 1286 disputationi
1745 1232 1872 1274 can.-

296 1318 405 1359 sam
433 1306 643 1371 obtulit,
672 1324 702 1361 a
731 1307 1123 1377 Chrismphoro
1154 1309 1374 1362 Brower
1401 1307 1454 1361 in
1488 1308 1630 1361 nmis
1676 1307 1743 1361 ad
1772 1307 1870 1362 Ve-

300 1399 468 1453 nantii
494 1399 585 1454 lib.
615 1415 667 1465 v,
694 1416 813 1470 pag.
848 1401 970 1467 Ml,
1003 1400 1303 1469 appellatur
1324 1402 1633 1454 castissimus
1663 1408 1710 1454 et
1755 1415 1869 1455 vere

296 1506 612 1547 cnnoucus
638 1492 856 1547 Cunisrt
892 1507 1080 1546 VATES.

884 1581 1114 1636 CAPUT
1137 1580 1301 1636 XXII.

429 1672 556 1725 Dure
584 1673 809 1744 insignes
838 1674 1161 1744 trajectiones
1189 1672 1520 1741 quorumdam
1549 1686 1779 1725 versuum

612 1741 884 1795 Prudentii
905 1741 958 1794 in
984 1745 1192 1795 exa'men
1230 1751 1548 1795 revocantur.

1675 363 2039 421 PROLEGOM
2048 365 2176 421 E-NA
2190 407 2203 421 .

748 479 861 536 haec
886 496 1004 552 quze
1040 482 1345 552 deprompsi
1387 481 1596 537 abunde
1648 485 1875 550 probant
1905 486 1951 542 Α
1983 481 2202 535 Barthio
2230 482 2507 552 allegatus.
2532 482 2587 541 Si
2617 486 2699 541 cui
2729 495 2904 544 tamen
2926 490 3127 548 Bartbii
3152 492 3284 549 ﬁdes
3312 493 3365 549 in
3388 510 3557 552 mem-

3454 382 3557 438 722

1977 574 2161 628 branis
2185 577 2413 630 citandis
2444 578 2584 633 ﬂtixa
2612 580 2850 637 videatur
2876 584 2966 652 (de
2989 601 3094 655 quo
3124 588 3243 642 vide
3269 604 3413 643 num.
3434 591 3553 660 94),

1979 666 2323 720 nihilominus
2356 669 2596 736 prudenti
2649 673 2879 729 hominis
2909 676 3050 731 docti
3080 678 3387 746 conjectura
3427 680 3554 736 lice-

1974 758 2053 813 b‘t
2094 761 2482 816 restitutionem
2532 767 2815 822 sustinere.
2848 768 2986 823 'Non
3035 772 3337 841 negaverim
3377 773 3553 840 aliquo

1976 850 2259 904 commodo
2297 865 2460 906 sensu
2492 854 2775 911 lectionem
2829 869 3065 914 veterem
3112 876 3267 931 posse
3294 863 3548 931 retineri,

1976 954 2134 1007 quam
2158 939 2271 1009 ipse
2298 956 2509 1011 quoque
2555 954 2770 1014 propter
2800 948 2957 1003 codd.
3001 958 3129 1004 vett.
3182 954 3548 1008 auctoritatem

1979 1048 2205 1102 sequar:
2248 1034 2340 1088 sed
2372 1044 2519 1090 certe
2566 1039 2807 1093 versibus
2844 1056 2907 1094 ex
2952 1042 3156 1097 Barthii
3206 1044 3434 1110 scheda,
3468 1032 3552 1100 vel

1975 1125 2225 1192 Opinione
2256 1126 2515 1181 restitutis
2545 1130 2923 1198 congruentior
2964 1133 3248 1199 explicatio
3279 1135 3425 1189 reddi
3457 1151 3552 1205 po-

1976 1216 2141 1280 terit,
2185 1231 2343 1284 quam
2372 1218 2443 1271 sit
2483 1220 2853 1287 interpretatio
2885 1222 3227 1278 Chamillardi
3256 1243 3267 1277 :
3294 1224 3382 1279 Ita
3430 1224 3551 1281 alim

1978 1308 2123 1363 Deus
2141 1320 2293 1362 noctu
2322 1308 2467 1377 ignea
2497 1312 2731 1365 columna
2753 1352 2765 1375 ,
2799 1318 2949 1385 cujus
2991 1315 3183 1367 candor
3228 1317 3441 1370 eximius
3468 1320 3551 1384 fu-

1973 1405 2123 1474 gabat
2152 1406 2403 1471 tenebras,
2446 1404 2715 1469 Israelitis,
2743 1406 2892 1459 claris
2918 1407 3328 1475 patriarcharum
3357 1409 3551 1476 nepoti-

1972 1497 2065 1550 bus
2084 1535 2099 1560 ,
2124 1498 2255 1549 viam
2284 1499 2719 1550 commonstravik
2756 1498 2961 1552 Eulalia
3000 1500 3182 1568 igitur,
3209 1500 3333 1554 dum
3380 1500 3553 1555 media

1973 1598 2117 1641 nocte
2155 1589 2250 1641 iter
2280 1589 2434 1657 facit,
2478 1597 2532 1641 ut
2571 1606 2633 1642 ea:
2677 1592 2771 1642 hoc
2799 1591 2993 1643 mundo
3016 1600 3160 1645 exeat
3198 1601 3426 1663 petatque
3454 1610 3550 1649 cte-

1980 1683 2107 1750 lum,
2143 1683 2285 1736 clara
2314 1683 2470 1735 veluti
2502 1683 2602 1736 diei
2647 1684 2756 1735 luce
2793 1684 3127 1748 convestitur,
3153 1684 3376 1755 nihilque
3420 1688 3549 1740 videt

1977 1779 2195 1833 tenebris
2218 1779 2519 1851 nigrescere.
2561 1778 2759 1832 Versus
2789 1786 2995 1845 autem,
3026 1775 3095 1830 Et
3114 1794 3263 1848 super
3282 1788 3419 1832 astra
3449 1796 3547 1846 pa-

362 1852 486 1908 200.
511 1852 666 1921 Saepe
695 1851 911 1915 accidit,
937 1861 995 1905 ut
1024 1852 1363 1906 librariorum
1395 1853 1595 1907 incuria
1632 1853 1684 1906 in
1713 1854 1863 1909 codi-

1972 1880 2104 1925 raret
2130 1874 2223 1925 iter
2242 1913 2255 1937 ,
2280 1850 2663 1940 intelligendus
2690 1885 2809 1925 esse
2850 1871 3058 1925 videtur
3086 1870 3152 1925 de
3190 1871 3381 1925 itinere
3407 1871 3546 1940 quod

295 1944 447 2000 cibus
480 1944 821 2013 trajectiones
853 1944 1138 1999 verborum
1171 1953 1225 1997 et
1252 1959 1498 1999 versuum
1531 1946 1863 2017 irrepserint,

293 2050 426 2103 quas
450 2034 621 2089 critici
649 2034 823 2089 solent
849 2049 954 2088 non
978 2035 1093 2089 sine
1120 2035 1295 2105 aliqua
1347 2037 1576 2091 utilitate
1621 2038 1863 2093 animad-
1914 2042 1917 2045 λ

293 2134 530 2191 vertere,
588 2130 641 2177 et
707 2123 907 2193 singula
981 2124 1139 2178 verba
1205 2127 1316 2179 suis
1370 2126 1499 2179 locis
1559 2128 1861 2183 restituere.

293 2215 554 2284 Exempla
587 2216 638 2269 in
672 2216 961 2269 Prualcntio
992 2217 1099 2271 duo
1124 2232 1314 2286 ponam
1358 2219 1604 2287 illustria,
1636 2221 1862 2275 alterum

290 2324 354 2363 ex
404 2312 739 2365 correctione
792 2310 1014 2376 Bartbii,
1046 2313 1274 2365 alterum
1325 2328 1389 2367 ex
1444 2316 1748 2384 conjectura
1788 2317 1859 2371 cl.

289 2400 395 2455 Viti
443 2402 624 2456 Maria:
674 2402 1037 2457 Giovenazzii.
1102 2404 1352 2459 Barthius
1398 2405 1493 2460 lib.
1544 2423 1593 2471 v,
1636 2422 1755 2475 cap.
1796 2408 1857 2463 21

289 2492 542 2563 Advers,
585 2509 651 2549 ex
694 2495 891 2549 scheda
939 2496 1346 2551 membranaeea
1399 2513 1500 2552 ms.
1553 2500 1602 2552 in
1642 2500 1861 2555 Eulalia:

289 2584 550 2641 Passione
589 2596 758 2653 notat,
798 2603 828 2642 a
875 2603 1033 2644 versu
1066 2590 1135 2645 56
1185 2591 1519 2647 manilesmm
1552 2608 1674 2648 esse
1705 2594 1861 2663 traje-

288 2680 518 2735 ctionem
550 2680 776 2735 duorum
809 2696 1085 2747 versuum,
1114 2700 1286 2750 quam,
1318 2685 1509 2754 inquit,
1542 2703 1658 2739 cum
1695 2689 1857 2741 corri-

286 2773 501 2841 gendum
527 2770 644 2825 huic
672 2774 872 2827 schedte
909 2775 1199 2843 debeamus,
1234 2778 1385 2847 173
1416 2778 1491 2831 vel
1519 2779 1629 2832 sola
1665 2796 1724 2832 ea
1770 2796 1863 2849 ape

286 2866 487 2932 meruit,
513 2876 567 2919 ut
592 2870 703 2935 eius
743 2868 876 2921 ratio
920 2869 1189 2922 habeatur.
1247 2869 1304 2924 ln
1341 2871 1588 2927 omnibus
1618 2872 1774 2927 editis
1808 2882 1863 2926 et

286 2972 420 3013 mss.
451 2958 607 3013 codd.
658 2974 789 3027 quos
817 2974 918 3029 ego
963 2961 1175 3027 quidem
1219 2962 1431 3017 excussi
1463 2970 1515 3017 et
1556 2962 1647 3017 alii
1698 2966 1860 3017 inter-

293 3061 472 3118 pretes
502 3050 765 3115 viderunt,
800 3052 870 3105 ita
896 3052 1141 3121 leguntur
1169 3052 1242 3105 illi
1296 3068 1484 3109 versus
1524 3071 1538 3107 :
1570 3055 1660 3108 Sic
1683 3054 1858 3108 habuit

285 3159 525 3213 generosa
554 3152 760 3214 patrum
787 3142 957 3197 Turba
987 3145 1376 3210 columniferum
1414 3146 1615 3199 radium
1641 3162 1660 3200 :
1703 3147 1859 3201 Scin-

286 3234 405 3288 dere
442 3234 528 3303 qui
570 3233 832 3288 tenebrosa
885 3244 1062 3305 potens
1100 3235 1265 3289 Nocte
1291 3238 1421 3289 viam
1446 3238 1557 3306 face
1592 3238 1857 3307 perspicua

286 3327 558 3394 Praestitit,
591 3331 870 3382 intereunte
904 3329 1051 3383 chao.
1112 3327 1232 3382 Non
1262 3329 1408 3382 aliter
1438 3330 1524 3400 pia
1559 3330 1697 3398 virgo
1726 3330 1858 3383 viam

284 3420 453 3475 Nocte
479 3429 649 3473 secuta
677 3420 811 3472 diem
840 3421 1043 3485 meruit,
1068 3418 1177 3475 Nec
1206 3420 1418 3474 tenebris
1455 3422 1697 3491 adaperta
1736 3422 1857 3491 fuit,

284 3510 465 3580 Regna
487 3508 745 3579 CanOpica
776 3526 887 3562 cum
919 3512 1132 3581 fugeret,
1182 3510 1251 3564 Et
1297 3529 1448 3581 super
1476 3523 1614 3566 astra
1656 3522 1859 3579 pararet

285 3603 405 3669 iter,
430 3600 531 3657 Illa
559 3603 723 3675 gradu
754 3605 855 3656 cita
882 3605 1136 3675 pervigili,
1168 3604 1335 3658 Millia
1360 3608 1519 3660 multa
1545 3608 1686 3675 prius
1705 3623 1849 3676 pera-

285 3694 377 3763 git,
406 3694 569 3760 Quam
596 3697 747 3765 plaga
765 3694 1084 3764 pandatan
1105 3698 1298 3767 polum,
1316 3707 1419 3753 etc.
1442 3698 1724 3754 Restitutio
1748 3713 1859 3755 me-

286 3784 561 3839 morabilis
588 3800 650 3840 ex
686 3785 884 3839 Barthii
934 3787 1131 3842 scheda
1175 3793 1289 3843 haec
1320 3798 1438 3843 est:
1481 3788 1745 3857 Prwstitit,
1773 3790 1855 3843 iu-

285 3885 512 3931 tereunte
529 3877 677 3941 chao,
703 3875 815 3929 Nec
846 3880 1056 3932 tenebris
1076 3880 1321 3949 adaperta
1372 3881 1488 3950 fuit,
1540 3881 1715 3953 Regna
1761 3882 1860 3935 Ca-

286 3969 471 4037 nOpica
500 3985 613 4021 cum
642 3969 855 4040 fugeret,
892 3969 960 4022 Et
979 3986 1128 4041 super
1169 3981 1307 4024 astra
1329 3982 1535 4040 pararet
1570 3973 1684 4025 iter.
1736 3973 1860 4027 Non

285 4058 435 4111 aliter
460 4058 545 4129 pia
584 4060 724 4127 virgo
745 4059 875 4112 viam
907 4058 1071 4113 Nocte
1109 4071 1279 4114 secuta
1328 4062 1462 4115 diem
1502 4063 1699 4115 meruit.
1755 4061 1862 4116 Illa

286 4149 454 4220 gradu
482 4150 582 4201 cita
611 4152 865 4220 pervigili,
903 4159 1008 4207 etc.
1063 4152 1151 4206 Ait
1196 4153 1440 4208 Barthius
1481 4155 1704 4207 duorum
1738 4170 1860 4208 ver-

286 4254 443 4294 suum
478 4242 941 4309 transpositionem
966 4245 1236 4312 peperisse
1268 4244 1656 4311 difﬁcultatem,
1691 4256 1861 4300 trans-

290 4332 543 4386 lationem
568 4346 698 4386 vero
728 4332 942 4403 Egypti
966 4348 1259 4405 congruere
1298 4336 1433 4406 fuga:
1483 4338 1691 4404 puellae,
1740 4352 1860 4391 nam

289 4442 387 4496 per
416 4425 702 4497 Egyptum
733 4427 972 4497 plerique
1002 4427 1292 4483 Christiani
1349 4429 1594 4484 tenebras
1652 4430 1863 4486 intelli-

290 4530 441 4589 gunt,
477 4529 536 4573 ut
564 4518 908 4587 Gaudentius,
946 4530 1098 4576 tract.
1135 4522 1160 4575 1
1194 4530 1248 4577 et
1274 4522 1327 4576 2.

1971 1974 2130 2019 noctu
2161 1965 2389 2032 pupulas
2414 1965 2737 2019 lsraeliticus
2767 1964 3050 2032 peragebat
3088 1963 3185 2032 (a).

2040 2055 2161 2110 202.
2196 2056 2345 2111 Alter
2373 2057 2521 2110 locus
2552 2064 2656 2121 est,
2678 2070 2832 2125 quem
2874 2056 3202 2124 trajectionis
3240 2056 3371 2109 vitio
3398 2056 3545 2112 labo-

1968 2160 2089 2200 rare
2119 2144 2332 2213 coujicit
2357 2144 2512 2215 174
2534 2146 2604 2200 cl.
2633 2144 3040 2211 Giovenazzius,
3065 2147 3115 2200 in
3148 2146 3397 2201 Passione
3416 2147 3544 2201 Vin-

1967 2237 2150 2303 centii,
2185 2251 2324 2290 vers.
2358 2238 2426 2291 37
2451 2247 2504 2291 et
2532 2252 2647 2305 seq.
2674 2256 2684 2288 :
2719 2236 2830 2291 Nos
2862 2240 2989 2291 lucis
3025 2250 3279 2293 auctorem
3310 2239 3538 2307 Patrem,

1968 2327 2195 2398 Ejusque
2221 2328 2480 2383 Christum
2513 2327 2559 2379 F
2562 2329 2728 2393 ilium,
2777 2330 2877 2394 Qui
2915 2332 3052 2383 solus
3080 2347 3139 2385 ac
3188 2347 3331 2385 verus
3358 2330 3497 2386 Deus
3522 2374 3537 2396 ,

1972 2419 2597 2487 Datiane,conﬁtebimur.
2634 2420 2790 2475 Putat
2819 2421 3199 2477 Giovenazzius
3226 2423 3535 2493 legendum,

1968 2508 2081 2564 Nos
2104 2509 2231 2564 lucis
2252 2520 2510 2564 auctorem
2544 2510 2775 2572 Patrem,
2809 2512 2909 2578 Qui
2942 2512 3081 2565 solus
3111 2529 3172 2566 ac
3192 2522 3336 2567 verus
3375 2513 3537 2581 Deus,

1966 2600 2194 2671 Ejusque
2217 2600 2475 2654 Christum
2494 2600 2713 2665 Filium,
2738 2600 2972 2668 Datiane,
2996 2604 3364 2671 confitebimur,
3388 2604 3538 2673 cujus

1965 2696 2128 2747 verba
2155 2708 2221 2748 ex
2266 2708 2369 2747 ms.
2414 2696 2798 2747 commentario
2846 2696 2897 2748 in
2941 2695 3192 2764 hymnum
3220 2694 3280 2749 S.
3316 2694 3537 2760 llilarii,

1966 2783 2230 2855 Hymnum
2270 2785 2406 2838 dicat
2452 2785 2597 2838 turba
2638 2790 2875 2853 fratrum,
2919 2786 3019 2841 hoc
3049 2787 3168 2841 loco
3197 2787 3493 2842 insererem
3517 2828 3533 2851 ,

1965 2876 2065 2929 nisi
2091 2875 2633 2944 ipseinterccssisset.
2666 2876 2917 2931 Rationes
2947 2877 3139 2933 multas
3166 2878 3320 2934 aliert
3348 2894 3413 2934 ex
3444 2894 3536 2933 an-

1965 2967 2205 3035 tiquitate
2230 2967 2443 3036 petitas.
2474 2967 2587 3021 Duo
2622 2975 2798 3021 tamen
2829 2968 3120 3023 admonere
3163 2968 3369 3038 juvabit
3398 2988 3411 3023 :
3451 2970 3537 3025 al-

1966 3068 2159 3127 terum,
2189 3074 2349 3129 posse
2391 3060 2604 3128 quidem
2639 3060 2735 3113 hos
2763 3074 2947 3116 versus
2975 3060 3268 3128 Prudentii,
3303 3070 3461 3129 prout
3483 3062 3536 3118 in

1964 3150 2114 3205 libris
2138 3151 2292 3205 editis
2312 3161 2367 3206 et
2411 3166 2537 3206 mss.
2581 3152 2826 3221 leguntur
2854 3155 2941 3225 (et
2972 3168 2998 3205 τι
3048 3156 3202 3210 nobis
3220 3155 3435 3224 quidem
3462 3155 3535 3211 le-

1962 3251 2175 3311 gentur,
2208 3257 2272 3296 ne
2300 3259 2330 3295 a
2361 3250 2539 3296 nostra
2569 3239 2750 3311 iegula
2780 3241 3139 3314 recedamus),
3188 3246 3255 3299 ad
3284 3246 3536 3301 divinita-

1966 3345 2069 3387 tem
2118 3333 2241 3388 Jesu
2271 3331 2469 3388 Christi
2501 3334 2950 3403 comprobandam
2998 3335 3266 3404 produci:
3314 3336 3407 3391 sed
3460 3346 3538 3391 tot

1964 3425 2177 3478 aliunde
2218 3438 2339 3479 esse
2374 3426 2424 3477 in
2469 3423 2760 3479 Prudentio
2789 3425 2945 3494 hujus
2992 3426 3231 3481 veritatis
3258 3426 3538 3482 catholicas

1962 3519 2256 3573 clarissima
2280 3528 2616 3588 argumenta,
2648 3528 2706 3574 ut
2728 3519 2946 3574 minime
2982 3528 3123 3575 esset
3143 3519 3429 3574 dolendum
3452 3558 3467 3583 ,
3489 3520 3537 3574 si

1962 3626 2149 3667 versus
2179 3611 2253 3665 illi
2285 3612 2437 3667 aliter
2467 3612 2693 3666 ordinati
2724 3613 2776 3667 in
2802 3613 3024 3682 hujusce
3060 3614 3136 3667 rei
3174 3612 3536 3667 conﬁrmatio-

1962 3717 2084 3757 nem
2116 3701 2292 3777 atierri
2325 3702 2553 3771 amplius
2597 3718 2702 3757 non
2748 3714 2981 3772 possent.
3027 3703 3534 3773 Praeterquamquod

1963 3802 2109 3850 recte
2157 3794 2546 3850 Giovenazzius
2589 3795 2793 3865 arguit,
2834 3810 2899 3850 ex
2951 3795 3052 3851 hoc
3104 3795 3217 3850 solo
3260 3794 3535 3851 Prudenlii

1967 3901 2143 3952 versu,
2180 3884 2407 3957 Ejusque
2440 3884 2697 3938 Christum
2730 3884 2943 3951 Filium,
2986 3900 3091 3941 non
3117 3886 3289 3942 solum
3318 3896 3534 3941 senten-

1964 3978 2057 4041 tia,
2080 3977 2176 4032 sed
2209 3978 2372 4032 verbo
2397 3977 2555 4030 etiam
2579 3977 2909 4031 divinitatem
2940 3977 3136 4032 Christi
3158 3977 3491 4046 comprobari
3518 3995 3530 4028 :

1963 4084 2084 4123 nam
2105 4082 2265 4123 verus
2287 4068 2452 4121 Filius
2483 4068 2596 4136 Dei,
2628 4082 2847 4123 necesse
2872 4077 2955 4123 est
2984 4069 3053 4122 sit
3079 4069 3238 4123 Deus.
3266 4068 3529 4135 Alterum,

1964 4174 2071 4214 non
2110 4173 2230 4213 esse
2271 4157 2565 4211 mirandum
2598 4158 2642 4211 si
2690 4159 2743 4211 in
2782 4140 3052 4211 Pruden'tii
3080 4157 3407 4211 carminibus
3438 4167 3533 4211 tra-

1960 4252 2124 4321 jectio
2146 4252 2322 4320 aliqua
2344 4250 2516 4303 minus
2542 4264 2840 4319 congruens
2868 4249 3327 4303 consentientibus
3353 4249 3531 4303 omni-

1966 4343 2065 4396 bus
2091 4356 2223 4411 quos
2266 4340 2520 4393 hactenus
2546 4338 2725 4393 videre
2756 4339 2901 4393 licuit
2943 4339 3214 4393 codicibus
3254 4353 3385 4393 mss.
3418 4338 3536 4393 luc-

1966 4435 2029 4488 rit
2055 4435 2260 4488 invecta
2279 4473 2293 4501 ,
2317 4431 2468 4500 cujus
2488 4432 2670 4486 vitium
2698 4432 2923 4486 lortasse
2937 4430 3220 4501 aliquando
3239 4430 3535 4499 detegetur.

1966 4526 2025 4579 ln
2074 4524 2268 4593 Apoth.
2318 4536 2460 4577 vers.
2501 4521 2649 4577 2&8:
2700 4521 2954 4590 Perquam
2999 4521 3271 4574 ridiculum
3324 4520 3535 4590 dicam,

365 4611 493 4665 20L
515 4608 722 4664 Nemini
765 4610 956 4665 mirum
997 4610 1164 4667 videri
1198 4614 1384 4679 debet,
1412 4613 1709 4683 hujusmodi
1758 4624 1865 4672 tra-
1891 4586 1946 4649 Ῑ)
1971 4586 2161 4687 quanta
2176 4612 2528 4669 consensione
2541 4613 2774 4667 omnium
2788 4586 3074 4676 editorum,
3093 4619 3147 4667 et
3161 4611 3388 4680 plurium
3407 4586 3537 4667 mss.

292 4702 552 4771 jectiones
607 4701 894 4771 contigisse
940 4704 993 4757 in
1045 4705 1291 4759 omnibus
1333 4713 1425 4759 aut
1465 4706 1573 4761 lere
1617 4708 1865 4763 omnibus

294 4794 713 4863 exemplaribus.
769 4795 1004 4864 Scaliger
1045 4798 1096 4849 in
1147 4797 1453 4865 praelatione
1482 4798 1762 4852 Maniliana
1797 4802 1864 4854 ad

295 4888 507 4944 tertiam
554 4887 843 4943 editionem
883 4888 1177 4942 carminum
1210 4888 1406 4942 Manilii
1448 4889 1676 4943 advertit
1711 4890 1868 4944 innu-

295 4993 442 5032 mera
484 4977 697 5043 menda,
739 4977 1213 5045 trajectionemque
1245 4994 1351 5032 non
1381 4980 1550 5032 solum
1574 4980 1749 5044 unius,
1775 4981 1865 5034 sed

294 5077 350 5139 et
377 5068 721 5138 plurimorum
744 5082 991 5122 versuum
1015 5068 1066 5120 in
1093 5066 1329 5121 Manilio.
1357 5069 1606 5123 Barthius
1630 5070 1743 5138 ipse
1773 5071 1863 5125 lib.

297 5184 373 5232 Vl,
406 5181 525 5236 cap.
554 5166 644 5232 28,
692 5165 742 5218 in
774 5178 938 5232 opere
977 5161 1237 5217 Chalcidii
1268 5163 1452 5216 vitium
1505 5164 1828 5230 trajectionis
1852 5204 1867 5229 ,

297 5257 565 5315 interdum
588 5253 937 5324 corrigendtn,
955 5253 1277 5315 observavit,
1303 5261 1358 5306 ut
1384 5253 1515 5305 alios
1537 5262 1867 5321 praeteream.

296 5351 358 5407 in
407 5366 467 5406 re
518 5357 696 5404 nostra
748 5346 1135 5402 restitutionem
1184 5344 1445 5413 approbat
1488 5344 1655 5398 cddex
1702 5359 1803 5397 ms.
1840 5360 1869 5399 a

300 5541 560 5599 nusquam
608 5526 663 5579 in
716 5524 1010 5599 Romanum
1068 5520 1552 5599 locum-convenire
1578 5530 1633 5576 et
1668 5524 1866 5599 morari

306 5591 682 5671 permittuntur
699 5592 1034 5671 anichreis
1051 5595 1201 5671 etiam
1223 5593 1285 5645 de
1295 5591 1867 5671 civitatibuspellendis,

303 5662 347 5725 et
370 5671 551 5724 ultimo
577 5665 827 5734 supplicio
849 5665 1129 5726 tradendis,
1152 5663 1391 5731 quoniam
1426 5662 1509 5734 his
1549 5663 1679 5734 nihil
1717 5663 1873 5717 relin-

304 5740 566 5811 quendum
604 5732 701 5788 loci
723 5745 813 5797 est,
838 5736 890 5787 in
926 5750 1026 5801 quo
1055 5734 1179 5802 ipsis
1208 5734 1359 5787 etiam
1387 5732 1647 5787 elementis
1686 5735 1773 5802 ﬁat
1796 5735 1878 5787 iu-

294 5812 466 5878 juria.

1975 4709 2058 4763 hic
2088 4722 2274 4762 versus
2296 4714 2420 4761 ante
2460 4704 2732 4759 lleinsium
2777 4702 2937 4758 fuerit
2970 4704 3342 4771 transpositus.
3376 4702 3540 4772 Major

1975 4804 2025 4856 in
2047 4817 2106 4857 re
2134 4801 2373 4856 tenuiore
2402 4798 2499 4852 fuit
2520 4798 2684 4865 gloria
2707 4796 2879 4867 Latini
2903 4795 3114 4849 Latinii.
3144 4795 3202 4850 lu
3225 4794 3539 4865 praefatione

1974 4893 2094 4947 libri
2124 4908 2141 4946 ι
2173 4892 2457 4946 adversum
2504 4886 2903 4957 Symmachum,
2927 4901 3067 4942 vers.
3093 4887 3184 4954 74,
3217 4903 3402 4943 omnes
3427 4888 3541 4943 edi-

1976 4982 2184 5044 derant,
2214 4981 2341 5051 Spes
2368 4981 2560 5032 insueta
2584 4978 2736 5040 subit,
2768 4993 2964 5049 serpere
2992 4979 3228 5048 ﬂexibus,
3261 4978 3330 5032 Et
3350 4978 3542 5033 vibrare

1976 5088 2135 5141 sagax
2154 5071 2340 5141 eloquii
2368 5079 2537 5139 caput.
2570 5068 2827 5134 Latinius,
2853 5072 3216 5138 trajectionem
3239 5070 3542 5123 litterarum

1979 5162 2250 5224 odoratus,
2280 5172 2417 5229 seps‘
2439 5160 2687 5227 restituit,
2718 5161 3090 5230 plaudentibus
3120 5170 3174 5216 et
3199 5158 3543 5229 sequentibus

1979 5252 2246 5309 omnibus.
2273 5251 2664 5307 Chamillardus
2690 5253 2827 5309 hanc
2848 5254 3235 5309 restitutionem
3259 5247 3544 5306 Sirmondo

1978 5345 2216 5409 ascribit,
2267 5342 2514 5400 Heinsius
2562 5346 2637 5399 ait
2689 5344 2763 5400 ita
2799 5344 3160 5414 castigandum
3196 5341 3308 5411 jam
3338 5339 3545 5411 pridem

2054 5522 2133 5595 (a)
2162 5523 2332 5597 Exod.
2371 5539 2485 5590 xm,
2516 5525 2579 5579 21
2610 5532 2663 5581 et
2682 5526 2787 5579 2'2:
2822 5523 3262 5597 Dominusautem
3290 5526 3537 5597 precedev
3626 5578 3629 5581 .

1984 5596 2065 5650 bat
2090 5611 2172 5649 eos
2189 5595 2256 5647 ad
2282 5596 2639 5649 ostendendam
2659 5596 2791 5649 viam
2808 5611 2897 5664 per
2918 5596 3050 5647 diem
3073 5596 3125 5647 in
3146 5595 3382 5650 columna
3400 5598 3547 5652 nubis

1984 5676 2031 5721 et
2065 5682 2152 5736 per
2178 5676 2372 5719 noctem
2406 5668 2459 5718 in
2494 5666 2729 5736 columna
2768 5666 2929 5736 ignis,
2968 5673 3023 5717 ut
3057 5666 3164 5717 dua:
3188 5676 3317 5721 esset
3352 5667 3547 5723 itineris
3624 5667 3627 5671 ’

1986 5734 2196 5803 utroque
2244 5746 2482 5805 tempore.
2521 5734 2575 5786 Ν
2582 5734 2801 5802 unquam
2841 5734 3000 5802 defuit
3034 5736 3269 5789 columna
3294 5737 3547 5805 nubispee

1991 5806 2143 5872 diem,
2166 5822 2255 5861 nec
2274 5805 2509 5860 columna
2535 5805 2667 5873 ignis
2687 5821 2775 5883 per
2801 5817 3016 5872 nectent,
3046 5820 3221 5862 coram
3250 5807 3461 5875 populo.
