4102 6348
272 327 378 385 725

1648 316 2175 389 pnouecousua.

3422 320 3530 381 726

271 446 449 502 firmat
498 444 842 501 Prudentium
889 443 909 496 i
962 441 1192 513 primum
1226 440 1453 511 Spiritus
1484 435 1846 504 corripuisse;
1877 444 1929 513 Α
1956 438 2067 508 peri
2101 451 2218 504 qua
2255 435 2429 507 aliqua
2452 439 2800 506 responsione
2829 437 2984 509 digna
3013 438 3309 493 videantur.
3334 438 3531 493 Verum

271 537 364 594 sed
406 536 571 591 voluit
614 536 790 591 dicere
835 532 1142 598 Sedulium,
1188 540 1245 585 ut
1294 538 1465 597 puto:
1508 543 1629 582 nam
1675 529 1747 591 is,
1793 537 1851 582 ut

272 630 496 700 gloriam
550 638 749 683 sancta:
791 635 844 682 et
891 624 1179 680 individua;
1222 620 1497 676 Trinitatis
1543 620 1688 675 clara
1719 634 1849 675 voce

270 723 612 787 decantaret,
667 721 903 791 neglexit
945 717 1181 789 regulam
1226 715 1586 786 grammaticas
1623 711 1853 781 disposi-

273 813 431 870 tionis
456 830 471 869 :
503 811 682 868 Gloria
711 830 895 884 magna
926 810 1075 864 Patri
1100 825 1317 878 semper,
1354 808 1439 860 tibi
1470 806 1654 878 gloria,
1682 804 1849 875 Nate,

272 907 400 961 Cum
424 918 600 959 sancto
632 905 829 977 Spiritu
859 904 1027 977 gloria
1056 918 1241 972 magna
1270 900 1447 969 Patri,
1489 899 1631 969 quod
1663 899 1855 953 obser-

272 1000 419 1053 VaVit
448 1000 510 1054 V.
542 999 680 1053 Beda
729 998 821 1052 lib.
853 998 919 1052 de
948 998 1076 1051 Arte
1104 995 1344 1050 metrica.
1399 994 1455 1047 Si
1500 993 1851 1048 Prudentium

271 1092 616 1148 Casaubonus
642 1106 767 1147 vere
798 1090 1070 1158 respexit,
1122 1087 1348 1141 fortasse
1392 1086 1595 1139 notavit
1622 1101 1763 1139 vers.
1794 1086 1850 1151 8,

272 1185 453 1255 hymn.
486 1183 549 1238 10
578 1181 757 1247 Cath.,
797 1181 1022 1251 Spiritus
1064 1179 1255 1244 simul,
1300 1186 1346 1231 et
1377 1194 1495 1231 caro
1522 1178 1694 1230 seri-it.
1745 1174 1853 1231 Sed

271 1272 409 1328 hunc
441 1288 651 1328 versum
682 1272 836 1326 aliter
862 1271 1140 1341 legendum
1174 1283 1292 1323 esse
1334 1276 1544 1322 constat
1593 1283 1658 1321 ex
1707 1281 1854 1320 com-

271 1366 553 1425 mentario.
608 1364 926 1418 Prudentius
972 1360 1267 1433 smpissime
1314 1375 1372 1412 ea
1404 1374 1535 1414 voce
1568 1358 1755 1421 utitur,
1798 1364 1853 1423 et

271 1472 479 1527 semper
524 1459 540 1509 i
589 1458 816 1525 primum
850 1454 1114 1523 producit.
1170 1452 1458 1505 Ricciolius
1490 1462 1628 1520 part.
1658 1452 1689 1504 8
1723 1450 1852 1503 Pro-

272 1552 411 1617 sod.,
445 1565 565 1618 cap.
594 1548 650 1615 2,
679 1563 801 1617 app.
836 1547 889 1614 5,
940 1548 1043 1611 ait,
1095 1544 1443 1598 Prudentium
1476 1545 1795 1613 produxisse
1823 1560 1855 1596 a

271 1644 326 1698 in
352 1644 665 1709 criminaque
691 1640 924 1693 delusum
950 1640 1011 1690 ab
1039 1646 1270 1689 accentu.
1306 1636 1411 1689 Sed
1444 1634 1609 1702 magis
1636 1635 1855 1689 delusus

270 1744 353 1789 est
380 1731 697 1788 Ricciolius:
721 1744 989 1799 nunquam
1013 1730 1151 1781 enim
1176 1746 1205 1780 a
1228 1728 1281 1781 in
1304 1730 1516 1781 omni/ta
1538 1728 1855 1781 Prudentius

1958 529 2097 599 quod
2129 543 2225 582 suo
2254 529 2373 583 loco
2404 530 2826 599 prastermissum
2854 539 2966 596 est,
3014 530 3188 584 alieno
3217 530 3396 585 dicere
3424 545 3530 584 non

1958 618 2192 689 pigebit:
2238 620 2282 673 si
2326 628 2507 675 tamen
2546 620 2752 674 alienus
2782 620 2865 674 hic
2894 621 3041 675 locus
3070 629 3151 675 est
3189 621 3529 693 judicandus,

1956 726 2063 781 quo
2090 710 2277 766 eadem
2309 724 2471 779 opera
2500 718 2553 765 et
2585 710 2813 783 hymnos
2840 720 3113 766 correctos
3142 712 3396 767 Breviarii
3424 712 3535 769 Re-

1957 803 2140 872 mani,
2193 811 2245 855 et
2291 811 2531 856 nostrum
2580 802 2923 858 Prudentium
2969 804 3090 859 licet
3128 806 3419 861 vindicare.
3474 808 3533 861 ln

1956 895 2157 967 hymno
2190 896 2268 950 Ad
2303 911 2554 967 vesperas
2583 898 2788 952 sabbati
2813 900 2865 952 in
2898 899 3067 967 Albis,
3097 899 3177 953 Ad
3208 901 3374 973 regias
3400 900 3536 972 Αριιὶ

1956 988 2133 1059 dapes,
2167 988 2536 1056 reprehendit,
2566 996 2625 1042 ut
2655 990 2795 1055 dixi,
2831 990 3147 1045 Sinceritatis
3177 1009 3378 1064 azyma,
3411 1007 3533 1047 cor-

1956 1091 2107 1149 repto
2136 1101 2167 1153 y
2206 1081 2259 1136 in
2293 1100 2499 1151 azyma,
2549 1087 2790 1152 quamvis
2840 1085 3160 1139 Prudentius
3210 1088 3535 1157 corripuerit

1958 1177 2151 1245 Apoth.
2185 1191 2326 1229 vers.
2359 1176 2502 1229 555:
2558 1175 2810 1229 Lascivire
2841 1175 3037 1243 choris,
3082 1178 3385 1247 similaginis
3416 1196 3535 1250 azy-

1956 1286 2072 1322 mon
2101 1284 2224 1321 esse.
2281 1268 2563 1321 [iicciolius
2598 1267 2649 1321 in
2686 1268 2861 1321 indice
2889 1269 2922 1321 2
2963 1270 3288 1338 syllabarum
3320 1282 3537 1324 contru-

1956 1376 2233 1415 versarum
2266 1369 2511 1415 numerat
2544 1361 2679 1413 hanc
2705 1361 2892 1429 ipsam,
2932 1372 2985 1415 et
3029 1362 3276 1415 concedit
3316 1363 3535 1431 produci

1956 1468 1983 1506 a
2013 1452 2278 1507 Nicandro
2328 1456 2376 1505 in
2425 1452 2913 1520 Alexiphartnacis,
2963 1452 3055 1507 sed
3109 1453 3286 1517 addit,
3338 1468 3435 1506 nus
3484 1454 3537 1507 in

1960 1543 2355 1611 pronuntiando
2403 1543 2551 1611 sequi
2599 1558 2756 1610 posse
2798 1560 2863 1597 ex
2908 1546 3293 1600 consuetudine
3315 1546 3423 1613 jam
3458 1548 3537 1600 in-

1965 1648 2111 1689 vecta
2144 1648 2423 1691 accentum
2456 1636 2721 1700 Graecum,
2755 1638 2841 1705 qui
2884 1647 2966 1690 est
3008 1638 3061 1692 in
3092 1640 3534 1705 antepcnnltima.

1960 1729 2094 1794 Quid
2126 1729 2167 1782 si
2198 1729 2382 1782 saltem
2406 1739 2595 1798 quarto
2618 1730 2870 1782 Ecclesia:
2902 1730 3097 1783 saeculo
3124 1746 3183 1783 ea
3209 1732 3537 1787 consuetudo

273 1824 541 1894 produxit.
566 1822 803 1891 Longum
824 1819 1037 1891 quidem
1058 1818 1179 1872 fecit
1198 1835 1227 1869 a
1247 1819 1297 1871 in
1318 1820 1631 1881 ridendaque
1647 1817 1793 1889 Sym.
1812 1834 1852 1887 ι,
1885 1819 1932 1887 Β
1956 1821 2064 1889 jatn
2096 1820 2432 1874 obtinuerat?
2466 1822 2553 1874 Sic
2581 1825 2721 1874 enim
2753 1821 2911 1874 habet
2939 1820 3188 1875 Paulinus
3221 1822 3272 1875 in
3302 1824 3538 1879 carmine

278 1930 421 1970 vers.
444 1914 565 1980 561,
598 1912 828 1983 Mimica,
854 1911 1166 1980 ridendaque
1195 1910 1322 1975 suis,
1356 1909 1449 1963 sed
1479 1909 1547 1963 ob
1572 1924 1855 1975 caesuram,

277 2015 333 2058 nt
355 2019 479 2059 mox
500 2004 804 2075 explicabo,
826 2004 908 2056 vel
937 2001 1113 2073 potius
1136 2001 1205 2055 ob
1234 2000 1523 2056 dictiOnem
1553 2000 1856 2057 encliticam

274 2114 387 2168 que.

347 2188 469 2245 205.
510 2188 760 2244 Barthius
788 2188 879 2241 lib.
915 2203 963 2240 xt
996 2185 1247 2252 Advers.,
1289 2200 1406 2254 cap.
1434 2184 1532 2252 ΞΟ,
1574 2185 1854 2250 observat,

273 2283 611 2353 Agobardum
641 2281 693 2336 in
722 2280 945 2355 phaleco
976 2289 1094 2347 post
1117 2280 1318 2333 obitum
1344 2276 1519 2332 Caroli
1545 2288 1599 2333 et
1625 2279 1852 2333 Ledradi

272 2376 477 2447 propitii
524 2360 707 2429 vocem
756 2372 926 2443 prima
976 2370 1230 2442 producta
1282 2372 1561 2441 posuisse,
1612 2380 1852 2425 secutum

271 2470 616 2525 Prudentium
646 2471 716 2538 [in
768 2467 1020 2521 Passione
1065 2466 1304 2534 Agnetis.
1379 2466 1452 2518 lta
1503 2474 1648 2519 certe
1698 2464 1857 2519 habet

273 2560 592 2615 Prudentius
622 2574 761 2613 vers.
790 2558 929 2613 15οε
964 2556 1231 2629 Purgubor
1264 2557 1363 2619 oris
1394 2558 1753 2627 propitiabilis.
1792 2558 1857 2612 Et

272 2654 326 2708 in
352 2653 575 2719 Eulalia,
599 2666 741 2706 vers.
762 2651 895 2715 215:
923 2650 1157 2704 Carmine
1186 2651 1463 2717 prapitiata
1492 2654 1647 2721 fovet.
1680 2652 1858 2705 Potuit

273 2755 450 2801 tamen
482 2743 792 2813 Agobardus
821 2742 1080 2797 rationem
1110 2743 1283 2812 sequi,
1316 2758 1437 2796 cum
1469 2744 1520 2797 in
1548 2744 1856 2811 huiusmodi

270 2838 509 2902 voribus,
556 2838 642 2892 ubi
685 2838 863 2905 plures
893 2850 1051 2903 quam
1098 2834 1217 2888 dua:
1249 2834 1437 2889 breves
1494 2844 1851 2903 concurrunt,

271 2930 446 2999 aliqua
477 2943 538 2983 ex
574 2928 654 2981 his
686 2926 899 2995 produci
932 2924 1137 2990 valeat,
1191 2934 1244 2978 ut
1292 2934 1683 2993 pentametrum
1706 2967 1719 2991 ,
1764 2934 1857 2980 aut

272 3017 639 3079 hexametrum
669 3018 1015 3089 ingrediatur.
1066 3016 1141 3069 Ita
1171 3016 1365 3071 accidit
1396 3018 1447 3070 in
1478 3014 1691 3087 religio,
1727 3018 1853 3069 reli-

268 3118 423 3186 quitz,
453 3112 631 3178 Italia,
668 3110 976 3177 Priamides,
1009 3108 1311 3173 catholicus,
1354 3118 1659 3179 pupugerat.
1714 3108 1855 3161 Prae.

1959 1912 2024 1964 ad
2052 1910 2359 1981 Cytherium
2399 1912 2464 1966 de
2507 1912 2784 1979 naufragio
2824 1913 3161 1967 Martiniani:
3199 1912 3272 1972 In
3314 1916 3537 1969 veritatis

1958 2006 2184 2073 azymis;
2219 2014 2271 2059 et
2300 2004 2469 2058 Natali
2503 2006 2573 2058 8:
2622 2004 2750 2058 Inde
2788 2008 2925 2075 fuga:
2954 2020 3195 2058 memores
3225 2006 3376 2058 etiam
3407 2024 3537 2060 nunc

1958 2116 2139 2169 azyma
2167 2110 2394 2155 sumunt.
2430 2100 2596 2154 Recte
2619 2115 2747 2167 ergo
2767 2098 3060 2154 Casimirus
3086 2100 3390 2154 Sarbievins
3414 2102 3469 2155 S.
3494 2101 3535 2167 Ι,

1958 2193 2044 2257 qui
2077 2191 2221 2243 solus
2259 2206 2380 2244 eum
2413 2190 2668 2259 hymnum
2707 2190 2968 2257 correxit,
3015 2190 3222 2244 censuit
3273 2205 3377 2243 non
3422 2207 3535 2243 mu-

1961 2282 2173 2337 tandum
2201 2298 2409 2336 versum
2446 2282 2767 2336 Sinceritatis
2790 2297 2989 2350 azyma.
3019 2280 3149 2334 Nam
3179 2281 3534 2343 Sarbievium,

1960 2388 2165 2444 poetam
2208 2375 2427 2444 lyricum
2460 2375 2989 2443 prmstantissimum,
3037 2373 3201 2428 fuisse
3244 2390 3273 2427 e
3313 2390 3535 2427 nmnero

1958 2484 2141 2521 eorum
2167 2468 2254 2536 qui
2283 2467 2645 2521 emendationi
2679 2467 2995 2536 hymnorum
3025 2466 3175 2533 jussu
3199 2466 3396 2519 Urbani
3426 2466 3535 2520 Vill
3559 2462 3575 2481 ⁸

1958 2576 2174 2628 Operam
2207 2568 2483 2623 nmarunt,
2511 2558 2653 2627 quod
2684 2566 2805 2610 tunc
2836 2573 2921 2611 me
2950 2555 3179 2625 fugerat,
3213 2570 3350 2609 nunc
3381 2558 3535 2625 plane

1959 2656 2165 2706 affirmo
2195 2654 2413 2705 edoctus
2458 2654 2524 2705 ab
2568 2654 2993 2707 eminentissimo
3038 2652 3308 2706 cardinale
3334 2653 3539 2708 Joanne

1959 2748 2147 2801 Carulu
2179 2749 2426 2811 Boschiu,
2458 2750 2567 2815 qui,
2604 2757 2659 2801 ut
2687 2758 2767 2803 est
2793 2764 2911 2802 cum
2945 2748 3165 2801 aliarum
3187 2786 3200 2813 ,
3239 2749 3394 2818 179
3418 2757 3536 2801 tum

1963 2842 2223 2910 prrecipue
2254 2842 2732 2896 ecclesiasticarum
2776 2858 2953 2896 rerum
2994 2843 3293 2910 cognitione
3325 2844 3538 2913 egregie

1958 2931 2271 2997 instructus,
2291 2933 2340 2985 id
2365 2948 2448 2986 me
2475 2932 2869 2999 perhumaniter
2886 2934 3179 2997 admonuit;
3201 2934 3537 3003 ostenditque

1957 3024 2039 3076 edi
2071 3024 2246 3075 iunoni
2272 3023 2623 3077 Parisiensem
2650 3024 3061 3091 pulcherrimam
3084 3038 3305 3093 operum
3330 3024 3538 3079 Sarbie-

1960 3114 2058 3177 vii,
2091 3114 2139 3166 in
2173 3114 2323 3182 cujus
2351 3116 2659 3183 praefatione
2694 3115 2810 3170 haec
2844 3116 3077 3170 narratio
3108 3116 3175 3170 de
3193 3118 3540 3184 ~correctione

270 3216 413 3261 terea
446 3221 542 3259 cur
570 3219 674 3258 non
704 3204 806 3257 erit
836 3203 1051 3272 longum
1090 3216 1119 3254 ο
1160 3201 1210 3255 in
1240 3202 1490 3270 propitius
1527 3200 1600 3261 la)
1628 3202 1646 3252 Ρ
1699 3203 1855 3273 178
1882 3189 1929 3261 C
1964 3206 2257 3260 Urbattiatta
2289 3207 2611 3259 continetur.

268 3296 572 3351 Ludovicus
597 3294 843 3348 Cavallus
873 3294 923 3345 in
955 3292 1419 3347 observationibus
1461 3294 1527 3345 ad
1564 3308 1728 3346 novos
1764 3295 1857 3363 by-

272 3403 448 3454 mnos,
476 3402 595 3458 quae
625 3400 753 3440 mss.
801 3393 1013 3440 exsmnt
1040 3384 1112 3450 ;in
1156 3383 1477 3438 bibliotheca
1510 3384 1718 3455 collegii
1748 3384 1854 3438 Ro-

270 3480 437 3544 mani,
470 3478 861 3533 correctoribus
890 3477 989 3531 sub
1019 3475 1233 3531 Urbano
1258 3476 1371 3529 Vlll
1400 3476 1584 3546 objicit
1620 3479 1759 3546 quod
1800 3479 1853 3534 in

268 3588 451 3640 azyma
480 3584 601 3623 cum
632 3568 921 3623 Prudentia
950 3586 982 3639 y
1010 3569 1388 3637 corripuerint,
1440 3569 1711 3624 observat.
1742 3573 1808 3626 59
1834 3588 1849 3637 ;

268 3665 395 3721 item
428 3664 569 3735 quod
620 3665 819 3733 pariter
866 3680 898 3715 a
946 3664 1001 3727 in
1044 3661 1297 3719 Iudaicus
1326 3679 1447 3719 cum
1494 3666 1685 3721 eodem
1714 3667 1849 3722 Pru-

268 3758 451 3821 dentio
481 3757 691 3826 longam
724 3755 981 3821 fecerint,
1014 3755 1224 3811 observ.
1257 3755 1354 3823 40;
1385 3757 1527 3827 quod
1568 3759 1585 3809 i
1613 3758 1663 3811 in
1710 3774 1849 3814 sem-

268 3854 535 3919 piternus,
564 3850 729 3907 secuti
760 3850 1005 3905 eumdem
1033 3850 1412 3915 Prudentium,
1459 3852 1849 3917 breviaverint,

267 3945 481 4019 observ.
511 3944 572 3999 41
603 3959 617 4010 ;
645 3952 699 3999 et
726 3942 868 4014 quod
899 3942 1187 3998 Paraclitus
1226 3959 1345 3999 cum
1372 3945 1391 3998 i
1418 3944 1567 4000 brevi
1609 3948 1849 4013 ejusdem

268 4034 543 4089 Prudentii
575 4035 892 4089 auctoritate
920 4035 1259 4103 protulerint,
1290 4038 1504 4091 observ.
1531 4038 1599 4091 42
1622 4040 1715 4108 (b).

337 4126 467 4182 206.
510 4128 723 4181 Memini
760 4141 845 4180 me
875 4126 975 4179 hoc
1019 4125 1222 4179 Cavaili
1264 4128 1574 4195 opusculum
1618 4130 1683 4180 ab
1726 4130 1844 4183 aliis

268 4218 539 4272 laudatum
587 4217 819 4286 allegare
867 4216 1081 4272 dissert.
1116 4216 1182 4271 de
1214 4216 1405 4287 llymn.
1437 4218 1657 4282 eccles.,
1692 4230 1843 4274 num:

270 4309 395 4373 159,
441 4308 575 4373 160,
621 4324 685 4364 ac
729 4324 917 4364 rursus
960 4310 1015 4363 in
1065 4309 1249 4379 bymn.
1283 4310 1532 4378 Hispan.,
1569 4327 1689 4381 pag.
1720 4312 1844 4367 267.

267 4402 441 4454 Aliam
470 4400 701 4454 hominis
728 4400 868 4455 docti
902 4401 1065 4456 fuisse
1105 4412 1338 4457 mentem
1380 4403 1847 4469 existimaveram,

266 4493 397 4549 alias
430 4494 687 4559 rationes,
718 4493 909 4563 quibus
937 4496 1326 4549 correctionem
1360 4494 1719 4549 Urbanianam
1752 4496 1851 4548 im-

269 4598 549 4657 pugnaret.
600 4588 790 4643 Postea
821 4588 873 4642 in
902 4588 1095 4643 librum
1126 4604 1227 4644 ms.
1256 4589 1447 4656 incidi,
1478 4599 1533 4644 et
1563 4604 1727 4659 pauca
1760 4604 1843 4644 re-

2029 3299 2154 3353 207.
2198 3300 2273 3352 De
2302 3314 2431 3353 voce
2462 3296 2751 3352 Parttt‘litus
2780 3299 2968 3354 eadem
3008 3302 3286 3368 responsio
3313 3316 3375 3353 ex
3403 3316 3537 3355 cun-

1959 3391 2239 3445 suetudine
2269 3402 2320 3445 et
2352 3400 2574 3445 accentu
2607 3391 2796 3445 Graeco
2846 3392 3061 3460 petitur.
3106 3393 3172 3446 Et
3201 3408 3320 3448 cum
3352 3394 3537 3447 Caval-

1961 3482 2038 3537 lus
2067 3483 2313 3545 fateatur,
2351 3482 2536 3536 Patres
2564 3482 2615 3536 in
2650 3482 2755 3537 ﬁne
2781 3483 2996 3537 iambici
3031 3484 3274 3551 posuisse
3303 3482 3536 3538 Paracli-

1961 3586 2059 3641 tus,
2094 3586 2147 3629 ut
2177 3574 2233 3631 S.
2263 3576 2453 3638 Hilar.,
2488 3574 2616 3629 Cum
2649 3574 2875 3642 Spiritus
2908 3574 3203 3631 Paraclitus
3236 3577 3447 3645 Eﬁ‘ulsit
3484 3579 3537 3632 in

1958 3669 2254 3737 discipulos,
2291 3668 2465 3735 inepte
2494 3668 2769 3722 contendit
2818 3676 2929 3722 tum
2960 3668 3195 3738 abipsis
3241 3668 3537 3724 adhibitum

1958 3764 2269 3833 spOndazum
2306 3779 2400 3833 pro
2432 3764 2606 3818 iambo
2650 3782 2662 3817 :
2715 3778 2837 3821 nam
2870 3765 3043 3833 potius
3091 3764 3143 3819 in
3171 3764 3292 3819 aliis
3322 3764 3535 3821 sedibus

1957 3864 2138 3909 contra
2173 3864 2399 3909 metrum
2434 3856 2727 3923 peccabant
2751 3871 2907 3924 quam
2940 3855 2991 3910 in
3023 3856 3126 3910 ﬁne
3157 3856 3397 3924 iambici,
3444 3856 3533 3911 ubi

1956 3961 2172 4016 semper
2214 3947 2443 4005 iambum
2487 3948 2811 4001 adhibebant
2838 3948 2934 4018 (c).
2986 3948 3328 4003 Correctores
3372 3950 3533 4002 etiam

1958 4040 2293 4092 retinuerunt
2341 4038 2483 4106 quod
2548 4040 2865 4093 Prudentius
2925 4040 3217 4105 scripserat
3269 4040 3381 4093 Cat.
3426 4041 3533 4103 l2,

1954 4144 2095 4182 vers.
2124 4129 2193 4181 4‘2
2219 4146 2229 4179 :
2267 4128 2550 4195 Populique
2578 4146 2667 4182 rea:
2695 4128 2925 4195 Iudaici,
2958 4130 3007 4181 in
3036 4132 3269 4198 vesperis
3292 4131 3533 4183 Transfi-

1958 4220 2271 4289 gurationis.
2304 4222 2500 4272 Contra
2528 4220 2657 4274 nihil
2681 4222 2881 4290 profert
2901 4219 3167 4283 Cavallus,
3194 4223 3291 4276 nisi
3315 4221 3531 4294 dubium

1959 4316 2261 4383 exemplum
2287 4315 2581 4376 Iuvenalis,
2625 4314 2776 4368 satir.
2810 4314 2899 4374 14.
2924 4331 3062 4369 vers.
3095 4316 3227 4369 ιοιε
3262 4313 3535 4367 Iudaicum

1959 4406 2259 4470 addiscunt,
2290 4422 2348 4457 ac
2373 4415 2599 4471 servant,
2641 4412 2687 4458 et
2714 4413 2941 4458 metuunt
2963 4409 3074 4478 jus.
3120 4406 3380 4460 Similiter
3410 4421 3536 4461 usus

1959 4507 2044 4552 est
2075 4497 2395 4552 Prudentius
2424 4497 2621 4567 Apoth.
2654 4512 2795 4552 vers.
2831 4497 2971 4551 552:
3018 4497 3149 4551 Sunt
3194 4498 3282 4567 qui
3320 4498 3537 4550 Judaico

1959 4599 2232 4659 cognatum
2254 4594 2439 4659 dogma
2466 4588 2652 4658 furori,
2676 4597 2730 4642 et
2752 4603 2892 4642 vers.
2915 4588 3011 4643 3‘21
3037 4605 3049 4641 :
3074 4586 3199 4645 Ha’c
3222 4588 3266 4642 si
3292 4587 3538 4641 Iudaicos

342 4750 418 4819 (a)
449 4750 741 4803 Bectnanus
762 4793 774 4813 ,
823 4750 890 4804 de
928 4752 1131 4819 Origin.
1164 4752 1291 4820 ling.
1323 4750 1465 4814 Lat.,
1497 4750 1694 4804 fatetur
1723 4768 1843 4819 pro-
1881 4752 1935 4812 D
1960 4767 2223 4817 spernere,
2266 4767 2418 4819 quam
2459 4751 2551 4802 hoc
2594 4742 2791 4819 insigne
2819 4750 3043 4816 Spiritus
3087 4744 3539 4820 saiwti_rpillteton

269 4821 424 4890 pitius
452 4835 572 4875 esse
602 4835 629 4873 a
664 4837 815 4887 porro
836 4862 849 4885 ,
894 4832 983 4874 aut
1015 4837 1221 4889 prorsus
1257 4822 1368 4890 pius
1400 4838 1463 4873 ex
1496 4822 1849 4889 quorumdam

267 4902 512 4946 veterum
545 4894 835 4953 sententia,
880 4896 1122 4960 quamvis
1154 4892 1265 4957 ipse
1295 4890 1574 4959 praeferat,
1622 4908 1649 4942 a
1696 4908 1855 4959 prope

269 4977 392 5016 cum
429 4962 800 5015 terminatione
840 4963 1107 5015 communi
1147 4963 1289 5025 itius,
1336 4971 1394 5013 ut
1436 4962 1663 5028 ﬁctitius,
1712 4977 1854 5014 com-

272 5031 546 5085 mentitius.
600 5031 653 5087 Si
691 5033 912 5098 primam
942 5044 1178 5086 veterum
1210 5033 1517 5100 Opinionem
1550 5041 1852 5095 teneamus,

271 5113 419 5172 patet
449 5118 511 5156 ex
547 5103 749 5171 origine
778 5119 806 5155 ο
836 5118 955 5157 esse
986 5103 1406 5169 producendum.
1453 5101 1589 5155 Ante
1618 5102 1860 5155 Pruden-

273 5174 404 5227 tium
439 5173 760 5242 produxerat
800 5188 1011 5242 qnoque
1040 5175 1343 5238 Juvencus,
1392 5173 1484 5225 lib.
1512 5188 1559 5235 ι,
1609 5174 1657 5225 in
1710 5174 1857 5241 prin-

272 5244 451 5310 cipio:
507 5240 646 5296 Nam
692 5261 767 5295 me
796 5240 1065 5313 {propitius
1112 5258 1280 5295 rerum
1322 5252 1466 5311 pater
1498 5243 1680 5313 unicus
1714 5240 1853 5295 alto.

272 5314 561 5369 Ricciolius
592 5316 728 5367 hanc
758 5312 1107 5384 quantitatem
1142 5316 1366 5382 primum
1398 5312 1625 5376 indicat,
1661 5313 1855 5384 deinde

269 5387 431 5439 aliam
465 5401 529 5439 ex
557 5383 782 5452 Seneca,
808 5395 860 5439 et
883 5385 1099 5449 Plauto;
1147 5384 1241 5439 sed
1274 5384 1446 5437 Plauti
1471 5398 1654 5437 versus
1681 5383 1854 5438 ambi-

309 5456 356 5509 ui
390 5466 533 5509 sunt.

309 5473 356 5509 lll
390 5470 533 5509 sunt.

269 5470 302 5597 g_
346 5525 422 5597 (ὁ)
451 5526 562 5580 Hoc
587 5528 707 5581 loco
737 5540 839 5597 non
872 5540 1087 5596 possum
1119 5525 1249 5597 (utin
1270 5526 1432 5597 verba
1461 5524 1861 5597 observationis

274 5594 702 5651 ii'describam:
737 5596 803 5649 Et
827 5594 966 5663 licet,
997 5596 1186 5665 inquit,
1214 5596 1320 5649 SS.
1350 5594 1553 5659 Patres,
1578 5606 1622 5647 et
1650 5596 1861 5665 hymno-

270 5668 458 5739 graphi
488 5668 681 5735 antiqui
710 5668 806 5719 hoc
840 5685 1020 5721 nomen
1050 5668 1102 5719 in
1131 5668 1236 5721 suis
1268 5666 1471 5737 hymnis
1518 5668 1781 5737 posuerint
1812 5667 1863 5720 in

272 5738 378 5808 ﬁne
404 5739 611 5792 iambici
642 5739 840 5791 dimetri
859 5779 871 5801 ,
920 5756 1019 5793 non
1050 5748 1215 5791 tamen
1247 5740 1478 5807 sequitur
1510 5749 1563 5791 ut
1602 5739 1863 5805 corripue-

274 5810 380 5863 rint
435 5812 522 5864 sed
554 5809 849 5870 spondteum
876 5810 1165 5867 maluerunt
1189 5826 1403 5876 ponere,
1449 5818 1496 5863 et
1520 5809 1675 5877 legem
1716 5808 1863 5861 metri

1962 4833 2147 4875 natura
2186 4817 2492 4888 productum
2517 4817 2769 4888 corripere
2798 4828 2842 4870 et
2874 4830 3213 4879 corrumprre.
3260 4817 3418 4869 .‘llirur
3446 4832 3540 4870 cur

1963 4893 2309 4946 Prudentium
2358 4908 2389 4945 e
2438 4906 2660 4943 numero
2709 4890 2932 4941 aliorum
2976 4890 3186 4941 Patrum
3220 4900 3270 4940 et
3300 4900 3539 4941 veterqu

1962 4962 2488 5031 hymnograpborurn
2519 4961 2797 5015 exemerit.
2824 4974 2920 5012 cur
2946 4961 3115 5031 etiam,
3136 4959 3321 5011 eadem
3353 4957 3539 5009 delen-

1962 5030 2113 5085 si’nne
2143 5049 2243 5099 qua
2279 5032 2409 5082 :IIlOS
2451 5046 2571 5083 eum
2603 5046 2707 5083 non
2738 5040 2963 5091 tueatur,
2998 5045 3058 5081 ac
3090 5030 3302 5082 demum
3331 5042 3425 5080 cur
3452 5042 3539 5077 su-

1965 5103 2067 5155 lam
2099 5102 2397 5155 terentium
2427 5101 2795 5155 auctoritatem
2828 5100 3118 5155 Prudentia
3145 5100 3367 5165 aliisque
3397 5106 3538 5149 vete-

1965 5173 2112 5226 ribus
2140 5182 2389 5244 opponat.
2519 5241 2526 5244 Α
2613 5241 2743 5244 ___
3296 5236 3310 5244 ,
3440 5234 3449 5244 ,
3526 5237 3535 5244 ,

2037 5244 2107 5312 (c)
2157 5236 2225 5295 ιιι·
2254 5244 2450 5311 hymno
2500 5241 2565 5295 de
2608 5241 2807 5312 Spiritu
2837 5250 3041 5301 sancto,
3071 5236 3469 5312 _quem_descri.
3494 5237 3536 5286 si

1968 5304 2115 5367 nnin.
2142 5315 2228 5378 75,
2262 5304 2313 5385 θῖ
2342 5312 2543 5385 Paulini
2582 5304 2765 5385 Nolani
2808 5328 2928 5385 esse
2966 5304 3229 5385 ctiti_ji}-io,_
3251 5304 3538 5385 Par-uelutis

1963 5386 1981 5436 i
2012 5385 2156 5437 brevi
2191 5373 2472 5451 profertur.
2513 5384 2762 5453 Sidonius
2793 5382 2993 5453 pariter
3024 5373 3362 5453 Heraclitus}
3394 5373 3538 5453 brevi

1969 5444 2222 5522 protulit;
2264 5455 2527 5521 Quidquid
2557 5444 2897 5523 Pythagoras.
2934 5449 3269 5507 Democritus,
3300 5444 3538 5523 Heracli-

1972 5515 2169 5595 iusque,
2203 5515 2360 5594 quiem
2394 5515 2490 5579 hac
2517 5526 2581 5577 de
2609 5515 2768 5578 causa
2802 5523 3111 5595 Hermolau~
3152 5526 3402 5595 ιιι-ειιξειιἶ
3447 5515 3539 5595 de~

1966 5585 2140 5649 fendit
2160 5585 2299 5664 ivero
2327 5595 2643 5649 Ptolemaeus
2677 5592 3036 5666 V|_l_ispaniulush
3064 5590 3116 5641 in
3140 5586 3443 5666 _Curnljariu
3472 5585 3538 5666 de

1969 5657 2497 5736 licentiis'poetarnm
2524 5677 2651 5736 tom.
2676 5664 2735 5716 IV
2760 5657 2979 5730 operum
3002 5659 3252 5729 Baptistae
3271 5657 3539 5713 Mantuani

1914 5792 1917 5793 ν
1967 5737 2083 5805 ejus
2118 5734 2318 5803 fratris,
2350 5752 2467 5805 pag.
2499 5734 2619 5788 167.
