4102 6348
550 350 650 406 727

1961 339 2409 399 PRUDENTIUS.

3708 359 3814 415 728

548 468 621 523 sic
651 466 905 521 intellecta
932 468 1195 537 rigassent.
1246 458 1350 515 Sed
1394 459 1445 512 in
1489 458 1571 513 bis
1610 457 1857 512 omnibus
1889 457 2130 511 versibus
2158 458 2211 515 Α
2238 472 2420 524 voces,
2446 468 2503 513 ut
2535 473 2639 515 non
2669 461 2786 516 sine
2815 461 3053 532 periculo
3084 462 3229 519 falsa
3257 464 3517 523 doctrina:
3544 470 3817 529 immutari

552 559 699 611 locus
729 566 812 613 est
840 555 1091 624 spondteo
1119 567 1215 621 per
1238 549 1532 621 synteresiu
1557 548 1737 616 Judai,
1763 549 1813 601 in
1847 549 2017 617 primo
2043 547 2132 601 illo

552 664 689 718 opus
718 656 801 702 cst
833 645 1007 700 iambo
1036 643 1089 697 in
1119 641 1246 697 sede
1275 650 1516 696 extrema
1535 681 1549 704 ,
1580 639 1869 710 Populique
1900 639 2009 693 Rea:
2034 636 2131 691 Ju-

550 742 714 805 daici,
763 738 843 793 uti
887 738 1049 793 etiam
1096 737 1312 807 dactylo
1360 736 1413 789 in
1443 749 1601 791 versu
1645 733 1840 789 Alcimi
1881 732 2020 787 Aviti
2065 732 2134 786 de

551 831 767 899 Origine
814 828 1041 895 mundi,
1095 828 1315 893 Quando
1364 826 1661 879 induratum
1706 826 1869 892 plebes
1910 821 2133 901 Iudaica

553 940 758 978 nomen.
811 921 882 978 Ut
926 922 976 975 in
1008 922 1342 989 sempiternus
1381 920 1643 989 ilongum
1684 926 1973 981 asseratur,
2022 914 2134 969 sola

555 1014 776 1084 Josephi
802 1013 1059 1083 Scaligeri
1094 1012 1383 1067 auctoritas
1413 1010 1603 1065 idonea
1635 1011 1851 1063 minime
1878 1017 1959 1063 est
1980 1046 1995 1072 ,
2044 1021 2136 1061 ue-

555 1124 661 1178 que
700 1110 841 1162 enim
872 1115 1073 1161 certum
1103 1114 1185 1164 est
1233 1103 1462 1159 derivari
1508 1117 1537 1157 a
1577 1116 1774 1169 semper
1803 1109 1857 1154 et
1896 1109 2133 1161 internus,

557 1218 755 1271 neque,
784 1202 829 1256 si
858 1200 911 1255 id
938 1208 1141 1255 certum
1173 1198 1270 1263 sit,
1312 1196 1546 1251 derivata
1577 1209 1790 1262 semper
1821 1194 1991 1261 legem
2023 1190 2133 1260 pri-

555 1292 864 1347 mitivorum
907 1298 1227 1359 sequuntur,
1274 1286 1567 1356 prmsertim
1599 1285 1720 1353 quia
1763 1300 1807 1337 aa
1848 1284 1982 1336 sicut
2023 1282 2076 1334 in
2119 1282 2137 1333 i

557 1393 811 1445 mutatur,
863 1384 933 1435 ita
977 1382 1032 1435 in
1075 1383 1092 1433 i
1134 1380 1294 1435 breve
1336 1378 1575 1433 converti
1623 1376 1837 1445 poterit.
1893 1374 2138 1427 Paulinus

559 1475 759 1544 pariter
788 1476 805 1526 i
835 1472 1091 1541 corripuit
1122 1473 1175 1525 in
1203 1472 1442 1525 carmine
1469 1469 1534 1522 ad
1564 1466 1872 1538 Cytherium
1906 1465 1972 1519 de
1999 1465 2139 1518 Nau-

559 1567 728 1636 fragio
756 1566 1053 1619 Mautiniani
1086 1580 1251 1633 prcpc
1281 1564 1478 1617 linem:
1526 1561 1593 1615 Ut
1636 1563 1954 1630 sempiterna:
1994 1560 2139 1613 clara

559 1658 671 1710 vitm
698 1656 882 1726 gloria.
914 1655 1169 1709 Eamdem
1198 1654 1541 1721 quantitatem
1569 1650 1812 1706 defendit
1838 1650 2057 1705 [luetius
2084 1651 2135 1705 in

559 1748 893 1815 Origeuianis
935 1758 1119 1800 contra
1160 1746 1416 1815 Scaligeri
1456 1744 1783 1812 Opinionem.
1837 1742 1960 1797 ΙΙωο
2001 1742 2135 1796 l’ru-

2235 565 2265 605 a
2296 550 2484 620 quovis
2513 554 2813 619 potuerint,
2859 553 3098 622 adeoque
3126 564 3180 610 et
3210 571 3240 611 a
3272 558 3426 626 plebe
3457 559 3653 615 fuerint
3704 565 3817 618 usi-

2239 654 2380 710 tatzr,
2413 646 2463 699 in
2489 646 2904 715 antepenultima
2932 648 3223 703 breviasse.
3260 649 3313 704 In
3340 652 3422 705 bis
3442 661 3617 708 tamen
3646 672 3819 712 exem-

2235 738 2338 806 plis
2383 752 2489 792 non
2535 754 2637 792 una
2679 738 2971 808 eademque
3010 739 3219 795 videtur
3257 742 3420 798 fuisse
3462 748 3815 803 consuetudo.

2236 829 2367 885 Nam
2398 829 2717 884 Prudentius
2746 831 2799 884 in
2831 832 3041 885 ecclesia
3077 838 3133 886 et
3172 835 3469 903 mysterium
3508 839 3821 905 antepenul-

2240 922 2421 976 timam
2460 920 2737 991 producit,
2792 920 2851 977 S.
2880 920 3131 975 Paulinus
3179 937 3321 991 saepe
3369 924 3527 979 etiam
3573 927 3820 983 eamdem

2238 1013 2496 1083 syllabam
2528 1014 2736 1083 longam
2767 1012 2910 1067 fecit.
2966 1012 3041 1067 Ex
3083 1013 3182 1067 hac
3223 1016 3402 1083 regula
3438 1017 3696 1073 sustineri
3726 1035 3825 1089 po-

2242 1113 2416 1159 terunt
2448 1105 2498 1157 in
2529 1104 2817 1158 Prudentio
2848 1104 3172 1174 Allophylus,
3214 1105 3425 1171 Arrius,
3464 1124 3690 1172 eremus,
3731 1110 3827 1166 Ite-

2243 1196 2391 1262 resis,
2415 1192 2638 1259 idolum,
2662 1193 2882 1260 daemon,
2908 1194 2931 1247 l
2941 1211 3052 1248 esus
3080 1194 3213 1249 eliso
3240 1197 3277 1262 i,
3298 1205 3390 1251 aut
3412 1212 3470 1262 e;
3502 1197 3823 1269 Paraclitu,

2242 1286 2493 1355 Azymon,
2528 1284 2796 1351 Iudaicus,
2831 1294 2885 1341 et
2924 1286 3040 1340 alia:
3070 1288 3272 1344 similes
3300 1304 3481 1355 voces,
3511 1307 3820 1363 quanquam

2242 1375 2369 1431 nihil
2426 1376 2667 1445 prohibet
2724 1377 3007 1447 quominus
3049 1378 3234 1433 eadem
3288 1380 3550 1436 vocabula
3593 1382 3826 1442 diversis

2241 1467 2534 1523 rationibus
2563 1482 2625 1521 ac
2650 1469 2848 1545 regulis
2878 1468 3249 1537 defendantur,
3293 1483 3351 1528 ut
3389 1488 3455 1527 ex
3498 1476 3698 1545 regulis
3733 1492 3824 1533 se-

2241 1562 2524 1633 quentibus
2551 1562 2834 1616 constabit.

2311 1654 2489 1708 Altera
2518 1664 2597 1709 est
2620 1654 2819 1722 regula.
2863 1652 2926 1707 In
2967 1653 3222 1707 vocabulis
3259 1672 3286 1709 e
3321 1654 3498 1710 Gnaeo
3538 1658 3811 1725 derivatis,

2243 1756 2450 1800 accentu
2509 1762 2539 1798 α
2582 1747 2866 1815 quantitate
2922 1746 3329 1801 discordantibus
3360 1789 3375 1813 ,
3428 1758 3610 1803 veteres
3665 1762 3825 1818 poeta:

561 1839 739 1892 dcntio
762 1854 881 1892 cum
906 1838 1297 1893 C(ll‘l‘CClOl'lbllS
1320 1834 1642 1892 Urbanianis
1672 1835 1997 1889 communia.
2027 1832 2135 1889 δίει
2169 1823 2219 1883 Β
2244 1840 2520 1893 Christiani
2563 1840 2789 1909 neglecta
2858 1841 3140 1908 quantitate
3190 1850 3445 1894 accentum
3502 1843 3662 1895 δεειιιί
3705 1854 3825 1897 gum

563 1939 673 1983 tera
704 1931 1070 1997 prmtermitto,
1100 1930 1219 1996 quia
1252 1938 1306 1983 ct
1335 1929 1531 1983 leviora
1558 1936 1703 1993 sunt,
1735 1934 1789 1980 et
1814 1926 1880 1979 ad
1909 1942 2004 1980 nos
2036 1941 2140 1980 non

563 2023 861 2088 pertinent,
894 2022 976 2075 vel
1008 2024 1049 2076 si
1082 2023 1148 2075 ad
1180 2037 1281 2076 nos
1306 2021 1541 2091 quidem,
1574 2036 1681 2074 non
1713 2028 1887 2075 tamen
1932 2019 1998 2074 ad
2041 2019 2143 2075 hoc

565 2121 795 2183 tempus,
823 2129 996 2183 neque
1023 2114 1087 2168 ad
1116 2114 1255 2168 hunc
1283 2110 1477 2167 lucum.

1128 2228 1352 2283 CAPUT
1392 2228 1580 2283 XXIV.

569 2322 728 2392 Leges
758 2340 789 2375 α
820 2322 1103 2376 Prudentia
1146 2322 1354 2391 aliisque
1397 2320 1619 2389 antiquis
1662 2320 1820 2389 pactis
1844 2319 2145 2374 Christianis

1101 2395 1153 2445 in
1196 2404 1353 2445 metro
1381 2401 1609 2445 servata'.

646 2485 802 2554 180
839 2484 964 2537 208.
996 2484 1058 2537 Et
1080 2493 1139 2537 ut
1160 2483 1213 2535 in
1241 2482 1530 2536 Prudentio
1550 2481 1884 2536 defendendo
1906 2495 2142 2550 pergam,

569 2585 839 2645 totamque
867 2574 1231 2629 defensionem
1260 2574 1323 2626 ad
1350 2584 1493 2628 certa
1523 2574 1691 2641 capita
1721 2587 1986 2637 revoccm,
2016 2588 2145 2626 non-

570 2667 743 2720 nullas
786 2667 995 2737 regulas
1039 2678 1299 2735 exponam
1338 2666 1530 2735 quibus
1572 2664 1892 2735 syllabarum
1930 2666 2145 2733 quanti-

570 2765 650 2813 tas
682 2759 749 2811 ab
774 2773 839 2812 eo
880 2758 1113 2812 adhibita
1148 2757 1443 2811 vindiCetur
1471 2754 1568 2827 (a).
1605 2757 1767 2809 Pulsis
1798 2772 1875 2810 ειτ
1906 2772 2143 2810 uncum:

573 2850 823 2915 Quadam
848 2861 961 2901 sunt
991 2865 1134 2902 voces
1158 2852 1211 2900 in
1246 2846 1477 2901 Ecclesia
1512 2846 1743 2899 Romana
1765 2847 1825 2898 ab
1863 2847 1987 2913 ipsis
2030 2847 2149 2899 reli-

569 2942 733 3010 gionis
764 2950 948 2993 nostra:
968 2940 1127 2992 initiis
1148 2939 1348 2991 usitata:
1371 2938 1619 3007 peculiari
1645 2937 1862 3003 quodam
1885 2937 2148 2989 intervallo

572 3030 855 3096 brevitatis,
909 3041 996 3083 aut
1041 3029 1406 3101 longitudinis,
1453 3029 1551 3080 sire
1596 3044 1657 3081 ea:
1692 3026 1905 3095 erco,
1948 3030 2050 3081 sive
2088 3043 2151 3081 ex

572 3121 625 3175 11
631 3123 831 3174 ebraico
860 3123 1100 3175 idiomate
1122 3136 1389 3188 conversae,
1414 3136 1541 3190 quas
1564 3121 1655 3173 viri
1676 3122 1811 3173 docti
1826 3125 1948 3190 jure
1968 3121 2146 3173 eadem

2244 1932 2300 1985 in
2348 1931 2777 2002 antepenultima,
2829 1930 2964 1998 quod
3009 1932 3080 1985 ita
3113 1940 3222 1983 tum
3268 1933 3675 2002 pronuntiarent.
3738 1935 3826 1989 Di-

2246 2038 2453 2079 versam
2513 2024 2639 2077 olim
2708 2023 2871 2077 luisse
2936 2024 3197 2078 rationem
3257 2023 3635 2092 pronuntiandi
3669 2069 3685 2093 ,
3735 2041 3827 2079 va-

2247 2114 2458 2184 riasque
2496 2115 2774 2169 doctorum
2822 2112 3102 2183 opiniones
3153 2129 3216 2168 ex
3265 2114 3593 2182 Quintiliano
3636 2116 3729 2170 lib.
3786 2134 3823 2183 ι,

2248 2221 2366 2277 cap.
2400 2207 2453 2275 5,
2489 2208 2785 2264 discimus:
2823 2208 2890 2262 Ut
2916 2209 3134 2275 Atreus,
3176 2225 3323 2278 quem
3369 2209 3512 2263 nobis
3551 2210 3827 2265 viventibus

2248 2300 2529 2353 doctissimi
2574 2316 2714 2355 senes
2744 2308 2896 2353 acuta
2940 2300 3101 2368 prima
3149 2301 3316 2354 dicere
3351 2301 3600 2367 solebant,
3652 2313 3704 2354 ut
3748 2319 3826 2355 ne-

2249 2396 2464 2444 cessario
2486 2393 2705 2445 secunda
2734 2394 2903 2462 gravis
2943 2400 3089 2446 esset.
3116 2391 3191 2446 Ac
3231 2407 3415 2447 revera
3461 2393 3680 2448 Plautus
3720 2408 3825 2449 non

2248 2483 2419 2538 solum
2446 2484 2712 2554 dactylum
2737 2485 2861 2538 facit
2890 2482 3244 2549 Phwdromus,
3269 2485 3418 2553 cujus
3439 2501 3470 2535 ο
3497 2496 3628 2539 esto
3652 2500 3824 2555 mega,

2249 2578 2341 2632 sed
2392 2578 2552 2633 etiam
2596 2578 2942 2647 penultimam
2978 2579 3200 2647 corripit
3243 2579 3295 2631 in
3345 2576 3657 2649 Philippus,
3704 2580 3825 2649 quia

2250 2670 2534 2739 utrobique
2560 2670 2747 2725 Grmce
2777 2670 3051 2735 scribitur,
3086 2680 3138 2725 et
3169 2671 3545 2740 pronuntiatur
3573 2686 3696 2726 cum
3739 2686 3826 2727 ac-

2250 2770 2411 2813 centu
2454 2760 2505 2814 in
2544 2760 2985 2830 antepenultima.
3014 2758 3103 2815 Sic
3133 2776 3198 2815 ex
3220 2776 3317 2815 usu
3340 2762 3558 2816 brevem
3594 2762 3828 2831 penulti-

2252 2867 2392 2905 mam
2418 2852 2731 2919 proferimus
2752 2854 2803 2906 in
2820 2853 3123 2923 antiphona,
3146 2854 3391 2923 quamvis
3419 2870 3447 2906 ο
3471 2854 3690 2921 longum
3718 2857 3821 2919 sit;

2250 2954 2301 2997 et
2332 2943 2526 3007 ltalice,
2559 2943 2797 3007 Otranto,
2830 2942 3075 3009 Taranto,
3105 2943 3388 3014 Hispanice
3408 2959 3536 2999 vero
3560 2944 3827 2999 Fromcsta

2250 3035 2499 3101 dicimus,
2534 3044 2759 3089 accentu
2792 3035 2843 3088 in
2876 3038 3292 3105 antepenultima
3318 3038 3597 3091 collocato.
3629 3036 3706 3090 Ex
3730 3037 3826 3089 hac

2255 3128 2434 3197 regula
2487 3127 2669 3195 plures
2726 3126 3083 3181 defenduntur
3132 3127 3350 3197 syllabr
3408 3128 3459 3181 in
3504 3127 3827 3191 Prudentia,

571 3219 848 3284 quantitate
876 3217 1218 3287 proferebant,
1252 3232 1354 3269 non
1384 3214 1453 3268 ad
1483 3216 1750 3284 originem,
1788 3215 1875 3267 82d
1914 3215 1981 3267 ad
2020 3231 2143 3267 con-
2172 3190 2218 3251 (ἶ
2254 3236 2469 3284 oremus,
2499 3220 2779 3288 phrenesis,
2811 3220 3025 3283 idolum,
3061 3220 3245 3286 poesis,
3292 3219 3550 3285 mathesis,
3596 3220 3827 3275 secunda

571 3307 885 3362 suetuiinem
911 3310 1243 3374 attendentes,
1277 3308 1464 3376 papula
1496 3325 1642 3361 usum
1671 3308 2024 3370 concedentes,
2052 3307 2147 3359 sibi

572 3400 831 3456 scientiam
879 3412 1211 3456 reservantes.
1267 3401 1607 3470 Ludcwigius
1638 3400 1879 3454 Vos-sium
1925 3400 2018 3453 lib.
2068 3417 2141 3466 tv,

574 3505 710 3563 part.
738 3497 772 3547 2
813 3496 984 3550 Ιιιειίι.
1006 3504 1243 3563 orator”
1284 3510 1405 3563 cap.
1436 3496 1489 3559 1,
1522 3494 1548 3563 §
1577 3497 1633 3560 5,
1658 3504 1892 3558 secutus,
1921 3494 1987 3549 de
2016 3493 2146 3547 Pru-

570 3589 753 3644 dentio
787 3591 855 3643 ita
886 3590 956 3642 ait
989 3606 1001 3641 :
1035 3587 1282 3641 Caeterum
1309 3603 1449 3641 voces
1492 3588 1543 3639 in
1576 3588 1813 3639 diciniori
1844 3597 1969 3639 caua
1996 3586 2145 3640 Chri-

572 3685 854 3734 stianorum
914 3682 1065 3749 181
1108 3681 1370 3743 inventas,
1423 3679 1559 3748 quod
1601 3680 1841 3748 receperit
1890 3686 2057 3733 noster
2100 3690 2147 3733 et

573 3771 879 3831 adhibuerit,
904 3769 1114 3839 culpare
1137 3768 1259 3821 velle
1281 3770 1556 3821 absurdum
1579 3778 1673 3821 est.
1710 3769 1852 3823 idem
1876 3770 2143 3838 observat,

576 3870 761 3927 poetas
783 3860 1115 3913 Christianos
1142 3861 1303 3914 verba
1332 3860 1571 3923 ecclesia,
1604 3863 1925 3930 mysterium,
1958 3865 2143 3932 psaltc~

575 3951 736 4015 rium,
788 3960 842 4005 et
888 3949 1019 4003 alias
1070 3951 1120 4004 in
1172 3950 1408 4005 Ecclesia
1454 3951 1691 4005 Romana
1733 3962 1974 4020 receptas
2017 3956 2151 4011 adeo

646 4163 720 4233 (α)
752 4162 828 4217 Ex
864 4160 1032 4233 tribus
1074 4158 1338 4233 indicibus
1376 4158 1701 4233 syllabarum
1738 4173 1868 4226 quas
1898 4158 2143 4233 licentius

574 4230 731 4289 solito
754 4234 947 4287 dicitur
978 4232 1292 4287 Prudentius
1318 4230 1633 4297 produxisse
1669 4241 1759 4283 aut
1796 4231 2142 4298 corripuisse,

574 4324 601 4359 a
631 4302 1014 4367 Chamillardo,
1045 4304 1274 4357 Cellario
1303 4310 1359 4356 et
1385 4301 1568 4355 Teolio
1598 4301 1876 4364 confectis,
1905 4302 2145 4371 qumdam

576 4376 828 4429 vocabula
871 4388 1173 4441 excerpam.
1228 4374 1277 4425 in
1328 4372 1520 4440 quibus
1570 4370 1622 4424 hi
1674 4380 1915 4425 auctores
1963 4382 2148 4424 contra

576 4458 887 4498 communes
936 4452 990 4495 et
1037 4442 1371 4511 pervulgatas
1413 4442 1618 4511 regulas
1661 4443 1792 4494 artis
1824 4443 2043 4508 poeticae
2074 4443 2150 4494 vi-

577 4516 771 4567 dentur
793 4510 1059 4579 judicare.
1107 4510 1497 4566 Chamillardus
1527 4518 1581 4579 et
1608 4511 1823 4565 Tcolius
1854 4520 2072 4572 notant.
2117 4528 2147 4565 a

577 4578 870 4638 Prudentio
909 4582 1132 4649 primam
1162 4582 1384 4650 produci
1426 4582 1477 4633 in
1509 4578 1667 4633 Duita
1722 4582 1773 4634 in
1807 4581 2013 4649 prtelat.
2047 4581 2150 4635 lla-

579 4662 736 4708 mart.
767 4648 1040 4707 t'ers.757:
1087 4648 1278 4717 Docet,
1322 4648 1503 4703 Duitas
1539 4648 1828 4718 discrepare
1870 4670 1899 4703 a
1944 4652 2145 4719 spiritu.

586 4724 744 4778 Vides
786 4738 993 4777 versum
1039 4725 1341 4785 senarium,
1384 4720 1473 4774 ubi
1520 4724 1822 4775 necessario
1863 4721 2150 4788 corripitur

581 4794 751 4859 prima
780 4794 830 4846 in
858 4794 1059 4848 Duitas.
1088 4793 1349 4848 Cellarius
1374 4792 1661 4861 secundam
1691 4791 1741 4844 in
1766 4794 1934 4861 magia
1964 4807 1993 4844 a
2019 4792 2150 4846 Pru-

580 4865 763 4918 dentio
796 4864 1010 4930 produci
1037 4860 1409 4919 animadvertit
1435 4876 1574 4916 vers.
1604 4862 1673 4915 89
1701 4862 1792 4915 lib.
1826 4878 1839 4916 ι
1876 4864 1925 4916 in
1956 4862 2103 4931 Sym.
2131 4879 2145 4917 :

583 4936 797 4988 Necnon
824 4934 1099 4988 Thessalia:
1124 4935 1442 4988 doctissimus
1477 4931 1562 4986 ille
1601 4934 1801 5001 magica.
1854 4934 1966 4987 Non
1995 4934 2149 4988 video

580 5015 757 5060 autem
798 5021 893 5059 cur
932 5005 1125 5059 debeat
1166 5004 1400 5073 corripi;
1452 5019 1587 5075 nam,
1612 5002 1799 5058 Grmce
1828 5014 1911 5059 est
1938 5010 2144 5075 μαγεὶα.

580 5091 754 5147 neque
782 5076 967 5147 aliam
1008 5077 1349 5147 quantitatem
1388 5074 1547 5147 vulgo
1576 5074 1814 5147 indicant
1861 5074 2148 5147 scriptores

582 5144 862 5213 pro‘sodize.
918 5144 1058 5200 Idem
1086 5144 1348 5199 Cellarius
1395 5146 1445 5198 in
1492 5160 1645 5198 suum
1676 5145 1903 5199 indicem
1933 5145 2151 5212 conjicit

580 5219 730 5270 homo
763 5218 928 5281 prima
959 5217 1211 5283 producta
1231 5256 1244 5278 ,
1294 5230 1356 5269 ex
1392 5215 1588 5283 hymno
1611 5216 1644 5269 5
1676 5214 1975 5283 Peristeph.
2006 5229 2147 5269 vers.

579 5289 701 5342 157,
752 5287 824 5341 Ita
854 5288 993 5340 cnim
1026 5287 1114 5340 ille
1146 5287 1271 5354 legit
1299 5304 1309 5336 :
1347 5284 1437 5337 Est
1479 5286 1608 5338 alter
1639 5285 1788 5338 homo
1819 5286 2144 5338 intrinsecus.

577 5359 685 5413 Sed
716 5374 834 5412 cum
870 5358 1015 5410 solus
1043 5355 1208 5411 Aldus
1239 5360 1309 5409 ita
1352 5355 1491 5408 hunc
1517 5369 1728 5408 versum
1759 5356 2013 5419 ediderit,
2047 5370 2150 5407 ca:-

580 5432 675 5481 teri
704 5428 831 5483 editi
859 5439 912 5483 ct
938 5443 1092 5494 mss.,
1125 5425 1216 5479 Est
1244 5428 1393 5488 alter,
1416 5436 1487 5477 cst
1513 5425 1845 5489 intrinsecus;
1876 5426 2151 5479 Fabricius

580 5513 729 5562 vero,
767 5499 930 5551 Homo
961 5499 1089 5551 alter
1116 5507 1187 5551 est
1218 5497 1541 5559 intrinsecus,
1586 5495 1764 5561 inepte
1795 5498 1934 5549 illam
1965 5496 2149 5549 lectio-

581 5583 702 5620 nem
733 5571 993 5635 praetulit,
1038 5570 1179 5623 nulla
1215 5566 1449 5620 adhibita
1482 5565 1708 5619 ratione.
1760 5566 2025 5620 Prmterea
2056 5581 2152 5620 cur

576 5639 632 5692 in
666 5638 890 5690 iambico
916 5640 1143 5693 dimctro
1179 5636 1413 5692 secundo
1453 5638 1568 5690 loco
1608 5650 1711 5689 non
1745 5636 2029 5703 recipiatur
2062 5638 2151 5689 tri-

578 5708 851 5777 brachys?
901 5709 989 5763 Sic
1026 5710 1271 5763 lloratius
1299 5709 1335 5762 2
1378 5706 1560 5775 epod.,
1603 5706 1788 5760 Videre
1827 5716 2152 5775 preparantcs

578 5780 805 5837 domum.
856 5778 910 5835 In
943 5778 1209 5835 Prudentii
1242 5794 1399 5833 versu
1445 5778 1569 5842 illo,
1609 5777 1701 5831 Est
1733 5778 1864 5830 alter
1893 5779 2043 5829 homo
2072 5778 2150 5829 in—

2258 3321 2501 3379 correpta
2530 3328 2545 3374 ;
2571 3320 2757 3365 contra
2789 3312 3039 3380 produxit
3079 3312 3097 3365 i
3139 3312 3190 3365 in
3236 3311 3436 3378 saphia,
3482 3312 3605 3379 quia
3645 3313 3828 3367 Grzecc

2252 3405 2479 3468 acuitur,
2510 3412 2563 3457 ut
2586 3418 2725 3457 nunc
2746 3403 2929 3459 eadem
2955 3403 3177 3468 ratione,
3202 3412 3256 3458 et
3275 3404 3343 3457 ob
3363 3404 3822 3466 consuetudinem,

2255 3495 2402 3547 multi
2430 3492 2710 3563 proferunt
2738 3494 2946 3564 longam
2972 3494 3259 3549 secundam
3291 3495 3344 3548 in
3390 3496 3639 3557 Andreas,
3688 3494 3827 3548 Mat-

2255 3588 2408 3654 t/tias,
2442 3588 2579 3641 idea.

2322 3680 2448 3736 239.
2472 3682 2707 3737 Tertiam
2738 3683 2977 3752 regulam
3004 3689 3200 3736 statuo.
3229 3680 3398 3734 Multa
3422 3692 3539 3736 sunt
3559 3660 3674 3749 qua:
3696 3679 3829 3733 Pru~

2256 3776 2416 3830 dentii
2456 3776 2773 3844 aliorumque
2816 3775 3089 3843 requa/ium
3123 3774 3421 3825 auctoritate
3470 3771 3675 3840 defendi
3706 3786 3827 3837 pos-

2260 3878 2397 3933 sunt,
2431 3876 2536 3920 tum
2567 3868 2789 3919 maxime
2813 3882 2928 3919 cum
2948 3865 3294 3935 antiquiorum
3323 3864 3549 3931 exempla
3582 3861 3657 3915 vel
3690 3877 3827 3927 prte-

2260 3969 2403 4031 cepta
2427 3958 2684 4012 contraria
2731 3974 2833 4011 non
2880 3958 3099 4012 obstant.
3151 3958 3306 4027 Swpe
3350 3955 3662 4011 Prudentius
3702 3971 3731 4009 e
3773 3954 3833 4011 in

2253 4161 2497 4227 trinsecus
2530 4160 2703 4213 hiatus
2731 4171 2875 4216 esset
2917 4158 3313 4219 admittendus.
3357 4157 3443 4222 qui
3483 4170 3659 4225 neque
3699 4156 3831 4209 Pru-

2252 4232 2455 4294 dentio,
2490 4246 2661 4297 neque
2690 4230 2808 4284 aliis
2839 4231 3085 4285 insolitus
3109 4239 3210 4283 est.
3262 4228 3474 4282 ’l‘eolius
3503 4243 3533 4279 c
3564 4242 3661 4279 sua
3690 4241 3829 4293 penu

2253 4304 2423 4356 solum
2456 4303 2621 4363 addit,
2651 4303 2841 4355 excitus
2869 4300 3099 4354 secunda
3134 4298 3301 4363 brevi,
3332 4300 3531 4367 hymno
3552 4299 3585 4349 3
3613 4298 3833 4367 Perist.,

2253 4389 2394 4427 vers.
2418 4372 2484 4427 96
2509 4390 2520 4424 :
2555 4371 2761 4425 Talibus
2792 4374 2981 4426 excitus
3012 4371 3062 4424 in
3087 4372 3265 4439 furias,
3290 4379 3341 4423 et
3363 4366 3651 4439 noverimus
3678 4366 3833 4439 tertia

2178 4465 2228 4525 Β
2256 4444 2509 4525 producta
2539 4444 2589 4496 in
2626 4443 2777 4525 priet.
2811 4441 3031 4525 Psych.,
3062 4438 3205 4525 vers.
3236 4440 3309 4525 58.
3328 4456 3341 4525 ι
3366 4438 3615 4525 Possint,
3662 4438 3834 4525 ﬁgura

2255 4507 2542 4567 noverimus
2570 4507 2802 4581 mystica.
2848 4507 2916 4565 Αἰ
2958 4513 3026 4566 de
3053 4512 3245 4565 excitus
3279 4509 3469 4563 docent
3502 4507 3837 4581 grammatici

2256 4598 2413 4653 posse
2442 4598 2561 4637 esse
2588 4578 2673 4636 vel
2701 4583 2768 4637 ab
2795 4584 2961 4647 excio,
3007 4590 3060 4636 et
3099 4591 3359 4653 tum_esse
3389 4578 3682 4653 secundam
3721 4578 3837 4653 lon-

2252 4650 2371 4724 gam
2395 4672 2408 4719 ;
2435 4654 2515 4708 vel
2546 4654 2613 4707 ab
2640 4654 2831 4718 eacieo,
2862 4664 2916 4705 et
2934 4662 3043 4705 tum
3073 4667 3193 4707 esse
3219 4651 3432 4724 brevem
3444 4668 3473 4724 ε
3505 4650 3631 4703 hinc
3650 4650 3833 4724 excito,

2254 4720 2462 4778 excitos.
2504 4724 2576 4778 Ita
2604 4724 2765 4778 etiam
2795 4724 3014 4792 percitus
3045 4732 3101 4777 et
3128 4722 3373 4775 concitus.
3444 4720 3520 4773 De
3547 4720 3837 4792 noverimus

2255 4795 2463 4851 hzcrent
2498 4797 2669 4848 adhuc
2709 4790 2983 4849 memoria:
3009 4792 3256 4847 versiculi
3289 4792 3438 4846 Artis
3466 4790 3838 4859 grammatica:

2253 4866 2337 4921 Jo.
2364 4865 2616 4921 Ludovici
2646 4865 2711 4919 de
2740 4864 2970 4919 laCerda
2997 4863 3098 4919 sub
3126 4861 3486 4918 Nebrisseusis
3516 4864 3765 4916 nomine:

2442 5021 2495 5068 lti
2533 5022 2825 5083 conjunctivi
2842 5019 3046 5083 poterit
3068 5020 3258 5067 variare
3281 5020 3464 5083 poesis,

2435 5084 2608 5131 Orator
2626 5082 2803 5143 patrias
2824 5082 3018 5130 doctum
3042 5092 3106 5129 ne
3127 5082 3369 5142 spreverit
3390 5091 3555 5129 usum.

2258 5212 2331 5264 Ac
2362 5224 2546 5264 revera
2571 5208 2807 5277 plerique
2829 5207 3047 5276 Hispani
3075 5208 3125 5260 in
3154 5204 3395 5259 oratione
3424 5204 3599 5258 soluta
3624 5220 3683 5277 at
3709 5203 3839 5258 sub-

2250 5281 2476 5348 junctivi
2500 5276 2819 5348 producunt.
2848 5277 3097 5331 Nonntilli
3121 5286 3330 5348 veteres
3352 5276 3685 5348 grammatici
3709 5290 3837 5327 cou~

2256 5345 2523 5413 Sentium,
2572 5350 2916 5418 penultimam
2946 5347 3266 5414 subjunctivi
3301 5345 3540 5418 modiin
3582 5360 3742 5418 nisus
3780 5354 3837 5401 et

2256 5436 2393 5475 nms
2423 5435 2542 5474 csse
2573 5415 2779 5488 longam
2807 5437 2819 5470 :
2859 5418 3098 5471 Vossium
3130 5418 3289 5470 etiam
3333 5426 3385 5468 et
3412 5415 3837 5488 Emimauuelem

2257 5492 2481 5546 Alvarcz
2516 5490 2567 5543 in
2596 5485 2712 5543 eain
2742 5489 3059 5543 sententiam
3092 5488 3343 5540 inclinare
3374 5487 3571 5539 alicabi
3606 5485 3728 5554 legi.
3776 5487 3840 5541 lli

2260 5570 2467 5626 putant,
2500 5563 2815 5615 necessitate
2847 5560 3061 5611 metrica
3096 5557 3291 5625 corripi
3325 5556 3673 5625 penultimam
3712 5557 3840 5609 sub-

2252 5631 2475 5701 junctivi
2505 5630 2645 5684 modi
2679 5631 2735 5701 in
2764 5645 2918 5701 uiuus
2945 5640 3002 5701 et
3027 5644 3185 5701 unus.
3238 5626 3316 5680 Ad
3349 5626 3703 5701 Prudentium
3726 5628 3840 5701 vin?

2258 5696 2542 5755 dicandum
2569 5700 2801 5755 abundat
2832 5700 2944 5752 lucc
2974 5698 3244 5758 defensio;
3289 5712 3459 5764 neque
3490 5696 3742 5766 exempla
3773 5698 3841 5752 ad

2258 5773 2471 5840 regulas
2498 5769 2885 5827 conlirmaudas
2915 5778 3040 5824 sunt
3068 5768 3388 5829 necessaria.
