4102 6348
348 352 449 405 719

1728 346 2248 409 PROLEGONIENA.
2298 300 2303 303 Ι

3485 359 3590 415 750

342 466 623 520 imbecillus
647 466 924 539 corripuit.
953 465 1062 521 Cur
1091 465 1500 537 reprehenditur
1539 483 1568 521 a
1600 468 1787 524 Vossio
1816 468 1911 522 lib.
1942 463 1991 522 A
2018 466 2215 534 corripi
2254 473 2486 533 potuisse
2521 486 2553 524 ιι
2583 482 2806 537 primum
2857 470 2911 524 in
2961 470 3200 539 lugubre;
3244 469 3382 539 quod
3428 471 3587 526 etiam

341 578 373 615 ιι
407 562 671 626 Gramm.,
703 577 823 630 cap.
856 561 944 630 Π,
970 560 1333 617 Chamillardo
1354 563 1581 633 aliisque
1604 565 1627 622 Ρ
1647 563 1775 617 Nam
1806 565 1906 617 im-

337 652 576 707 becillum
620 654 877 708 formatur
913 668 943 708 a
991 654 1168 707 baculo
1215 670 1308 708 seu
1344 655 1561 721 bacillo,
1610 656 1761 725 quasi
1790 656 1909 709 sine

337 745 547 799 baculo.
582 745 792 812 Dicunt,
825 746 1100 801 Horatium
1134 755 1181 799 et
1220 747 1518 821 Lucretium
1568 747 1619 801 in
1650 745 1906 801 hexame-

337 834 431 890 tris
461 836 800 905 produxisse.
834 841 902 893 At
924 839 973 891 in
1000 837 1321 891 hexametris
1343 839 1660 893 necessitate
1686 838 1905 892 metrica

335 928 516 981 debuit
548 928 791 996 produci.
838 930 1017 997 itaque
1052 929 1367 995 Becmanus,
1412 929 1479 984 de
1517 929 1720 997 Origin.
1776 930 1902 999 ling.

334 1019 472 1083 Lat.,
504 1020 668 1074 verbo
698 1019 941 1087 Baculus,
972 1021 1149 1087 potius
1189 1029 1408 1075 accusat
1445 1020 1742 1086 Horatium,
1765 1021 1905 1090 quod

334 1112 633 1179 posthabita
673 1112 883 1181 origine
927 1111 1259 1179 produxerit,
1294 1112 1394 1165 nisi
1419 1126 1626 1165 excuses
1658 1128 1744 1180 per
1772 1113 1905 1182 ﬁgu-

332 1220 463 1269 ram,
492 1204 654 1272 qualis
686 1204 739 1257 in
784 1204 1055 1271 relliquias,
1107 1204 1516 1272 exemplumque
1575 1204 1729 1274 182
1775 1202 1907 1257 Pru-

331 1299 495 1354 dentii
524 1308 576 1353 et
604 1300 646 1354 1.
676 1299 737 1353 C.
772 1298 1050 1369 Scaligeri,
1080 1302 1167 1367 qui
1198 1300 1595 1368 corripuerunt,
1635 1296 1901 1366 producit.

332 1392 385 1446 In
419 1391 691 1445 involucris
719 1409 749 1443 u
780 1391 1038 1458 corripuit
1069 1390 1409 1445 Prudentius.
1464 1389 1573 1444 Cur
1611 1388 1901 1458 reprehen-

330 1483 515 1538 ditur?
547 1484 714 1538 Aiunt
762 1496 881 1537 csse
920 1483 986 1535 ab
1016 1483 1326 1549 involutum,
1355 1492 1410 1536 et
1435 1481 1777 1537 Prudentium
1809 1480 1905 1534 de-

329 1586 580 1643 ceptum,
631 1574 1089 1644 quasilputaverit
1134 1587 1252 1628 esse
1290 1588 1319 1627 a
1369 1573 1609 1627 volucris.
1670 1571 1806 1639 Quid
1856 1570 1902 1624 si

329 1664 602 1719 derivetur
634 1664 702 1717 ab
748 1664 946 1716 involvo
982 1702 996 1727 ,
1046 1672 1103 1716 ut
1152 1661 1399 1716 nonnulli
1435 1661 1797 1730 suspicantur,
1849 1666 1905 1714 et

330 1756 537 1810 dicatur
568 1754 890 1808 involucrum
926 1753 1075 1822 quasi
1104 1754 1468 1817 involvucrum,
1499 1752 1694 1807 extrito
1716 1768 1742 1805 v
1770 1766 1902 1806 con-

330 1855 556 1899 sonante
598 1845 714 1915 (a)?
756 1846 824 1898 At
871 1843 1188 1897 involucrum
1218 1843 1417 1898 dictum
1461 1846 1527 1897 ab
1566 1843 1763 1897 involvo
1793 1843 1905 1898 sive

331 1938 628 1991 involvendo
642 1935 952 2004 comprobat
979 1936 1060 1988 lso
1085 1937 1135 1988 in
1160 1935 1355 2003 glossis
1374 1935 1439 1989 ad
1462 1950 1603 1989 vers.
1624 1935 1692 1989 56
1719 1935 1904 2005 hymni

332 2029 365 2083 5
392 2026 571 2093 Cath.,
606 2026 688 2080 Ne
727 2034 955 2079 sanctum
986 2026 1257 2079 involucris
1292 2026 1537 2095 pollueret
1569 2028 1755 2078 locum.
1791 2024 1904 2079 Cal-

333 2118 602 2171 ceamentis
624 2134 655 2170 a
679 2116 941 2170 volvendo.
969 2116 1091 2170 llaec
1112 2117 1259 2181 origo
1281 2116 1493 2186 quidem
1516 2118 1645 2170 mihi
1670 2132 1773 2170 non
1801 2118 1903 2185 pla.

333 2216 417 2261 eet
450 2226 461 2259 :
506 2208 597 2262 sed
640 2206 969 2263 consuetudo
1007 2217 1247 2261 veterum
1279 2217 1422 2262 certa
1446 2204 1549 2274 est,
1585 2216 1643 2261 ut
1666 2209 1905 2278 corripe-

330 2307 449 2353 rent
475 2301 635 2352 etiam
666 2301 1017 2363 simulacrum,
1056 2300 1337 2363 lavacrum,
1365 2300 1505 2370 quod
1537 2315 1605 2354 ex
1642 2300 1904 2367 PrOSpero

329 2395 644 2463 Aquitanico
682 2393 913 2465 aliisque
942 2395 1129 2449 incerti
1163 2396 1399 2449 auctoris
1426 2394 1670 2448 versibus
1714 2392 1903 2447 Fabri-

330 2485 444 2539 cius
472 2485 724 2540 observat
755 2487 805 2540 in
838 2486 945 2541 ind.
978 2496 1121 2556 poet.
1155 2487 1352 2541 Christ.
1384 2487 1464 2541 Cl.
1494 2486 1711 2540 Tcolius
1742 2495 1902 2539 testa-

330 2587 433 2644 tur,
466 2578 602 2647 apud
640 2578 699 2633 S.
732 2578 1051 2649 Prosperum
1082 2594 1248 2636 carm.
1278 2578 1345 2633 de
1375 2579 1595 2649 ingratis
1624 2592 1907 2634 occurrere

332 2672 603 2725 involucris
632 2672 922 2742 penultima
951 2684 1196 2740 correpta
1230 2688 1243 2726 τ
1288 2671 1437 2725 locus
1477 2671 1604 2725 mihi
1645 2669 1904 2740 quaerenti

334 2776 440 2816 non
462 2762 713 2817 occurrit.
744 2762 802 2816 ln
829 2770 964 2816 vett.
993 2762 1149 2816 codd.
1183 2763 1393 2830 reperio
1424 2763 1681 2830 scriptum
1711 2762 1908 2814 involu-

333 2858 436 2926 cla,
469 2855 617 2925 quasi
649 2856 715 2909 ab
761 2856 1128 2910 involuculum.
1165 2855 1412 2910 Notatum
1442 2856 1509 2909 ab
1543 2855 1662 2910 aliis
1688 2869 1791 2908 non
1822 2854 1903 2907 in-

332 2949 512 3015 venio,
546 2946 891 3002 Prudentium
922 2947 1247 3015 corripuisse
1274 2964 1307 2999 u
1349 2948 1578 3014 primum
1618 2947 1671 2999 in
1704 2945 1906 3014 lugubri

331 3055 476 3096 vers.
499 3039 566 3096 79
598 3040 781 3110 hymni
801 3038 866 3094 9:
899 3038 993 3094 Sol
1020 3040 1225 3110 refugit,
1250 3049 1295 3091 et
1322 3038 1519 3107 lugubri
1540 3038 1780 3091 sordidus
1806 3037 1911 3106 [ero

333 3133 531 3201 rugine.
583 3131 783 3186 Contra
838 3131 1310 3199 suntoptimorum
1346 3141 1619 3197 poetarum
1643 3130 1906 3199 exempla,

2014 556 2271 624 corripuit
2309 561 2367 612 S.
2405 558 2665 615 Damasus
2697 562 2749 615 in
2776 563 3017 617 versibus
3046 562 3111 615 de
3142 562 3199 617 S.
3231 563 3434 630 Agnete
3465 578 3478 614 :

2076 692 2218 762 lfama
2237 698 2391 743 retert
2408 703 2599 762 sanctos
2615 696 2794 746 dudum
2831 700 3026 749 flevtsse
3050 708 3280 762 parentes

2072 754 2262 815 Agnen,
2290 770 2400 805 cum
2422 758 2659 820 lugubres
2683 768 2851 810 cantus
2874 764 2988 809 tuba
3012 754 3377 824 concrepuisset
3402 761 3491 823 (b).

2013 877 2127 932 lluc
2160 878 2272 933 fere
2302 882 2544 934 revocari
2580 891 2803 950 possunt
2836 883 2887 936 in
2918 883 3206 939 Prudentio
3236 882 3448 953 prapola
3476 883 3585 952 pri-

2010 988 2091 1025 ma
2125 974 2379 1042 producta
2411 972 2551 1045 (qua:
2598 991 2699 1029 vox
2748 978 2900 1030 abest
2938 976 3005 1030 ab
3046 977 3306 1031 indicibus
3345 976 3584 1031 Chamil-

2010 1065 2164 1127 lardi,
2194 1076 2241 1117 et
2267 1066 2526 1135 Cellarii),
2552 1067 2780 1132 berillus,
2811 1069 3223 1132 calceamentum,
3247 1069 3345 1132 cui,
3373 1067 3586 1137 pugilla-

2008 1158 2100 1220 ris,
2135 1160 2326 1224 frustra
2351 1176 2381 1211 a
2408 1160 2577 1226 brevi,
2603 1160 2798 1229 dispar,
2828 1178 3010 1232 ganeo,
3054 1162 3244 1231 impar,
3300 1160 3583 1230 Pyreneus,

2008 1250 2289 1316 delibutus,
2338 1254 2721 1325 smaragdinus,
2764 1255 3039 1317 charisma,
3087 1254 3374 1320 redimitus,
3418 1268 3582 1322 quan-

2007 1358 2165 1412 quam
2201 1345 2541 1407 inredimitus
2568 1360 2688 1399 cum
2717 1346 2909 1415 smpius
2939 1347 2956 1399 i
2987 1346 3213 1414 primum
3243 1344 3579 1413 corripuerit,

2008 1434 2170 1488 semel
2201 1442 2403 1489 tantum
2437 1437 2590 1505 183
2615 1436 2945 1504 produxerit,
2981 1436 3033 1490 in
3066 1434 3223 1490 codd.
3254 1449 3349 1503 pro
3375 1450 3581 1487 corona-

2010 1535 2091 1577 tus
2122 1526 2399 1594 irrepsisse
2440 1527 2708 1579 redimitus
2732 1570 2746 1593 ,
2794 1525 2932 1580 haud
2984 1527 3114 1580 levis
3140 1536 3222 1579 εει
3248 1525 3579 1594 conjectura.

2016 1615 2069 1667 In
2103 1615 2312 1668 bcrillus
2356 1633 2383 1669 e
2431 1616 2690 1683 corripuit
2733 1618 2892 1671 etiam
2921 1616 3215 1671 Venantius
3259 1616 3582 1670 Fortunatus

2009 1706 2099 1760 lib.
2135 1722 2192 1761 ιιι
2217 1708 2349 1761 Vita:
2378 1708 2435 1763 S.
2472 1710 2680 1763 Martini
2717 1727 2728 1760 :

1935 1840 1981 1901 Β
2068 1821 2186 1879 Quze
2209 1820 2330 1883 palla
2358 1834 2416 1871 ex
2437 1822 2656 1871 humeris
2679 1824 2832 1871 mixto
2856 1822 3180 1884 ChrysOprase
3197 1819 3385 1871 berillis

2012 1922 2083 1976 Ita
2117 1924 2252 1991 lego.
2281 1924 2379 1979 Alii
2408 1925 2577 1988 male,
2630 1925 2787 1978 mixto
2826 1924 3202 1995 Chrysopraso,
3255 1922 3343 1979 vel
3389 1907 3584 1977 Claruso

2020 2018 2303 2086 prasoberil
2309 2018 2389 2071 lis.

2078 2109 2203 2163 210.
2256 2108 2456 2173 Quarta
2503 2118 2586 2163 est
2641 2110 2844 2179 regula.
2913 2108 2979 2162 In
3033 2106 3321 2161 nominibus
3365 2106 3583 2175 propriis

2007 2216 2194 2271 magna
2224 2200 2319 2268 fuit
2346 2210 2566 2255 veterum
2596 2211 2858 2271 poetarum
2884 2198 3111 2264 licentia,
3161 2200 3266 2251 sive
3310 2199 3430 2265 quia
3459 2212 3585 2264 quo-

2017 2292 2253 2346 rum‘dam
2281 2301 2389 2345 erat
2416 2293 2611 2361 Opinio,
2654 2307 2947 2346 communes
2995 2308 3166 2345 eorum
3208 2307 3315 2346 esse
3362 2290 3583 2360 syllabas

2008 2386 2109 2438 sive
2138 2384 2355 2437 aliorum
2380 2385 2650 2453 exemplo:
2687 2386 2846 2437 multo
2884 2400 2999 2437 vero
3022 2383 3182 2452 ntagis
3214 2383 3268 2435 in
3304 2381 3584 2435 nominibus

2007 2492 2120 2545 qua:
2149 2493 2178 2528 a
2208 2475 2438 2546 gentibus
2464 2476 2650 2528 exteris
2708 2474 2752 2528 ct
2811 2475 3038 2527 barbaris
3084 2474 3417 2544 accipiebant.
3476 2473 3585 2526 lluc

2012 2568 2277 2635 pertinent
2301 2568 2627 2637 Allophylns,
2652 2566 3009 2632 Lactedemon,
3036 2565 3585 2636 I’yreneus,Cyaneus,

2011 2663 2282 2728 Sardinia,
2339 2650 2689 2731 Asclepiades,
2734 2660 3063 2721 Hadrianus,
3095 2659 3295 2721 Arrius,
3333 2656 3585 2721 Marcion,

2012 2754 2342 2818 Marcionita,
2371 2752 2536 2815 Iesus,
2569 2762 2623 2807 et
2648 2751 2752 2806 alia
2786 2751 3007 2806 llebrma
3036 2792 3049 2816 ,
3084 2764 3384 2820 quanquam
3411 2764 3473 2802 ex
3508 2746 3586 2800 his

2011 2848 2158 2915 plura
2207 2854 2428 2913 possunt
2467 2846 2572 2898 alia
2606 2854 2651 2898 et
2678 2844 2877 2897 meliori
2918 2843 3118 2895 ratione
3140 2840 3369 2904 delendi,
3397 2849 3452 2893 ut
3483 2837 3586 2891 Ha-

2010 2940 2256 3002 drianus,
2290 2937 2622 3005 Marcionita,
2661 2936 2799 2991 Iesus
2837 2950 2930 3005 per
2959 2935 3269 3006 synmresin.
3304 2932 3428 2988 Scio
3456 2946 3585 2985 non-

2013 3032 2190 3086 nuLlos
2221 3042 2404 3100 poetas
2429 3030 2640 3085 veniam
2682 3029 2910 3099 prmlari,
2963 3043 3084 3083 cum
3114 3026 3328 3082 nomina
3374 3024 3586 3095 propria

2018 3123 2266 3188 eﬂ'erunt,
2300 3134 2483 3179 contra
2514 3140 2673 3193 quam
2708 3124 2961 3178 usitatum
2986 3120 3307 3191 syllabarum
3338 3118 3587 3173 interval-

332 3236 385 3281 et
416 3226 466 3279 in
498 3224 654 3297 lugeo
685 3241 719 3277 u
750 3231 832 3278 est
871 3224 1108 3291 longum.
1150 3221 1502 3277 Nihilominus
1529 3220 1656 3276 cum
1681 3220 1912 3292 syllaba-
1940 3208 1987 3271 C
2023 3218 2129 3270 lum
2152 3217 2370 3283 exigere
2393 3216 2634 3269 videatur
2664 3215 2759 3284 lc).

334 3332 454 3373 rum
477 3316 831 3388 quarumdam
858 3315 1006 3369 varia
1027 3315 1202 3376 luerit,
1226 3323 1279 3368 et
1299 3314 1598 3369 communis
1622 3314 1907 3383 quantitas,

332 3417 387 3465 et
407 3423 550 3479 saepe
572 3407 810 3461 derivata
841 3404 1111 3460 declinent
1138 3420 1167 3457 a
1197 3419 1291 3458 sua
1316 3404 1545 3472 origine,
1593 3419 1697 3457 non
1728 3403 1908 3458 statim

332 3499 539 3555 erroris
568 3497 869 3569 arguendos
890 3506 972 3552 est
1002 3496 1339 3563 Prudentius,
1366 3496 1459 3552 sed
1490 3496 1569 3551 vel
1592 3496 1706 3565 ejus
1728 3511 1913 3553 exem-

332 3592 422 3664 plo
447 3590 658 3647 delendi
692 3590 901 3660 poterit,
952 3589 1134 3643 saltem
1177 3606 1236 3643 eo
1267 3601 1490 3660 tempore
1532 3606 1631 3660 quo
1678 3591 1902 3662 scripsit,

408 3817 487 3882 la)
522 3816 807 3870 Ricciolius
844 3815 896 3869 in
931 3814 1162 3885 Syllabis
1208 3811 1571 3885 controversis
1609 3813 1678 3885 ita
1716 3811 1902 3885 delen-

342 3888 422 3941 dit
465 3887 806 3942 Prudentium
848 3904 859 3940 :
911 3882 1011 3949 Qui
1050 3894 1227 3951 putant
1268 3885 1480 3951 formari
1521 3883 1583 3935 ab
1618 3882 1902 3937 involutum

332 3966 623 4012 succensent
672 3956 955 4011 Prudentia
997 3956 1325 4019 penultimam
1369 3954 1692 4022 corripienti;
1735 3956 1825 4007 sed
1859 3955 1905 4006 si

333 4029 711 4098 quamprimum
752 4027 964 4097 formari
994 4036 1154 4098 potest
1181 4026 1258 4098 ab
1307 4024 1526 4084 involvo,
1579 4033 1630 4075 ut
1673 4041 1703 4076 a
1746 4025 1903 4098 mola,

333 4095 636 4162 molocrum,
665 4107 711 4151 et
743 4095 772 4150 ὰ
800 4095 1002 4163 polluo,
1027 4095 1337 4163 pollubrum,
1371 4112 1471 4147 non
1496 4105 1570 4146 est
1596 4110 1791 4163 necesse
1815 4097 1905 4147 de-

332 4170 490 4222 rivari
520 4172 583 4222 ab
612 4162 915 4222 involutum.
953 4162 1128 4231 Neque
1156 4174 1261 4218 tam
1286 4180 1548 4232 perperam
1582 4163 1644 4217 de
1672 4162 1903 4217 Prnden»

334 4241 406 4293 tio
431 4240 844 4305 existimaverim,
892 4248 945 4290 ut
996 4248 1165 4306 putem
1188 4236 1525 4288 similitudine
1552 4237 1811 4306 deceptum
1845 4235 1907 4286 ab

332 4311 606 4380 adjective,
634 4310 927 4372 involucris,
960 4305 1097 4380 quod
1126 4306 1376 4380 signiﬁcat
1404 4306 1654 4380 tardum:
1686 4305 1786 4356 into
1814 4322 1908 4380 po-

332 4376 436 4434 tius
466 4381 582 4432 hinc
609 4382 717 4450 ejus
744 4376 1031 4450 opinionem
1059 4376 1386 4450 firmaverim,
1410 4377 1455 4450 si
1486 4376 1791 4450 involucrem
1823 4376 1907 4450 tli-

331 4462 470 4504 ctum
496 4447 720 4521 suspicer
742 4447 799 4503 eo
824 4452 959 4519 quod
989 4449 1297 4521 involucrem
1328 4447 1530 4510 reddat,
1564 4462 1711 4504 quem
1746 4448 1909 4499 invol-

330 4524 473 4575 verit.
506 4518 612 4575 Sed
634 4522 740 4574 hinc
764 4518 900 4574 mera
923 4518 1143 4587 suspicio
1174 4531 1301 4572 esto.

406 4592 482 4663 (ὁ)
512 4592 566 4645 In
600 4592 748 4661 palus
778 4606 897 4646 esse
926 4608 961 4643 ιι
1000 4591 1215 4657 longum
1248 4589 1407 4663 etiam
1435 4587 1903 4663 grammaticorum

331 4658 574 4717 veterum
601 4658 800 4730 regula:
832 4663 1067 4723 tradunt,
1096 4674 1238 4713 nunc
1265 4660 1384 4725 quia
1411 4660 1617 4730 scimus
1655 4658 1780 4712 illud
1808 4675 1906 4728 po-

331 4734 492 4788 situm
524 4729 683 4787 breve
707 4734 773 4788 ab
799 4732 1014 4786 Horatio
1046 4733 1097 4784 in
1123 4734 1249 4785 Arte
1281 4729 1508 4798 poetica,

426 4846 578 4909 Regis
601 4833 721 4908 opus
742 4844 983 4895 sterilisve
1010 4845 1090 4893 diu
1118 4845 1269 4906 palus,
1298 4851 1510 4906 aptaque
1536 4846 1702 4904 remis,

334 4968 622 5008 commune
648 4965 768 5005 esse
800 4948 1070 5018 prosodiae
1102 4956 1348 5001 auctores
1378 4949 1596 5003 docent.
1630 4950 1735 5003 Fac
1787 4965 1908 5015 pcr-

332 5026 463 5081 iisse
504 5024 647 5077 illum
674 5018 874 5075 Horatii
912 5034 1155 5073 versum:
1177 5018 1527 5074 damnaretur
1556 5021 1905 5088 Prudentius,

332 5096 516 5162 eiusve
550 5096 801 5162 aequales,
858 5092 947 5157 qui
989 5103 1050 5143 ea
1095 5089 1296 5162 syllaba
1335 5091 1482 5143 brevi
1522 5090 1605 5145 usi
1652 5092 1903 5157 fuissent,

331 5160 577 5235 quamvis
615 5160 968 5235 illoratianum
1019 5174 1231 5212 versum
1282 5160 1380 5235 ipsi
1434 5162 1713 5235 vidissent.
1766 5164 1903 5227 Quot

332 5231 571 5290 carmina
619 5234 955 5302 antiquorum
1006 5239 1280 5299 poetarum
1331 5232 1521 5301 legerit
1566 5231 1909 5297 Prudentius,

331 5322 455 5377 qua:
486 5306 639 5377 nobis
671 5302 1095 5377 tempusiuvidit
1120 5303 1167 5377 !_‘

407 5376 479 5448 (c)
515 5374 818 5448 UtOvidins
850 5375 941 5427 lib.
977 5388 1026 5448 tv
1053 5370 1118 5423 de
1148 5372 1337 5437 Ponto,
1372 5371 1539 5441 elegia
1572 5372 1657 5437 12,
1683 5376 1769 5440 qui
1795 5373 1903 5425 ’l‘u-

330 5445 560 5501 ticanum
590 5447 641 5499 in
675 5460 889 5499 versum
910 5445 1092 5498 venire
1114 5457 1270 5511 posse
1302 5452 1481 5513 negat,
1506 5452 1558 5497 et
1582 5453 1759 5499 tamen
1788 5459 1908 5499 eum

332 5518 524 5574 ludens
554 5516 633 5571 bis
666 5516 869 5570 inducit
903 5532 917 5569 :

395 5631 457 5680 Et
477 5629 672 5692 pudeat,
689 5632 729 5678 si
753 5635 803 5678 te
819 5640 917 5692 qua
940 5628 1119 5689 syllaba
1154 5635 1293 5689 parte
1313 5631 1545 5690 moratur,

458 5694 648 5740 Arctius
671 5691 936 5752 appellem,
975 5692 1363 5751 Tuticanumque
1390 5703 1573 5740 vocem.

395 5752 497 5801 Nec
523 5760 663 5813 poles
686 5755 734 5814 in
766 5752 1193 5814 x-crsumg'l‘uticaui
1218 5764 1351 5803 more
1379 5754 1569 5814 venire,

463 5812 567 5863 Fiat
592 5819 644 5861 ut
668 5826 697 5862 e
722 5812 859 5876 longa
885 5812 1062 5862 svllaba
1090 5816 1240 5862 nrima
1261 5814 1441 5865 brevis.

1932 4516 1986 4575 D

2092 3305 2215 3361 2H.
2245 3305 2359 3360 Non
2391 3305 2576 3359 dubito
2606 3306 2731 3374 quin
2765 3314 2934 3373 poette
2983 3304 3296 3372 plerumque
3346 3302 3584 3366 luserint,

2017 3399 2142 3453 dum
2195 3397 2568 3453 difﬁcultatem
2621 3397 2851 3452 nominis
2900 3396 3099 3466 proprii
3140 3394 3508 3460 enuntiabant,
3536 3401 3587 3447 ut

2017 3487 2266 3543 Horatius
2284 3488 2446 3541 satira
2480 3487 2514 3541 5
2541 3506 2553 3539 :

2077 3599 2290 3650 Mansuri
2315 3600 2563 3663 oppidulo.
2588 3599 2716 3660 Quod
2745 3612 2890 3650 versu
2911 3600 3080 3650 dicere
3104 3612 3201 3650 non
3220 3605 3315 3659 est,

2075 3814 2173 3877 Aut
2196 3821 2248 3863 ut
2269 3815 2470 3863 ducatur
2486 3854 2499 3875 ,
2525 3828 2633 3877 quae
2658 3828 2782 3865 nunc
2804 3815 3076 3877 correptius
3099 3816 3222 3876 exit,

2134 3875 2194 3924 Et
2214 3877 2279 3925 sit
2304 3883 2525 3937 lorreuta
2544 3875 2691 3938 longa
2708 3876 2925 3927 secunda
2948 3875 3095 3925 mora.

2073 3936 2273 4002 liiscgo
2292 3940 2332 3987 si
2358 3940 2483 3987 vitiis
2507 3936 2659 3987 ausim
2683 3952 2997 4002 corrumpere
3022 3950 3220 3999 nomen,

2141 3998 2320 4047 Ridear
2345 4008 2397 4049 et
2414 4002 2589 4049 merito
2608 4009 2778 4062 pectus
2804 3998 2987 4050 habere
3014 4013 3189 4061 neger.

2014 4103 2081 4157 Et
2110 4103 2363 4159 Martialis
2391 4106 2443 4158 in
2474 4106 2691 4160 nomine
2719 4106 2946 4160 Earinus
2974 4122 2986 4157 :

2262 4216 2447 4264 Nomen
2475 4216 2659 4271 nobile,
2684 4216 2847 4273 molle,
2874 4216 3132 4265 delicatum

2261 4278 2416 4347 Yersn
2442 4279 2608 4347 dicere
2634 4290 2729 4326 non
2756 4278 2861 4347 rudi
2891 4275 3128 4347 volebam.

2260 4340 2359 4387 Sed
2386 4346 2434 4387 tu
2459 4338 2639 4401 syllaba
2663 4345 2916 4388 contumax
2943 4338 3220 4401 repug‘nas;

2264 4401 2444 4463 Dicunt
2464 4413 2597 4463 ίάμνον
2617 4408 2775 4451 tamen
2802 4408 2980 4462 poetae,

2258 4462 2357 4511 Sed
2392 4461 2568 4518 (ξι-πεδί,
2590 4464 2763 4523 quibus
2788 4461 2863 4512 est
2889 4462 3007 4512 nihil
3031 4468 3276 4524 negatum,

2346 4537 2467 4585 quos
2486 4534 2585 4587 am,
2604 4531 2687 4587 ίρις
2711 4525 2857 4574 decet
2877 4537 3071 4573 sonare.

2259 4585 2411 4637 Nobis
2434 4585 2527 4635 non
2552 4585 2668 4634 licét
2688 4598 2798 4635 esse
2823 4594 2918 4635 tam
2942 4586 3158 4647 disertis,

2262 4650 2351 4706 Qui
2371 4662 2533 4697 musas
2553 4646 2753 4698 colimus
2775 4650 3069 4698 severiores.

2016 4774 2263 4828 Barthius
2315 4774 2406 4827 lib.
2448 4788 2570 4837 vni,
2616 4788 2734 4840 cap.
2776 4772 2876 4830 l8.
2932 4771 3201 4825 levitatem
3246 4781 3505 4840 poeticam
3537 4776 3588 4833 in

2017 4844 2257 4899 Martiale
2287 4843 2689 4909 animadvertit,
2713 4842 2803 4910 qui
2832 4842 2924 4895 lib.
2957 4858 2985 4913 ι
3004 4842 3262 4912 epigram.
3290 4843 3412 4897 104.
3436 4844 3588 4913 (mihi

2018 4915 2166 4983 105),
2200 4915 2281 4966 cui
2307 4930 2400 4980 per
2429 4915 2561 4966 duas
2589 4914 2778 4965 breves
2800 4912 3035 4983 protulit,
3064 4923 3117 4966 et
3140 4913 3380 4983 eamdem
3407 4912 3589 4983 vocem

2018 4984 2442 5058 monosyllabam
2474 4983 2674 5050 posuit,
2705 4997 2824 5058 cum
2860 4982 2909 5058 in
2932 4983 3149 5058 Graecis
3176 4982 3446 5058 alibio’v'pr;
3471 4982 3592 5057 ἄρας-

2016 5052 2399 5121 reprehendat,
2433 5066 2601 5121 seque
2624 5068 2742 5106 cum
2779 5052 2977 5106 Latinis
3000 5055 3110 5107 suis
3146 5052 3443 5108 severiores
3470 5052 3588 5105 mu-

2018 5139 2105 5177 sas
2135 5125 2311 5177 colere
2344 5133 2601 5176 autumet.
2649 5121 2755 5177 Sed
2785 5124 2937 5179 valde
2975 5123 3157 5193 dispar
3182 5134 3263 5176 est
3285 5122 3592 5189 rutrobiqne

2017 5198 2153 5247 ratio
2185 5213 2195 5245 :
2229 5194 2371 5247 aliud
2408 5194 2550 5246 enim
2581 5204 2662 5248 est
2698 5209 2726 5247 e
2766 5194 2971 5247 duabus
3001 5193 3269 5247 vocalibus
3298 5193 3590 5262 synaeresin

2016 5266 2258 5327 cl'licere,
2281 5273 2372 5318 aut
2394 5263 2780 5332 diphthongum
2806 5265 2914 5317 sive
2936 5263 3255 5317 ordinariam
3280 5264 3392 5315 sive
3412 5272 3591 5315 extra-

2018 5336 2345 5388 ordinariam
2374 5335 2852 5399 dissolverc;aliutl
2870 5334 3096 5386 eamdem
3117 5334 3320 5385 omnino
3344 5334 3592 5402 syllabam

2020 5406 2178 5461 modo
2206 5406 2498 5473 corripere,
2526 5405 2685 5460 modo
2707 5405 3021 5472 producere.
3050 5404 3168 5457 Alio
3191 5405 3434 5472 exemplo
3462 5402 3592 5473 Mar-

2019 5477 2161 5530 tialis
2181 5472 2365 5543 posset
2386 5477 2583 5530 revinci
2616 5493 2629 5529 :
2659 5490 2779 5528 nam
2803 5474 2975 5527 Latini
3010 5488 3202 5527 nomen
3233 5473 3433 5537 Martis,
3453 5472 3591 5527 Gra-

2020 5548 2189 5611 divus,
2218 5547 2390 5601 solent
2414 5563 2444 5599 α
2463 5547 2575 5601 sive
2605 5546 2771 5608 brevi,
2796 5547 2907 5598 sive
2936 5544 3085 5612 longa
3117 5543 3326 5606 elTerre,
3352 5545 3424 5598 uti
3446 5544 3591 5612 plura

2017 5619 2114 5672 alia
2144 5618 2391 5687 propria:
2418 5627 2563 5672 recte
2593 5616 2750 5683 igitur
2770 5613 3084 5683 procederet
3112 5613 3199 5670 hic
3226 5629 3443 5671 versus:

2076 5757 2275 5867 1igomani
2302 5762 2498 5818 possunt
2523 5752 2803 5810 Gradivum,
2831 5750 2933 5800 sive
2959 5750 3220 5802 Gradivum

2123 5832 2256 5867 icere

2123 5832 2256 5870 icere
