4102 6348
457 279 549 337 751

1864 257 2322 324 PBUDENTIUS.

3602 253 3712 314 752

457 391 596 463 quod
624 433 639 457 ,
672 393 716 448 si
745 392 1007 458 libuisset,
1033 388 1116 445 vel
1147 385 1385 452 licentia,
1419 382 1506 437 vel
1554 379 1878 436 necessitate
1924 391 2038 430 me-
2065 377 2121 436 Α
2146 373 2422 428 intervallo
2463 373 2742 427 brevitatis
2788 371 2868 428 vel
2918 370 3274 440 longitudinis
3331 369 3542 424 Hebraei
3589 383 3716 425 suas

466 487 597 542 trica
628 486 948 540 intrusisset.
980 480 1247 538 Ausonius
1277 478 1432 546 epist.
1454 474 1526 530 9.0
1551 474 1616 527 ad
1653 471 1934 526 Paulinum
1959 468 2039 524 sic

463 577 654 644 incipit
687 593 698 626 :

517 664 719 716 Paulino
743 663 982 712 Ausonius
1005 673 1016 709 :
1059 666 1274 709 metrum
1293 657 1366 706 sic
1385 655 1556 714 suasit,
1579 657 1635 704 ut
1660 663 1799 703 esses

578 726 650 776 Tu
677 729 821 787 prior,
841 731 891 773 et
915 735 1092 772 nomen
1116 718 1366 784 praegrede
1375 729 1489 768 rere
1512 726 1698 767 meum.

473 831 525 884 tt
549 835 762 898 poterat
793 835 1018 884 metrum
1057 825 1377 887 consistere,
1405 819 1652 892 quamvis
1706 817 1852 887 prior
1895 823 2040 870 esset

462 916 732 987 Paulinus,
766 916 813 970 si
840 917 946 972 alio
972 916 1132 971 modo
1153 929 1337 969 versus
1373 913 1694 967 formaretur
1719 908 1819 980 (a).
1849 908 2043 962 Noster

464 1024 677 1080 quoque
710 1006 1031 1063 Prudentius
1057 1004 1261 1078 pariter
1291 1012 1519 1058 metrum
1558 998 1714 1072 185.
1747 1011 2042 1067 repugnare

464 1103 624 1166 dixit,
658 1117 725 1156 ne
749 1100 1145 1156 Saturninorum
1173 1111 1369 1152 nomen
1399 1093 1668 1164 Sapphico
1697 1089 1934 1146 carmine
1963 1089 2056 1144 in-.

462 1194 792 1259 eluderetur,
841 1207 985 1247 vers.
1029 1190 1155 1256 161,
1205 1189 1405 1262 hymno
1453 1187 1484 1240 4
1528 1184 1763 1240 Perist.:
1810 1183 2045 1248 Quatuor

466 1287 696 1357 posthinc
729 1295 959 1354 superest
989 1285 1211 1340 virorum
1236 1281 1437 1335 Nomen
1461 1277 1662 1342 extolli,
1687 1285 1927 1355 renuente
1946 1291 2046 1328 me—

471 1389 573 1448 tro,
606 1380 745 1445 Quos
774 1379 1082 1434 Saturninos
1108 1383 1350 1430 memorat
1406 1382 1610 1428 vocatos
1653 1370 1836 1423 Prisca
1883 1377 2046 1421 uetus-

472 1482 548 1524 las
573 1471 670 1542 (b).
728 1471 843 1534 Hoc
888 1472 1056 1537 ipsum
1091 1478 1272 1526 tamen
1300 1466 1368 1519 ob
1407 1465 1639 1533 aliquam
1674 1461 2045 1515 difficultatem

471 1561 538 1615 ab
564 1575 629 1616 eo
657 1559 855 1624 dictum
889 1558 1147 1627 intelligo,
1183 1571 1289 1610 non
1336 1554 1474 1624 quod
1522 1568 1707 1609 versus
1749 1550 2049 1620 Sapphicus

461 1656 573 1710 hoc
607 1655 766 1708 modo
798 1655 1061 1723 compingi
1095 1667 1200 1705 non
1230 1659 1408 1718 posset
1442 1663 1456 1702 :
1487 1647 1620 1702 Inde
1651 1646 1921 1704 Saturnini
1961 1642 2049 1696 ob-

2143 482 2301 522 voces
2332 465 2809 535 pronuntiaverint,
2843 473 2933 519 aut
2972 480 3038 519 ex
3083 464 3497 518 Massoretarutn
3547 463 3713 517 disci-

2144 560 2282 629 plina
2311 559 2523 613 tradunt
2547 573 2663 614 esse
2687 573 2827 613 nunc
2849 557 3286 628 pronuntiandas,
3315 557 3350 611 ii
3378 557 3505 611 mihi
3532 558 3719 613 viden-

2145 661 2230 706 tur
2253 653 2426 705 oleum
2479 663 2531 705 et
2577 666 2793 720 operam
2844 649 3091 720 perdere,
3126 665 3194 703 ne
3224 649 3395 704 dicam
3419 648 3715 724 judaizare.

2144 744 2243 809 Qui
2271 743 2313 796 si
2337 742 2464 796 mihi
2488 742 2851 812 persuaserint
2873 741 3124 810 denique,
3155 740 3458 810 opinionem
3481 740 3551 798 Β.
3571 741 3721 811 Moy-

2144 835 2218 888 sis
2248 834 2422 904 potius
2451 849 2612 902 quam
2653 833 2715 887 R.
2770 832 3073 888 Salomonis
3113 832 3396 886 tenendam
3442 847 3598 902 esse;
3628 848 3722 885 vo-

2144 942 2258 982 cem
2287 926 2513 996 aliquam
2552 926 2711 980 scribi
2745 941 2840 994 per
2865 923 3049 993 'chatef
3074 922 3277 992 patach,
3303 922 3512 977 scilicet
3539 940 3570 975 a
3600 923 3725 976 bre-

2147 1019 2457 1080 vissimum;
2486 1025 2578 1071 aut
2605 1016 2925 1085 per'patach,
2959 1013 3098 1086 quod
3125 1023 3207 1068 est
3227 1030 3259 1066 a
3285 1013 3475 1078 breve;
3509 1022 3600 1066 ant
3629 1029 3727 1081 per

2146 1109 2355 1171 kametz.
2383 1124 2572 1177 nempe
2599 1125 2630 1160 a
2661 1109 2907 1177 longum;
2941 1105 3200 1174 originem
3233 1107 3400 1175 magis
3443 1104 3728 1158 Hebraeam

2147 1215 2305 1270 quam
2351 1199 2629 1254 Arahicam
2687 1207 2778 1252 aut
2814 1198 3085 1267 Syriacam
3128 1195 3509 1250 attendendam
3557 1210 3678 1248 esse
3713 1212 3728 1248 :

2148 1308 2290 1357 cum,
2324 1292 2563 1360 inquam,
2593 1291 2642 1344 id
2672 1291 3022 1353 obtinuerint,
3067 1298 3176 1343 tum
3221 1270 3358 1342 bona
3387 1281 3572 1341 eorum
3595 1303 3732 1357 pace

2149 1386 2508 1455 respondebo,
2560 1384 2718 1439 malle
2766 1400 2851 1437 me
2906 1383 3054 1453 sequi
3104 1382 3438 1447 Tertulliani,
3479 1380 3728 1445 Iuvenci,

2153 1475 2448 1542 Prudentii,
2473 1475 2676 1530 Paulini
2715 1477 2868 1546 185
2891 1475 3224 1542 aliorumque
3250 1481 3488 1527 veterum
3513 1472 3733 1527 Patrum

2153 1572 2495 1633 sententiam,
2529 1569 2617 1639 qui
2655 1569 2736 1622 sui
2785 1569 2965 1622 saeculi
2998 1559 3067 1620 ~et
3123 1567 3313 1636 lingua:
3365 1580 3569 1620 morem
3624 1581 3734 1621 non

2153 1664 2485 1731 ignorantes,
2519 1669 2609 1713 aut
2637 1659 3077 1714 consuetudinem
3115 1657 3457 1712 Hebraeorum
3489 1659 3734 1712 scierunt

473 1756 596 1802 eunt
624 1747 784 1802 securi
819 1746 1052 1811 Quatuor
1080 1761 1202 1806 una,
1228 1750 1317 1796 aut
1349 1740 1456 1794 alio
1485 1739 1669 1793 simili.
1703 1735 2048 1792 Prudentium
2080 1756 2128 1824 Β
2157 1764 2208 1809 ει
2241 1763 2709 1823 emnempsemm’
2753 1761 2846 1806 ειη
2899 1768 2963 1806 ne
3012 1761 3265 1806 curarum
3309 1751 3524 1820 quidem
3571 1751 3735 1816 scire,

473 1835 705 1892 imitatus
738 1849 818 1891 est
849 1835 1103 1891 Sidonius
1136 1833 1227 1887 lib.
1261 1849 1334 1898 tr,
1367 1832 1522 1899 epist.
1550 1830 1650 1884 16:

715 1947 831 1995 Post
853 1945 1161 1994 Saturninum
1181 1943 1288 1991 volo
1312 1943 1495 2005 plectra
1519 1947 1800 2005 cantent...,

723 2007 947 2069 Singulos
967 2019 1087 2067 quos
1110 2019 1234 2053 nunc
1258 2004 1333 2069 pia
1359 2004 1670 2069 nuncupatim

719 2065 834 2118 Nou'
851 2065 1011 2118 valent
1039 2081 1182 2116 versu
1210 2068 1442 2116 cohibere
1463 2065 1630 2125 verba,

721 2131 852 2190 Quos
875 2138 1036 2180 tamen
1061 2128 1248 2190 chorda)
1267 2133 1530 2190 nequeunt
1550 2137 1746 2186 sonare,

969 2189 1118 2240 Corda
1143 2189 1401 2238 sonabunt.

477 2294 633 2352 Plura
667 2295 908 2364 exempla
937 2294 1133 2348 similia
1154 2293 1308 2346 afl'ert
1329 2291 1672 2357 Sirmondus,
1700 2306 1817 2360 pag.
1857 2261 1976 2356 ιοεὶ,
2001 2290 2053 2345 in

479 2391 619 2443 notis
659 2389 725 2442 ad
763 2387 1058 2441 Sidonium.
1107 2388 1162 2440 ln
1202 2385 1441 2448 Sedttlio,
1489 2387 1744 2450 Aratore,
1793 2384 2055 2438 Vt-nanlio

483 2477 798 2545 Fortunato,
833 2477 1122 2533 Prudentio
1144 2476 1353 2547 reperio
1384 2476 1637 2542 scriptum
1663 2491 1810 2530 more
1839 2476 2052 2544 Latino,

481 2572 681 2636 Arrius,
729 2574 959 2626 secunda
987 2580 1252 2639 correpta.
1282 2570 1390 2624 Cur
1415 2569 1464 2623 id
1495 2570 1782 2624 damnem?
1829 2568 1937 2623 Cur
1962 2583 2055 2638 po-

481 2667 583 2719 tius
613 2679 950 2718 communem
983 2665 1049 2718 ita
1081 2663 1330 2734 loquendi
1364 2664 1802 2718 consuetudinem
1837 2671 1940 2716 non
1983 2663 2058 2715 fa-

479 2755 633 2811 tear?
662 2754 950 2810 Christiani
980 2766 1150 2821 poetas
1180 2754 1370 2823 majori
1400 2754 1612 2808 licentia
1641 2769 1796 2823 quam
1828 2762 2056 2820 veteres,

483 2850 696 2902 nomina
744 2847 958 2916 propria
1007 2846 1224 2916 syllabis
1267 2845 1639 2899 communibus
1689 2859 1787 2913 pro
1838 2844 2059 2897 arbitrio

482 2938 919 3008 pronuntiabant,
954 2936 988 2990 ii
1017 2951 1146 2991 vero
1185 2937 1415 2990 maxime
1447 2937 1533 3005 qui
1568 2935 1736 2990 ferrea
1775 2945 1932 2990 aetate
1964 2937 2046 2991 vel

489 3039 606 3100 post
633 3044 750 3084 eam
775 3029 1100 3084 scribebant.
1152 3029 1474 3084 Fortunatus
1501 3029 1596 3082 lib.
1623 3045 1740 3094 vm,
1774 3045 1940 3084 carm.
1975 3031 2006 3084 4
2041 3046 2054 3082 :

546 3142 646 3191 Has
672 3144 802 3193 inter
824 3144 1030 3192 comites
1053 3143 1308 3205 conjuncta
1330 3141 1523 3192 Cesaria
1549 3141 1722 3206 fulget.

485 3248 600 3314 Quo
649 3263 804 3302 versu
851 3247 1025 3314 relato
1054 3248 1128 3301 ait
1171 3247 1422 3302 Barthius
1479 3248 1572 3302 lib.
1629 3264 1748 3304 LXVI
1809 3249 2056 3314 Advers.,

484 3355 602 3408 (ap.
633 3341 667 3402 5
694 3358 705 3393 :
738 3339 1022 3404 Nominum
1042 3341 1370 3411 propriorum
1403 3357 1526 3394 cura
1554 3343 1802 3412 exigenda
1845 3359 1947 3396 non
1989 3351 2063 3396 est

483 3447 513 3483 a
542 3431 680 3498 poesi
728 3430 882 3502 hujus
932 3432 1171 3483 auctoris.
1232 3429 1416 3500 Itaque
1459 3432 1797 3498 concludam,
1833 3433 2062 3502 optimos

485 3537 718 3592 quosque
743 3530 927 3591 poetas
953 3514 1096 3576 c'erta
1136 3521 1364 3591 quadam
1393 3522 1604 3590 licentia
1647 3538 1772 3577 usos
1811 3523 1978 3579 fuisse
2005 3524 2060 3578 in

487 3613 1022 3684 variandis'oyllabis
1074 3614 1346 3668 nominum
1398 3615 1757 3683 propriorum,
1806 3615 1898 3669 sed
1942 3631 2060 3669 cum

487 3705 850 3761 moderatione
880 3715 934 3760 et
959 3705 1302 3773 verecundia,
1347 3705 1489 3775 quod
1528 3707 1719 3761 attinet
1755 3706 1819 3760 ad
1851 3709 2061 3762 nomina

488 3797 672 3854 Latina
705 3807 758 3852 et
784 3798 969 3852 Graeca
1002 3816 1015 3850 :
1058 3812 1180 3850 nam
1213 3799 1298 3858 oni
1327 3797 1631 3868 diligentius
1669 3810 1917 3868 quaerunt
1956 3817 2062 3874 quo

561 3968 637 4040 (a)
667 3966 937 4037 Colligttnt
985 3968 1110 4040 hinc
1148 3968 1410 4040 nonnulli,
1457 3983 1659 4022 morem
1706 3978 1832 4024 tunc
1869 3970 2057 4038 fuisse,

491 4049 552 4095 ut
573 4038 777 4094 nomen
810 4041 927 4100 eius
957 4039 1022 4094 ad
1064 4054 1220 4110 quem
1271 4038 1390 4110 data
1437 4051 1578 4110 esset
1619 4041 1866 4107 epistola,
1919 4052 2066 4110 post-

493 4121 803 4180 poneretur.
837 4109 940 4164 Sed
981 4127 1077 4178 ego
1109 4109 1162 4164 in
1193 4109 1434 4177 ejusdem
1461 4109 1667 4164 Paulini
1699 4113 1939 4177 epistolis
1968 4128 2068 4166 sm-

492 4183 612 4251 pius
642 4193 822 4234 contra
855 4182 969 4235 fieri
997 4181 1172 4244 video,
1205 4184 1418 4236 Sevmo
1451 4191 1642 4235 ruunt
1674 4181 1954 4236 PAULINUS.

565 4253 641 4318 (b)
667 4253 748 4306 leo
778 4252 1001 4321 putavit,
1033 4253 1248 4305 nomina
1279 4252 1688 4306 Saturninorum
1745 4255 1960 4321 propria
1995 4265 2069 4306 ta-

492 4324 604 4377 ceri
633 4339 646 4374 :
677 4323 813 4375 Nam
840 4323 1058 4376 barbara
1089 4325 1297 4375 nomina
1321 4333 1490 4376 erant.
1527 4322 1654 4376 Ideo
1696 4324 1748 4376 in
1799 4335 1954 4377 metro
1989 4342 2083 4392 po--

2155 1863 2381 1917 quorum
2433 1847 2634 1902 imitari
2685 1845 2825 1899 malo
2872 1843 3254 1915 negligentiam
3309 1857 3468 1914 quam
3500 1843 3735 1897 istorum

2155 1941 2435 1994 obscuram
2459 1937 2804 2005 diligentiam.

2227 2036 2350 2089 212.
2380 2034 2570 2099 Quinta
2591 2032 2792 2103 regula.
2825 2031 3027 2084 Errorts
3058 2046 3161 2084 non
3180 2040 3296 2082 sunt
3320 2029 3572 2101 arguendi
3601 2025 3738 2098 Pru-

2157 2128 2357 2181 dentius
2379 2125 2563 2195 aliique
2587 2126 2782 2195 antiqui
2812 2136 2971 2193 poeta:
2997 2123 3340 2190 ecclesiastici,
3369 2123 3504 2190 quod
3536 2124 3740 2178 licentia

2158 2223 2352 2290 poetica
2396 2220 2674 2285 interdum,
2718 2227 2766 2271 et
2816 2218 2994 2288 figuris
3052 2217 3311 2287 syna’resi,
3363 2216 3517 2281 crasi,
3565 2215 3741 2270 aliisue

2159 2313 2454 2389 hujusmodi
2483 2322 2712 2367 utantur.
2751 2309 2872 2364 llaec
2902 2324 3020 2362 cum
3048 2308 3323 2375 explorata
3368 2305 3436 2360 sit
3471 2306 3675 2376 regula,
3709 2321 3742 2362 e

2157 2411 2398 2477 catalogo
2426 2421 2666 2462 errorum
2693 2405 3032 2458 metricorum
3063 2400 3330 2454 Prudentii
3353 2399 3594 2454 delenda:
3617 2411 3740 2454 sunt

2158 2505 2241 2558 liae
2269 2517 2428 2556 voces
2461 2519 2474 2554 :
2506 2501 2608 2566 cui,
2645 2496 3073 2568 monosyllabum
3107 2495 3301 2562 breve;
3327 2510 3509 2564 ganeo,
3539 2493 3689 2562 cujus
3709 2509 3738 2558 ᾳ

2158 2607 2335 2670 potest
2365 2612 2484 2653 esse
2514 2597 2727 2663 longum
2751 2593 3008 2666 synmresi
3041 2591 3173 2646 facta
3205 2591 3259 2646 in
3291 2590 3494 2645 duabus
3520 2590 3740 2660 syllabis

2159 2692 2473 2762 postremis;
2523 2689 2795 2753 delibutus,
2846 2684 2935 2741 ubi
2980 2685 2998 2738 i
3048 2683 3363 2738 necessitate
3414 2681 3635 2736 metrica
3687 2681 3739 2740 fit

2161 2789 2375 2856 longum
2403 2783 2666 2851 (utetiam
2696 2778 2940 2836 concedit
2967 2775 3266 2831 'Ricciolius
3308 2773 3375 2828 de
3403 2772 3622 2841 Regulis
3653 2787 3739 2839 ge-

2161 2881 2428 2937 neralibus
2459 2875 2724 2946 prosodim
2754 2880 2888 2942 part.
2913 2871 2967 2938 2,
3000 2885 3113 2937 reg.
3144 2867 3197 2937 9)
3219 2883 3236 2940 ;
3263 2864 3564 2936 margarita,
3603 2863 3740 2916 Iesus

2161 2976 2294 3032 eliso
2333 2989 2379 3038 e,
2433 2969 2757 3032 Hadrianus,
2810 2961 3140 3024 Marcionita,
3191 2959 3242 3011 ia
3292 2965 3346 3011 et
3393 2957 3440 3007 io
3485 2954 3740 3024 synaeresi

2165 3067 2320 3129 facta,
2365 3077 2482 3115 nam
2511 3061 2528 3112 ἱ
2565 3060 2615 3113 in
2649 3056 2881 3110 Marcion
2913 3062 2992 3106 est
3037 3053 3269 3120 longum.
3307 3049 3492 3101 Exstat
3513 3046 3647 3115 apud
3676 3047 3742 3099 cl.

2085 3125 2132 3191 Ο
2165 3156 2572 3216 Giovenazzium
2604 3148 2971 3218 Christopbori
3003 3146 3167 3200 Wasii
3203 3144 3476 3212 Senarius,
3525 3143 3638 3196 sive
3681 3143 3744 3206 de

2163 3254 2365 3323 legibus
2393 3259 2447 3304 et
2475 3246 2684 3302 licentia
2711 3254 2949 3300 veterum
2975 3251 3274 3312 poetarum,
3302 3239 3494 3294 Oxonii
3525 3254 3555 3294 e
3577 3238 3745 3296 Theae

2164 3353 2246 3398 tro
2286 3335 2866 3398 Sebeldonian01687,
2919 3329 3051 3387 liber
3099 3333 3150 3386 in
3203 3331 3397 3386 nostris
3445 3331 3745 3399 regionibus

2166 3449 2336 3500 rarus,
2367 3431 2452 3487 ubi
2483 3438 2668 3484 auctor
2694 3424 3349 3494 aliquantulumobscure,
3383 3422 3477 3475 sed
3509 3419 3662 3476 doete
3683 3422 3743 3480 de

2168 3525 2349 3594 figuris
2380 3529 2677 3592 poetarum,
2717 3517 2879 3580 biatu,
2919 3514 3103 3580 ectasi,
3145 3513 3352 3568 dimresi
3384 3513 3606 3581 aliisque
3643 3513 3747 3567 dis-

2171 3617 2322 3678 serit,
2354 3629 2414 3668 ac
2444 3613 2604 3666 multa
2630 3610 2778 3664 affert
2811 3625 2927 3678 qua:
2958 3606 3246 3661 Prudentio
3274 3607 3620 3669 conveniunt,
3651 3606 3746 3659 nisi

2172 3704 2315 3774 quod
2347 3704 2390 3757 is
2431 3717 2534 3756 non
2576 3709 2720 3754 tanta
2751 3698 2965 3752 licentia
2992 3697 3188 3750 abusus
3216 3704 3299 3750 est
3337 3705 3583 3760 quantam
3614 3695 3746 3748 anti-

2172 3801 2261 3870 qui
2312 3805 2503 3866 poetm,
2557 3793 2850 3862 praesertim
2902 3790 3112 3854 comici,
3157 3788 3260 3842 sibi
3302 3787 3610 3856 arrogabaut
3644 3784 3737 3852 (ε).

2168 3981 2315 4026 terea
2338 3968 2422 4022 cui
2441 3967 2635 4034 saepius
2655 3967 2886 4021 occurrit
2911 3965 2974 4019 iis
2997 3964 3128 4018 locis
3149 3964 3203 4019 in
3225 3965 3416 4033 quibus
3439 3975 3490 4020 et
3514 3965 3676 4020 breve
3700 3975 3753 4024 et

2170 4043 2388 4109 longum
2411 4054 2532 4094 esse
2563 4038 2750 4104 possit,
2804 4038 2930 4106 quin
2964 4036 3330 4109 intelligamus
3365 4052 3467 4104 quo
3491 4036 3752 4109 determi-

2179 4105 2303 4166 ιηιό
2337 4110 2616 4164 intervallo
2639 4105 2829 4160 auctor
2843 4107 3001 4162 fuerit
3033 4121 3178 4160 usus.
3203 4105 3258 4162 In
3277 4109 3518 4160 carmine
3541 4108 3594 4160 S.
3619 4109 3755 4160 Γεω-

2177 4183 2271 4237 lini
2305 4181 2369 4235 ad
2404 4179 2708 4249 (lytlterium
2733 4178 2958 4234 libenter
2981 4177 3231 4242 legerem,
3263 4175 3470 4249 Centum
3486 4178 3569 4230 cui
3589 4177 3756 4231 Cellas

2179 4269 2362 4308 nomen
2392 4247 2481 4313 est,
2513 4261 2569 4303 ut
2599 4249 3062 4302 versusiamliicus
3087 4247 3322 4306 set-unda
3341 4247 3467 4301 sede
3496 4250 3758 4316 reciperet

2182 4324 2441 4382 iambum,
2488 4322 2570 4372 cui
2623 4319 2986 4390 monosyllabo
3025 4318 3192 4390 brevi,
3232 4318 3387 4390 Nunc
3415 4319 3631 4386 legitur,
3666 4317 3758 4370 Cui

495 4409 610 4448 nere
639 4392 889 4461 nequibat.
926 4393 1066 4475 Idem
1098 4409 1308 4475 quoque
1357 4393 1690 4475 Nebrissensi
1733 4394 1902 4447 visum
1929 4411 1949 4474 ε.
1981 4387 2071 4448 Ile-
2106 4416 2160 4475 D
2183 4391 2555 4475 Centumcellas
2585 4405 2764 4475 twntﬁn
2791 4387 2885 4457 en,
2918 4398 3094 4453 antea,
3141 4387 3241 4469 {lui
3264 4387 3628 4475 Centumcctlis
3671 4405 3761 4442 no-

497 4471 682 4516 nuente
701 4474 879 4532 metro,
910 4464 1031 4530 quia
1055 4463 1270 4532 syllaba:
1299 4464 1532 4528 quwdam
1561 4462 1770 4515 illorum
1811 4465 2075 4517 nominum

497 4529 848 4602 repugnabant
880 4529 976 4602 legi
1007 4529 1242 4602 carminis
1267 4532 1534 4601 Sapphici.
1560 4533 1961 4588 Nebrissensem
1993 4548 2078 4588 se.

504 4601 658 4656 cutus
683 4609 765 4655 est
792 4601 1105 4655 Ambrosius
1135 4601 1384 4657 Mora’es.
1416 4616 1548 4669 quos
1575 4603 1763 4658 lliscus
1795 4604 1958 4669 probe
1993 4620 2078 4658 re-

502 4670 634 4725 fellit
663 4688 677 4724 2
703 4673 896 4726 etenim
930 4673 1098 4739 ipsum
1140 4686 1334 4724 nomen
1364 4670 1762 4726 Saturninorum
1791 4682 1961 4727 metro
1991 4673 2077 4728 in-

499 4741 642 4796 cludi
673 4757 781 4796 non
809 4756 964 4809 posse
994 4743 1067 4796 ait
1095 4740 1433 4796 Prudentius.

585 4810 657 4882 (c)
696 4812 1058 4881 Hispaniolus,
1101 4813 1189 4866 lib.
1232 4812 1298 4882 de
1339 4811 1594 4866 Licentiis
1619 4821 1853 4867 veterum
1901 4824 2083 4881 poeta-

507 4881 656 4949 rum,
687 4882 754 4936 de
785 4883 1038 4952 synaeresi
1068 4883 1141 4937 ait
1174 4900 1187 4935 :
1224 4881 1337 4935 Tali
1359 4881 1563 4945 licentia
1594 4892 1807 4937 utuntur
1834 4883 2080 4950 etGra’ci,

503 4963 550 5012 et
579 4962 784 5007 vocatur
802 4955 939 5013 apud
969 4969 1050 5024 eos
1070 4954 1534 5023 synecphonesis...
1568 4955 1645 5007 uel
1670 4955 1798 5008 duas
1825 4955 2006 5024 longos
2029 4957 2083 5009 in

505 5041 660 5078 unam
687 5025 912 5096 longam,
957 5022 1030 5076 rel
1064 5022 1253 5096 brevem
1299 5034 1343 5077 et
1375 5024 1581 5094 longam
1604 5027 1657 5078 in
1693 5042 1845 5078 unam
1877 5022 2082 5096 longam

502 5103 729 5158 vertunt;
751 5095 829 5147 uel
845 5095 974 5147 duas
997 5096 1164 5148 breves
1181 5095 1231 5146 in
1260 5111 1414 5147 uuam
1439 5097 1652 5160 brevem,
1673 5096 1748 5149 vel
1770 5098 1899 5150 duas
1916 5095 2083 5150 breves

503 5167 554 5219 in
579 5181 735 5218 unam
762 5165 988 5234 longam.
1022 5164 1112 5219 Sic
1139 5165 1256 5217 duae
1285 5165 1475 5219 breves
1504 5167 1554 5220 in
1585 5168 1667 5220 cui
1697 5167 1748 5219 in
1773 5183 1930 5220 unam
1958 5169 2084 5222 bre-

506 5251 626 5291 vem
654 5237 784 5290 verti
821 5246 1074 5302 possunt;
1110 5236 1284 5290 brevis
1311 5245 1366 5289 et
1395 5236 1550 5305 longa
1585 5239 1634 5289 in
1669 5237 1816 5290 Iesus
1845 5239 1897 5291 in
1923 5253 2082 5305 unam

504 5306 738 5376 longam.
771 5306 826 5361 In
860 5305 1132 5369 Lucretio,
1165 5307 1259 5361 lib.
1293 5321 1367 5371 vr,
1413 5304 1528 5374 pag.
1559 5307 1687 5370 218,
1726 5305 1968 5361 Gil'anius
2006 5304 2085 5362 le-

502 5377 596 5443 git,
619 5377 791 5431 Ianua
822 5393 884 5430 ne
913 5378 1080 5447 potius
1102 5378 1179 5431 his
1207 5379 1315 5432 orci
1342 5377 1632 5446 regionibus
1653 5394 1778 5442 esse,
1824 5389 1884 5432 ut
1912 5380 2086 5446 potius

505 5447 570 5498 sit
601 5447 971 5517 dissyllabnm,
999 5457 1054 5503 et
1083 5449 1258 5503 brevis
1280 5448 1487 5501 ultima.
1521 5448 1943 5517 Apud.c0micos
1970 5463 2089 5516 pas-

505 5518 602 5570 sim
632 5517 820 5571 similia
847 5528 1141 5575 .occurrunt
1169 5536 1282 5582 sua,
1307 5528 1415 5585 tua,
1439 5535 1574 5585 mea,
1602 5520 1750 5586 quasi
1779 5536 1857 5585 sa,
1887 5532 1955 5583 ta,
1981 5536 2085 5571 ma.

507 5586 601 5640 His
624 5588 757 5642 adde
782 5590 935 5645 bobus
960 5599 1012 5644 et
1033 5591 1208 5654 subus,
1238 5605 1304 5644 ex
1335 5588 1539 5648 boribus
1562 5591 1616 5643 et
1639 5588 1835 5643 suibus.
1871 5589 2088 5643 Nullum

507 5657 721 5726 quidem
753 5660 1053 5726 exemplum
1091 5661 1303 5715 invenio
1331 5659 1414 5714 ubi
1453 5663 1536 5713 cui
1566 5660 1991 5726 monosyllabum
2021 5660 2091 5714 sit

509 5724 706 5795 breve;
739 5727 836 5783 sed
871 5724 1050 5798 figuras
1081 5730 1245 5800 hujus
1273 5731 1483 5800 generis
1514 5743 1654 5787 rara:
1682 5724 1827 5800 sunt,
1857 5738 1914 5787 et
1952 5745 2089 5800 pra:-

2188 4481 2298 4516 men
2326 4472 2436 4524 est;
2464 4461 2662 4514 Fronto
2694 4459 2915 4514 Ducmus
2947 4459 3175 4513 correxit
3219 4473 3458 4512 errorem
3487 4460 3763 4513 inductum

2188 4549 2217 4588 a
2251 4533 2610 4602 ,ypogramﬁs.
2651 4534 2735 4602 qui
2782 4547 2933 4602 “sum
2969 4531 3114 4602 illius
3150 4528 3247 4602 aevi
3283 4530 3617 4602 ignorabant.
3663 4545 3762 4584 uo—

2186 4599 2326 4658 mina
2364 4599 2572 4656 urbium
2620 4601 3010 4654 indeclinabilia
3044 4599 3352 4652 enuntiandi
3379 4616 3765 4670 nonnunquam

2185 4689 2281 4742 per
2328 4683 2570 4740 quartum
2590 4714 2614 4742 ,ί
2657 4686 3035 4739 nonnunquam
3070 4687 3161 4739 per
3189 4680 3396 4742 sextum
3425 4684 3635 4731 casuri-1.
3667 4670 3766 4742 Co-

2188 4740 2325 4796 lonia
2356 4742 2526 4808 Veios,
2571 4741 2774 4794 Fundis
2812 4741 3076 4810 oppidum.
3118 4740 3221 4795 Sed
3259 4741 3388 4793 niliil
3431 4742 3602 4793 ausim
3637 4740 3767 4793 defi-

2187 4817 2302 4868 nire
2330 4833 2341 4865 :
2378 4830 2497 4866 nam
2522 4814 2653 4877 scio,
2676 4812 2952 4866 Paulinum
2985 4827 3362 4878 nonnunquam
3385 4811 3506 4864 loco
3530 4813 3764 4865 secundo

2188 4884 2398 4941 iambici
2429 4884 2974 4950 dimetrispondmum
3018 4882 3330 4943 admisisse;
3381 4881 3522 4947 quod
3567 4882 3650 4936 bis
3687 4882 3765 4936 fc-

2186 4956 2324 5010 cisse
2351 4954 2646 5009 Ausonium
2679 4962 2828 5006 notat
2855 4954 3027 5008 Julius
3054 4953 3232 5006 Cazsar
3261 4951 3496 5018 Scaliger
3527 4952 3766 5006 Poetices

2187 5026 2280 5078 lib.
2307 5043 2380 5089 vr,
2403 5040 2464 5080 ac
2495 5034 2679 5077 notare
2703 5033 2911 5090 poterat
2939 5023 3105 5078 multo
3137 5024 3334 5090 saipius
3359 5021 3407 5078 id
3438 5022 3504 5075 ab
3527 5024 3766 5078 Ausonio

2197 5097 2415 5148 factum.
2441 5094 2590 5160 Quod
2620 5095 2670 5148 in
2705 5092 2847 5148 Iesus
2879 5111 2944 5149 ex
2975 5110 3074 5146 una
3109 5095 3275 5155 brevi,
3325 5103 3380 5148 et
3411 5093 3579 5146 altera
3611 5093 3766 5162 longa

2187 5167 2472 5236 synaeresis
2500 5165 2607 5227 ﬁat,
2637 5182 2743 5220 non
2775 5168 2940 5236 magis
2971 5174 3052 5219 est
3071 5163 3586 5236 reprehendendum
3611 5180 3767 5236 quam

2189 5235 2327 5306 quod
2361 5253 2424 5289 ex
2456 5236 2894 5308 ejicitLucretius
2922 5235 3106 5289 [ccerit
3134 5235 3272 5308 eicit,
3297 5246 3355 5308 et
3386 5249 3451 5308 ex
3480 5235 3684 5287 oriundi
3716 5237 3767 5286 in

2189 5305 2377 5360 semine
2407 5305 2612 5361 oriundi
2637 5305 2946 5370 spondi’eum
2973 5323 3034 5359 ex
3065 5306 3231 5360 tribus
3263 5305 3491 5366 ultimis,
3522 5322 3587 5358 ex
3617 5308 3767 5374 refice

2195 5378 2441 5446 Virgilius
2473 5378 2620 5430 reice.
2674 5376 2727 5430 in
2760 5379 3015 5444 synatresi
3052 5374 3196 5436 Iesus
3235 5375 3598 5445 pronuntiatio
3626 5383 3768 5429 vete-

2192 5464 2306 5501 rum
2337 5448 2503 5515 magis
2533 5448 2549 5498 i
2579 5462 2732 5515 quam
2765 5463 2790 5499 e
2825 5448 3031 5500 videtur
3062 5446 3390 5514 expressisse
3416 5462 3429 5497 :
3456 5461 3579 5515 nam
3597 5447 3769 5500 adhuc

2192 5517 2332 5587 apud
2378 5514 2657 5571 nuntiullas
2683 5517 2913 5571 Orientis
2944 5516 3302 5570 natiOnes'Isa
3341 5531 3435 5584 pro
3460 5514 3608 5569 Iesus
3649 5531 3768 5582 pro—

2194 5588 2383 5641 fertur.
2411 5587 2538 5640 Ysus
2564 5603 2661 5656 pro
2685 5587 2831 5642 Iesus
2861 5588 2910 5640 in
2939 5589 3166 5656 quodam
3196 5587 3415 5655 hymno,
3448 5602 3609 5656 quem
3636 5602 3761 5639 non-

2195 5660 2320 5713 dum
2369 5658 2568 5713 editum
2612 5670 2757 5728 puto,
2810 5659 2936 5712 olim
2985 5659 3315 5712 tanebatur:
3354 5657 3646 5728 exstatltic
3671 5657 3768 5725 hy-

2196 5746 2348 5787 mnus
2384 5729 2437 5785 in
2479 5727 2664 5789 codice
2699 5744 2937 5806 pergam.
2977 5744 3119 5787 nunc
3156 5728 3409 5809 Ecclesia
3457 5727 3766 5795 Veliterna.
