4102 6348
325 390 422 448 737

1681 375 2207 440 PROLEGOMENA.

3490 368 3590 422 738

322 514 415 561 aut
442 505 668 561 aliorum
698 506 942 576 exemplo
971 506 1117 571 fecit,
1148 502 1432 560 admodum
1462 513 1628 570 pauca
1662 499 1901 555 invenies
1929 502 1984 562 Ἀ
2007 496 2100 549 dos
2148 493 2368 547 maxime
2390 493 2631 547 idoneum
2668 493 2967 561 scriptorem
3009 499 3207 545 exstare
3235 489 3287 542 in
3318 489 3411 543 Ιιοο
3440 504 3590 544 ωηεν

321 612 441 667 qua:
470 606 684 667 peccata
724 599 879 654 metri
934 598 1106 667 possis
1150 594 1460 666 appellare:
1512 592 1565 646 in
1592 605 1698 661 quo
1727 590 1904 646 socios

322 687 414 744 ille
461 688 680 744 haberet
727 688 1199 759 praestantissimos
1230 697 1412 756 poetas
1448 684 1745 749 Horatium,
1776 682 1908 736 Vir-

324 778 533 847 gilium,
561 780 720 849 alios,
749 782 816 837 de
831 781 1025 851 quibus
1048 792 1221 835 tamen
1247 778 1441 848 saepius
1468 776 1735 830 afﬁrmare
1759 774 1905 839 licet,

322 871 465 941 quod
491 872 559 927 de
587 872 808 928 comicis
836 872 1190 929 Terentianus
1214 870 1427 925 Maurus
1452 884 1468 926 :
1511 870 1577 922 In
1607 877 1765 920 metra
1794 881 1910 935 pec-

323 973 437 1016 cant
462 973 592 1029 arte,
616 980 716 1018 non
740 965 959 1019 inscitia.
991 964 1227 1033 Scaliger
1246 962 1339 1017 lib.
1368 977 1404 1015 ιι
1425 960 1649 1024 Poetic.,
1675 972 1795 1026 cap.
1817 957 1908 1021 5i,

324 1052 390 1110 de
414 1057 557 1110 vitiis
579 1056 629 1111 in
653 1056 946 1127 quantitate
972 1056 1227 1125 loquens:
1257 1052 1337 1107 Ea:
1362 1052 1608 1117 Homero,
1630 1050 1722 1113 ait,
1748 1046 1911 1101 multa

324 1158 495 1215 petere
522 1166 673 1219 queas
704 1166 722 1204 :
754 1151 848 1219 fuit
876 1151 1011 1205 enim
1056 1148 1535 1219 negligentissimus.
1572 1144 1913 1200 Aristarchus

325 1252 387 1294 ea
420 1240 680 1294 modestia
707 1240 917 1295 Homeri
948 1254 1159 1295 errores
1187 1238 1407 1300 natavit,
1441 1247 1496 1291 ut
1526 1249 1791 1304 nunquam
1833 1233 1911 1288 di-

327 1339 473 1384 ceret
500 1374 513 1396 ,
556 1330 843 1385 Homerum
877 1344 1085 1386 errasse
1106 1369 1121 1394 ,
1172 1328 1265 1383 sed
1298 1326 1552 1398 quidquid
1586 1341 1691 1381 non
1724 1325 1915 1395 proba-

328 1419 439 1483 bat,
477 1419 691 1477 Homeri
729 1434 848 1475 esse
870 1421 1185 1490 denegabat.
1228 1420 1434 1486 Cicera,
1496 1416 1652 1486 epist.
1700 1417 1786 1480 ll,
1818 1414 1910 1469 lib.

328 1523 383 1565 ιιι
429 1529 440 1564 :
476 1510 543 1566 Ut
572 1511 704 1565 enim
744 1511 1066 1565 Aristarchus
1104 1509 1319 1565 Homeri
1354 1526 1553 1563 versum
1582 1516 1730 1579 negat
1769 1522 1915 1577 quem

329 1613 427 1654 non
453 1602 631 1672 probat
679 1618 697 1656 :
726 1602 797 1656 sic
838 1612 892 1655 tu
919 1601 1070 1672 (libet
1106 1602 1239 1655 enim
1277 1601 1401 1654 mihi
1432 1598 1633 1670 jocari)
1676 1597 1811 1665 quod
1837 1597 1917 1649 di-

330 1702 520 1748 sertum
571 1710 671 1747 nou
724 1703 851 1759 erat,
884 1708 947 1746 ne
976 1692 1173 1762 putaris
1201 1707 1389 1745 meum.
1444 1689 1518 1744 De
1548 1688 1735 1743 eodem
1765 1687 1915 1741 Aris-

330 1784 515 1838 tarcho
543 1784 779 1853 intellige
827 1783 1121 1838 Ausonium
1169 1782 1330 1851 epist.
1361 1780 1428 1835 18
1469 1795 1484 1835 :
1522 1780 1722 1848 Quique
1772 1788 1918 1831 notas

2010 584 2259 648 arbitror;
2288 582 2375 637 sed
2394 584 2481 653 qui
2525 583 2589 636 sit
2620 582 2894 637 etiamnum
2946 582 3178 650 plurimis
3221 579 3435 633 maculis
3463 594 3593 632 con-

2010 679 2179 746 fossus
2200 682 2350 741 atque
2374 677 2659 743 confectus,
2690 688 2791 726 non
2813 672 2919 725 alia
2941 674 3138 743 majore
3158 671 3220 725 de
3243 686 3415 735 causa,
3439 684 3594 739 quam

2010 765 2145 835 quod
2188 764 2406 818 maxime
2440 764 2675 818 omnibus
2697 773 2903 833 accepta
2944 763 3169 832 scripsit,
3202 772 3248 816 et
3288 761 3377 815 tuli
3414 774 3594 831 genere

2010 858 2234 923 dicendi,
2263 857 2402 927 quali
2429 857 2513 910 via:
2538 858 2706 926 optari
2730 864 2926 924 poterat
2950 854 3045 929 (c).
3078 856 3193 911 Non
3219 854 3392 910 solum
3416 862 3591 907 autem

2012 950 2170 1005 codd.
2202 963 2358 1015 mss.,
2389 948 2483 1003 sed
2516 950 2675 1002 etiam
2704 947 3030 1003 editionibus
3064 947 3336 1002 Prudentii
3368 945 3592 1015 plurima

2013 1039 2137 1094 vitia
2172 1038 2474 1108 imputanda
2498 1053 2619 1093 esse
2645 1036 2944 1093 Gronovius
2972 1036 3171 1107 aliique
3192 1036 3417 1100 docent;
3450 1034 3590 1105 quod

2013 1146 2043 1185 a
2073 1133 2225 1187 nobis
2248 1131 2471 1200 singulis
2499 1130 2629 1184 locis
2648 1129 3008 1195 adnotabitur,
3031 1144 3150 1183 cum
3177 1127 3460 1182 varietates
3489 1126 3595 1182 lec-

2015 1223 2222 1277 tionum
2253 1222 2635 1290 expendemus.
2669 1220 2858 1289 Aliqua
2885 1221 3045 1275 etiam
3076 1220 3319 1273 conlusio
3344 1218 3472 1274 oriri
3503 1232 3595 1288 po-

2015 1313 2118 1368 tuit
2152 1329 2216 1368 ex
2246 1312 2446 1381 duplici
2499 1311 2731 1366 editione
2779 1310 3077 1365 carminum
3121 1308 3420 1374 Prudentii,
3468 1308 3593 1363 dum

2014 1404 2189 1461 adhuc
2231 1405 2275 1459 is
2307 1405 2527 1471 viveret,
2556 1402 2697 1474 quod
2728 1403 3027 1473 suspicatur
3050 1401 3316 1459 Heinsius.
3344 1401 3594 1471 Exempla

2016 1502 2196 1549 vetera
2244 1509 2355 1548 non
2393 1493 2588 1548 desunt
2620 1507 2685 1548 ex
2724 1492 2915 1563 quibus
2961 1492 3128 1563 liquet
3173 1492 3463 1563 scriptores
3502 1505 3595 1545 sua

2018 1598 2179 1654 opera
2209 1583 2572 1640 emendatiora
2618 1584 2807 1639 iterum
2858 1584 3123 1653 vulgasse.
3156 1584 3281 1638 Mihi
3326 1583 3597 1653 probabile

2018 1685 2101 1732 est
2144 1676 2486 1731 Prudentium
2535 1690 2661 1731 suos
2699 1676 2929 1748 hymnos
2957 1687 3011 1730 et
3048 1675 3304 1745 opuscula
3351 1690 3591 1730 seorsum

2022 1782 2084 1823 ac
2122 1768 2347 1823 diversis
2394 1769 2721 1835 temporibus
2769 1767 3136 1836 composuisse
3181 1776 3234 1820 et
3281 1766 3597 1835 publicasse,

333 1876 523 1946 spuriis
570 1876 793 1930 uersibus
834 1876 1091 1947 apposuit.
1124 1874 1308 1929 Obiter
1333 1874 1595 1943 corrigam
1625 1872 1788 1926 alium
1841 1871 1918 1925 lo-
1950 1866 1997 1926 Β
2021 1876 2142 1930 (ιιιεε
2172 1860 2386 1915 “ilde
2415 1875 2556 1914 ³ηηο
2583 1860 2755 1913 multis
2779 1860 2845 1914 57
2868 1862 2919 1913 ίη
2942 1873 3103 1913 unum
3126 1872 3321 1925 corpus
3344 1858 3599 1947 φθαίη·

335 1978 455 2018 cum
486 1965 729 2031 Ausonii,
760 1980 787 2017 a
814 1964 1089 2033 Scaligero
1130 1963 1237 2020 lilio
1266 1964 1317 2017 in
1347 1962 1588 2018 Lection.
1621 1960 1913 2017 Ausonian.

336 2068 441 2110 non
465 2056 919 2122 animadversum,
952 2056 1003 2110 in
1036 2055 1237 2124 prmfat.
1270 2054 1337 2108 ad
1369 2053 1571 2109 Ludum
1596 2062 1801 2123 septem
1833 2066 1918 2105 sa-

338 2158 575 2215 pientum
604 2164 616 2199 :

400 2234 606 2298 Magonio
628 2234 822 2297 qualem
846 2234 1027 2298 cultum
1050 2237 1275 2298 quesivit
1298 2236 1512 2298 Homero

464 2296 1003 2359 CensoriAristarcbus,
1024 2296 1291 2359 nurinaque
1313 2296 1565 2349 Zenodoti.

396 2357 537 2421 Pone
553 2358 723 2407 obelos
747 2360 911 2421 igitur,
938 2357 1465 2421 spuriorutn'stigmata
1494 2368 1671 2419 vatum,

457 2419 664 2478 Palmas,
687 2433 783 2469 non
803 2419 975 2481 culpas
991 2434 1104 2470 esse
1129 2419 1493 2482 putabo'meas.

338 2521 477 2594 Lege
521 2540 639 2579 meo
668 2525 923 2593 periculo,
955 2527 1245 2595 spuriorum
1286 2528 1525 2596 stigmata
1551 2542 1805 2591 versuum,
1838 2526 1922 2583 vel

337 2631 535 2671 versum
576 2616 675 2688 (α).
705 2617 865 2686 igitur
892 2618 1029 2684 quo]
1075 2618 1416 2674 Aristarchus
1459 2620 1513 2673 in
1560 2620 1773 2675 Homeri
1806 2634 1923 2674 car-

343 2710 576 2765 minibus
606 2710 749 2775 fecit,
783 2710 920 2763 idem
953 2710 1142 2778 potiori
1182 2705 1305 2778 jure
1332 2711 1384 2764 in
1431 2710 1717 2765 Prudentia
1746 2709 1923 2765 facere

343 2799 549 2866 liceret,
581 2808 635 2854 ut
664 2801 864 2871 spurios
893 2814 1012 2855 esse
1042 2817 1211 2855 versus
1240 2801 1560 2867 diceremus,
1585 2815 1718 2870 quos
1747 2800 1923 2869 aliqua

340 2892 468 2946 vitio
502 2892 724 2946 iniectos
754 2900 1023 2946 constaret
1052 2892 1149 2961 (b).

413 2986 564 3057 191
602 2983 729 3040 216.
770 2982 992 3053 Egregia
1039 2993 1162 3039 sunt
1187 3000 1305 3054 qua:
1334 2985 1486 3039 affert
1528 2984 1775 3041 Barthius
1828 2986 1919 3039 lib.

348 3092 453 3143 ut,
482 3092 601 3145 cap.
630 3076 721 3141 25,
755 3078 865 3146 qui,
897 3091 1015 3130 cum
1060 3076 1380 3131 ostendisset
1424 3088 1568 3132 recte
1601 3079 1703 3133 dici
1745 3096 1831 3133 aer
1872 3088 1925 3133 et

346 3170 504 3224 cther
542 3178 731 3223 neutro
770 3182 985 3238 genere,
1009 3166 1184 3233 Talia,
1208 3169 1394 3238 inquit,
1444 3170 1595 3238 plura
1632 3181 1748 3223 sunt
1788 3170 1925 3240 apud

2022 1950 2288 2019 publicam
2320 1949 2492 2004 lucem
2525 1950 2804 2015 emiserit,
2838 1962 2902 2003 ae
2932 1948 3185 2001 nonnulla
3215 1945 3597 2001 emendaverit.

2090 2044 2214 2097 ΞΠ.
2260 2042 2573 2111 Exemplum
2622 2056 2749 2096 vero
2784 2055 3026 2096 errorum
3070 2040 3157 2109 qui
3188 2054 3216 2091 τι
3260 2036 3601 2107 typographis

2020 2144 2145 2189 sunt
2175 2134 2395 2199 inducti,
2428 2148 2621 2204 ponam
2663 2134 2714 2187 in
2742 2133 2957 2198 idolum,
2990 2131 3130 2201 quod
3179 2130 3324 2185 brevi
3356 2145 3385 2181 o
3414 2144 3443 2183 a
3475 2128 3601 2183 i’ru-

2001 2226 2206 2281 'deutio
2229 2242 2444 2296 semper
2472 2226 2757 2281 inducitur.
2790 2226 2956 2281 Aldus
2978 2226 3157 2281 senior
3177 2224 3331 2281 codd.
3368 2238 3495 2279 mss.
3520 2240 3601 2280 er-

2021 2332 2197 2374 rorem
2230 2327 2441 2388 putans,
2495 2318 2965 2388 swpe'emendare
2995 2317 3179 2383 voluit,
3236 2325 3293 2373 ut
3318 2316 3601 2388 Psychom.

2022 2424 2167 2465 vers.
2183 2411 2285 2465 579
2304 2428 2317 2464 :
2335 2411 2570 2480 Quosque
2596 2412 2726 2465 viros
2752 2428 2853 2464 non
2876 2412 2952 2463 ira
2973 2414 3209 2481 fremens,
3226 2410 3461 2477 idolaque
3476 2409 3603 2463 bello

2023 2516 2121 2572 pro
2153 2503 2389 2571 Quosque
2414 2505 2546 2557 viros
2570 2519 2670 2557 non
2692 2504 2768 2556 ira
2790 2507 3027 2572 fremens,
3058 2519 3154 2555 non
3185 2502 3322 2555 idola
3353 2502 3501 2555 bello.
3540 2502 3604 2555 Et

2022 2593 2191 2649 Aldus
2214 2594 2426 2664 quidem
2455 2595 2690 2663 regulam
2715 2605 2927 2649 secutus
2955 2601 3058 2658 est,
3085 2607 3151 2647 ne
3173 2608 3256 2660 lue
3287 2593 3337 2646 in
3370 2607 3603 2647 errorem

2024 2686 2240 2753 incidit;
2267 2704 2373 2742 non
2397 2688 2468 2741 ita
2490 2688 2804 2742 Muratorius
2826 2686 2877 2741 in
2902 2668 2962 2741 εἰ
2985 2684 3226 2751 Paulino,
3251 2687 3339 2755 qui
3362 2684 3605 2739 eamdem

2026 2778 2289 2848 syllabam
2318 2780 2587 2848 corrigere
2615 2792 2807 2843 ausus,
2854 2778 3018 2831 multo
3049 2777 3217 2845 majus
3260 2776 3373 2845 ipse
3418 2790 3603 2843 pecca-

2025 2880 2137 2926 tum
2161 2872 2449 2938 commisit,
2480 2886 2600 2925 nam
2623 2872 2639 2924 i
2665 2872 2716 2925 in
2743 2871 2932 2923 idolum
2954 2877 3137 2924 contra
3164 2883 3350 2922 omnes
3376 2869 3605 2938 regulas,

1985 3010 1992 3021 .
2026 2979 2146 3020 cum
2177 2966 2245 3020 sit
2268 2964 2487 3032 εἴδωλον,
2517 2974 2569 3019 et
2588 2965 2705 3019 sine
2727 2964 2833 3017 ullo
2856 2963 3101 3031 exemplo
3123 2962 3400 3030 corripuit,
3430 2976 3605 3029 poem.

2026 3056 2211 3111 ultimo
2242 3058 2297 3111 In
2326 3057 2567 3112 ethniciis
2598 3072 2738 3112 vers.
2783 3056 2910 3121 205,
2942 3054 3049 3108 Ncc
3078 3071 3129 3109 se
3158 3072 3386 3126 paganus
3418 3054 3606 3122 laudet,

2028 3146 2072 3199 si
2100 3151 2219 3199 vitat
2248 3147 2405 3200 idola.
2438 3146 2728 3216 Suhjicitur
2754 3154 2877 3199 nota
2912 3145 3179 3199 Muraturii
3208 3163 3222 3199 :
3253 3144 3317 3199 In
3350 3163 3444 3199 ius.
3478 3146 3607 3213 lege-

346 3262 661 3316 Christianos
704 3237 858 3329 vates,
890 3276 1003 3330 qua:
1048 3277 1139 3314 nos
1167 3237 1456 3330 ignorantia
1490 3237 1830 3330 antiquitatis,
1860 3264 1917 3315 ob
1945 3245 1990 3304 (ἶ
2024 3238 2189 3303 δαίων
2215 3240 2257 3291 δέ
2285 3240 2370 3307 ¹Ῑ⁴⁴ί
2412 3239 2552 3292 MOI“
2598 3240 2743 3291 vim"
2781 3237 3078 3294 Em‘mdmi-
3126 3238 3240 3293 N0"
3291 3238 3606 3330 emendasti,

340 3354 553 3406 amissos
582 3361 651 3407 tot
680 3352 939 3423 egregios,
988 3353 1089 3405 imo
1120 3356 1223 3423 fere
1263 3370 1363 3406 uno
1405 3362 1451 3407 et
1484 3354 1643 3407 altero
1683 3355 1919 3425 demptis,

340 3462 560 3499 summos
594 3444 839 3499 Romana:
882 3444 1178 3514 eloquentia:
1219 3446 1505 3500 conditores
1534 3463 1635 3501 non
1670 3447 1923 3501 intellecta

341 3540 659 3592 damnamus.
692 3535 959 3606 Prtecipue
977 3539 1119 3606 apud
1138 3538 1465 3609 coryphteum
1490 3555 1663 3593 eorum
1686 3539 1923 3594 Pruden-

344 3631 491 3698 tium,
522 3647 670 3702 quem
696 3646 786 3701 ego
813 3631 882 3684 ad
922 3630 1168 3700 plurimos
1206 3647 1372 3686 mores
1400 3633 1628 3703 ritusque
1655 3634 1920 3703 explican-

414 3883 492 3955 (α)
518 3882 576 3937 in
598 3892 885 3955 comment.
922 3883 1001 3955 ad
1024 3882 1280 3955 hymnum
1317 3883 1377 3955 S.
1405 3882 1629 3955 Eulalia:
1673 3897 1910 3939 errorem

343 3952 584 4025 ejusdem
614 3952 871 4025 scaligeri
912 3952 1248 4023 redarguam,
1292 3954 1382 4022 qui
1425 3953 1474 4008 in
1506 3955 1909 4022 epigrammate,

342 4023 450 4095 quo
488 4023 755 4078 Ausonius
784 4023 1415 4095 Hispalimhcelebravit,
1462 4034 1646 4077 contra
1680 4033 1911 4079 veterem

346 4093 631 4151 lectionem
657 4094 931 4163 amplexus
955 4104 1037 4149 est
1059 4093 1365 4157 Emeritam,
1395 4109 1514 4147 cum
1537 4095 1672 4147 ratio
1696 4096 1914 4149 suadeat

344 4165 624 4233 Hispalim,
658 4179 763 4233 non
795 4163 1091 4231 Emeritam,
1122 4165 1223 4231 legi
1253 4164 1470 4219 debere.

419 4228 494 4307 (b)
522 4228 913 4307 Barthiiverha
952 4228 1408 4307 lili.sXI,'cap.4
1446 4235 1607 4300 Adv.,
1642 4250 1747 4307 non
1781 4250 1915 4302 prae-

346 4304 675 4363 termittam:
715 4304 915 4358 Veteres
945 4304 1218 4358 Christiani
1262 4306 1553 4373 scriptores,
1594 4306 1730 4373 quod
1774 4307 1923 4359 hodie

343 4379 523 4447 uulgus
552 4385 727 4429 contra
756 4391 943 4443 magna
973 4376 1359 4447 pra'sumptione
1390 4376 1627 4447 ingenita:
1673 4377 1921 4447 doctrinm

344 4445 491 4511 solet,
531 4448 735 4499 minime
774 4446 1111 4515 aspernabant
1135 4448 1211 4499 illi
1258 4446 1559 4499 adscititiam
1608 4463 1634 4498 e
1664 4445 1805 4499 libris
1834 4464 1921 4500 sa-

344 4519 571 4590 pientum
588 4516 937 4581 eruditidnem,
969 4519 1055 4582 qui
1081 4528 1222 4571 extra
1249 4516 1776 4590 ecclesitepeuetralia
1804 4519 1920 4586 qui-

346 4587 462 4642 dem
490 4598 652 4652 erant,
676 4603 788 4639 cum
812 4596 1058 4641 ea-tamen
1101 4604 1200 4640 non
1221 4603 1340 4640 raro
1376 4587 1703 4640 mirissimum
1732 4590 1783 4640 in
1813 4605 1919 4640 mo-

346 4659 468 4711 dum
497 4658 885 4712 consentiebant.
919 4657 981 4729 Ei
1012 4659 1083 4710 rei
1106 4658 1497 4711 animadvertere
1523 4658 1755 4712 debuisse
1774 4669 1916 4729 puto,

348 4708 813 4783 matutina...
832 4708 1364 4794 aptatiais;na
1402 4708 1489 4782 si
1519 4708 1798 4797 eisesse:
1813 4708 1920 4796 ’ἀὶιέ
1949 4708 2000 4768 Ι)

352 4798 686 4852 Prudentium
703 4799 831 4851 bono
862 4798 1061 4866 publico
1088 4799 1348 4853 illustrare
1384 4801 1598 4867 professi
1645 4810 1782 4852 sunt.
1824 4798 1916 4853 Est

345 4871 483 4925 enim
511 4870 563 4923 in
591 4886 647 4923 eo
677 4878 841 4939 poetai
871 4870 1131 4921 recondita
1173 4870 1405 4933 eruditio,
1460 4886 1607 4921 rarus
1656 4870 1707 4921 in
1756 4869 1917 4923 verbis

347 4941 513 5008 lepor,
536 4943 588 4993 in
618 4938 791 5009 phrasi
814 4938 1061 4991 Latinitas
1093 4955 1190 4991 non
1214 4940 1441 5009 impura,
1474 4940 1572 5009 nisi
1608 4955 1707 5007 qua
1742 4941 1914 4992 imita-

348 5012 483 5063 tione
505 5008 665 5063 ωσι-ιε
704 5010 915 5079 loquech
958 5010 1107 5077 fregit
1137 5008 1307 5062 volens
1355 5008 1606 5077 regulam,
1652 5018 1697 5060 et
1740 5026 1839 5079 qua
1884 5027 1916 5062 a

349 5081 579 5133 barbarie
598 5079 956 5133 monac/torum
984 5079 1366 5132 erscribentium
1391 5096 1532 5133 secus
1560 5095 1711 5144 quam
1759 5081 1913 5132 voluit

348 5167 451 5203 non
477 5168 595 5204 raro
618 5151 833 5204 scribere
857 5158 1058 5201 coactus
1078 5157 1169 5201 est.
1207 5150 1525 5202 Manendum
1560 5160 1757 5213 tamen,
1792 5166 1911 5203 m0-

350 5223 535 5276 nachis
556 5222 751 5290 gratias
773 5234 892 5274 esse
917 5219 1207 5282 habendas,
1241 5222 1380 5287 quod
1415 5220 1566 5272 nobis
1598 5234 1701 5271 non
1735 5222 1908 5273 solum

351 5292 719 5355 Prudentium,
752 5290 845 5344 sed
885 5290 1017 5343 alius
1052 5302 1261 5343 veteres
1307 5290 1596 5356 scriptorcs
1625 5304 1913 5343 conserva-

350 5373 497 5425 runt,
544 5378 713 5431 neque
757 5372 862 5415 tam
912 5360 1226 5431 culpandum
1282 5375 1469 5431 eorum
1519 5361 1910 5427 ignorantiam,

348 5448 507 5501 quam
548 5430 845 5501 temporum
879 5430 1126 5498 iniuriam
1159 5440 1212 5483 et
1240 5430 1629 5501 difﬁcultatem.

422 5504 492 5571 (ο)
533 5499 774 5556 Barthius
802 5503 995 5571 iterum,
1025 5500 1123 5555 hoc
1179 5502 1293 5555 loco
1347 5499 1595 5555 invidiam
1645 5502 1920 5557 monachis

349 5572 521 5642 aliqua
571 5587 637 5626 ex
682 5584 829 5642 parte
872 5570 1102 5626 conﬂare
1138 5573 1279 5636 vult;
1318 5572 1408 5624 sed
1437 5574 1918 5642 nonomittendum

349 5641 692 5713 est’elogium
724 5642 1017 5707 Prudentii,
1049 5642 1189 5711 quod
1217 5642 1435 5708 suhjicit
1466 5661 1478 5695 :
1513 5641 1648 5695 Hinc
1672 5645 1923 5696 claustra-

351 5715 482 5768 libus
535 5715 653 5767 uiris
694 5714 997 5783 familiarior
1050 5714 1207 5764 multa
1244 5713 1450 5765 vulnera
1493 5730 1583 5779 pro
1622 5715 1921 5767 eruditionis

350 5785 577 5838 mercede
597 5782 782 5837 retulit.
821 5782 1134 5851 Eloquentite
1163 5785 1288 5836 tanti
1311 5784 1402 5836 uiri
1440 5784 1579 5835 testis
1622 5786 1685 5835 sit
1718 5786 1791 5836 vel
1822 5802 1922 5839 una

316 5860 321 5869 ’
352 5853 627 5913 Coronatio
658 5853 898 5921 Romani,
918 5869 1034 5919 quia
1042 5866 1377 5925 praeterquam
1394 5856 1528 5917 quod
1544 5855 1723 5917 paucis
1745 5857 1921 5914 uteris.

2036 3330 2188 3399 192
2212 3330 2484 3396 Muratnri,
2512 3330 2815 3398 corrupisti.
2846 3331 2986 3384 Idem
3016 3330 3266 3384 Paulinus
3293 3330 3346 3383 in
3373 3328 3607 3398 Epithal.

2032 3419 2087 3473 in
2120 3418 2427 3474 lulianum:

2090 3532 2247 3590 Absit,
2272 3537 2326 3581 ut
2351 3530 2507 3581 idolici
2530 3532 2751 3581 videatur
2769 3530 2861 3580 tilia
2884 3531 3069 3594 templi.
3564 3596 3569 3597 ν

2027 3635 2365 3691 Manifestum
2415 3644 2517 3701 est,
2553 3650 2582 3689 a
2630 3635 2849 3690 Paulino
2899 3635 3008 3690 oin
3052 3635 3227 3689 idolici
3255 3634 3452 3704 corripi
3504 3633 3604 3704 (ά).

2020 3884 2186 3954 iisque
2215 3900 2319 3937 non
2352 3891 2454 3936 tam
2485 3883 2706 3936 auctoris
2733 3899 2886 3951 quam
2915 3883 3305 3953 exscriptorum,
3331 3884 3605 3941 etiamnum

2022 3955 2291 4023 inquinata
2329 3964 2422 4019 est,
2467 3956 2770 4024 ccclerqquin
2804 3970 3078 4024 provocare
3117 3956 3279 4021 possit
3324 3956 3605 4011 iamborum

2025 4022 2197 4079 omnes
2217 4029 2331 4095 jam
2354 4026 2471 4095 inde
2494 4024 2558 4077 ab
2596 4022 2812 4095 Horatio
2831 4031 3025 4095 poetas.
3050 4023 3260 4095 Rursus
3280 4026 3522 4081 Barthius
3550 4028 3601 4084 iu

2024 4093 2382 4167 exscriptores
2421 4094 2693 4167 Prudentii
2736 4093 3003 4147 invehitur
3047 4094 3136 4147 lih.
3192 4111 3305 4167 Liv,
3349 4110 3466 4163 cap.
3512 4100 3598 4167 l8,

2027 4165 2115 4219 ubi
2157 4165 2208 4217 in
2250 4166 2400 4219 titulo
2438 4165 2532 4227 ait,
2574 4165 2968 4217 distinctionem
3011 4168 3241 4235 capitum
3276 4165 3602 4235 Psychomaé

2024 4236 2159 4289 chic
2191 4249 2311 4289 esse
2332 4235 2700 4296 monachicam,
2746 4242 2800 4285 ct
2825 4243 3006 4299 postea
3052 4234 3101 4287 id
3144 4234 3371 4301 explicet
3406 4252 3419 4289 :
3472 4236 3604 4291 Mihi

2026 4316 2194 4359 autem
2220 4306 2453 4358 universa
2490 4305 2651 4356 omnis
2679 4304 2770 4355 illa
2808 4306 3028 4369 capitum
3060 4305 3318 4357 distinctio
3346 4314 3393 4359 et
3418 4308 3603 4360 inscri-

2026 4378 2131 4444 ptio
2160 4392 2259 4429 non
2285 4392 2392 4429 esse
2419 4376 2643 4427 auctoris
2668 4374 2881 4431 videtur,
2920 4375 3008 4427 sed
3037 4373 3460 4428 scholasticorum
3490 4395 3599 4431 ma-

2027 4448 2323 4515 gistrorum,
2354 4446 2534 4515 quibus
2557 4460 2741 4513 magno
2769 4460 2861 4496 suo
2890 4446 3027 4497 malo
3058 4454 3163 4497 tant
3194 4447 3465 4511 familiaris
3501 4452 3600 4515 fuit

2026 4518 2246 4586 optimus
2260 4516 2665 4570 Christianorum
2686 4524 2948 4568 auctorum
2968 4517 3138 4586 quoad
3159 4518 3349 4582 poesim
3378 4518 3598 4585 quidem.

2097 4589 2175 4657 (ιι)
2210 4588 2455 4641 Barthius
2476 4586 2579 4657 lib.
2604 4600 2791 4657 rxxxw,
2822 4600 2938 4653 cap.
2968 4583 3039 4641 4:
3076 4583 3249 4653 Idola,
3280 4583 3469 4657 inquit,
3509 4590 3603 4643 da-

2026 4656 2157 4729 ctylo
2203 4667 2444 4729 usurpatA
2465 4656 2781 4729 Prudentius
2827 4666 2996 4710 noster
3034 4674 3051 4714 :
3088 4658 3139 4729 in
3182 4674 3282 4726 quo
3323 4656 3390 4710 tul
3445 4676 3601 4715 unum

2025 4726 2195 4783 omnes
2222 4731 2388 4783 cwteri
2407 4726 2685 4781 Christiani
2712 4735 2870 4794 poeta:
2888 4744 3004 4781 eum
3024 4728 3156 4780 velut
3179 4740 3433 4782 auctorem
3455 4748 3601 4784 suum

2024 4800 2238 4853 insecuti
2268 4800 2607 4853 inveniuntur.
2645 4796 2945 4850 Tertullian.
2978 4798 3066 4851 lib.
3097 4812 3153 4852 Ill
3185 4798 3237 4851 in
3262 4798 3599 4865 Marcionem,

2062 4887 2170 4923 uem
2220 4881 2384 4922 tamen
2430 4870 2517 4921 ille
2554 4868 2721 4938 potius
2759 4868 2984 4938 sequitur
3019 4886 3039 4922 :
3079 4866 3230 4921 ldola
3266 4887 3395 4925 vana
3433 4874 3595 4938 sequi,

2072 4941 2272 4994 edulius
2314 4942 2404 4992 lib.
2448 4954 2539 4993 Iv:
2573 4937 2725 4990 Idala
2764 4936 2959 4990 dilexit.
3013 4938 3200 4992 Arntor
3233 4942 3320 4993 lib.
3351 4957 3364 4993 l
3395 4960 3408 4994 :
3450 4936 3600 4994 ldo/tt

2022 5027 2272 5078 qumrens.
2307 5008 2615 5061 Prudentius
2639 5017 2801 5079 tamen
2831 5010 2999 5062 studio
3029 5012 3145 5079 fecit
3180 5026 3197 5062 .·
3228 5026 3347 5062 nam
3370 5014 3488 5064 alibi
3509 5028 3600 5063 suo

2023 5081 2205 5134 ordine
2229 5080 2405 5133 eadem
2451 5093 2567 5130 voce
2604 5094 2723 5129 usus
2760 5078 3032 5145 invenitur,
3086 5091 3141 5133 ut
3178 5080 3301 5132 alibi
3343 5093 3597 5133 notamus.

2026 5148 2249 5203 Fallitur
2278 5149 2539 5211 Barthius,
2571 5147 2712 5216 quod
2751 5146 3094 5203 Prudentium
3133 5150 3364 5203 credidit
3402 5152 3595 5203 aliculn

2024 5221 2340 5288 produxisse
2364 5236 2392 5271 ο
2422 5220 2472 5273 in
2497 5220 2712 5272 idolum.
2763 5219 2959 5273 Locum
2991 5220 3188 5274 indicat
3220 5220 3311 5272 lib.
3348 5236 3433 5278 ιλ.
3479 5236 3595 5287 cap.

2024 5292 2055 5343 7
2082 5308 2094 5343 :
2129 5289 2273 5342 Idem
2298 5290 2670 5343 eruditissimus
2699 5299 2844 5359 poeta
2876 5306 2990 5341 cum
3036 5292 3087 5343 in
3132 5291 3355 5359 syllabas
3392 5289 3598 5342 (ἕπηται

2024 5361 2280 5430 impingit,
2312 5376 2412 5413 non
2442 5376 2629 5421 errore,
2656 5360 2744 5412 sed
2764 5360 2968 5426 judicio
2998 5360 3141 5425 facit,
3173 5359 3304 5411 velut
3344 5377 3428 5413 eas
3460 5360 3601 5412 Lati-

2026 5432 2104 5484 nis
2133 5431 2324 5501 legibus
2354 5434 2657 5499 ustringens.
2695 5430 2888 5501 looutu
2920 5431 3116 5495 quoties
3156 5430 3318 5501 media
3347 5432 3478 5501 breui
3504 5448 3598 5496 po-

2026 5503 2161 5554 suit?
2182 5499 2355 5555 Scivit
2388 5511 2554 5555 tamen
2593 5499 2971 5569 producendam
3010 5514 3136 5569 esse.
3166 5499 3325 5569 ngm.
3356 5516 3391 5559 ι.
3425 5499 3601 5554 Cruru-

2030 5572 2229 5640 leasque
2256 5573 2562 5631 animas..et
2594 5572 2738 5639 nigra
2767 5568 2905 5640 idola
2934 5568 3128 5622 volare.
3162 5568 3356 5624 Versus
3374 5582 3454 5625 cst
3474 5572 3599 5639 424,

2027 5657 2149 5697 vera
2186 5644 2361 5706 lectio,
2412 5642 2762 5712 Cteruleasque
2786 5639 3026 5712 _anim_as,
3081 5647 3232 5710 atque
3271 5641 3410 5695 idsla
3443 5644 3603 5712 nigra

2026 5716 2215 5767 uolare.
2251 5713 2397 5767 Adde
2433 5713 2550 5765 aliis
2578 5709 2893 5764 Venantium
2928 5708 3275 5765 Fortunatum
3320 5712 3385 5766 de
3418 5708 3603 5766 Certa-

2027 5786 2171 5838 mine
2203 5786 2428 5853 piorum,
2474 5782 2565 5851 qui
2609 5781 2680 5834 ait
2712 5796 2724 5830 :
2757 5776 2911 5834 Idola
2944 5780 3065 5835 dum
3108 5794 3309 5855 cuperet
3348 5783 3610 5839 Martinus

2024 5866 2267 5912 sternere.
