4102 6348
540 361 644 419 739

1956 351 2405 410 PRUDENT‘lUS.

3705 356 3808 414 740

541 471 757 543 Joseph‘i
790 469 1081 527 Blanchinii
1108 463 1485 533 eruditionem,
1515 462 1740 518 multum
1772 462 1839 517 ab
1864 463 1982 516 aliis
2008 462 2115 515 lau-
2144 467 2195 523 Α
2220 464 2345 528 nies,
2379 481 2574 534 semper
2622 482 2707 520 eos
2738 482 2840 520 non
2888 464 3109 536 syllabas
3139 462 3368 531 Gra'cas,
3414 466 3502 519 sed
3544 475 3808 519 accentum

541 567 738 630 datam,
762 580 859 635 ego
882 576 1090 633 quoque
1114 559 1269 613 valde
1294 557 1611 613 commendo
1638 574 1651 610 :
1678 556 1932 626 peculiari
1957 556 2117 609 etiam

542 664 743 716 ratione
768 657 993 711 hominis
1016 654 1347 724 diligentiam
1378 652 1693 720 amplector,
1719 649 1860 718 quod
1886 648 2117 701 officium

541 767 775 807 πιομςτιηη
831 749 1176 805 lsidorianum
1208 746 1578 800 illustraverit.
1628 743 1731 799 Sed
1787 744 2006 807 nollem,
2040 742 2120 794 vir

539 846 621 898 dot
646 858 723 895 tu.
753 886 765 907 ,
801 858 827 893 a
861 840 1109 895 facultate
1157 841 1393 909 poetica,
1445 838 1522 891 vel
1563 838 1631 891 ab
1659 836 1773 905 ejus
1818 834 2122 904 cognitione

540 935 859 1002 imp-ratus,
908 933 972 985 ad
1005 932 1233 1003 hymnos
1265 929 1539 984 Prudentii
1590 930 1640 982 in
1672 928 1861 981 Uflicio
1889 926 2123 987 Mazara-

538 1029 656 1083 bico
684 1026 1072 1089 emendandos,
1103 1023 1434 1077 accessisset.
1472 1020 1829 1075 Animadverti
1858 1035 2003 1071 num.
2030 1018 2119 1084 74,

537 1132 693 1190 quam
724 1117 1008 1171 abnormes
1039 1130 1223 1168 versus
1252 1114 1543 1167 Prudentio
1577 1111 1834 1181 aflingere
1864 1110 2117 1175 voluerit,

540 1226 681 1263 nunc
724 1210 964 1273 quaedam
998 1208 1253 1273 attingam
1302 1219 1429 1273 quae-
1458 1204 1748 1259 emendare
1785 1202 2007 1271 cupiens
2046 1202 2123 1254 vi—

540 1304 711 1365 tiavit,
748 1315 813 1353 ne
845 1298 1131 1368 aliquando
1162 1298 1212 1350 in
1248 1297 1518 1350 Prudentii
1550 1295 1785 1349 carmina
1818 1293 1940 1347 novi
1973 1307 2123 1347 erro-

539 1409 624 1449 res
657 1395 911 1461 irrepant.
944 1392 996 1445 ln
1028 1394 1081 1444 S.
1109 1390 1314 1443 Eulalia
1338 1404 1477 1443 vers.
1503 1388 1589 1451 64,
1614 1388 1769 1440 Mane
1790 1390 2004 1457 superba
2031 1388 2123 1439 tri-

540 1486 746 1539 bunalia
778 1488 902 1550 adit,
940 1486 1137 1537 nullam
1168 1484 1559 1537 correctiOncm
1592 1481 1808 1534 adhibet
1835 1520 1850 1545 ,
1878 1495 1997 1533 cum
2022 1479 2123 1548 legi

538 1578 749 1643 debeat,
778 1576 932 1630 Mane
956 1578 1169 1647 superba
1201 1576 1421 1628 tribunal
1445 1577 1571 1627 adit.
1605 1573 1759 1628 Vers.
1787 1574 1915 1639 209,
1968 1572 2125 1625 Texta

539 1668 696 1742 feram
726 1669 850 1739 pede
877 1669 1109 1733 datilico,
1158 1668 1405 1721 emendat
1449 1667 1674 1735 dactylo,
1723 1666 1802 1718 vel
1849 1665 2120 1733 dactylico.

442 1796 446 1801 -
537 1764 843 1833 Legendum
894 1763 1163 1831 dactylico,
1198 1778 1317 1814 nam
1363 1762 1502 1813 aliud
1536 1770 1707 1812 metro
1739 1768 2015 1826 repugnat.
2070 1758 2122 1809 ln

2223 556 2460 611 Cra-cum
2481 576 2588 613 esse
2611 569 2805 613 secutos
2836 559 2931 628 (υ).

2292 654 2415 707 918.
2454 654 2703 707 Adhaeret
2738 654 2819 708 his
2856 650 3102 706 Barthius
3136 652 3228 706 lib.
3262 666 3425 715 χχιιι,
3457 666 3577 719 cap.
3614 652 3703 705 14.
3739 649 3805 704 In

2226 746 2509 800 Prudentia
2538 762 2653 799 cum
2684 746 2836 798 larvis
2865 746 3148 805 luctantur,
3180 745 3264 812 qui
3296 745 3671 807 eruditissimo,
3706 743 3809 797 ele-

2222 841 2546 909 gantissimo,
2576 850 2621 893 et
2661 838 2811 906 longe
2848 837 3285 891 Christianissimo
3323 844 3483 905 poeta'
3512 836 3812 903 obstrepunt

2224 947 2283 984 ea
2331 932 2393 984 de
2436 947 2626 995 causa,
2672 930 2807 999 quod
2850 929 3166 998 syllabarum
3208 927 3442 980 modulos
3474 927 3815 997 negligentius

2222 1025 2391 1079 habet.
2423 1025 2599 1080 Atille
2642 1023 2737 1077 hoc
2770 1022 2938 1076 studio
2977 1024 3115 1092 agit,
3156 1038 3245 1075 nec
3274 1021 3402 1074 adeo
3436 1037 3494 1073 ea
3541 1019 3605 1072 de
3654 1036 3814 1072 causa

2224 1116 2566 1189 grammaticis
2591 1132 2818 1186 pugnare
2842 1115 2947 1168 vult
2969 1155 2984 1179 ,
3015 1130 3127 1167 cum
3170 1114 3331 1167 sciens
3361 1112 3653 1167 soltzcisset.
3702 1110 3815 1165 Nec

2226 1219 2391 1263 tamen
2419 1210 2661 1278 exemplis
2688 1217 2736 1262 et
2762 1208 2957 1259 ratione
2993 1215 3186 1259 carent.
3230 1204 3441 1257 Frivola
3480 1214 3724 1272 utraque,
3766 1214 3814 1255 et

2226 1312 2441 1368 utraque
2460 1301 2607 1354 nihil.
2638 1300 2663 1353 l
2673 1302 2790 1353 dem
2811 1300 3000 1370 capital
3026 1299 3232 1352 admisit
3263 1299 3540 1363 Ausonius,
3568 1299 3721 1364 epist.
3764 1299 3828 1366 1.,

2228 1393 2297 1447 Et
2321 1395 2560 1463 festinato
2583 1402 2807 1461 tempore
2830 1402 3045 1461 utraque
3064 1392 3227 1456 daret,
3248 1400 3292 1443 et
3307 1390 3451 1443 alibi.
3473 1387 3540 1442 Et
3560 1390 3814 1459 quidquid

2226 1488 2365 1557 apud
2416 1487 2810 1540 eruditissimum
2858 1486 2992 1539 hunc
3021 1496 3218 1554 poetam
3251 1484 3595 1555 (Ausonium)
3637 1485 3811 1552 legas,

2219 1579 2377 1648 jubeo
2420 1594 2531 1631 meo
2565 1578 2793 1645 periculo
2836 1594 3038 1630 censeas
3062 1577 3204 1644 apud
3232 1575 3522 1640 Lucilium,
3554 1575 3813 1639 Ennium,

2226 1678 2318 1723 aut
2348 1671 2473 1723 tales
2504 1670 2685 1739 legere.
2731 1670 2885 1723 Plura
2914 1670 3106 1724 deinde
3142 1670 3195 1723 in
3236 1670 3475 1723 Ausonio
3507 1678 3655 1723 notat
3696 1684 3814 1737 quas

2231 1779 2298 1818 ne
2348 1764 2402 1817 in
2444 1764 2733 1818 Prudentio
2770 1763 2984 1833 quidem
3017 1762 3378 1833 reperiuntur.
3418 1762 3720 1817 Becmanul
3747 1762 3815 1817 de

537 1854 735 1926 hymno
763 1855 1146 1923 Jejunantitlmi
1176 1868 1314 1906 VCPS-
1348 1855 1376 1905 7
1405 1870 1416 1903 ε
1453 1853 1567 1916 Quo
1598 1852 1729 1919 ﬁlim
1749 1852 1918 1903 εονάὶε
1948 1853 2124 1919 (πρὶα-
2155 1846 2203 1906 Β
2229 1857 2429 1928 Origin.
2453 1858 2643 1925 lingua:
2676 1858 2876 1913 Latina:
2906 1857 3073 1911 verbo
3110 1856 3290 1922 Video,
3317 1856 3458 1925 quod
3488 1854 3815 1909 Prudentius

536 1958 619 2002 tur
641 1949 827 2002 vividi:
858 1948 1095 2016 corrigit,
1129 1948 1398 2015 expiamur
1425 1947 1599 2008 lividi;
1627 1947 1761 1997 male
1789 1961 1802 1995 :
1838 1960 1958 1997 nam
1991 1946 2119 2013 ﬁbra

536 2050 617 2095 est
662 2044 712 2093 in
762 2041 1106 2103 nominativo,
1158 2055 1188 2091 a
1237 2050 1505 2106 correpto.
1539 2038 1690 2091 Vers.
1736 2038 1825 2099 2i,
1877 2037 2123 2107 Liberque

538 2134 686 2201 flatu,
714 2135 893 2186 nescio
915 2148 1007 2185 cur
1032 2132 1253 2184 triulavit
1274 2131 1324 2183 in
1350 2132 1487 2184 libet.
1518 2130 1671 2183 Vers.
1701 2130 1789 2194 98,
1823 2130 2121 2199 Veteresque

538 2238 702 2297 nugas
732 2226 1034 2278 condomare
1077 2242 1133 2277 ac
1162 2226 1417 2296 frangere,
1451 2232 1634 2278 contra
1666 2238 1880 2279 sensum
1913 2235 1965 2278 et
2015 2241 2118 2275 me-

539 2327 678 2373 trum
709 2323 881 2388 posuit
902 2318 1191 2373 condonare
1214 2330 1260 2372 et
1288 2322 1563 2388 frangere:
1594 2319 1821 2371 fortasse
1850 2333 1912 2371 ex
1940 2332 2121 2371 errore

541 2413 921 2485 typographico
947 2412 1197 2467 editionis
1220 2414 1459 2476 Giselini,
1484 2428 1639 2481 quem
1667 2414 1709 2465 is
1734 2413 1787 2464 in
1815 2412 2005 2464 erratis
2028 2427 2122 2463 no-

540 2512 762 2559 taverat.
797 2504 917 2558 Pari
942 2519 1126 2559 errore
1158 2520 1251 2574 pro
1277 2520 1397 2558 vera
1424 2504 1527 2558 lect
1551 2518 1653 2557 one
1693 2518 1831 2558 vers.
1868 2506 1989 2568 154,
2019 2504 2121 2556 lm-

541 2598 734 2665 pendit,
766 2597 949 2666 inquit,
980 2613 1063 2651 ms
1086 2597 1482 2668 summijudicis
1504 2598 1798 2661 substituit,
1829 2596 2119 2665 lmpendet,

538 2690 705 2760 inquit
748 2705 832 2744 ITA
862 2731 875 2754 ,
908 2703 1067 2744 sensu
1100 2699 1151 2744 et
1200 2698 1368 2743 metro
1417 2700 1762 2758 repugnante.
1814 2690 1967 2743 Vers.
2000 2690 2119 2749 lGl,

539 2784 735 2839 Nullus
788 2786 1013 2847 vivendi,
1046 2785 1418 2852 corrigendum
1472 2783 1595 2852 fuit,
1649 2782 1844 2836 Nullus
1898 2782 2120 2835 bibendi.

539 2875 902 2941 Biauchinius,
923 2876 1023 2948 nisi
1048 2877 1245 2929 erravit
1268 2875 1654 2943 typographus,
1675 2875 1906 2942 scripsit,
1932 2872 2123 2925 Nullus

539 2968 775 3023 habendi.
830 2968 983 3022 Plura
1017 2978 1274 3036 praetereo
1314 2982 1430 3036 quze
1479 2968 1615 3021 male
1663 2966 1937 3031 correxit,
1973 2966 2121 3035 plura

539 3074 680 3130 quia,
713 3075 831 3113 cum
858 3060 1095 3127 deberet,
1127 3072 1231 3111 non
1260 3059 1579 3113 emendavit.
1615 3061 1665 3112 ln
1693 3059 1934 3127 quautam
1958 3060 2116 3111 etiam

542 3160 756 3221 peccata
788 3151 943 3221 hujus
973 3151 1183 3221 generis
1235 3151 1419 3205 incidit
1464 3149 1795 3218 Gallandius,
1848 3151 1929 3204 vir
1960 3162 2121 3205 mete-

2227 1949 2461 2003 mediam
2510 1964 2720 2017 semper
2765 1952 2816 2002 in
2858 1950 3052 2002 idolum
3104 1948 3467 2016 corripuerit,
3526 1947 3663 1999 alios
3718 1962 3815 2013 per

2227 2043 2487 2114 systolen,
2516 2042 2651 2096 alios
2682 2042 2837 2096 aliter
2864 2056 3124 2096 excusare
3147 2041 3238 2103 ait,
3266 2040 3605 2111 Tryphonem
3636 2054 3817 2108 grani-

2196 2136 2477 2193 .maticum
2510 2150 2603 2204 per
2640 2134 2831 2189 ἔνῗειαν
2860 2151 2977 2203 qua:
3009 2134 3078 2187 sit
3102 2137 3397 2205 στοιχείου,
3440 2134 3469 2192 ἢ
3502 2142 3814 2203 enixus»,

2228 2231 2528 2296 ἐλάττωσις,
2560 2243 2753 2299 nempe
2790 2228 2978 2283 εἴδολον
3019 2244 3114 2298 pro
3144 2227 3367 2282 εἴδωλον.
3390 2225 3729 2296 Ludewigius
3764 2228 3814 2279 in

2234 2323 2345 2376 Vita
2379 2324 2647 2377 Prudentii
2686 2324 2881 2378 acriter
2921 2338 3041 2377 eum
3090 2321 3330 2377 defendit
3366 2326 3551 2377 contra
3584 2335 3681 2376 eos
3726 2320 3814 2389 qui

2225 2417 2510 2471 barbarum
2558 2418 2709 2471 illum
2758 2424 2988 2483 vocant,
3042 2416 3181 2483 quod
3224 2416 3378 2469 metri
3418 2429 3583 2470 causa
3621 2414 3814 2467 dixerit

2233 2508 2391 2580 194
2410 2511 2581 2579 famis,
2606 2511 2724 2572 luis,
2749 2510 2919 2579 pubis,
2942 2508 3180 2571 Joannis,
3208 2524 3302 2576 pro
3334 2510 3520 2577 fames,
3545 2505 3682 2571 lues,
3704 2515 3813 2557 etc.

2226 2600 2328 2654 Cur
2355 2602 2593 2669 legimus,
2642 2599 2839 2669 inquit,
2882 2599 3023 2667 apud
3060 2597 3307 2659 Plautum
3346 2608 3393 2651 et
3429 2597 3708 2665 Virgilium
3737 2597 3814 2649 lea

2225 2708 2318 2761 pro
2349 2693 2457 2756 leo,
2488 2692 2688 2761 hospita
2719 2708 2812 2761 pro
2841 2690 3020 2760 hospes
3040 2731 3055 2754 ,
3104 2690 3249 2743 vallis
3291 2704 3382 2759 pro
3408 2687 3599 2751 ualles,
3628 2688 3741 2758 felis
3767 2698 3813 2739 et

2227 2784 2395 2850 culpis
2419 2800 2507 2851 pro
2530 2784 2650 2851 feles
2666 2792 2709 2833 et
2731 2782 2904 2852 vulpes
2921 2782 2944 2833 ?
2964 2780 3277 2833 Prudentius
3298 2796 3417 2833 usus
3438 2792 3509 2832 est
3530 2781 3811 2847 interecep-

2228 2884 2307 2926 tus
2334 2891 2423 2942 pro
2452 2876 2788 2942 interceptus,
2834 2873 3155 2943 interefectus
3201 2887 3292 2939 pro
3328 2872 3624 2941 interfectus
3657 2870 3803 2939 (vide

2228 2980 2376 3019 ttttm.
2406 2966 2568 3035 seq.),
2601 2982 2702 3034 qua
2732 2965 2933 3019 licentia
2986 2982 3106 3019 usus
3140 2982 3338 3035 quoque
3373 2976 3447 3019 est
3486 2965 3807 3035 Virgilius...

2227 3055 2441 3127 Figura:
2471 3058 2602 3112 nihil
2640 3058 2785 3110 aliud
2814 3067 2935 3111 sunt
2958 3098 2974 3123 ,
3025 3058 3124 3111 nisi
3150 3057 3351 3128 palliati
3391 3073 3611 3111 errores.
3662 3055 3717 3112 Si
3749 3071 3811 3110 ea

2226 3150 2402 3204 omnia
2434 3165 2553 3218 quae
2584 3149 2867 3215 Homerus,
2893 3166 3009 3219 qua:
3038 3149 3313 3219 Virgilius,
3336 3165 3451 3218 quae
3478 3149 3570 3201 alii
3601 3160 3810 3203 veteres

537 3242 728 3313 roquin
774 3242 1144 3310 doctissimus,
1180 3242 1231 3296 in
1270 3242 1505 3297 editiOnc
1545 3243 1817 3297 Prudentii
1870 3242 1965 3313 (α).
2004 3243 2125 3297 Non
2151 3228 2197 3291 C
2229 3243 2346 3297 ausi
2376 3252 2535 3312 sunt,
2582 3253 2734 3312 poeta
2779 3243 2971 3312 aliquis
3021 3242 3203 3310 junior
3231 3240 3489 3307 dixisset,
3541 3256 3716 3310 neque
3746 3240 3810 3294 de

536 3335 615 3387 his
646 3334 869 3397 auxiliis,
921 3350 1020 3387 non
1066 3333 1417 3401 defensoribus
1469 3335 1621 3406 193
1652 3336 1761 3388 istis
1806 3335 2122 3390 Prudentius

534 3436 663 3496 eget.
718 3426 1073 3479 Patrocinium
1104 3426 1216 3492 ejus
1248 3428 1484 3494 suscepit
1513 3428 1749 3495 Scaliger
1781 3427 1829 3480 in
1878 3426 2117 3481 Lection.

536 3521 742 3573 Auson.
774 3534 888 3587 pag.
919 3518 1021 3573 207
1053 3521 1182 3572 edit.
1228 3517 1383 3573 1588.
1422 3518 1682 3572 Habebunt
1726 3530 1770 3572 et
1803 3520 1947 3573 aliud
1970 3538 2123 3591 pecu-

534 3610 661 3662 liare
711 3620 867 3677 poette
904 3608 1108 3673 Latini,
1140 3612 1416 3679 prtesertim
1465 3621 1612 3663 (etate
1644 3611 1885 3673 Ausonii,
1915 3621 1969 3664 ut
2020 3628 2120 3665 non

534 3703 693 3755 solum
728 3700 932 3755 Grcecas
960 3704 1321 3755 declinationes
1342 3704 1387 3753 in
1410 3702 1597 3755 Graecis
1624 3704 1949 3773 negliyerent,
1987 3714 2029 3756 et
2054 3707 2120 3758 ad

534 3796 762 3865 regulam
779 3794 1075 3846 Latinorum
1094 3795 1333 3861 referrent
1350 3810 1367 3845 :
1383 3796 1467 3845 sed
1489 3804 1532 3845 et
1546 3797 1874 3863 quantitatem
1890 3796 1958 3847 ita
1977 3812 2118 3848 ever-

535 3895 711 3947 terent,
735 3898 787 3938 ut
810 3897 1017 3938 accentu
1037 3886 1179 3937 illam
1203 3887 1513 3939 molirentur.
1542 3888 1631 3941 Sic
1652 3905 1766 3957 pag.
1789 3888 1885 3942 104
1910 3892 2118 3960 corripit

533 3991 563 4031 c
593 3978 644 4029 in
681 3974 884 4042 Thales,
912 3986 962 4029 ut
992 3974 1238 4030 Sidonius
1270 3977 1321 4028 itt
1352 3975 1594 4047 Lyristes,
1626 3978 1795 4031 Alcaro
1821 3981 1987 4049 potior
2016 3980 2119 4051 Ly—

532 4070 680 4121 ristes
702 4068 1007 4137 ipso,.quasi
1034 4083 1132 4120 non
1170 4068 1353 4121 Thales
1384 4077 1428 4121 et
1461 4068 1685 4139 Lyristes
1704 4112 1716 4135 ,
1753 4073 1839 4123 sed
1870 4070 2045 4124 Thalis
2073 4082 2120 4125 et

531 4158 731 4214 Liristis
742 4159 985 4214 dicerent.
1002 4158 1089 4215 Sic
1120 4160 1339 4224 Quintus
1353 4161 1525 4215 Cicero
1544 4179 1560 4215 :
1576 4164 1823 4216 (Iona’itur
1839 4164 2030 4218 Oceani
2049 4169 2119 4219 ri-

530 4271 595 4325 pa
619 4271 732 4307 cum
756 4251 1063 4308 luccBootis.
1098 4253 1285 4315 Latini,
1314 4263 1361 4307 ut
1390 4265 1528 4307 notat
1558 4255 1762 4309 Servius
1785 4257 1834 4308 in
1864 4258 2033 4313 libello
2057 4262 2119 4314 de

528 4348 853 4413 Accentibus,
876 4349 1105 4401 eumdem
1128 4343 1387 4401 accentum
1410 4366 1557 4417 quem
1582 4350 1742 4404 (ἐνωεὶ
1767 4352 1968 4417 habent,
1994 4340 2117 4419 effe:

528 4447 650 4492 runt
680 4440 732 4490 in
784 4438 975 4491 Graecis
1006 4440 1313 4493 nominibus.
1353 4441 1512 4493 IDOLA
1544 4458 1735 4511 semper
1782 4454 1854 4496 est
1886 4446 2119 4514 dactylus

528 4529 666 4600 apud
694 4528 1047 4583 Prudentium.
1069 4530 1313 4584 Sidonius
1332 4534 1658 4599 penultimtun
1680 4537 1911 4600 producit
1929 4539 1979 4590 in
2006 4539 2116 4592 Eu-

2224 3338 2473 3407 exemplo
2525 3344 2834 3402 constaret,
2878 3335 3330 3403 reprehensiones
3381 3334 3658 3388 hominum
3721 3333 3807 3385 vix

2226 3432 2493 3486 sustinere
2525 3430 3003 3501 posset.'Clericus
3032 3429 3086 3483 in
3119 3429 3232 3483 Vita
3259 3427 3530 3482 Prudentii
3561 3428 3809 3495 ignoran-

2226 3521 2353 3576 tiam
2390 3537 2540 3577 suam
2572 3522 2851 3576 Inanifeste
2876 3520 3145 3585 ostendit,
3177 3534 3406 3588 acguens
3448 3534 3512 3572 ex
3550 3515 3808 3586 catalogis

2224 3616 2554 3686 syllabarum
2591 3614 2787 3683 quibus
2827 3627 3080 3683 peccasse
3107 3611 3302 3666 dicitur
3347 3609 3706 3673 Prudentius,
3752 3618 3808 3661 et

2222 3724 2413 3763 vocum
2450 3724 2634 3778 parum
2685 3709 2989 3761 Latinarum
3043 3722 3159 3775 qua:
3206 3706 3257 3759 in
3298 3704 3483 3759 eodem
3528 3712 3801 3768 notantur,

2223 3801 2387 3854 multa
2434 3814 2553 3853 eum
2611 3801 2659 3851 in
2717 3807 2887 3853 metro
2934 3808 2986 3852 et
3040 3796 3327 3851 Latinitate
3374 3809 3598 3850 errasse.
3663 3793 3800 3847 Nam

2221 3892 2421 3947 similes
2442 3890 2666 3957 catalogi
2688 3890 2941 3945 adversus
2957 3890 3216 3959 optimum
3240 3901 3500 3957 quemque
3519 3895 3798 3938 auctorem

2223 3994 2446 4053 possunt
2466 3982 2679 4051 conﬁci,
2700 3982 2832 4037 etin
2860 3983 3207 4052 plurimorum
3232 3980 3550 4035 editiooibus
3567 3976 3804 4033 confecti

2222 4086 2349 4131 sunt
2372 4120 2385 4143 ,
2438 4086 2495 4129 ut
2520 4078 2681 4130 verba
2712 4076 2973 4141 obsoleta,
3004 4078 3301 4142 antiquata,
3335 4082 3388 4127 et
3425 4072 3645 4127 rarioris
3678 4086 3808 4125 usos

2222 4170 2625 4238 dignoscantur,
2651 4168 2777 4235 quin
2806 4182 2991 4221 eorum
3023 4179 3304 4235 propterea
3342 4169 3493 4217 fama:
3518 4164 3804 4231 quidquam

2223 4261 2551 4315 detrahatur.
2587 4259 2933 4313 Prudentium
2968 4259 3261 4313 studiosum
3288 4255 3449 4310 fuisse
3471 4255 3806 4325 antiquitatis

2225 4368 2328 4407 non
2358 4368 2512 4421 nego.
2545 4351 2649 4407 Sed
2680 4360 2826 4405 recte
2858 4350 3048 4405 Cicero
3074 4351 3164 4404 lib.
3214 4366 3268 4404 Ill
3307 4350 3372 4403 de
3398 4349 3645 4409 Oratore,
3684 4362 3801 4415 pag.

2226 4447 2327 4501 125
2353 4465 2364 4498 :
2402 4446 2653 4499 Inusitata
2682 4456 2799 4498 sunt
2830 4446 2999 4515 prisca
3043 4446 3147 4515 fere
3173 4460 3232 4497 ac
3255 4452 3447 4495 vetusta
3469 4482 3485 4507 ,
3531 4452 3577 4495 et
3606 4442 3668 4495 ab
3712 4457 3804 4493 usu

2225 4540 2511 4609 quotidiani
2541 4540 2787 4592 sermonis
2803 4539 2912 4606 jam
2944 4539 3031 4590 diu
3058 4538 3359 4601 intermissa,
3387 4550 3500 4604 quit
3540 4545 3657 4588 sunt
3688 4552 3801 4603 poe-

528 4622 740 4691 ripitles,
765 4640 864 4675 non
886 4627 1238 4692 quantitatem,
1262 4626 1349 4678 sed
1371 4638 1626 4679 accentum
1654 4641 1873 4684 secutus.
1896 4631 2113 4685 Orches-
2142 4600 2196 4659 Β
2222 4640 2388 4683 tarum
2422 4630 2636 4683 licentia
2666 4629 2899 4683 liberiora
2946 4646 3096 4699 quam
3127 4640 3343 4690 nostrtc;
3371 4626 3459 4681 sed
3488 4637 3653 4679 tamen
3688 4641 3804 4677 raro

530 4720 659 4763 trum
686 4716 845 4781 quatit
867 4717 995 4768 alter
1024 4713 1309 4785 Euripidis,
1342 4719 1614 4769 secundum
1643 4720 1874 4788 prodam
1901 4724 1951 4774 in
1983 4722 2119 4776 Mar-

528 4819 712 4872 syas...
743 4816 917 4858 contra
947 4808 1153 4874 corripit
1177 4809 1447 4861 secundam
1476 4808 1527 4859 in
1559 4809 1780 4864 Arato...
1803 4810 2028 4881 Denique
2043 4816 2119 4868 itt-

528 4899 663 4968 spice
685 4910 844 4953 totum
864 4901 1153 4967 Sidonium,
1174 4911 1333 4956 totum
1356 4901 1713 4969 Prudentium,
1729 4917 1773 4959 et
1800 4909 1960 4973 alios;
1984 4910 2115 4965 inve-

450 5116 453 5117 ν
601 5057 674 5124 (a)
722 5058 963 5112 Profecto
1008 5073 1180 5126 neque
1220 5059 1495 5126 pulchrum
1549 5071 1631 5114 est
1682 5062 1841 5115 tricas
1887 5068 2108 5131 poeticae

526 5130 656 5183 artis
684 5131 902 5192 callere,
935 5144 1108 5196 neque
1140 5139 1295 5197 turpe
1317 5132 1584 5195 ignorare.
1619 5132 1724 5185 Sed
1756 5130 2107 5189 contemnen-

527 5200 649 5252 dntn
685 5217 788 5253 non
820 5208 905 5274 est
928 5200 1125 5274 Horatii
1152 5201 1407 5255 monitum
1438 5203 1488 5255 in
1533 5218 1591 5257 re
1613 5204 1774 5257 simili
1811 5216 1900 5259 aut
1935 5208 2109 5274 proxi-

529 5285 633 5330 ma,
662 5273 816 5337 epist.
848 5273 899 5337 1,
934 5272 1028 5323 lib.
1052 5287 1128 5324 tl:

586 5348 765 5419 Navem
790 5363 952 5419 agere
968 5355 1170 5419 ignarus,
1191 5354 1325 5419 navis
1349 5354 1521 5419 t_imet.:
1542 5354 1834 5419 abrotonum
1860 5370 1995 5419 επιενο

587 5411 687 5478 δοη
714 5411 887 5473 audet,
909 5411 1103 5478 nisiqui
1128 5416 1309 5469 diiicit,
1339 5415 1454 5478 dare
1480 5430 1491 5462 :
1517 5415 1644 5478 quod
1672 5411 1968 5465 medicortﬁn
1996 5425 2101 5478 est,

589 5474 879 5535 Promillunl
900 5474 1092 5535 medici,
1117 5484 1316 5525 tractant
1344 5474 1696 5523 fabrilia‘iabri.

583 5534 853 5587 Scribimus
875 5534 1069 5593 inducti,
1096 5541 1321 5599 doctique
1350 5542 1789 5599 pocillatapassim.

540 5610 562 5643 Ὗ
596 5604 671 5652 Mil
706 5602 897 5667 repetit
928 5603 1123 5653 ittAl‘lt!
1157 5604 1398 5666 poetica;

589 5673 779 5735 audere
802 5673 882 5731 qui
910 5673 1083 5735 noscit,
1106 5673 1459 5728 campestribus
1484 5672 1694 5720 abstinet
1716 5676 1880 5735 armis,

588 5734 906 5792 lndoctusque
934 5734 1057 5793 pile.
1087 5736 1291 5791 discive,
1318 5735 1533 5781 trochive
1559 5736 1785 5794 quiescit,

587 5794 659 5843 Ne
684 5800 852 5853 Spissm
877 5794 1021 5839 risum
1046 5796 1213 5842 tollant
1240 5798 1435 5855 impune
1460 5808 1665 5842 coronm.

587 5855 681 5908 Οιιί
704 5856 883 5905 nescit.
907 5868 1077 5904 tersus
1097 5863 1259 5903 tamen
1281 5857 1430 5905 audet
1453 5858 1656 5915 lingere.

2218 4724 2364 4777 habet
2392 4726 2546 4777 etiam
2577 4725 2631 4777 in
2653 4724 3157 4794 orationepoeticum
3182 4722 3389 4790 aliquod
3412 4722 3615 4774 uerbum
3634 4722 3803 4788 digni-

2221 4826 2392 4871 tatem.
2438 4816 2601 4869 Multo
2632 4831 2759 4870 vero
2808 4816 2976 4885 magis
3019 4815 3071 4868 id
3121 4816 3324 4869 licuerit
3354 4814 3676 4879 Prudentio,
3714 4813 3801 4881 qui

2221 4910 2495 4966 hominum
2519 4908 2598 4961 sui
2624 4907 2878 4977 tempatis
2901 4907 3333 4962 doctissimorum
3357 4906 3657 4976 exemplum
3686 4907 3802 4959 imi-

2298 5062 2373 5133 (b)
2420 5061 2552 5117 Aliis
2590 5062 2855 5130 exemplis
2894 5062 3137 5117 eamdem
3183 5079 3294 5117 rem
3341 5065 3515 5130 porgit
3562 5064 3799 5132 Scaliger

2219 5132 2560 5187 conﬁrmare.
2594 5132 2681 5187 Sic
2706 5135 2959 5186 Ausonius
2992 5136 3039 5185 in
3077 5136 3326 5201 triqonos,
3365 5146 3652 5203 tetragonos
3685 5152 3798 5188 cor-

2216 5204 2337 5285 ripit
2366 5203 2713 5291 pen'ttltimam.
2750 5204 2874 5291 Qlttis
2902 5204 3105 5256 audebit
3134 5206 3318 5271 dicere,
3344 5208 3621 5257 Ausonium
3654 5208 3800 5291 igua-

2215 5272 2409 5327 ratione
2454 5275 2735 5326 litterarum
2774 5272 3071 5327 Gt'a’carunt
3109 5277 3200 5327 hoc
3242 5277 3590 5329 commisisse?
3635 5272 3800 5328 Nemo

2214 5362 2366 5399 sanus
2391 5345 2591 5413 quidem
2614 5386 2626 5403 ,
2662 5355 2713 5397 ttt
2745 5355 2882 5412 puto.
2920 5346 3023 5398 Sed
3062 5347 3138 5397 Itis
3161 5346 3464 5411 temporibus
3490 5348 3698 5399 stultum
3728 5350 3800 5398 vi-

2216 5416 2427 5467 debatur
2458 5432 2555 5467 non
2598 5414 2665 5467 ibi
2696 5417 2969 5479 producere
2990 5416 3235 5483 syllabam
3266 5420 3347 5469 ubi
3370 5429 3612 5473 accentus
3641 5429 3793 5478 esset,

2210 5487 2329 5554 quia
2359 5485 2442 5536 hic
2496 5494 2566 5538 est
2598 5502 2704 5537 mos
2742 5487 2927 5555 llttgtttl’
2960 5486 3172 5541 Latium.
3217 5489 3351 5540 Adeo
3393 5498 3447 5539 ut
3484 5488 3704 5539 Plautus
3746 5490 3797 5541 in

2208 5558 2301 5608 hoc
2327 5564 2525 5608 secutus
2551 5558 2613 5608 sit
2646 5557 2891 5619 iudicium
2912 5557 3119 5623 vulgi...
3150 5559 3333 5611 Contra
3390 5569 3535 5611 a'tate
3592 5558 3794 5625 Plauti,

2208 5634 2260 5679 ut
2307 5628 2358 5677 in
2404 5628 2681 5693 quantitate
2709 5626 3053 5695 syllabarum,
3084 5631 3157 5681 sic
3184 5639 3227 5680 et
3270 5630 3321 5680 in
3368 5629 3797 5683 declinationibus

2209 5696 2515 5749 Latinistnos
2566 5698 2916 5751 admittebant.
2980 5699 3220 5752 Dicebant
3276 5701 3407 5751 enim
3467 5698 3794 5765 Nestorem,

2208 5766 2501 5833 Hectorem,
2522 5770 2775 5836 quomodo
2804 5781 3080 5835 rectorem,
3104 5786 3406 5835 mensorem,
3432 5780 3478 5823 et
3507 5771 3723 5825 similia.
