4102 6348
318 357 417 414 761

1697 348 2067 406 Ριιυιεςωι
2075 349 2226 403 ΕΗΔ.

3493 355 3592 414 712

316 475 552 551 labatur.
578 474 687 529 Hac
728 474 936 531 ratione
961 473 1210 529 sustineri
1240 480 1466 543 possunt
1505 473 1699 544 fames,
1745 474 1855 528 lues
1879 516 1894 540 ,
1922 474 1976 536 Α
2001 471 2230 541 primam
2261 470 2632 541 protraheret;
2686 470 2764 527 sic
2791 472 2852 528 in
2877 473 3033 542 aquai
3065 472 3182 532 ﬁeri
3203 473 3359 529 solet.
3397 472 3466 528 Et
3495 487 3593 529 no-

315 565 535 620 colluces
566 566 717 621 brevi
748 567 960 631 ultima,
986 568 1054 622 de
1079 568 1272 637 quibus
1293 567 1551 622 adversus
1570 566 1894 622 Salmasium

315 658 422 712 dixi
451 673 598 712 num.
628 657 756 714 2M.
789 659 1031 713 Liberior
1061 659 1157 713 luit
1192 660 1429 724 Plautus,
1475 659 1594 729 qui,
1628 669 1685 713 ut
1711 659 1903 714 obser-

211 763 222 768 '
315 761 408 804 vat
449 752 687 806 Muretus
726 751 853 816 Var.
899 752 1050 807 Lect.
1088 752 1182 807 lib.
1214 767 1337 819 xvi,
1382 767 1500 820 cap.
1549 752 1636 815 ll,
1687 750 1902 805 ultimas

314 843 555 914 syllabas
599 844 884 898 verborum
943 843 1242 911 imperandi
1291 842 1543 912 corripit,
1578 858 1696 896 cum
1741 842 1900 909 libet,

315 935 528 990 etiamsi
581 937 736 1004 primi
778 936 1068 993 secundive
1093 937 1297 992 ordinis
1325 937 1451 1001 sint,
1484 943 1541 990 ut
1571 920 1720 1003 ama,
1751 937 1895 1006 vide,

312 1035 452 1086 tace.
495 1043 632 1083 cave.
687 1027 1106 1098 Christophorus
1164 1027 1379 1084 Wasius
1424 1042 1544 1098 cap.
1583 1028 1650 1082 15
1695 1028 1903 1084 Senarii

311 1117 494 1172 multis
537 1119 798 1190 exemplis
854 1123 1045 1189 prohat
1076 1162 1093 1187 ,
1142 1120 1354 1174 ﬁnalem
1406 1119 1666 1190 syllabam
1711 1119 1903 1190 priscis

312 1206 426 1262 fere
449 1209 679 1264 breviari
701 1210 756 1264 in
780 1211 1106 1280 imperativis
1130 1212 1337 1281 primae,
1360 1211 1611 1266 secunda:
1633 1221 1902 1280 etquartaa

312 1300 726 1371 coniugationis.
768 1303 1064 1368 Ausonius,
1097 1305 1482 1373 grammaticus
1511 1311 1564 1356 et
1605 1302 1787 1357 rhetor
1814 1318 1902 1357 ce.

313 1391 656 1461 leberrimus,
689 1410 794 1450 non
831 1395 1098 1450 dubitavit
1126 1395 1465 1452 solmcismum
1497 1396 1644 1451 brevi
1667 1396 1901 1451 secunda

241 1515 248 1522 -
311 1485 524 1553 dicere,
551 1488 711 1542 etiam
745 1503 865 1542 cum
897 1489 1153 1542 adversus
1184 1490 1452 1543 Auxilium
1483 1490 1899 1558 grammaticum

319 1582 580 1636 scriberet
600 1623 616 1645 ,
661 1583 814 1648 cujus
839 1597 991 1636 ceras
1021 1581 1351 1647 miniatulas,
1376 1583 1458 1636 vel
1492 1583 1667 1652 potius
1707 1583 1901 1636 ferulas

326 1675 587 1743 potuisset
615 1675 858 1729 revereri
890 1693 901 1726 :

379 1775 629 1836 Auxilium
652 1780 706 1825 te
729 1788 907 1836 nempe
934 1787 1090 1832 vocas,
1116 1776 1290 1824 inscite
1314 1777 1566 1835 magister,

379 1835 449 1884 Da
475 1848 661 1885 rectum
683 1835 861 1896 casum,
885 1838 981 1898 jam
1006 1837 1294 1886 solecismus
1319 1837 1438 1900 eris,

316 1942 434 1994 sive
464 1939 809 1995 scribendum
833 1941 897 1996 sit
916 1983 932 2006 ,
966 1942 1270 2006 solicismus,
1301 1951 1358 1994 ut
1389 1957 1453 1997 ex
1485 1942 1814 2012 diphthongo
1856 1964 1901 1999 ot

315 2031 486 2100 prima
514 2031 714 2086 vocali»
747 2033 962 2105 tollatur
990 2050 1001 2085 :
1034 2048 1154 2086 nam
1183 2034 1322 2088 inter
1351 2034 1749 2106 diphthongum
1779 2058 1825 2091 οι
1849 2045 1903 2091 et

315 2126 442 2180 ἰῶτα
492 2127 633 2179 nulla
675 2137 764 2179 aut
809 2127 998 2195 exigua
1039 2135 1156 2181 erat
1199 2125 1503 2182 dill'erentia
1557 2129 1612 2182 in
1668 2146 1901 2198 pronun-

313 2215 519 2270 tiando.

385 2307 508 2361 219.
541 2307 796 2376 Ejusdem
829 2308 1046 2363 Ausonii
1074 2317 1158 2362 est
1185 2309 1337 2380 idyll.
1372 2311 1433 2364 11
1465 2328 1478 2364 :

377 2398 470 2456 Qui
494 2399 650 2460 bipes,
681 2405 732 2449 et
753 2399 1033 2462 quadrupes
1058 2399 1205 2463 foret,
1231 2407 1283 2450 et
1307 2403 1462 2463 tripes
1479 2406 1639 2452 omnia
1661 2404 1813 2463 solus,

313 2509 366 2547 es
383 2492 531 2546 brevi
557 2494 607 2546 in
633 2494 770 2562 bipes
791 2504 843 2548 et
868 2496 1026 2564 tripes
1041 2536 1056 2560 ,
1075 2495 1148 2550 uti
1167 2495 1294 2549 alibi
1317 2495 1370 2550 in
1383 2498 1672 2570 quadrupes
1689 2499 1747 2555 S.
1772 2499 1904 2552 Pau-

313 2582 455 2641 linus
484 2596 748 2640 consonat
776 2586 894 2640 Nat.
929 2587 1017 2652 12,
1043 2603 1185 2642 vers.
1210 2590 1315 2643 383
1353 2607 1368 2642 :

381 2686 604 2736 Constitit
629 2687 796 2748 ignoto
819 2699 905 2748 pro
928 2686 1095 2736 limine
1115 2687 1400 2752 quadrupes
1425 2691 1618 2755 hospes.

315 2779 528 2836 Rursus
547 2778 816 2833 Ausonius
841 2779 1098 2848 epigram.
1127 2780 1160 2833 9
1191 2799 1203 2834 :

379 2879 581 2927 Suasisti
607 2877 774 2927 Venus
797 2890 915 2941 ecce
936 2878 1058 2941 duas
1081 2879 1281 2941 dyseros
1301 2889 1350 2931 ut
1373 2893 1606 2941 amarem,

381 2941 493 2991 Odit
515 2948 721 3002 utraque
743 2953 753 2986 :
772 2938 896 2989 aliud
919 2940 979 2988 da
1005 2938 1145 2990 modo
1167 2943 1441 2992 consilium.

319 3044 482 3115 195
509 3044 568 3096 Et
600 3042 666 3096 ad
692 3042 900 3124 Patrem
935 3059 949 3096 :

385 3137 442 3199 Et
469 3136 702 3199 placuisse
727 3149 840 3185 reor
864 3135 1076 3196 geminis
1099 3137 1341 3194 aetatibus,
1368 3146 1422 3187 ut
1445 3152 1501 3189 se

383 3198 489 3247 Non
514 3199 740 3248 festinato
765 3204 987 3260 tempore
1013 3205 1219 3260 utraque
1242 3200 1399 3248 daret.

315 3305 472 3374 Quod
518 3304 757 3373 Scaliger
787 3311 1008 3359 excusat
1037 3303 1247 3357 ratione
1294 3314 1549 3360 accentus
1603 3307 1701 3377 (a).
1741 3308 1906 3378 Major

315 3408 406 3457 est
431 3398 747 3464 difﬁcultas,
780 3413 881 3467 qua
920 3398 1126 3452 ratione
1156 3396 1480 3454 Prudentius
1516 3401 1742 3469 primam
1779 3419 1900 3474 pro-

316 3491 608 3548 duxeritin
632 3493 812 3561 cuique
833 3489 1110 3562 trisyllabo
1146 3507 1159 3547 :
1188 3506 1295 3545 non
1334 3492 1475 3546 enim
1500 3494 1666 3562 probo
1695 3506 1786 3550 aut
1815 3512 1908 3554 eos

317 3585 416 3657 qui
459 3585 748 3640 emendant
800 3583 1073 3638 Prudentii
1105 3584 1254 3654 loca,
1304 3601 1428 3639 suus
1467 3598 1538 3640 est
1585 3604 1694 3642 mos
1732 3593 1911 3661 cuique

320 3682 596 3751 genti,sua
619 3680 799 3748 cuique
824 3678 1001 3731 dextra
1027 3687 1121 3744 est,
1147 3694 1244 3732 sua
1263 3679 1444 3747 cuique
1460 3683 1622 3752 jura;
1650 3694 1739 3736 aut
1766 3685 1912 3738 Gil'a-

321 3774 475 3828 nium
501 3812 516 3838 ,
568 3771 659 3840 qui
691 3770 790 3833 ait,
826 3769 1174 3824 Prudentium
1219 3770 1298 3824 his
1322 3771 1455 3826 locis
1492 3788 1518 3825 e
1552 3774 1872 3841 produxisse
1894 3821 1908 3844 ,

321 3864 480 3936 quasi
510 3863 820 3932 spondarum
847 3862 1034 3933 quinto
1079 3864 1196 3917 loco
1227 3877 1323 3932 pro
1353 3863 1567 3934 dactylo
1611 3866 1908 3924 intruserit.

321 3958 436 4016 Sed
461 3957 754 4015 Prudentio
781 3956 936 4012 hbuit
960 3957 1031 4011 ita
1062 3956 1451 4027 diphthongum
1491 3956 1821 4027 dissolvere,
1854 3975 1908 4017 ut

405 4158 479 4229 (a)
503 4155 1226 4229 Ausoniussequiturmorem
1259 4169 1465 4229 suorum
1487 4162 1773 4229 temporum
1793 4197 1829 4229 _,_
1861 4169 1915 4211 ut

325 4223 520 4288 scilicet
549 4229 615 4281 ibi
646 4228 895 4298 producat
925 4224 1195 4298 syllabam,
1225 4225 1309 4298 ubi
1337 4223 1579 4298 prosodia
1606 4235 1734 4280 erat.
1779 4226 1916 4281 Nam

326 4304 382 4358 in
412 4301 583 4355 eadem
609 4295 805 4368 syllaba
837 4306 907 4350 est
939 4297 990 4368 in
1018 4295 1224 4368 nomine
1247 4295 1485 4368 femineo,
1524 4295 1574 4347 in
1597 4312 1699 4366 qua
1730 4307 1837 4350 erat
1862 4302 1913 4352 in

327 4373 618 4429 masculino
640 4366 924 4430 ὐτειιριιιε.
974 4367 1114 4420 Idem
1150 4367 1275 4420 fecit
1307 4369 1358 4418 in
1389 4366 1567 4419 eadem
1610 4370 1912 4427 Ausonius.

327 4442 590 4514 Εριορὼς)
613 4442 666 4494 in
691 4441 932 4514 Patrem,
973 4437 1194 4500 Victum,
1229 4439 1488 4514 habiturn,
1519 4452 1684 4514 mores
1719 4455 1915 4514 semper

328 4507 510 4572 eadem
557 4511 754 4564 habuit.
787 4513 936 4575 Quod
971 4523 1089 4564 cum
1139 4516 1377 4562 notassi-t
1409 4507 1655 4562 Barthius
1677 4550 1691 4575 ,
1735 4507 1833 4564 lib.
1859 4527 1909 4578 v,

2005 570 2116 616 tum
2139 572 2242 625 est,
2269 572 2480 618 veteres
2502 579 2598 632 pro
2624 565 2706 617 cui
2729 565 3010 635 scripsisse
3034 581 3174 631 quoi.
3206 564 3387 634 Neque
3409 580 3593 619 assen-

2007 652 2111 707 tior
2143 652 2224 708 his
2251 654 2339 722 qui
2378 657 2589 722 quoties
2616 656 2849 709 occurrit
2876 656 2946 724 ﬁo
2973 667 3058 708 aut
3085 657 3177 724 fiat
3211 657 3378 722 prima
3419 656 3588 721 brevi,

2007 759 2193 800 versus
2213 745 2487 800 Prudentii
2515 747 2879 803 emendandos
2901 757 3142 802 censent.
3166 748 3418 815 Quamvis
3446 749 3589 803 enim

2003 851 2112 890 non
2139 836 2425 892 infeliciter
2453 838 2502 891 id
2537 839 2802 893 interdum
2836 840 2971 894 cl'ﬁci
3005 840 3194 908 possit,
3230 856 3404 910 neque
3433 841 3590 894 toties

2006 927 2328 984 Prudentius
2363 931 2687 1000 corripuerit
2707 932 2922 1001 quoties
2948 933 3152 1002 putavit
3173 933 3589 1002 Chamillardus,

2007 1029 2185 1074 tamen
2199 1037 2409 1090 atquum
2424 1038 2531 1077 non
2544 1033 2625 1077 est
2638 1038 2935 1093 repugnare
2950 1025 3269 1080 veterrimis.
3285 1027 3419 1081 codd
3430 1067 3444 1080 .
3460 1043 3588 1081 mss.
3668 1011 3674 1018 ’

2005 1111 2484 1169 consentientibus.
2528 1113 2710 1168 Dicam
2764 1113 2924 1183 igitur
2952 1115 3298 1171 Prudentium
3350 1131 3587 1176 secutum

2006 1200 2266 1270 originem
2315 1202 2554 1258 Graecam
2603 1220 2634 1257 a
2681 1207 2812 1276 φύω,
2861 1221 2928 1259 ex
2972 1220 3078 1273 quo
3111 1207 3245 1275 fuat,
3274 1216 3328 1262 et
3372 1209 3461 1277 ﬁo.
3496 1208 3587 1263 llsi

2003 1289 2256 1369 similiter
2303 1305 2427 1350 sunt
2469 1298 2664 1350 Arator
2691 1296 2746 1350 ei
2773 1295 3151 1350 Tertullianus.
3185 1297 3260 1351 De
3288 1316 3320 1351 a
3366 1299 3420 1351 in
3453 1311 3589 1352 ratus

2003 1392 2160 1444 aliter
2179 1388 2384 1457 judico.
2408 1387 2897 1460 Pruiglentiussa-pe
2928 1388 3185 1458 corripuit
3211 1388 3359 1460 Sym.
3389 1388 3410 1440 1
3444 1404 3584 1444 vers.

2003 1480 2151 1537 295:
2191 1479 2315 1532 Esse
2344 1481 2469 1542 rati,
2503 1489 2606 1532 etc.
2637 1479 2794 1532 Cath.
2828 1479 2880 1547 9,
2915 1496 3052 1534 vers.
3089 1480 3158 1534 52
3193 1500 3203 1532 :
3260 1481 3452 1535 Mando
3478 1522 3494 1546 ,
3534 1491 3587 1535 ut
3657 1503 3665 1508 -

2006 1571 2298 1634 abluantur,
2326 1571 2528 1638 inquit:
2553 1572 2611 1640 ﬁt
2632 1580 2818 1637 ratum,
2851 1572 2985 1639 quod
3005 1574 3258 1642 jusserat,
3302 1588 3352 1628 et
3377 1576 3412 1630 '5
3444 1591 3584 1630 vers.

2007 1663 2074 1718 99
2111 1682 2121 1714 :
2160 1663 2324 1733 thue
2354 1666 2483 1730 {oret
2532 1674 2647 1716 rata
2679 1666 2930 1718 materies.
2965 1665 3132 1724 Peris.
3181 1669 3244 1733 5,
3277 1683 3418 1724 vers.
3470 1670 3537 1724 15
3570 1687 3584 1721 :

2009 1755 2339 1825 Supplicium
2375 1757 2471 1809 sibi
2500 1758 2646 1810 dulce
2677 1755 2811 1809 rata.
2847 1758 2961 1810 Non
2991 1774 3118 1828 ergo
3151 1768 3350 1815 temere
3396 1761 3585 1816 Giseli-

1930 1857 1980 1917 Β
2009 1862 2109 1902 nus
2158 1847 2329 1901 Perie.
2368 1849 2454 1909 10,
2501 1863 2640 1903 vers.
2693 1850 2818 1916 9H,
2870 1852 3212 1915 emendavit,
3260 1851 3397 1922 Ergo
3446 1866 3586 1906 ratus

2007 1936 2292 2009 Praefectus
2321 1939 2576 2010 elinguem
2616 1940 2776 1992 virum
2821 1957 2916 2008 pro
2956 1941 3235 2013 Prwfectus
3285 1959 3404 2013 ergo
3430 1953 3587 2012 fatus

2003 2030 2255 2102 elinguem
2280 2032 2466 2096 virum,
2493 2031 2745 2102 quidquid
2793 2045 2975 2088 contra
3014 2038 3245 2090 senserit
3277 2037 3499 2092 Vossius
3523 2037 3588 2092 de

2003 2123 2132 2178 Arte
2156 2123 2501 2191 grammatica
2558 2120 2651 2177 lib.
2686 2140 2764 2189 ιι,
2804 2139 2924 2194 cap.
2953 2127 3043 2181 22.
3069 2129 3220 2192 Quod
3268 2129 3585 2186 Prudentius

2002 2213 2166 2269 breve
2193 2215 2422 2284 primum
2454 2214 2480 2267 ε
2508 2217 2560 2267 in
2607 2233 2788 2270 euerso
2813 2218 3014 2276 fecerit.
3044 2220 3336 2276 Salmasius
3357 2224 3587 2293 explicat

2004 2305 2062 2359 in
2085 2305 2226 2359 notis
2249 2305 2315 2359 ad
2341 2304 2543 2360 Elium
2572 2306 2947 2376 Spartianum,
2976 2326 3094 2381 pag.
3123 2313 3185 2366 61
3221 2313 3312 2382 (b).

2083 2397 2240 2468 196
2263 2397 2388 2452 220.
2419 2399 2536 2453 Alia
2572 2399 2776 2455 leviora
2812 2405 3196 2469 praetermitto,
3226 2421 3346 2476 quae
3375 2422 3440 2462 ex
3470 2424 3583 2478 pro-

2006 2490 2173 2545 sodiae
2199 2491 2506 2544 auctoribus
2549 2491 2754 2545 facilius
2783 2493 2885 2560 peti
2911 2505 3162 2564 possunt,
3189 2499 3482 2564 priesertim
3512 2499 3578 2553 de

2007 2583 2309 2638 nominibus
2335 2583 2608 2637 llchraicis
2632 2600 2692 2638 ex
2739 2585 2997 2640 Reciolio
3036 2589 3092 2641 in
3123 2590 3293 2643 indice
3332 2590 3354 2641 1·
3379 2599 3433 2646 et
3460 2590 3496 2644 Ξ
3524 2592 3589 2648 de

2007 2675 2224 2746 syllabis
2257 2677 2652 2753 controversis,
2687 2678 2840 2748 cujus
2860 2692 3036 2735 tamen
3060 2685 3367 2739 auctoritati
3400 2693 3454 2740 te
3483 2700 3589 2742 non

2009 2782 2226 2837 semper
2254 2767 2534 2824 adhaerere
2553 2768 2737 2824 velim.
2786 2770 2864 2824 Ex
2896 2770 2983 2825 his
3004 2787 3122 2842 quae
3143 2773 3295 2829 docui
3330 2774 3454 2829 licet
3481 2776 3589 2830 col-

2013 2859 2202 2929 ligere,
2229 2876 2334 2915 non
2351 2861 2519 2915 solum
2548 2862 2628 2916 sui
2660 2863 2844 2918 seculi
2872 2864 3284 2933 consuetudine,
3313 2867 3408 2920 sed
3429 2868 3589 2921 etiam

2010 2956 2224 3008 ratione
2253 2964 2307 3010 et
2334 2955 2675 3024 antiquorum
2702 2955 2950 3024 exemplo
2981 2956 3035 3010 in
3066 2957 3282 3028 syllabis
3314 2959 3442 3026 ipsis
3473 2975 3592 3028 (pum

2011 3045 2303 3100 rarissimae
2333 3060 2455 3101 esse
2487 3046 2756 3112 videntur,
2786 3046 2856 3102 ab
2881 3047 3186 3104 hominibus
3209 3051 3339 3104 artis
3369 3053 3592 3121 poetica:

2013 3138 2201 3206 peritis
2247 3137 2506 3194 vindicari
2558 3139 2920 3194 Prudentium.
2957 3139 3179 3195 Constat
3213 3143 3386 3196 ‘etiam
3411 3184 3426 3207 ,
3466 3159 3593 3212 quas

1933 3233 1982 3294 ο
2012 3229 2226 3297 regulas
2256 3229 2405 3297 sequi
2436 3229 2688 3296 debeant,
2719 3231 2806 3300 qui
2841 3241 3120 3299 poetarum
3161 3232 3593 3290 Christianorum

2012 3336 2070 3375 ιιι
2102 3331 2191 3374 aut
2222 3336 2272 3374 IV
2300 3321 2480 3374 sieculi
2523 3323 2757 3376 carmina
2787 3324 3005 3378 student
3043 3339 3072 3376 a
3104 3324 3311 3379 mendis
3339 3339 3594 3395 purgare,

2011 3421 2103 3467 aut
2133 3412 2198 3466 de
2240 3411 2417 3481 aliquo
2453 3427 2639 3467 eorum
2675 3425 2917 3480 poemate
2943 3415 3205 3482 judicare.
3261 3417 3320 3470 In
3359 3416 3585 3473 Collect.

2011 3514 2123 3560 vet.
2149 3503 2345 3573 Script.
2362 3504 2626 3560 Edmundi
2649 3507 2906 3580 Martene,
2928 3507 3160 3570 Parisiis,
3182 3509 3336 3574 1755,
3360 3519 3486 3564 tom.
3506 3510 3596 3580 IX,

2014 3597 2120 3650 col.
2152 3596 2216 3649 15
2245 3603 2299 3650 et
2331 3611 2509 3666 seqq..
2533 3605 2702 3652 exstat
2730 3597 2864 3652 liber
2891 3579 2944 3651 in
2977 3598 3233 3664 Genesin,
3259 3600 3352 3670 qui
3377 3599 3597 3656 iuvenci

2021 3688 2321 3759 presbyteri
2348 3703 2469 3766 esse
2492 3688 2688 3744 dicitur
2712 3692 2764 3744 in
2796 3689 2981 3747 codice
3012 3690 3154 3748 unde
3187 3678 3458 3750 extractus
3495 3703 3594 3752 est.

2018 3783 2258 3848 Quatuor
2287 3783 2457 3851 prima
2489 3781 2662 3853 capita
2693 3783 2894 3838 dudum
2929 3784 3070 3840 edita
3100 3801 3218 3840 cum
3271 3785 3599 3841 Tertulliano

2019 3883 2076 3932 et
2109 3877 2412 3948 Cypriane,
2461 3886 2660 3932 caetera
2699 3878 2766 3933 ad
2811 3879 2882 3934 59
2922 3879 3284 3947 producuntur
3311 3895 3375 3934 ex
3419 3880 3600 3936 codice

2015 3967 2332 4024 Corbeiensi
2387 3978 2515 4025 ante
2588 3985 2759 4026 annos
2809 3980 3104 4042 nongentos
3160 3980 3397 4028 curato.
3459 3973 3600 4044 Opus

2085 4158 2172 4230 '(b)
2229 4159 2354 4214 Non
2401 4164 2540 4214 enim
2590 4163 2745 4216 aliter
2794 4171 2916 4216 tunc
2963 4169 3202 4235 temporis
3243 4168 3530 4224 scribebant
3585 4213 3598 4226 .

2025 4247 2236 4306 monitis
2265 4243 2544 4306 etmonun
2584 4250 2675 4302 pro
2699 4249 2936 4306 ENOBME,
2967 4236 3178 4306 ideoque
3232 4239 3446 4304 primani
3494 4245 3601 4306 eius

2023 4304 2159 4379 uocis
2188 4303 2436 4379 syllabam
2465 4306 2701 4379 temporis
2731 4305 2870 4379 illius
2904 4315 3063 4370 poeta:
3094 4303 3377 4378 correptam
3420 4305 3598 4379 effere-

2024 4373 2162 4438 bant,
2178 4388 2288 4441 qum
2311 4375 2465 4445 longa
2489 4376 2773 4440 mansisset,
2799 4377 2842 4427 si
2864 4393 2952 4446 per
2974 4392 3002 4428 e
3019 4373 3318 4433 scriberelur
3334 4397 3350 4433 :
3369 4373 3601 4437 dic-ebant

2021 4446 2175 4522 igitur
2213 4460 2419 4522 mortuis
2460 4455 2514 4498 ut
2544 4461 2743 4522 manus,
2771 4456 2817 4499 et
2857 4449 3066 4522 similia.
3110 4449 3257 4514 Quod
3303 4455 3441 4522 apud
3467 4447 3602 4508 Pw-

2062 4517 2255 4591 entiam
2278 4516 2351 4568 bis
2380 4527 2469 4569 aut
2501 4527 2573 4591 ter
2609 4518 2832 4591 positum
2858 4517 3087 4581 (fallitur
3115 4516 3436 4591 Salmasius)
3465 4525 3602 4580 haud

328 4601 452 4655 αἰψ’
482 4583 541 4638 Η
578 4601 589 4636 ⁵
628 4577 690 4634 Et
720 4581 970 4656 "mia-am"
1006 4582 1197 4656 inqui"
1227 4579 1714 4656 δωωίΙθ-ίηᾷυίδίθδθ
1752 4583 1916 4656 Aur”?
1951 4592 1998 4650 υ
2024 4589 2220 4656 Ρνίίίθηι
2267 4603 2329 4640 ex
2369 4577 2718 4641 vetustissimis
2764 4577 2904 4640 libris
2944 4592 3289 4646 Observabam.
3331 4577 3436 4647 Sed
3472 4577 3603 4650 nunc

331 4652 472 4720 nius,
501 4669 592 4725 ego
622 4667 738 4706 vero
765 4653 985 4723 alicujus
1018 4652 1188 4725 veteris
1208 4652 1518 4725 auctoritati
1540 4652 1708 4717 patina
1744 4654 1916 4705 existi-

331 4743 440 4792 mo,
475 4721 606 4795 stipe
634 4721 906 4795 expertus,
953 4738 1067 4774 eum
1111 4721 1236 4795 nihil
1272 4722 1376 4795 fere
1404 4724 1512 4795 sine
1550 4739 1608 4774 ea
1638 4739 1913 4795 usurpare.

330 4792 614 4854 Pruden'tii
645 4792 1066 4862 reprehensores
1091 4833 1105 4858 ,
1138 4793 1527 4845 Chamillardtts
1560 4793 1912 4858 etCi-llarius,

333 4871 390 4924 in
421 4869 664 4935 catalogo
693 4879 798 4918 non
823 4865 1146 4935 invexerunt
1179 4865 1314 4935 hanc
1338 4877 1521 4915 vocem
1555 4880 1620 4915 ex
1652 4863 1849 4931 hymno
1890 4865 1906 4916 l

333 4935 559 5001 Perist.,
590 4932 728 4989 n-rs.
763 4935 795 4988 5
828 4950 841 4987 :
875 4932 1152 5004 Sanguinis
1182 4934 1313 4985 notis
1343 4937 1518 4985 cadent
1549 4935 1737 5003 scripta
1767 4935 1913 4987 terris

335 5011 574 5074 tradidit,
603 5006 689 5059 ubi
715 5020 750 5058 α
780 5005 832 5059 in
859 5005 1028 5057 eadem
1057 5012 1141 5056 est
1169 5004 1380 5070 longum
1407 5005 1609 5059 ratione
1639 5016 1912 5060 arcemus.

335 5083 593 5136 Serviust
621 5077 834 5132 Eneid.
866 5093 878 5127 :
907 5074 1346 5127 Pronuntiationis
1378 5090 1531 5128 causa
1563 5084 1740 5128 contra
1766 5091 1913 5128 nsum

263 5171 270 5180 ‘
337 5151 603 5215 Latinum,
638 5148 846 5218 syllabis
873 5145 1082 5218 ultimis,
1112 5143 1292 5212 quibus
1320 5147 1585 5212 particula:
1615 5145 1911 5215 adiungun-

265 5243 278 5262 ι
339 5227 443 5287 tur,
479 5217 713 5273 accentus
740 5217 994 5278 tribuitur,
1033 5223 1110 5287 ut,
1148 5230 1416 5277 uesanos,
1451 5232 1669 5279 lLleNF,
1703 5229 1914 5278 curque).

339 5286 485 5348 Idem
519 5291 679 5344 relert
708 5289 998 5342 Martianus
1019 5286 1234 5352 Capella
1255 5326 1270 5349 ,
1303 5287 1392 5339 ΙιΙ).
1423 5301 1508 5350 ιιι,
1539 5301 1656 5354 cap.
1690 5287 1756 5339 de
1789 5287 1917 5338 Fas-

342 5366 496 5432 tigio.
545 5362 624 5414 Ex
669 5375 772 5427 quo
809 5359 1004 5426 liquet,
1047 5369 1322 5432 accentum
1370 5362 1596 5432 positum
1651 5359 1700 5409 in
1738 5356 1914 5432 media

342 5429 544 5505 syllaba
577 5433 721 5505 vocis
751 5438 967 5505 utraque
987 5436 1039 5481 et
1064 5430 1314 5505 eademhin
1343 5429 1670 5505 nmninativo
1695 5429 1913 5505 plurali.

343 5495 423 5560 D'e
474 5501 742 5558 veteribus
782 5495 1004 5554 (:(tnllClS
1046 5508 1192 5551 nutat
1235 5495 1470 5566 Scaliger
1513 5511 1657 5567 pater
1695 5499 1786 5552 Ill).
1835 5513 1914 5561 VI,

344 5590 463 5645 cap.
497 5576 563 5639 5,
592 5575 662 5627 ita
691 5587 784 5625 eos
815 5572 866 5625 in
897 5573 1007 5645 suis
1051 5568 1376 5645 carminibus
1419 5581 1790 5645 pronuntiasse
1814 5609 1830 5634 ,
1863 5579 1920 5620 ut

345 5640 695 5701 ne’ronsona'
723 5645 848 5696 tium
880 5641 1090 5707 quidem
1131 5640 1390 5704 positione
1423 5641 1744 5701 efﬁceretur,
1791 5657 1923 5708 quo-

345 5719 523 5772 minus
565 5717 764 5786 syllaha
815 5713 986 5765 brevis
1015 5711 1188 5786 brevis
1231 5719 1390 5786 esset.
1440 5711 1476 5765 S
1503 5727 1530 5764 c
1575 5711 1918 5786 tempestivum

347 5790 580 5842 secunda
596 5780 846 5851 correpta
870 5783 1211 5835 enuntiabant
1227 5823 1240 5843 ,
1261 5785 1381 5850 quia
1408 5793 1463 5836 ut
1483 5784 1721 5850 temporis
1745 5780 1916 5835 media

349 5857 568 5920 brevis.
592 5858 667 5912 ita
693 5856 811 5920 ejus
835 5868 1053 5922 compar
1082 5855 1133 5907 in
1157 5852 1404 5907 deducto.

2024 4657 2074 4710 in
2106 4665 2342 4733 promptu
2369 4673 2466 4733 non
2494 4667 2610 4710 sunt
2637 4658 2770 4733 loca.
2812 4659 2899 4714 Sic
2922 4661 3205 4733 invasuris
3235 4680 3326 4732 pro
3348 4681 3601 4733 enervare,

2025 4731 2192 4794 prima
2235 4729 2434 4799 syllaba
2467 4739 2720 4798 correpta,
2744 4731 2875 4782 idem
2913 4729 3291 4787 Prudentius...
3324 4733 3409 4789 Ita
3461 4729 3597 4792 enim

2024 4809 2162 4874 uetus
2182 4799 2324 4874 liber.
2357 4799 2618 4874 Aldelmus
2641 4800 2702 4851 de
2726 4799 2986 4874 Laudibus
3016 4805 3167 4874 virg.,
3189 4804 3440 4860 Flaminis
3465 4826 3603 4862 com-

2023 4869 2181 4923 bussit
2198 4871 2471 4948 inermem;
2495 4871 2568 4948 sic
2595 4873 2728 4948 enim
2755 4873 2909 4923 etiam
2936 4872 2990 4924 in
3020 4869 3171 4929 veteri
3202 4877 3330 4932 libro
3357 4880 3603 4948 scriptum
3643 4901 3645 4903 ·

2023 4948 2151 4992 erat.
2184 4941 2335 4994 Adde
2366 4939 2644 5010 Sedulium
2677 4940 2766 4995 lib.
2803 4957 2884 5005 ιιι,

2516 5049 2575 5120 lit
2599 5055 2788 5112 septem
2809 5053 3012 5116 panibus
3035 5068 3209 5120 agmen

2091 5110 2231 5160 Parit
2257 5119 2458 5160 enorme
2483 5113 2659 5160 virum.

2023 5214 2138 5269 Non
2172 5213 2413 5268 absimile
2461 5223 2542 5268 est
2568 5215 2693 5268 illud
2739 5215 3052 5272 Tertulliani
3088 5219 3179 5274 lib.
3221 5229 3292 5284 tv,
3342 5220 3600 5276 adversus

2026 5285 2346 5361 bina-cientem
2383 5302 2396 5338 :
2441 5284 2514 5361 In
2549 5288 2858 5361 cataclysmo
2883 5303 3118 5361 enecant:
3147 5333 3160 5357 ,
3203 5300 3256 5343 et
3287 5291 3595 5361 Fortunati,

2025 5355 2245 5428 Corrigit
2273 5357 2380 5425 ipse
2407 5359 2548 5425 prius
2579 5355 2729 5426 quod,
2749 5360 2908 5428 poscit
2927 5399 2942 5423 ,
2976 5367 3028 5410 ut
3055 5355 3182 5412 alter
3223 5361 3470 5415 emendet.
3506 5355 3600 5417 Ni;

2028 5427 2313 5479 hilominus
2335 5429 2594 5492 snsiiicor,
2623 5449 2646 5476 ;ι
2673 5427 2961 5482 Prudentia
2983 5444 3180 5482 novum
3209 5431 3442 5487 elﬁctum
3471 5450 3599 5489 ver.

2025 5496 2172 5560 butn,
2205 5498 2416 5562 inerme,
2461 5500 2677 5552 inermus
2720 5498 2787 5551 ab
2814 5499 3018 5550 inermis
3066 5510 3155 5552 aut
3197 5501 3442 5558 inermus.
3497 5506 3600 5560 Alii

2024 5568 2180 5621 aliter
2206 5571 2510 5622 emendant.
2549 5572 2697 5621 Alias
2725 5571 3086 5622 enrreetinnes
3109 5571 3176 5624 in
3216 5579 3602 5630 commentario

2026 5637 2310 5716 exhibebo,
2343 5649 2398 5690 ut
2424 5655 2595 5691 erutus
2623 5652 2718 5706 pro
2749 5639 2937 5716 elatus,
2972 5639 3139 5703 legam
3171 5645 3333 5698 etiam
3363 5647 3602 5716 interfec-

2027 5716 2107 5786 lus
2149 5721 2200 5762 et
2252 5711 2560 5786 interceptus
2602 5724 2721 5786 eum
2775 5710 2956 5786 eodm,
2984 5723 3088 5786 non
3136 5716 3460 5786 interefectus
3496 5710 3604 5774 'aut

2026 5783 2390 5858 interemptus,
2423 5781 2560 5849 quod
2596 5779 2802 5833 videtur
2829 5782 3024 5850 legisse
3052 5782 3193 5840 Beda
3215 5827 3231 5854 ,
3273 5779 3609 5858 approbante

2031 5849 2363 5920 Ludewigio.
