4102 6348
561 380 663 443 τιὸ

1969 367 2417 428 PRUDENTIUS.

3704 364 3815 427 7H

564 498 828 557 Pamelius
863 491 1193 552 Tertulliano
1219 490 1467 556 ascribit,
1498 489 1641 545 Elias
1668 486 1850 543 Pinius
1880 484 2130 540 Salviano
2158 487 2212 548 Α
2235 484 2377 539 milis
2420 482 2631 539 licentia
2681 482 2733 536 in
2760 480 3055 552 quantitate
3083 481 3406 551 syllabarum
3435 480 3553 536 sine
3581 482 3812 548 ratione,

565 590 919 655 Iassiliensi,
974 601 1041 642 ex
1089 584 1395 653 conjectura
1439 581 1581 651 quod
1633 580 1700 635 de
1752 578 2007 636 Salviano
2060 577 2136 631 ait

566 682 871 740 Gennadius
898 696 913 732 :
948 677 1015 733 In
1041 692 1227 732 morem
1261 675 1555 731 Graecorum
1587 691 1619 727 a
1649 672 1898 742 principio
1928 668 2134 723 Genesis

567 793 722 849 usque
758 776 826 830 ad
865 774 1205 829 conditionem
1248 770 1398 841 primi
1430 770 1652 823 hominis
1687 767 1961 859 co’mposuit
1992 779 2136 816 versu

566 871 710 941 quasi
738 867 1071 922 hcxaemeron
1091 863 1277 918 librum
1305 878 1484 915 unum.
1522 855 1814 923 Mirmn,'ni
1850 855 2137 911 Prudentio

565 974 775 1031 quoque
806 957 931 1013 velit
971 957 1163 1026 aliquis
1203 954 1340 1008 hunc
1380 952 1574 1006 librum
1618 950 1911 1005 attribuere
1964 964 1975 998 :
2019 960 2136 998 nam

567 1051 728 1106 etiam
759 1049 1064 1104 Gennadius
1093 1046 1147 1100 in
1174 1044 1447 1100 Prudentii
1472 1043 1645 1111 elogio
1666 1045 1740 1096 ait
1772 1058 1786 1097 :
1819 1039 2141 1095 Commenta-

570 1150 649 1196 tus
670 1151 741 1196 est
776 1149 822 1195 et
848 1142 902 1193 in
936 1154 1123 1193 morem
1152 1136 1443 1192 ercorum
1486 1133 1838 1189 Hexaemeron
1877 1132 1939 1185 de
1968 1129 2143 1185 mundi

549 1233 767 1303 '{abrica
796 1247 952 1301 usque
980 1230 1047 1285 ad
1071 1229 1407 1284 conditionem
1441 1226 1589 1297 primi
1624 1225 1840 1280 hominis
1864 1233 1911 1277 et
1946 1237 2141 1293 pra-va-

572 1324 867 1378 ricationem
908 1324 1039 1393 ejus.
1084 1320 1255 1375 Nolim
1299 1328 1477 1375 tamen
1525 1318 1577 1372 id
1607 1317 1853 1388 cuiquam
1886 1313 2142 1368 veniatin

574 1424 829 1472 mentem.
878 1414 1008 1469 Nam
1054 1414 1281 1485 primum
1338 1412 1471 1466 liber
1512 1410 1649 1465 ultra
1690 1407 2049 1464 conditionem
2091 1415 2145 1461 et

574 1508 1067 1581 praevaricationem
1126 1506 1286 1577 primi
1347 1504 1582 1559 hominis
1639 1503 1794 1571 longe
1840 1498 2079 1572 procedit
2128 1514 2141 1551 :

574 1586 813 1668 adeoque
840 1612 1014 1667 neque
1059 1596 1311 1652 Salviano
1343 1594 1660 1650 Massilieusi
1702 1603 1845 1647 recte
1875 1589 2146 1659 adjudica-

574 1695 746 1763 bitur,
784 1696 873 1765 qui
918 1695 1090 1750 solum
1135 1707 1306 1762 usque
1360 1690 1425 1769 ad
1476 1688 1834 1745 conditionem
1862 1730 1877 1755 ,
1922 1686 2022 1741 hoc
2064 1694 2147 1739 est

574 1796 898 1843 creattonem
930 1785 1085 1857 primi
1136 1783 1389 1849 hominis,
1428 1781 1624 1835 librum
1666 1795 1821 1833 suum
1870 1776 2142 1847 produxit;

2234 578 2352 633 sine
2379 577 2622 646 exemplo
2664 575 2986 643 invalucrat,
3016 589 3123 645 quo
3142 589 3337 645 genere
3366 588 3492 629 usus
3515 583 3597 629 est
3623 575 3771 629 Ahbo
3795 617 3809 639 ,

2235 667 2431 737 aliique
2467 666 2719 737 aequales.

2787 758 3015 813 CAPUT
3056 756 3245 813 XXVI.

2491 922 2500 932 κ
2740 848 2905 904 Metra
2949 849 3317 904 Prudentium.

2316 944 2474 1014 198
2500 942 2625 996 22L
2668 941 2899 997 Primum
2944 942 3100 997 metri
3145 955 3312 1011 genus
3343 940 3445 995 ode
3474 940 3692 996 tricolos
3728 943 3823 994 tri-

2240 1037 2513 1103 strophos,
2560 1032 2711 1102 cujus
2753 1031 2959 1102 primus
2984 1045 3170 1086 versus
3197 1042 3280 1086 est
3322 1031 3609 1103 Glyconius
3657 1046 3823 1100 spor.-

2242 1125 2381 1190 daao,
2414 1124 2724 1180 choriambo
2748 1132 2804 1178 et
2848 1121 3123 1195 Pyrrichio
3164 1137 3258 1177 seu
3295 1122 3573 1193 spondreo,
3606 1132 3661 1176 et
3683 1122 3824 1175 duo-

2242 1216 2342 1271 bus
2394 1214 2617 1285 dactylis
2666 1224 2951 1278 constans;
3007 1212 3274 1269 secundus
3325 1212 3708 1281 Asclepiadeus
3756 1227 3825 1265 cx

2243 1308 2516 1379 spondteo,
2559 1307 2767 1362 duobus
2791 1306 3137 1372 choriambis,
3166 1314 3220 1361 et
3250 1305 3547 1376 Pyrricbio,
3594 1306 3728 1371 sive,
3766 1315 3827 1360 ut

2244 1402 2402 1471 vulgo
2432 1414 2572 1455 nunc
2602 1398 2895 1464 scanditur,
2938 1407 3003 1452 ee.
3035 1396 3313 1467 spondaao,
3350 1395 3584 1467 dactylo,
3618 1396 3829 1466 syllaba

2245 1492 2402 1561 longa
2431 1500 2484 1547 et
2513 1489 2721 1543 duobus
2746 1488 2971 1559 dactylis
2996 1502 3011 1553 ;
3053 1488 3244 1542 tertius
3272 1486 3669 1541 choriambicus
3696 1486 3829 1540 Cal-

2246 1583 2530 1638 limachius
2574 1596 2645 1636 ex
2672 1579 2947 1651 spondam,
3001 1578 3168 1634 tribus
3196 1578 3543 1645 choriambis,
3576 1589 3629 1634 et
3656 1578 3829 1649 Pyrri~

2246 1678 2368 1733 chio
2392 1693 2487 1731 seu
2532 1676 2728 1730 iambo.
2776 1674 2943 1744 llujus
2973 1676 3186 1745 generis
3219 1683 3302 1730 est
3344 1675 3582 1744 prmfatio
3607 1691 3833 1745 operum

2248 1780 2373 1823 ante
2417 1768 2611 1821 librum
2668 1765 3113 1830 Catheiuerinmu,
3177 1765 3275 1819 Per
3324 1768 3667 1837 quinquennia
3727 1772 3835 1833 iam

577 1878 772 1933 deinde
802 1892 992 1933 versus
1020 1890 1264 1946 magnam
1290 1884 1494 1945 partem
1524 1872 1744 1926 omnino
1773 1870 1985 1938 exleges
2006 1874 2147 1929 sunt,
2182 1865 2228 1925 Β
2254 1861 2447 1929 decem,
2480 1871 2583 1916 etc.
2615 1858 2726 1915 Hoc
2753 1859 3064 1914 dulcissimo
3094 1861 3249 1915 metri
3288 1875 3490 1930 genere
3521 1862 3689 1916 semel
3721 1871 3836 1916 tan~

574 1969 902 2035 etJuvenco,
920 1967 1211 2023 Prudentio
1224 1966 1447 2035 aliisque
1468 1962 1761 2033 aequalibus
1785 1959 2012 2029 indigni.
2038 1960 2148 2011 Non

576 2058 763 2114 dubito
797 2059 923 2128 quin
961 2057 1113 2111 multi
1136 2056 1474 2111 librariorum
1502 2052 1703 2108 incuria
1729 2053 1835 2105 sint
1864 2050 2103 2105 mendosi
2137 2065 2149 2101 :

578 2163 803 2220 quorum
825 2149 1004 2218 plures
1025 2163 1092 2202 ex
1118 2146 1425 2215 conjectura
1447 2144 1497 2198 in
1514 2142 1730 2198 schedis
1754 2143 1925 2195 habeo
1945 2154 2154 2193 correc-

580 2239 1173 2311 tos.197Plerumque
1189 2238 1451 2290 ablativus
1467 2236 1517 2289 in
1540 2252 1571 2287 a
1589 2234 1893 2303 corripitur,
1910 2232 2155 2302 quamvis

580 2332 635 2389 in
657 2334 815 2387 editis
836 2333 1141 2388 emendatio
1162 2332 1334 2401 aliqua
1367 2330 1522 2385 fuerit
1544 2328 1776 2383 adhibita
1797 2338 1978 2380 contra
1996 2325 2152 2379 codd.

579 2438 710 2480 mss.
739 2426 840 2481 Sed
873 2424 999 2495 quid
1036 2425 1195 2478 iacias
1224 2424 1305 2477 his
1331 2422 1568 2476 versibus
1606 2420 1677 2475 45
1716 2429 1770 2473 et
1801 2420 1907 2474 4i?

645 2536 829 2587 Viritim
848 2538 1035 2586 cunctis
1058 2548 1235 2585 nomen
1258 2534 1385 2596 quod
1413 2539 1684 2596 permanet,
1713 2533 1832 2582 indit

640 2600 869 2661 Adamus,
894 2600 1070 2647 donata
1092 2598 1183 2646 sibi
1209 2597 1463 2659 prudentia
1486 2596 1661 2643 solers.

578 2705 817 2773 Quatuor
840 2712 932 2758 aut
961 2702 1193 2772 quinque
1232 2716 1389 2756 voces
1432 2709 1639 2755 mutare
1669 2699 1852 2763 debes,
1896 2712 1958 2753 ac
1993 2664 2155 2751 vix.id

579 2796 807 2851 sufﬁciet
839 2794 933 2865 (α).
963 2792 1275 2861 llujusmodi
1306 2792 1544 2847 carmina
1567 2792 1653 2861 qui
1683 2806 1712 2845 a
1741 2792 2000 2857 iuvenco,
2035 2790 2159 2844 Pru-

579 2885 781 2950 dentio,
815 2882 1107 2953 primisque
1127 2882 1443 2937 Christianis
1463 2883 1631 2952 poetis
1653 2884 1899 2953 componi
1925 2884 2159 2952 potuisse

580 2986 748 3047 putet,
794 2976 838 3029 is
866 2974 1057 3029 similis
1088 2973 1349 3028 videbitur
1375 2989 1494 3029 esse
1528 2975 1728 3029 homini
1777 2974 1866 3043 qui
1895 2974 1960 3027 de
1990 2974 2159 3042 pictu-

581 3069 655 3125 ris
686 3068 928 3138 judicare
970 3067 1177 3132 volens,
1236 3066 1518 3138 imaginem
1570 3083 1725 3136 quam
1770 3069 1940 3137 pictor
1968 3066 2159 3136 aliquis

582 3161 755 3215 malus
776 3176 806 3215 e
827 3160 981 3230 vulgo
1008 3157 1237 3225 iecisset,
1263 3158 1514 3229 Rapliaeli
1531 3158 1779 3239 'Urbinati
1801 3158 2151 3228 adjudicaret.

2254 1963 2364 2010 tum
2389 1968 2514 2008 usus
2544 1963 2625 2008 est
2666 1952 3005 2021 Prudentius,
3055 1968 3227 2024 neque
3268 1954 3336 2008 ab
3373 1956 3493 2010 aliis
3521 1964 3836 2025 usurpatum

2254 2045 2384 2101 illud
2432 2046 2567 2112 scio,
2615 2026 2839 2113 excepto
2888 2043 3305 2111 Wandelberto,
3359 2046 3449 2114 qui
3500 2056 3729 2100 metrum
3784 2059 3836 2101 et

2253 2139 2569 2193 sententiam
2597 2136 2875 2190 aemulatus
2896 2146 2996 2201 est,
3029 2144 3083 2190 ut
3104 2135 3275 2190 dicam
3302 2136 3355 2190 in
3378 2150 3673 2192 comment.
3705 2138 3833 2192 Pos-

2256 2238 2379 2284 sunt
2406 2244 2592 2283 omncs
2624 2230 2674 2283 hi
2715 2244 2901 2284 versus
2944 2228 3048 2283 dici
3081 2228 3428 2282 choriambici.
3462 2229 3569 2284 Sed
3613 2234 3662 2283 in
3697 2231 3834 2284 idem

2235 2336 2343 2377 -res
2376 2330 2482 2375 tota
2513 2322 2723 2374 recidit.
2757 2321 2809 2373 lu
2837 2319 2955 2373 cod.
2998 2320 3113 2373 Vat.
3144 2320 3279 2375 1715
3296 2323 3474 2391 glossa
3498 2330 3603 2386 est,
3627 2338 3834 2375 versum

2256 2415 2548 2468 secundum
2595 2414 2702 2467 dici
2750 2413 3177 2481 Asclepiadeum,
3222 2411 3341 2481 quia
3373 2411 3532 2481 hujus
3561 2415 3719 2467 metri
3760 2416 3838 2465 in-

2258 2518 2450 2562 ventor
2481 2506 2576 2560 fuit
2601 2504 2939 2575 [Esculapius
2963 2505 3105 2560 ﬁlius
3133 2504 3415 2574 Apollinis.
3447 2504 3550 2560 Sed
3582 2507 3684 2560 etsi
3715 2506 3838 2560 Ais-

2258 2600 2497 2670 Culapius
2520 2597 2703 2654 Graece
2733 2599 2802 2652 sit
2847 2598 3142 2664 Asclepios,
3170 2605 3345 2651 tamen
3373 2607 3559 2651 auctor
3586 2598 3839 2651 carminis

2260 2690 2359 2745 fuit
2392 2690 2731 2758 Asclepiades
2763 2698 2936 2759 poeta.
2956 2689 3025 2743 1n
3059 2688 3321 2758 Glyconio
3352 2688 3553 2757 primus
3588 2704 3681 2758 pes
3710 2706 3839 2743 unn-

2260 2796 2527 2851 nunquam
2559 2793 2641 2836 est
2669 2782 2918 2845 choreus,
2943 2795 3066 2834 raro
3103 2778 3330 2834 iambus.
3364 2777 3521 2833 Ratio
3570 2795 3839 2835 mensura:

2262 2874 2379 2931 hinc
2422 2887 2503 2931 est
2535 2893 2547 2927 :
2585 2876 2670 2928 ll"
2698 2890 2903 2930 versus.
2942 2873 3045 2928 Per
3074 2872 3457 2943 quin-quennia
3474 2874 3839 2943 jam-decem;

2260 2970 2352 3023 2“
2390 2985 2606 3026 versus:
2644 2971 2718 3023 Ni
2745 2969 2927 3040 {ul-lor
2958 2967 3415 3039 fuimus-septimus
3444 2968 3717 3035 iri-super;
3750 2969 3838 3022 5‘“

2262 3079 2482 3121 versus:
2529 3064 2922 3119 Annum-cardo
2971 3063 3255 3117 rotat—dum
3301 3062 3661 3131 fruimur-sole
3705 3061 3842 3114 volu-

2261 3158 2371 3214 bili.

582 3254 789 3310 Putavit
836 3253 1103 3321 Barthius,
1137 3252 1301 3308 fuisse
1325 3247 1467 3322 apud
1497 3262 1704 3307 veteres
1750 3251 2033 3306 nonnullos
2066 3250 2152 3319 qui
2182 3240 2229 3304 C
2326 3252 2454 3305 222.
2514 3251 2819 3307 Secundum
2878 3266 3046 3323 genus
3109 3251 3212 3307 ode
3264 3250 3596 3305 monocolos.
3647 3251 3845 3307 Versus

581 3345 946 3399 maccarronice
970 3344 1359 3414 quodammodo
1387 3358 1574 3398 versus
1614 3343 1927 3408 conderent,
1960 3342 2156 3412 partim

580 3444 871 3493 metrorum
904 3435 1132 3506 legibus,
1160 3438 1353 3506 partim
1384 3436 1559 3489 soluta
1590 3434 1854 3502 oratione,
1885 3434 2035 3502 cujus
2070 3449 2161 3505 ge-

580 3528 722 3583 neris
749 3537 829 3583 est
844 3528 1241 3602 Testamentum
1265 3528 1525 3582 ludicrum
1546 3526 1715 3595 Sergii
1738 3526 2082 3595 Polensis,et,
2102 3535 2161 3579 ut

581 3621 890 3676 nonnemini
948 3620 1179 3685 videtur,
1236 3634 1453 3674 carmen
1501 3620 1942 3675 Anacreonticum
1989 3618 2159 3672 Annei

580 3710 724 3766 Flori
755 3712 821 3765 ad
850 3710 1165 3776 Adrianum,
1196 3720 1250 3765 et
1296 3710 1573 3780 Queroltts,
1619 3712 1800 3764 drama
1832 3710 1897 3764 ad
1939 3709 2158 3763 Aulula-

582 3802 715 3859 riam
736 3803 906 3858 Plauti
936 3804 1290 3873 compositum
1316 3818 1346 3857 a
1376 3802 1527 3857 Gilda
1558 3803 1828 3871 Sapiente.
1857 3802 2007 3868 Quod
2036 3804 2158 3857 atti-

583 3904 677 3950 net
702 3894 767 3950 ad
804 3909 992 3949 versus
1035 3894 1205 3963 Sergii
1233 3894 1477 3949 Polensis
1507 3893 1720 3963 parasiti
1749 3902 1802 3947 et
1848 3894 2158 3960 histrionis,

583 3997 914 4055 compertum
942 3984 1053 4055 jam
1088 3994 1188 4050 est,
1211 3999 1304 4039 eos
1331 3984 1525 4039 saeculo
1554 3999 1619 4037 xv
1650 3984 1809 4039 luisse
1841 3984 2029 4051 factos,
2057 4000 2158 4039 non

582 4078 862 4145 conﬁctos,
907 4087 1090 4149 ut,pro
1115 4078 1345 4148 antiquis
1376 4076 1798 4143 venditarcntur,
1829 4078 1969 4147 quod
2001 4078 2159 4147 aliqui

494 4210 497 4215 μ
582 4170 1038 4225 existimaveram.
1097 4168 1293 4224 Versus
1346 4169 1488 4224 Flori
1532 4164 1597 4223 ad
1646 4169 1935 4224 Adrianum
1992 4171 2159 4240 legem

583 4262 741 4317 metri
768 4270 1022 4327 servant,
1056 4260 1196 4329 quod
1242 4271 1423 4315 contra
1474 4260 1768 4326 Barthium,
1818 4261 2160 4317 Muratorium

583 4364 637 4409 et
659 4355 792 4409 alios
819 4354 973 4409 facile
1004 4362 1145 4408 esset
1174 4354 1561 4410 demonstrare.
1594 4356 1955 4425 Opportunius
1980 4371 2161 4412 exem—

585 4444 731 4515 plum
760 4456 840 4498 est
872 4447 923 4497 in
950 4444 1148 4499 celebri
1189 4445 1276 4499 illa
1314 4446 1570 4500 Commdia
1599 4447 1747 4505 dodo
1777 4450 1921 4517 pede,
1950 4451 2161 4515 ρυεῖηο-

586 4549 703 4589 ws.
732 4533 831 4587 Alii
855 4535 999 4588 nulla
1030 4535 1184 4589 metri
1225 4536 1339 4605 lege
1378 4552 1565 4593 versus
1604 4538 1891 4605 faciebant,
1933 4541 2161 4611 syllaba-

2260 3346 2471 3401 iambici
2501 3345 2714 3401 dimetri
2737 3361 2801 3402 ex
2832 3345 3011 3401 iambo
3037 3344 3170 3400 locis
3198 3344 3431 3413 paribus,
3466 3358 3532 3398 ex
3565 3343 3744 3399 iambo
3762 3346 3843 3398 vel

2262 3438 2514 3509 spondaeo
2541 3438 2671 3493 locis
2694 3439 3005 3507 imparibus.
3033 3436 3199 3507 Hujus
3220 3436 3431 3506 generis
3460 3444 3586 3513 sunt
3615 3435 3843 3506 hymnus

2261 3531 2315 3598 Ι,
2345 3532 2402 3597 2,
2432 3530 2494 3583 tl
2524 3539 2578 3585 et
2606 3529 2672 3583 12
2700 3530 2822 3585 libri
2862 3518 3306 3594 Cathemerinon,
3337 3536 3390 3582 et
3420 3527 3651 3597 hymnus
3678 3528 3713 3580 2
3738 3538 3788 3580 et
3811 3529 3846 3583 5

2261 3623 2381 3679 libri
2411 3621 2859 3691 Peristepbanmn.
2893 3619 3065 3675 Pedes
3091 3633 3246 3690 pares
3278 3616 3560 3687 aliquando
3589 3627 3712 3672 sunt
3747 3618 3845 3671 tri-

2264 3713 2511 3784 brachys,
2535 3712 2766 3783 impares
2782 3713 3035 3783 anapaisti
3051 3723 3141 3767 aut
3170 3710 3488 3780 tribrachys.
3503 3709 3848 3764 Scanduntur

2262 3805 2363 3860 hoc
2390 3804 2549 3859 modo
2576 3821 2590 3859 :
2619 3804 2896 3858 Ales-die-i
2926 3806 3179 3859 nun-tius.
3211 3803 3323 3857 Nisi
3346 3800 3551 3870 quando
3568 3798 3845 3867 longiores

2263 3898 2447 3969 pedes,
2486 3907 2543 3952 ut
2572 3898 2707 3962 dixi,
2748 3898 2891 3953 aliud
2922 3896 3208 3967 poStulent,
3232 3903 3292 3948 ut
3323 3893 3557 3963 Vigila-te
3581 3890 3847 3958 iam-sum

2263 4008 2354 4062 pro
2366 3992 2571 4046 «ximus.
3296 3996 3301 3999 ’

2333 4086 2459 4140 2'25.
2500 4086 2737 4141 Tertium
2768 4099 2936 4155 genus
2975 4083 3079 4139 ode
3105 4084 3435 4149 moneorilos,
3466 4098 3681 4137 carmen
3719 4081 3845 4136 dac-

2263 4180 2478 4252 tylicuin
2508 4178 2824 4233 alcmanium
2857 4178 3154 4232 trimetrum
3184 4177 3719 4247 hypercatalecticum
3746 4177 3841 4229 tri-

2263 4272 2361 4326 bus
2388 4270 2633 4341 dactylis,
2661 4280 2715 4324 et
2758 4284 2858 4323 una
2882 4269 3086 4340 syllaba
3116 4278 3391 4325 constans.
3432 4268 3599 4337 Hujus
3626 4270 3845 4338 generis

2266 4362 2494 4433 hymnus
2520 4363 2553 4415 3
2595 4361 3004 4416 Cathemerinon
3028 4406 3041 4431 ,
3075 4362 3164 4432 qui
3197 4375 3227 4414 a
3273 4360 3527 4415 Ricciolio
3568 4361 3624 4415 in
3656 4376 3844 4415 exem.
3888 4379 3915 4435 χ

2265 4454 2407 4522 plum
2455 4451 2789 4521 producitur,
2856 4454 2943 4506 ubi
2994 4467 3151 4507 versu
3203 4452 3274 4507 28
3305 4469 3318 4505 :
3353 4451 3604 4521 Sertaque
3631 4451 3845 4519 mystica

2264 4544 2516 4612 dactylico
2545 4542 2737 4597 Temere
2768 4543 2914 4596 docta
2964 4544 3066 4612 liga
3116 4543 3365 4612 strophio,
3417 4551 3471 4595 et
3517 4543 3748 4611 hymnus
3783 4543 3841 4595 S.

586 4643 706 4683 rum
735 4637 881 4683 certo
912 4644 1137 4684 numero
1188 4631 1444 4698 contenti,
1496 4642 1553 4686 ut
1604 4609 2017 4688 Comuiodianus
2062 4637 2161 4691 sub
2188 4609 2240 4670 D
2268 4609 2512 4701 Eulaliae,
2537 4635 2626 4703 qui
2652 4644 2733 4689 est
2764 4609 3061 4703 Peristepli.
3109 4635 3163 4697 5,
3216 4609 3268 4687 in
3317 4634 3465 4702 cujus
3501 4609 3647 4687 line:
3686 4631 3846 4685 Texta

586 4720 938 4779 Constantino
988 4726 1363 4781 instructiones
1410 4741 1534 4781 suas
1581 4742 1736 4782 versu
1791 4730 1940 4797 quasi
1995 4732 2162 4785 hexa-

586 4827 761 4873 metro
790 4835 803 4871 ε

648 4914 873 4964 Praefatio
898 4922 1059 4966 nostra
1080 4922 1201 4967 viam
1228 4920 1413 4967 erranti
1439 4917 1737 4967 demonstrat

651 4978 707 5024 κ(
722 4986 1041 5040 spectumque
1065 4980 1267 5041 bonum;
1289 4993 1397 5029 cum
1424 4982 1615 5029 venerit
1636 4979 1800 5029 szeculi
1824 4987 1969 5039 meta,

585 5108 743 5170 atque
765 5101 834 5155 ita
858 5102 1078 5172 reliqua.
1109 5102 1215 5158 Sed
1240 5104 1374 5159 liber
1401 5104 1452 5158 in
1480 5102 1734 5166 Genesin,
1776 5104 1926 5172 cujus
1955 5104 2156 5172 praebui

584 5194 875 5263 specimen,
908 5210 1077 5264 neque
1107 5194 1172 5249 ad
1198 5195 1424 5264 primum
1449 5210 1622 5265 neque
1648 5196 1714 5249 ad
1745 5196 1966 5249 alterum
1988 5210 2156 5264 genus

581 5294 806 5354 spectat,
844 5286 937 5343 sed
986 5287 1153 5357 magis
1178 5286 1245 5341 ad
1295 5287 1541 5355 sequiora
1573 5297 1831 5357 tempora,
1863 5288 2057 5358 quibus
2084 5288 2155 5342 si-

655 5464 731 5535 (a)
774 5466 975 5521 Paucos
1001 5464 1205 5521 similes
1227 5478 1513 5533 excerpam
1540 5483 1552 5518 :

650 5573 847 5625 Femina
872 5576 1146 5627 fraudil‘eris
1166 5585 1348 5626 misere
1370 5577 1574 5638 decepta
1598 5579 1813 5627 suadelis

1166 5639 1250 5689 Cui
1268 5639 1463 5700 junctus
1486 5640 1670 5688 Abelus

650 5698 891 5748 lnnocuas
912 5701 1059 5750 multa
1092 5698 1319 5751 servabat
1342 5714 1454 5749 cura
1481 5701 1723 5757 bidentes,

650 5761 743 5823 Qui
768 5763 856 5811 tibi
874 5776 965 5810 ceu
988 5764 1188 5810 Domino
1211 5764 1457 5821 subjectus
1482 5763 1602 5812 colla
1638 5762 1907 5823 praebebit:

648 5820 773 5873 Nam
792 5824 917 5874 malo
934 5826 1227 5885 promeritus
1250 5820 1392 5885 signo
1416 5826 1466 5875 tit
1488 5820 1830 5876 notus'inusto.

2266 4729 2427 4798 feram
2463 4727 2589 4797 pede
2631 4727 2905 4795 dactylico.
2950 4725 3074 4780 llaec
3108 4736 3191 4780 est
3216 4726 3428 4780 scansio
3460 4741 3473 4776 :
3520 4722 3563 4776 0
3598 4723 3847 4789 cruci-fer

2266 4819 2709 4874 bone-lucisa-tor.

2335 4913 2467 4968 Ὧι
2501 4914 2755 4980 Quartum
2782 4927 2947 4981 genus
2979 4910 3079 4965 ode
3112 4906 3441 4965 monocolos.
3471 4908 3675 4963 Versus
3718 4908 3847 4963 hen-

2265 5007 2587 5078 decasyllabi
2613 5006 3057 5068 antonomastice,
3087 5005 3199 5058 sive
3241 5000 3504 5066 Pbalecii,
3537 5001 3627 5070 qui
3653 4999 3849 5053 habent

2266 5100 2598 5171 spondmum,
2627 5098 2917 5167 dactylum,
2955 5096 3109 5167 199
3137 5104 3193 5149 et
3216 5106 3322 5149 tres
3352 5094 3602 5147 choreus.
3638 5089 3847 5145 llende-

2261 5191 2562 5262 casyllabos
2600 5201 2756 5245 vocat
2802 5190 3124 5245 Prudentius
3149 5188 3183 5243 5
3226 5188 3419 5262 Perist.
3451 5200 3573 5241 cum
3603 5184 3846 5249 Catullo,

2260 5296 2316 5343 et
2344 5261 2464 5340 aliis
2502 5283 2772 5353 antiquis:
2825 5280 3013 5334 Dulces
3064 5261 3515 5348 hendecasyilabos
3563 5276 3845 5347 revolvens_

2263 5461 2327 5515 Et
2356 5469 2413 5513 ut
2436 5461 2583 5529 plura
2608 5459 2819 5516 brevius
2845 5462 3185 5529 complectar,
3214 5460 3267 5513 in
3305 5465 3521 5513 daturus
3542 5476 3573 5510 a
3598 5456 3849 5527 produci-

2263 5542 2369 5595 tur,
2400 5532 2687 5602 corripitur
2716 5548 2760 5586 a:
2784 5534 2833 5585 in
2859 5531 3186 5602 prtesentibtts
3207 5571 3222 5597 ,
3258 5530 3313 5582 in
3343 5530 3597 5602 camillus;
3631 5530 3681 5580 iu
3720 5544 3850 5594 prit-

2261 5611 2459 5655 sentant
2480 5641 2495 5667 ,
2527 5617 2556 5651 (ι
2586 5600 2637 5653 in
2669 5600 2896 5667 laturus;
2927 5601 3232 5671 producitur
3254 5618 3283 5652 a
3319 5601 3549 5671 primum
3590 5602 3638 5651 in
3666 5614 3848 5650 raren-

2258 5676 2358 5734 tia,
2413 5689 2444 5723 a
2494 5674 2547 5725 in
2574 5676 2833 5737 acumine,
2882 5691 2909 5726 o
2944 5674 2995 5725 in
3045 5670 3334 5735 columbas;
3365 5682 3419 5725 et
3466 5670 3533 5721 ita
3584 5677 3851 5723 sexcenta

2258 5743 2385 5811 alia,
2416 5757 2534 5812 quae
2564 5745 2759 5811 passim
2791 5753 3101 5799 occurrunt.
