4102 6348
281 310 380 367 ηε

1658 294 2173 353 PROLEGOMENA.

3448 299 3551 356 7ιὸ

281 424 451 493 Hujus
491 424 703 495 generis
734 422 892 479 Catlt.
935 420 1166 493 hymnus
1196 417 1251 484 4,
1295 415 1487 472 Perist.
1516 414 1571 470 5.
1606 412 1859 469 Scansio-
1893 416 1942 475 Α
1967 410 2103 466 dus:
2132 411 2175 463 0
2234 407 2553 465 Na-zare-ne
2591 408 3409 469 lux-Bethlem-Verbum-Patris
3456 416 3551 487 (ὁ).

282 515 364 569 uis
412 516 548 570 ratio
602 516 756 571 haec:
808 509 1300 568 Pastis-visceri-bus
1347 508 1435 562 ci-
1462 507 1867 577 lioque-sumpto.

283 608 539 677 Exempla
558 617 681 661 sunt
697 607 888 676 pedum
902 603 1122 675 dactyli,
1142 601 1348 665 chorei,
1367 600 1527 655 iambi
1542 600 1713 670 primo
1730 600 1869 655 loco.

352 700 477 753 225.
521 702 771 767 Quintum
796 712 962 770 genus
989 696 1092 751 ode
1114 694 1447 759 monocolos,
1470 709 1660 749 versus
1692 692 1876 749 Ascle-

286 790 484 857 piadei,
519 799 574 844 ut
618 792 670 845 in
726 790 898 859 primo
944 801 1141 857 genere
1168 800 1355 841 versus
1384 784 1670 838 secundus.
1704 783 1875 852 llujus

285 880 498 949 generis
543 879 773 949 hymnus
802 878 834 933 5
865 877 1022 933 Cath.
1051 896 1063 930 :
1093 876 1334 931 Inventor
1364 875 1507 929 rutili
1530 916 1542 941 ,
1576 875 1681 930 dux
1708 876 1835 929 bone
1858 921 1873 944 ,

286 969 515 1037 luminis,
543 979 597 1025 et
627 970 872 1040 praefatio
904 969 996 1025 lib.
1032 985 1046 1022 ι
1081 968 1204 1025 adv.
1234 968 1639 1039 Symmachum.

357 1061 485 1117 226.
526 1060 751 1117 Sextum
794 1076 964 1133 genus
1011 1061 1112 1116 ode
1159 1060 1487 1114 monocolos.
1520 1059 1718 1114 Versus
1749 1060 1879 1116 iam-

292 1154 396 1208 bici
432 1153 809 1209 Anacreontici
834 1193 847 1217 ,
881 1154 994 1208 sive
1033 1151 1245 1206 iambici
1277 1150 1493 1205 dimctri
1523 1152 1767 1206 catalecti
1813 1168 1879 1208 ex

294 1245 464 1300 tribus
491 1245 681 1300 iambis
707 1254 761 1300 et
787 1244 1012 1315 syllaba,
1041 1243 1129 1313 qui
1159 1242 1423 1312 recipiunt
1450 1241 1620 1311 prima
1648 1252 1701 1297 et
1727 1244 1881 1298 tertia

291 1335 417 1392 sede
470 1335 799 1405 spondzeum.
839 1335 1010 1404 Hujus
1047 1334 1258 1405 generis
1288 1333 1516 1405 hymnus
1539 1334 1571 1388 6
1606 1334 1876 1402 Cathem.,

293 1428 446 1494 Ades,
474 1428 631 1483 Pater
656 1444 910 1500 supreme,
944 1427 1033 1498 qui
1064 1428 1135 1482 ita
1166 1426 1439 1483 scanditur
1466 1445 1477 1479 :
1504 1426 1883 1493 Ades,-Pater-

294 1536 552 1589 capre-me
582 1518 680 1589 (a).
1634 1564 1639 1567 ,

364 1611 494 1667 227.
532 1612 832 1681 Septimum
865 1624 1034 1682 genus
1063 1609 1166 1665 ode
1195 1610 1527 1665 mouocolos.
1567 1610 1764 1664 Versus
1804 1625 1887 1665 sc-

295 1705 430 1760 narii
460 1703 673 1759 iambici
700 1744 718 1769 ,
760 1704 875 1757 sive
922 1701 1140 1757 iambici
1176 1702 1399 1756 trimetri
1449 1700 1796 1756 acatalectici.
1831 1701 1886 1755 Si

2050 503 2209 573 200
2235 502 2361 558 918.
2402 502 2661 557 Octavum
2693 516 2864 572 genus
2892 503 2994 559 ode
3024 504 3229 561 dicolos
3276 514 3552 564 tetrastro-

1977 593 2132 662 phos.
2162 592 2361 647 Versus
2393 602 2502 649 tres
2547 594 2700 663 primi
2737 594 3013 664 Sapphici,
3062 605 3284 665 quartus
3330 599 3558 668 quisque

1977 684 2235 741 Adonius.
2292 685 2544 755 Sapphici
2615 687 2789 756 primo
2844 688 2963 743 loco
3014 688 3213 744 habent
3259 688 3556 755 choreum,

1979 775 2215 831 secundo
2266 777 2621 844 spoudzeum,
2686 777 2845 832 tertio
2908 778 3218 850 dactylum,
3270 790 3460 851 quarto
3508 792 3565 838 et

1978 868 2165 938 quinto
2209 868 2491 923 choreum.
2545 868 2785 923 Adunius
2811 870 3026 941 dactylo
3068 880 3123 927 et
3152 874 3408 943 spondteo
3435 889 3565 930 con-

1981 970 2107 1017 stat.
2142 960 2310 1030 Hujus
2359 960 2571 1031 generis
2617 960 2849 1032 hymnus
2897 964 2930 1019 8
2959 962 3228 1031 Cathem.,
3275 974 3330 1021 et
3361 968 3390 1022 ι
3420 967 3569 1023 Peri-

1982 1053 2159 1125 steph.
2209 1052 2469 1108 Mensura:
2517 1053 2708 1108 modus
2742 1053 2829 1109 hic
2867 1073 2878 1107 :
2907 1054 3409 1113 Christe-servo-rum
3436 1058 3571 1131 regia

1985 1162 2097 1200 men
2139 1154 2394 1200 tuoorum.
2426 1144 2482 1200 In
2511 1144 2719 1200 Adonio
2747 1154 2946 1212 autem,
2979 1145 3113 1219 Lege
3155 1165 3398 1205 co-erces.
3441 1151 3572 1207 Pru-

1984 1236 2200 1293 dentius
2231 1237 2314 1292 his
2345 1238 2549 1306 legibus
2578 1251 2637 1292 se
2680 1237 2967 1292 obstrinxit
2993 1280 3007 1303 ,
3053 1244 3300 1307 quamvis
3329 1244 3573 1297 nonnulli

1985 1331 2215 1386 secunda
2260 1332 2390 1387 sede
2424 1332 2682 1386 choreum
2713 1340 2767 1387 et
2795 1332 3067 1404 dactylum
3110 1333 3441 1399 admiserint,
3479 1337 3574 1391 Sc-

1988 1438 2123 1479 neca
2155 1438 2283 1477 vero
2328 1423 2500 1492 primo
2529 1423 2647 1477 loco
2676 1423 3007 1491 spondaeum,
3041 1423 3333 1494 dactylum,
3365 1437 3419 1482 et
3448 1442 3574 1481 aua-

1994 1521 2241 1583 ptestum,
2272 1512 2513 1567 secundo
2537 1513 2792 1567 iambum.

2060 1603 2182 1659 229.
2228 1604 2436 1658 Nonum
2485 1619 2653 1673 genus
2702 1605 2805 1659 ode
2855 1608 3206 1671 monocolos,
3236 1624 3355 1678 quae
3399 1609 3579 1666 minus

1993 1697 2128 1751 bene
2167 1713 2196 1751 a
2245 1696 2609 1752 Chamillardo
2661 1696 2988 1767 tristrophos
3037 1701 3364 1771 appellatur:
3406 1719 3582 1774 neque

298 1796 419 1866 puri
449 1796 586 1860 sint,
618 1794 867 1849 omnibus
895 1794 1046 1848 locis
1068 1792 1274 1848 iambos
1299 1792 1608 1862 requirunt,
1640 1793 1683 1845 si
1714 1792 1887 1858 mixti,
1922 1807 1971 1868 Β
1996 1788 2137 1841 enim
2164 1787 2313 1857 plura
2346 1787 2431 1842 hic
2462 1797 2587 1843 sunt
2614 1789 2845 1844 diversa:
2875 1792 3074 1860 speciei
3103 1794 3362 1848 carmina.
3384 1795 3583 1851 Versus

301 1888 568 1958 recipiunt
610 1887 743 1943 locis
794 1887 1084 1957 imparibus
1134 1885 1483 1956 tribrachyn,
1532 1883 1883 1953 spondteum,

304 1990 635 2050 anapaestum
660 2020 676 2046 ,
707 1978 976 2048 dactylum
1004 2020 1019 2042 ,
1052 1985 1106 2031 et
1154 1990 1276 2030 raro
1309 1974 1843 2045 proceleusmaticum
1871 1992 1885 2041 ;

301 2075 436 2129 locis
462 2074 677 2143 paribus
704 2072 911 2125 iambos
940 2070 1052 2125 fere
1083 2069 1303 2133 habent,
1326 2068 1421 2124 sed
1445 2068 1732 2123 admittunt
1762 2068 1890 2123 sede

300 2165 540 2221 secunda
571 2208 586 2229 ,
616 2171 801 2234 quarta
833 2170 887 2218 et
916 2171 1067 2217 sexta
1120 2161 1451 2231 tribrachyn.
1486 2159 1650 2228 llujus
1679 2161 1891 2229 generis

302 2255 534 2327 hymnus
581 2255 611 2307 7
642 2254 973 2319 Cathemer.,
1010 2253 1242 2323 hymnus
1286 2250 1353 2305 10
1396 2250 1618 2316 Perist.,
1653 2250 1894 2319 praefatio

301 2345 545 2400 Hamart.
579 2353 633 2399 et
683 2344 925 2415 praefatio
956 2340 1413 2414 Psychomachiae.
1443 2340 1746 2396 Scandendi
1778 2355 1895 2396 mo-

374 2456 868 2531 (a)_(‘.hamillardus
896 2470 999 2509 non
1032 2456 1244 2531 videtur
1268 2454 1551 2531 admittere
1578 2454 1731 2531 tertia
1759 2454 1890 2531 sede

302 2524 642 2596 spondatum,
672 2543 828 2596 quem
858 2528 1071 2593 agnovit
1103 2526 1288 2580 Aldus.
1324 2524 1607 2579 Ricciolius
1636 2524 1887 2589 advertit,

216 2648 219 2655 .
300 2600 653 2657 Prudentium
688 2600 860 2667 primo
888 2598 1004 2652 loco
1033 2597 1301 2667 recepisse
1331 2604 1705 2667 anapaestum;
1747 2598 1889 2664 quod

302 2655 523 2742 quidem
555 2655 750 2736 saepius
781 2669 934 2735 fecit,
966 2678 1019 2742 et
1060 2655 1181 2722 cuni
1214 2655 1478 2742 iambicus
1508 2655 1887 2742 dimétcr_aca-

303 2736 531 2798 talectus
560 2749 891 2804 anapaestum
937 2739 1103 2807 prima
1136 2737 1263 2792 sede
1292 2736 1570 2798 admittat,
1624 2736 1754 2791 nihil
1784 2746 1883 2807 est,

303 2829 405 2869 cur
452 2813 503 2867 id
549 2800 779 2865 iambico
805 2800 1035 2864 dimetro
1062 2809 1320 2863 catalecto
1348 2807 1709 2876 denegemus;
1752 2800 1889 2875 prie-

301 2883 494 2940 sertim
542 2898 660 2936 cum
704 2890 891 2935 auctor
931 2879 1183 2934 carminis
1210 2880 1489 2933 Anacreon
1535 2878 1729 2946 passim
1761 2893 1889 2932 ana-

306 2964 477 3025 paesto
527 2953 699 3021 prima
745 2952 871 3025 sedc
921 2959 1117 3003 utatur.
1159 2950 1311 3017 Quod
1359 2956 1536 3003 autem
1568 2948 1881 3018 spondaeum

305 3022 432 3081 loco
461 3024 617 3079 tertio
648 3022 921 3090 posuerit,
954 3037 1060 3074 non
1102 3034 1230 3089 puto
1259 3036 1443 3090 verum
1491 3036 1503 3071 :
1549 3035 1670 3072 nam
1703 3035 1892 3090 versus

307 3096 443 3151 142:
468 3095 567 3161 Qui
594 3092 750 3159 mille}
767 3110 856 3163 per
893 3092 1179 3146 mwandros
1210 3089 1520 3159 spondaaum
1550 3090 1765 3163 quidem
1795 3089 1894 3145 lla-

308 3169 405 3223 bet
450 3167 606 3220 tertia
654 3161 936 3218 sedezsed
983 3164 1100 3225 quis
1148 3172 1295 3216 certo
1341 3175 1585 3215 asserere
1628 3161 1822 3226 valeat,
1865 3176 1896 3213 a

309 3236 605 3292 Prudentio
631 3251 675 3288 ω
706 3236 759 3287 in
805 3233 1093 3288 maeandros
1140 3248 1243 3286 non
1290 3232 1450 3286 luisse
1492 3240 1799 3298 correptum
1828 3231 1898 3286 ob

310 3276 570 3363 $635138?
588 3306 938 3375 sequentem?
977 3305 1106 3357 Nam
1136 3304 1186 3375 id
1215 3302 1335 3375 fecit
1370 3304 1422 3355 in
1464 3276 1815 3375 rompheali“
1847 3310 1902 3357 et
1923 3276 1973 3340 ο

310 3381 372 3434 in
422 3377 611 3431 codem
644 3371 908 3430 vocabulo
940 3374 1231 3427 Mwandras
1271 3373 1452 3443 hymn.
1488 3373 1519 3425 7
1544 3371 1724 3439 Catb.,
1754 3387 1900 3427 vers.

311 3448 446 3505 1%.
502 3448 701 3501 Ventris
736 3447 1022 3499 mwandros
1050 3444 1290 3498 circuibat
1327 3444 1517 3496 tortiles
1545 3482 1558 3504 ,
1599 3456 1903 3512 quanquam

312 3522 527 3574 variant
581 3517 681 3572 hoc
726 3518 843 3572 loco
869 3518 1102 3571 codices.
1131 3514 1236 3569 Sed
1283 3522 1428 3568 certe
1460 3512 1617 3566 valde
1648 3514 1901 3569 usitatum

312 3600 404 3646 est
425 3588 809 3658 diphthongum
840 3588 893 3641 in
908 3586 1175 3642 vocabulis
1207 3583 1406 3639 Graecis
1448 3584 1517 3638 ob
1548 3583 1789 3640 vocalem
1818 3598 1907 3640 se-

315 3670 572 3731 quentem
601 3659 817 3726 corripi.

394 3732 466 3801 (b)
494 3730 606 3784 Non
638 3724 915 3801 assequor,
943 3727 1067 3797 quid
1098 3726 1198 3801 sibi
1226 3724 1619 3780 Chamillardus
1649 3726 1903 3801 voluerit,

314 3797 456 3857 dum
488 3802 589 3855 hoc
617 3797 848 3867 explicat
875 3813 1064 3868 genus.
1098 3797 1231 3868 Sunt
1273 3813 1445 3849 omnes
1488 3812 1659 3850 versus
1702 3798 1905 3851 iambici

321 3870 671 3943 Hipponactei
702 3867 911 3943 trimetri
950 3867 1212 3943 acatal‘ecti
1241 3876 1473 3943 :recepto
1502 3878 1670 3921 tamen
1701 3869 1753 3922 in
1781 3870 1906 3923 locis

320 3937 606 4015 imparibus
639 3942 795 4015 ttiam
821 3940 1078 4015 spondceo.
1108 3939 1334 3992 Carmen
1366 3937 1908 4015 llipponacteumjo-

319 4008 437 4068 cari
472 4013 609 4066 solet
638 4008 921 4065 iambicum
954 4010 1251 4063 trimetrum
1279 4009 1666 4070 catalecticum,
1700 4018 1757 4062 ut
1790 4008 1908 4063 Ter-

320 4102 418 4138 nos
450 4084 627 4137 vetusti
656 4083 862 4151 congios
884 4079 1117 4133 Falerni.
1140 4078 1246 4151 Sed
1279 4078 1437 4132 missa
1468 4078 1564 4132 hac
1593 4078 1658 4131 de
1690 4081 1907 4151 nomine

320 4155 625 4223 quaestione
648 4194 662 4217 ,
709 4149 905 4223 senarii
953 4149 1162 4223 ianthici
1196 4164 1301 4223 non
1348 4150 1518 4223 solum
1550 4149 1861 4223 spondeum
1889 4189 1905 4213 ,

322 4218 501 4294 neque
532 4224 658 4294 solis
687 4223 816 4275 locis
845 4221 1135 4294 imparibus
1174 4222 1309 4294 alios
1355 4218 1516 4286 pedes
1558 4228 1751 4294 prmter
1777 4220 1909 4294 iant-

324 4290 455 4352 but'u
485 4293 768 4361 rccipiunt,
802 4291 941 4361 quod
975 4290 1497 4361 advertenduntest,
1533 4304 1599 4343 ne
1630 4291 1682 4343 in
1722 4290 1908 4345 iambi-

322 4366 408 4421 cis
454 4359 680 4419 senariis
712 4359 983 4417 Prudentii
1031 4376 1271 4415 errorem
1323 4359 1516 4427 aliquis
1568 4370 1752 4427 putet,
1785 4376 1907 4414 cum

322 4436 461 4491 alios
498 4434 660 4503 pedes
700 4431 1128 4502 deprehenderit.
1156 4430 1401 4503 Comicos
1436 4430 1715 4503 liberiores
1747 4430 1909 4486 fuisse

322 4502 660 4574 compertum
714 4515 795 4558 est
820 4544 834 4568 ,
888 4504 976 4572 qui
1010 4502 1275 4571 prioribus
1302 4502 1537 4571 quinque
1569 4502 1700 4555 locis
1740 4517 1907 4567 spon-

324 4580 475 4640 dmos
505 4618 518 4640 ,
546 4574 787 4645 dactylos
811 4617 825 4641 ,
859 4582 1155 4645 anapaestos
1182 4579 1281 4637 ,κει
1312 4587 1690 4645 nonnunquam
1722 4587 1909 4645 proce-

1960 3541 1972 3551 ο
2008 3518 2122 3572 Dei.
2175 3516 2331 3582 lbid.,
2381 3534 2525 3573 vers.
2575 3518 2665 3586 70,

1998 1880 2252 1936 trochaici
2282 1881 2609 1937 Archilochii
2640 1892 2847 1953 septem
2886 1884 3132 1953 pedibus,
3160 1894 3213 1939 et
3241 1902 3347 1941 una
3378 1888 3583 1959 syllaba

1998 1986 2307 2032 constantes
2349 1993 2362 2032 :
2403 1978 2568 2047 pedes
2619 1986 2747 2032 sunt
2791 1978 3011 2033 trochaei
3038 2019 3053 2044 ,
3090 1980 3178 2049 qui
3209 1979 3392 2037 chorei
3422 1983 3586 2037 etiam

1998 2070 2271 2135 dicuntur,
2316 2071 2449 2125 locis
2498 2070 2718 2140 paribus
2761 2071 3048 2140 spondaeus
3094 2073 3371 2142 recipitur.
3418 2074 3587 2143 Hujus

1998 2161 2210 2230 generis
2256 2162 2483 2231 hymnus
2511 2161 2544 2216 9
2570 2159 2725 2215 Catb.
2768 2171 2821 2217 et
2856 2164 2879 2216 1
2915 2162 3217 2233 Peristeplt.
3252 2164 3326 2219 lta
3375 2166 3586 2221 scandi-

2001 2262 2118 2307 tur:
2140 2252 2218 2309 Da
2243 2271 2392 2323 pu-er
2421 2256 2701 2326 ple-etram
2726 2256 3024 2311 cho-reis-ut
3052 2272 3250 2311 ca-nam
3274 2257 3583 2327 ﬁ-deliobus.

2004 2344 2331 2400 Prudentius
2362 2345 2499 2400 hanc
2531 2347 2702 2415 legem
2734 2347 3017 2418 servat(c).

2004 2456 2054 2536 i_n
2098 2461 2336 2536 carmine
2382 2461 2449 2515 de
2497 2461 2691 2515 litteris
2722 2471 2776 2517 et
2821 2462 2886 2536 de
2919 2464 3412 2536 pedibusrexempla
3441 2485 3588 2536 qute-

2001 2529 2123 2582 dam
2158 2531 2359 2607 profert
2403 2548 2419 2587 :
2463 2555 2491 2590 η
2525 2541 2569 2585 et
2601 2556 2659 2596 ω,
2705 2549 2818 2601 qua:
2863 2529 2981 2587 bina
3026 2535 3237 2607 pedibus
3283 2529 3591 2595 submittunt

1966 2601 2441 2666 tempora-Sicut
2490 2619 2685 2667 unum;
2734 2620 2970 2658 numerus
3019 2601 3288 2670 antequam
3332 2614 3590 2665 secundus

2001 2672 2227 2750 prodidit
2254 2702 2317 2750 ις
2338 2671 2535 2726 Forma
2578 2674 2697 2726 talis
2721 2684 2807 2750 _est
2836 2677 3048 2730 minoris
3074 2718 3087 2741 ,
3117 2680 3340 2732 animam
3380 2684 3589 2750 quando

1999 2741 2391 2821 dicimuszNam
2426 2754 2605 2821 quater
2632 2745 3010 2821 reciprocantur
3040 2764 3278 2821 numerus
3315 2758 3361 2803 et
3389 2741 3587 2821 lempus

1998 2811 2275 2890 duplex-is
2304 2816 2397 2890 erit
2424 2811 2759 2890 ἁγάπαςστοξ,
2801 2817 2958 2890 uides,
2990 2818 3126 2887 quod
3146 2820 3241 2874 iste
3268 2838 3355 2890 pes
3376 2823 3440 2875 sit
3462 2811 3590 2876 tem-

2001 2898 2203 2952 porum.
2232 2883 2569 2949 Prudentius,
2596 2885 2793 2955 hymuo
2818 2886 2850 2940 9
2872 2883 3140 2952 Catlt'em.,
3163 2883 3433 2946 aut'tertia
3462 2893 3591 2948 sede

2000 2954 2323 3033 spondaaum
2368 2957 2568 3033 recepit
2590 2997 2605 3021 ,
2636 2954 2748 3033 laut
2773 2972 2813 3033 u_
2838 2958 3064 3026 primum
3099 2960 3148 3013 in
3192 2960 3394 3033 lugubri
3423 2965 3590 3033 corri-

2005 3025 2151 3097 puit,
2183 3025 2325 3097 quod
2371 3032 2541 3095 magis
2584 3025 2717 3081 mihi
2765 3025 2979 3097 placere
3027 3025 3426 3087 ostendi'num.
3458 3032 3587 3090 209.

2005 3094 2213 3170 Verum
2232 3096 2285 3170 in
2314 3094 2504 3170 eodem
2536 3094 2932 3170 hymno.'ver§.
2967 3101 3058 3165 40,
3105 3102 3390 3170 sponda-us
3419 3104 3469 3157 in
3501 3120 3585 3159 se.

2005 3164 2126 3220 detn
2166 3168 2407 3236 quintam
2454 3164 2765 3221 immittitur
2808 3186 2819 3220 :
2868 3164 3149 3223 Extimum'
3176 3175 3325 3226 vestis
3372 3187 3592 3230 sacrata:

2006 3237 2184 3305 furtim
2214 3238 2396 3308 mulier
2422 3238 2613 3308 attigit.
2659 3238 2811 3292 Vers.
2852 3240 2972 3306 103,
3029 3241 3145 3295 loco
3174 3252 3325 3296 sexto
3354 3252 3436 3296 est
3460 3260 3591 3299 ana-

2006 3317 2202 3375 paestus
2227 3351 2241 3373 ,
2291 3307 2416 3361 Post
2443 3350 2457 3373 ,
2508 3307 2564 3361 ut
2589 3324 2823 3362 occasum
2847 3310 3050 3362 resolvit
3077 3354 3091 3374 ,
3119 3312 3233 3365 vita:
3257 3323 3301 3365 et
3332 3315 3591 3369 hominem

2005 3377 2262 3449 reddidit;
2297 3392 2359 3432 ac
2384 3378 2631 3432 similiter
2658 3379 2903 3449 dactylus
2933 3379 3128 3448 hymno
3157 3384 3181 3436 1
3215 3383 3406 3436 Perist.
3441 3401 3584 3439 vers.

2005 3446 2074 3502 63
2118 3465 2130 3501 :
2174 3447 2393 3517 Tempus
2432 3459 2505 3502 est
2534 3449 2641 3503 Deo
2670 3446 2899 3573 rependi,
2930 3446 3179 3520 quidquid
3225 3463 3296 3506 est
3324 3457 3590 3523 praprium

2008 3518 2122 3572 Dei.
2175 3516 2331 3573 lbid..
2381 3534 2525 3573 vers.
2575 3518 2665 3573 70.
2760 3520 3036 3573 rihrachvs
3080 3524 3260 3573 auinta
3312 3526 3440 3573 sede
3478 3542 3490 3573 :
3525 3524 3590 3573 Et

2760 3520 3036 3591 rihrachys
3080 3524 3260 3589 quinta
3312 3520 3440 3577 Sede
3478 3542 3490 3577 :
3525 3524 3590 3577 Et

2006 3588 2212 3659 chalybs
2260 3590 2441 3643 attrita
2480 3590 2615 3644 colla
2668 3588 2903 3661 gravibus
2950 3588 3112 3644 ambit
3137 3592 3361 3646 circulis.
3396 3594 3470 3648 Ex
3503 3596 3587 3649 his

2008 3663 2182 3733 solum
2230 3670 2311 3715 est
2359 3668 2544 3733 contra
2596 3662 2810 3733 regulas
2856 3662 3141 3731 spoudaeus
3192 3663 3309 3717 loco
3365 3668 3588 3733 quinto,

2011 3731 2189 3805 furtim
2239 3733 2311 3805 in_
2340 3732 2429 3805 illo
2441 3746 2612 3805 _versu
2638 3772 2653 3797 ,
2686 3731 2949 3805 liminium
2990 3733 3139 3787 vestis
3163 3731 3394 3788 sacrata!
3412 3731 3593 3805 furtim

2008 3803 2191 3856 mulier
2220 3802 2409 3870 attigit.
2440 3801 2689 3855 Fortasse
2724 3802 2926 3856 librarii
2974 3805 3136 3858 verba
3169 3801 3508 3872 traiecerunt,
3537 3818 3593 3860 et

2009 3887 2107 3941 pro
2134 3873 2312 3926 mulier
2346 3873 2521 3945 furtim
2538 3874 2705 3942 attigit
2721 3888 2825 3927 non
2854 3874 2986 3945 eliso
3017 3889 3063 3925 m
3090 3875 3140 3927 in
3170 3876 3369 3940 furtim,
3397 3894 3592 3945 posue-

2012 3950 2159 4005 runt,
2191 3954 2249 3997 ut
2294 3958 2435 3997 nunc
2487 3943 2699 4011 legitur.
2753 3944 2903 4009 Quod
2933 3945 2976 3997 si
3006 3947 3306 4012 evangelica
3336 3943 3433 3999 vox
3465 3947 3591 4000 reti-

2013 4013 2187 4085 nenda
2214 4014 2305 4085 sit,
2324 4013 2529 4085 melius
2558 4014 2924 4085 emendarem,
2952 4014 3134 4066 mulier
3162 4015 3337 4080 furtim
3360 4018 3589 4085 contigit.

2013 4083 2224 4137 Dubitat
2263 4084 2456 4154 aliquis
2485 4100 2551 4154 an
2586 4084 2902 4137 Prudentius
2932 4084 3226 4151 scripserit,
3258 4089 3387 4154 forte
3414 4083 3595 4139 mulier

2011 4154 2176 4223 attigit
2202 4194 2216 4219 ,
2248 4153 2356 4223 sed
2388 4153 2452 4207 ad
2480 4153 2749 4222 Evangelii
2800 4154 3157 4207 narrationem
3188 4153 3356 4222 magis
3383 4157 3593 4211 accedit

2013 4222 2211 4293 furtim.
2241 4222 2474 4288 Wasius,
2506 4238 2624 4289 cap.
2663 4224 2684 4275 1
2720 4223 2784 4277 de
2812 4223 3017 4277 Licent.
3058 4232 3165 4277 vet.
3216 4234 3357 4289 poet.
3412 4227 3589 4290 tradit,

2012 4294 2152 4361 apud
2188 4294 2516 4363 antiquiores
2547 4293 2881 4363 spondzeum,
2915 4302 3009 4363 aut
3034 4294 3149 4361 eius
3177 4295 3433 4348 vicarium
3464 4312 3594 4349 ana-

2014 4374 2238 4434 paestum
2290 4362 2547 4418 trochaici
2580 4362 2862 4418 carminis
2922 4362 3078 4418 sedes
3134 4364 3349 4434 quasvis
3401 4376 3595 4433 praeter

2015 4435 2253 4490 ultimam
2302 4436 2445 4489 nullo
2491 4435 2801 4489 discrimine
2839 4434 3137 4489 ohsedisse.
3191 4436 3303 4489 Hac
3348 4446 3593 4490 veterum

2013 4505 2131 4574 lege
2175 4520 2271 4560 seu
2316 4507 2702 4560 consuetudine
2749 4506 2802 4559 in
2836 4505 3123 4560 Prudentio
3154 4506 3371 4560 retineri
3418 4516 3597 4575 potest

2014 4578 2187 4648 furtim
2230 4577 2410 4648 mulier
2447 4576 2634 4648 attigit.
2665 4576 2780 4630 .lam
2810 4591 2997 4648 versus
3025 4576 3087 4648 h_i_
3120 4576 3398 4642 trochaici,
3431 4586 3596 4631 tetra-

328 4642 686 4703 leusmaticos
736 4644 1108 4698 immittebant.
1173 4645 1370 4715 Quarta
1419 4642 1546 4697 sede
1597 4642 2169 4715 spottdzeumDinetri
2214 4647 2508 4702 catalcctici
2534 4642 2562 4709 ,⁷
2583 4648 2773 4714 integri
2822 4646 3091 4700 scribendi
3140 4656 3302 4710 sunt,
3350 4652 3598 4715 quamvis

327 4715 773 4789 smpiusjntrusit
790 4715 1063 4789 Ausonius
1094 4715 1155 4789 in_
1174 4712 1325 4789 Ludo
1350 4721 1554 4789 septem
1581 4714 1906 4789 sapientum,

326 4783 489 4859 quem
521 4786 759 4856 Scaliger
789 4784 882 4859 lib.
925 4800 977 4837 vt
1011 4783 1381 4859 Poeticesltac
1407 4783 1475 4837 de
1501 4798 1659 4859 causa
1688 4784 1740 4838 in
1767 4783 1911 4853 judi-

326 4853 470 4914 cium
517 4853 690 4911 vocat'.
726 4860 794 4910 At
823 4856 1094 4909 Ausonius
1123 4854 1208 4909 vel
1258 4853 1378 4907 ideo
1414 4854 1657 4907 excusari
1706 4864 1907 4921 posset,

329 4931 455 4998 quia
488 4928 539 4981 in
567 4942 630 4981 eo
663 4926 898 4998 carmine
926 4924 1079 4995 quasi
1102 4923 1315 4998 comice
1350 4923 1608 4998 loquitur,
1632 4923 1912 4998 Sapientes

332 4993 384 5055 in
438 5012 651 5053 scenam
702 4993 1002 5058 inducens,
1049 5003 1103 5047 et
1148 4996 1260 5063 ipse
1285 4993 1523 5061 Scaliger
1565 5004 1750 5047 contra
1779 4995 1910 5048 Era-

332 5085 509 5124 smum
557 5068 650 5121 lib.
684 5083 793 5131 vn,
844 5081 963 5135 pag.
994 5064 1118 5129 926,
1150 5064 1311 5117 tradit
1336 5108 1351 5131 ,
1408 5066 1459 5117 in
1496 5064 1745 5135 pluribus
1771 5065 1911 5133 apud

239 5142 245 5149 ’
336 5142 599 5195 Senecam
636 5134 862 5191 senariis
892 5152 996 5189 non
1025 5136 1337 5189 observatas
1370 5134 1536 5203 magis
1578 5135 1721 5203 leges
1752 5150 1912 5201 quam

336 5211 386 5262 iu
416 5207 693 5263 comoediis
725 5219 815 5261 aut
840 5208 889 5259 in
923 5205 1136 5259 fabulis.
1164 5205 1317 5271 Quod
1345 5210 1537 5258 attinet
1561 5206 1625 5256 ad
1672 5204 1914 5259 Pruden-

338 5282 467 5333 tium
498 5279 715 5331 dubium
750 5293 851 5331 non
882 5287 964 5330 est
990 5276 1115 5345 quin
1151 5277 1294 5342 leges
1321 5274 1731 5345 observaverit,
1779 5290 1912 5341 quas

338 5348 522 5418 tragici
555 5352 747 5401 so’ent.
776 5348 990 5418 lanrbici
1014 5344 1017 5345 ⁷
1040 5346 1235 5401 senarii
1262 5344 1565 5414 exemplum
1594 5359 1658 5399 ex
1688 5359 1753 5399 eo
1783 5346 1917 5415 petit

339 5416 499 5473 Beda.
537 5418 665 5472 Vide
693 5434 839 5471 num.
870 5416 996 5471 242.

308 5535 313 5539 .
413 5492 485 5559 (ε)
531 5488 644 5542 Non
693 5490 794 5541 erit
842 5501 1291 5559 supervacaneum
1321 5500 1563 5559 quaerere
1589 5526 1603 5552 ,
1635 5500 1701 5541 an
1726 5487 1784 5559 in
1815 5486 1917 5559 hoc

338 5557 575 5614 carmine
623 5562 770 5611 locus
801 5559 869 5611 sit
898 5557 1016 5611 aliis
1056 5557 1278 5624 pedibus
1302 5600 1316 5623 ,
1358 5557 1549 5626 quibus
1597 5557 1916 5612 Prudentius

338 5632 624 5697 aliquando
673 5628 829 5681 luerit
866 5643 1011 5683 usus.
1044 5628 1239 5691 Aiunt,
1289 5627 1559 5681 rarissime
1590 5627 1915 5697 antiquiores

343 5701 585 5768 posuisse
635 5698 767 5751 locis
820 5698 1107 5768 imparibus
1152 5699 1497 5768 tribrachyn,
1530 5712 1653 5752 raro
1700 5699 1917 5767 paribus

341 5767 473 5824 locis
507 5770 670 5841 pedes
699 5767 951 5836 spend-aeu
989 5784 1287 5838 compares.
1322 5767 1672 5825 Terentianus
1705 5770 1917 5824 Maurus

588 5862 855 5920 PATBOL.
904 5860 1062 5921 LIX.

2015 4719 2142 4772 olim
2173 4719 2332 4772 etiam
2361 4732 2391 4771 a
2420 4718 2716 4773 trivialibus
2748 4718 2917 4787 poetis
2942 4716 2995 4770 in
3009 4715 3254 4787 medium
3285 4717 3597 4774 scinderetu-

2018 4799 2123 4855 tur,
2155 4786 2296 4857 quod
2331 4793 2535 4844 notavit
2572 4785 2863 4842 Salmasius
2909 4788 2959 4839 in
2984 4785 3248 4857 iFlavium
3284 4788 3591 4856 Vop‘scum.

2015 4860 2153 4915 Hinc
2182 4856 2381 4912 factum
2432 4860 2644 4927 opinor,
2677 4866 2735 4910 ut
2771 4864 2942 4923 poetae
2971 4856 3283 4922 Christiani,
3315 4860 3403 4927 qui
3437 4862 3594 4928 vulgo

2016 4943 2143 4982 suos
2192 4929 2418 4998 hymnos
2464 4928 2758 4981 cantandos
2803 4937 3171 4998 exponerent,
3210 4929 3319 4996 jam
3354 4938 3596 4998 tempore

2020 4998 2175 5053 Beda;
2219 4996 2327 5052 bos
2355 5013 2543 5051 versus
2587 4998 2908 5052 dividerent.
2944 4996 3076 5052 Vide
3105 5000 3205 5053 alia
3236 5013 3354 5066 qum
3398 4996 3597 5053 de'hec

2018 5084 2214 5139 genere
2262 5067 2418 5122 metri
2462 5077 2853 5122 commentatus
2884 5082 3000 5123 sum
3034 5069 3085 5123 in
3133 5071 3347 5122 dissert.
3392 5068 3459 5121 de
3490 5069 3597 5138 Ity-

2021 5140 2157 5193 mnis
2191 5139 2387 5194 eccles.
2419 5154 2565 5191 nunt.
2599 5140 2726 5205 221,
2754 5148 2806 5191 et
2835 5154 3011 5207 seqq.,
3034 5139 3121 5192 ubi
3153 5139 3204 5191 in
3236 5149 3356 5190 uota
3387 5154 3417 5188 a
3445 5153 3594 5190 num.

2017 5210 2142 5273 225,
2190 5212 2427 5279 corrigas
2470 5210 2626 5264 velim
2672 5206 2921 5263 errorem
2957 5212 3068 5263 sive
3113 5206 3450 5279 typographi,
3485 5209 3600 5262 sive

2020 5278 2251 5341 calami,
2286 5278 2522 5350 Meyerus
2573 5289 2747 5332 notum
2792 5296 2898 5332 esse
2942 5280 3026 5350 ait
3065 5278 3363 5350 spandtrrum
3400 5286 3599 5330 tantum

2022 5350 2296 5404 admisceri
2343 5347 2469 5403 locis
2494 5350 2797 5420 imparibus,
2830 5348 3133 5420 legctlocis
3157 5347 3394 5420 paribus,
3441 5357 3497 5400 ut
3525 5362 3597 5402 ex

2022 5435 2271 5477 sermOue
2295 5417 2648 5490 consequenti
2680 5431 2833 5489 potes
2863 5418 3178 5490 intelligere.
3213 5417 3382 5490 Simili
3414 5432 3599 5490 errore

2026 5506 2145 5562 pag.
2176 5492 2300 5557 199,
2326 5487 2625 5553 numﬁ255.
2653 5487 2881 5562 positum
2911 5498 2993 5543 est
3023 5491 3075 5562 in
3100 5487 3327 5562 ianzlicis
3357 5488 3599 5541 trimetris

2027 5557 2122 5630 pro
2149 5561 2376 5615 iambicis
2398 5563 2627 5616 dimetris
2646 5557 2664 5615 ἑ
2686 5574 2805 5629 quae
2833 5559 2941 5630 duo
2959 5574 2986 5610 a
3017 5557 3395 5630 fecundissimo
3418 5569 3593 5626 poeta,

2026 5626 2262 5701 mihique
2285 5633 2608 5687 amicissimo
2637 5626 2716 5685 cl.’
2739 5626 3245 5684 DominicoNasera
3273 5638 3471 5691 notata,
3504 5644 3598 5682 ηο-

2028 5704 2096 5759 lui
2125 5719 2219 5758 nec
2248 5705 2402 5759 debui
2437 5703 2725 5772 przetcrire.

3169 5851 3244 5914 2's
