4102 6348
569 359 668 424 'M'l

1977 365 2423 432 PBUD'ENTIUS.

3761 391 3865 448 748

639 483 796 556 201
819 477 942 540 230.
984 477 1255 540 Decimum
1285 495 1451 555 genus
1483 482 1582 538 ode
1610 483 1944 539 monocolos.
1969 483 2170 540 Versus
2196 487 2244 545 Α
2276 499 2366 539 sus
2395 485 2640 558 daetylici
2671 485 2996 544 Archilochil
3026 492 3372 578 acataleetici,
3402 510 3532 564 quos
3565 499 3618 553 in
3651 500 3865 558 decimo

575 593 754 634 omnes
805 585 926 632 sunt
975 577 1281 646 anapaestici
1331 577 1543 632 dimetri
1574 577 1899 638 cataleetici;
1942 593 1970 631 a
2027 576 2165 631 Cha-

573 671 820 726 millardo
850 670 1061 726 trimetri
1091 671 1322 724 ratalecti
1353 669 1620 735 dicuntur,
1655 671 1744 742 qui
1779 669 2006 726 fortasse
2032 673 2163 724 seri.

573 765 736 833 pserit
762 773 850 817 aut
879 763 1115 818 scribere
1145 763 1397 830 voluerit,
1434 765 1656 830 dimetri,
1691 765 1772 819 vel
1819 763 2034 818 trimetri
2063 763 2162 834 hy.

571 853 960 924 percatalectici.
1005 853 1263 910 Constant
1317 856 1487 910 hibus
1546 857 1800 926 pedibus,
1836 867 1889 912 et.
1917 857 2156 926 syllaba:

569 949 736 1017 pedes
769 957 892 1003 sunt
921 951 1176 1018 anapaesti
1206 995 1218 1018 ,
1272 963 1487 1021 recepto
1531 953 1703 1019 primo
1735 953 1852 1009 loco
1879 953 2153 1024 spondam,

571 1051 628 1095 ut
659 1041 844 1097 statuit
868 1041 1292 1106 Chamillardus;
1335 1045 1428 1099 sed
1465 1045 1628 1101 Aldus
1656 1046 1820 1112 addit,
1851 1047 1990 1116 apud
2021 1047 2155 1102 Pru-

571 1137 811 1193 dentium
843 1139 1153 1208 spondzeum
1185 1141 1344 1194 etiam
1377 1139 1610 1195 serunda
1638 1141 1765 1196 sede
1797 1141 1994 1206 induci,
2020 1143 2160 1212 quod

571 1246 756 1285 verum
783 1241 886 1286 est.
917 1231 1084 1300 Hujus
1123 1232 1335 1302 generis
1369 1233 1600 1302 hymnus
1635 1233 1700 1288 10
1728 1234 1908 1298 Cath.,
1956 1235 2046 1304 qui
2087 1235 2159 1288 ita

571 1323 844 1378 scanditur
869 1343 880 1377 :
906 1323 1254 1393 Deusi-gnee,
1281 1327 1741 1394 fons-anima-rum
1776 1326 1872 1396 (a).

641 1413 766 1467 ΞΜ.
813 1413 1160 1468 Undecimum
1212 1431 1380 1484 genus
1429 1417 1530 1472 ode
1577 1417 1781 1472 dicolos
1829 1419 2154 1487 distrOphos.

579 1503 772 1558 Versus
819 1506 1025 1574 primus
1073 1517 1158 1560 est
1208 1506 1506 1562 trochaiens
1575 1509 1883 1577 Euripidius
1930 1510 2158 1566 dimeter

574 1596 860 1650 eatalectus
903 1613 965 1652 ex
1015 1598 1184 1652 tribus
1226 1597 1439 1653 cher-eis
1463 1642 1476 1664 ,
1510 1611 1563 1654 et
1593 1601 1820 1670 syllaba,
1855 1612 2071 1670 recepto
2103 1601 2152 1655 in

573 1687 802 1742 secunda
855 1689 980 1744 sede
1026 1690 1298 1760 spondmo.
1332 1691 1532 1746 Versus
1583 1694 1849 1746 secundus
1897 1693 2156 1746 iambicus

571 1781 813 1834 trimeter
843 1781 1186 1836 catalecticus
1217 1783 1608 1852 llipponacteus
1644 1799 1704 1836 ex
1753 1783 1988 1853 quinque
2019 1784 2154 1838 iam-

2275 579 2459 644 quinto
2507 593 2699 648 genere
2743 579 2993 649 explicui.
3029 579 3200 652 Hujus
3247 587 3458 654 generis
3508 587 3740 658 hymnus
3795 596 3865 648 13

2260 669 2465 724 'Perist.
2500 669 2555 728 ε.
2588 669 2840 742 Cypriani
2869 691 2880 724 :
2907 671 3110 728 Punica
3140 684 3275 729 terra
3306 677 3444 744 tulit,
3471 698 3570 751 quo
3597 686 3866 752 splendeat

2272 777 2436 827 omne,
2458 763 2708 832 quidquid
2732 779 2940 832 usquam
2970 776 3064 820 est.

2341 853 2466 907 257.
2513 854 2784 908 Decimum
2833 857 3121 926 septimum
3161 874 3330 929 genus
3374 861 3478 918 ode
3525 869 3862 922 monocolos.

2273 941 2473 1000 Versus
2498 945 2681 998 alcaiei
2704 943 2949 1018 daetylici
2975 964 3037 1002 ex
3063 950 3234 1018 primo
3258 954 3532 1024 sponda'o,
3561 959 3640 1012 vel
3659 959 3864 1026 iambo,

2268 1037 2504 1092 secundo
2549 1039 2724 1092 iambo
2749 1078 2762 1102 ,
2797 1053 2998 1095 cmsura
3039 1040 3194 1112 longa
3223 1086 3236 1108 ,
3271 1053 3324 1098 et
3353 1045 3562 1101 duobus
3609 1049 3861 1121 dactylis.

2269 1129 2434 1200 Hujus
2482 1133 2694 1200 generis
2743 1134 2971 1204 hymnus
3022 1136 3077 1190 S.
3133 1136 3354 1206 Agnetis
3401 1123 3466 1192 ﬂ
3515 1141 3862 1212 Peristepb.,

2267 1224 2420 1294 cujus
2464 1225 2576 1280 hmc
2616 1237 2696 1280 est
2737 1226 2988 1282 scansio:
3017 1231 3862 1298 Αθηεε-εεριιΙ-ςταηι-ιὈιηυιέ-ἱη

2267 1319 2435 1371 domo.
3003 1307 3008 1312 ’

2317 1409 2464 1464 238.
2507 1409 2779 1466 Decimum
2813 1423 3060 1468 octavum
3093 1429 3262 1484 genus
3285 1416 3384 1472 nde
3411 1419 3636 1472 dicolos.
3659 1421 3860 1476 Versus

2267 1501 2467 1570 primus
2496 1511 2580 1556 est
2609 1504 2852 1560 senarius
2898 1505 3175 1572 iambicus,
3208 1507 3274 1561 de
3301 1523 3406 1576 quo
3435 1509 3488 1562 in
3517 1511 3748 1579 septimo
3767 1531 3864 1583 ge-

2265 1610 2414 1648 nere.
2429 1595 2621 1649 Versus
2645 1598 2909 1652 secundus
2931 1598 3186 1654 iambicus
3207 1599 3456 1670 dimetc'r,
3479 1603 3548 1658 de
3567 1620 3674 1673 quo
3695 1607 3744 1659 in
3773 1623 3860 1662 se-

2264 1687 2440 1740 cundo
2466 1703 2682 1757 genere.
2739 1691 2905 1759 Hujus
2935 1695 3149 1761 generis
3174 1693 3417 1763 prmlatio
3443 1698 3816 1766 Apotlteoseos
3843 1722 3854 1754 :

2267 1777 2356 1831 Est
2387 1795 2500 1833 vera
2531 1785 2703 1836 serta?
2740 1793 2808 1848 te,
2833 1784 3092 1854 magister,
3119 1787 3660 1846 consulo.~Rectanme
3681 1809 3856 1846 serua-

575 1871 677 1936 bis,
711 1882 763 1926 et
792 1873 1016 1942 syllaba,
1048 1873 1302 1942 Spondzeo
1330 1874 1381 1928 in
1412 1875 1580 1944 prima
1622 1891 1684 1929 ac
1717 1877 1868 1930 tertia
1901 1875 2026 1929 sede
2056 1875 2152 1928 ad-
2187 1857 2236 1918 Β
2265 1885 2375 1923 mus
2405 1871 2600 1938 ﬁdem?

575 1965 759 2018 misso.
791 1955 958 2033 llujus
985 1968 1195 2032 generis
1225 1967 1348 2032 ode,
1380 1969 1430 2022 in
1464 1985 1562 2037 qua
1597 1969 1917 2024 Prudentius
1946 1971 2012 2026 de
2047 1974 2157 2026 suis

574 2057 845 2124 opusculis
903 2057 1152 2125 loquitur,
1205 2059 1358 2113 nobis
1389 2061 1617 2131 epilogus
1658 2063 1823 2129 operis
1869 2063 1986 2118 aliis
2025 2080 2157 2133 pra:-

573 2149 697 2216 fatio
729 2147 844 2200 libri
894 2147 1115 2202 Pcristh.
1151 2149 1434 2205 St'anditur
1489 2153 1690 2220 primus
1719 2169 1904 2208 versus
1937 2155 2036 2210 hac
2077 2173 2156 2210 ra-

573 2240 716 2292 tione
759 2257 772 2292 ε
821 2237 1086 2292 Immo-lat
1123 2241 1256 2292 De-o
1291 2241 1497 2306 Pa-tri;
1538 2245 1800 2299 secundus
1833 2247 1899 2300 ita
1947 2264 1958 2298 :
2003 2245 2158 2301 Pius-

539 2349 542 2354 ·
573 2329 772 2395 ﬁde-lis
799 2331 1343 2401 in-nocens-padi-cus
1367 2335 1462 2404 (ὁ).

643 2421 768 2474 25⁸2.
814 2423 1195 2478 Duodecim‘um
1243 2441 1412 2494 genus
1461 2427 1562 2482 ode
1593 2429 1922 2484 monoeolos.
1959 2431 2158 2486 Versus

571 2523 696 2565 sunt
758 2512 1038 2584 Glyconii,
1111 2524 1166 2570 ut
1234 2518 1433 2585 primus
1489 2533 1675 2574 versus
1727 2523 1933 2588 generis
1977 2525 2154 2594 primi.

573 2604 739 2674 llujus
765 2608 976 2676 generis
1009 2609 1239 2680 hymnus
1273 2612 1302 2662 7
1335 2611 1659 2683 Peristcph.,
1697 2613 1955 2686 Insignem
1991 2619 2158 2672 meriti

573 2697 736 2750 virum
761 2740 775 2764 ,
825 2709 880 2754 et
909 2701 1151 2768 pra'latio
1183 2701 1300 2756 libri
1335 2719 1370 2756 ιι
1398 2713 1582 2758 contra
1612 2705 1992 2774 Symmachum
2013 2749 2027 2772 ,
2063 2708 2156 2763 Si-

571 2803 710 2850 mon,
735 2804 884 2855 quem
911 2791 1130 2842 vocitant
1165 2789 1397 2845 Petrum.

641 2877 766 2931 255.
812 2878 1081 2932 Decimum
1113 2881 1326 2934 tertium
1357 2895 1524 2948 genus
1555 2897 1745 2936 versus
1772 2885 2012 2954 elegiaci.
2047 2886 2155 2940 l-lu-

571 2971 654 3034 jus
697 2970 908 3037 generis
955 2970 1183 3040 hymnus
1227 2971 1260 3026 8
1291 2969 1716 3043 Peristephanmn
1745 3020 1759 3043 ,
1813 2975 1882 3030 de
1933 2977 2054 3032 loco
2103 2979 2155 3032 in

573 3076 679 3129 quo
725 3073 986 3131 martyres
1032 3066 1173 3132 passi
1201 3073 1352 3128 sunt;
1395 3064 1626 3134 hymnus
1659 3067 1718 3120 Η
1756 3067 2152 3138 Peristephan.,

573 3157 626 3208 in
659 3157 870 3211 laudent
903 3158 960 3212 S.
992 3158 1284 3230 Hippolyti.
1311 3158 1475 3230 Cujus
1504 3161 1791 3230 explicatio
1834 3179 1952 3218 cum
1999 3165 2153 3220 obvia

573 3259 626 3301 et
658 3257 780 3302 nota
814 3249 900 3316 sit,
933 3257 1044 3304 tuto
1071 3265 1098 3303 a
1129 3251 1282 3306 nobis
1317 3253 1646 3320 praetermitti
1674 3264 1868 3324 potest.

643 3341 800 3411 202
827 3339 950 3395 254.
997 3342 1266 3396 Decimum
1309 3351 1556 3410 quartum
1597 3359 1766 3414 genus
1806 3346 1907 3400 ode
1950 3346 2153 3401 dicolos

571 3433 900 3502 distrophos.
957 3434 1152 3504 versus
1201 3435 1404 3504 primus
1460 3438 1771 3494 hexameter
1819 3457 1830 3492 :
1886 3442 2154 3496 secundus

569 3525 827 3580 iambicus
858 3527 1099 3581 senarius
1123 3570 1135 3593 ,
1167 3527 1234 3582 de
1268 3544 1371 3598 quo
1401 3543 1560 3600 supra
1595 3533 1644 3585 in
1675 3547 1873 3600 genere
1902 3535 2166 3603 septimo..

569 3616 739 3686 Hujus
770 3619 981 3688 generis
1009 3619 1237 3689 hymnus
1269 3619 1300 3674 9
1327 3621 1629 3691 Perisleph.
1663 3623 1720 3678 S.
1751 3624 2015 3680 Cassiani.

639 3711 770 3763 255.
817 3711 1090 3764 Decimum
1119 3712 1363 3780 quintum
1391 3725 1560 3782 genus
1603 3713 1704 3768 ode
1727 3715 1932 3770 dicolos
1959 3716 2150 3772 distro-

569 3801 732 3869 phos.
765 3801 962 3856 Versus
993 3803 1193 3871 primus
1219 3803 1509 3873 dactylicus
1553 3805 1922 3862 Archilochius
1964 3809 2150 3878 hepta-

569 3897 763 3957 meter,
796 3899 854 3944 ut
883 3893 1122 3976 nonnulli
1168 3894 1492 3949 recentiores
1522 3905 1734 3962 vocant,
1777 3899 1868 3966 qui
1896 3914 1922 3951 a
1955 3902 2150 3956 Veteri-

567 3982 667 4037 bus
700 3985 888 4038 melius
909 3977 1105 4039 di‘citur
1131 3986 1440 4040 hexameter
1470 3987 1663 4042 herous
1693 3990 2146 4062 perittosyllahus,

568 4087 819 4129 constans
874 4085 1078 4143 septem
1130 4077 1390 4146 pedibus,
1444 4093 1666 4148 quorum
1717 4091 1944 4152 quatuor
1993 4085 2148 4153 primi

567 4169 784 4240 dactyli,
819 4179 928 4224 tres
960 4173 1212 4240 postremi
1249 4172 1489 4226 trochaei.
1540 4163 1679 4228 Loco
1710 4173 2040 4246 dactylorum
2071 4177 2149 4230 in-

565 4261 684 4316 duci
719 4271 942 4330 possunt
970 4264 1227 4330 sponda-.i.
1257 4263 1454 4319 Versus
1487 4249 1753 4320 secundus
1783 4275 1860 4321 est
1893 4267 2148 4323 iambicus

567 4351 813 4405 trimeter
863 4353 1194 4418 catalectus,
1247 4355 1310 4408 de
1359 4369 1463 4422 quo
1515 4358 1564 4409 in
1618 4371 1813 4426 genere
1843 4359 2144 4414 undecimo.

567 4444 736 4510 Hujus
787 4445 1002 4511 generis
1050 4447 1276 4514 hymnus
1334 4447 1398 4499 1‘2
1451 4447 1752 4516 Peristeph.
1807 4451 1856 4503 in
1891 4442 2144 4507 honorem

569 4532 667 4586 SS.
699 4533 1060 4601 apostolorum
1112 4535 1252 4588 Petri
1283 4545 1334 4588 et
1365 4537 1531 4590 Pauli.
1565 4538 1798 4592 Primum
1832 4557 2044 4596 versum
2076 4545 2146 4596 ita

569 4623 746 4676 metiri
791 4631 1000 4691 oportet
1047 4642 1058 4676 :
1103 4623 1230 4676 Plus
1273 4625 1448 4678 soli-to
1488 4639 1691 4680 cae-unt
1731 4631 2148 4699 ad-gam!in,-dic

569 4715 912 4784 n-mice-quid
959 4717 1040 4768 sit.
1073 4715 1393 4770 Prudentius
1439 4717 1574 4770 hanc
1625 4719 1794 4788 legem
1846 4733 2040 4786 servat,
2091 4738 2146 4780 ιιι

571 4806 740 4874 primo
767 4847 781 4871 ,
829 4795 1069 4860 secundo
1092 4849 1104 4870 ,
1158 4819 1208 4862 et
1240 4817 1428 4876 quarto
1461 4810 1576 4864 loco
1605 4805 1815 4880 semper
1857 4815 2143 4886 dactylum,

549 4897 728 4949 .tertio
755 4911 967 4964 semper
995 4900 1308 4965 spondaeum
1339 4901 1607 4982 adhibeat.

637 4986 764 5042 236.
807 4986 1083 5042 Decimum
1111 5001 1316 5044 sextum
1349 5005 1514 5062 genus
1538 4995 1638 5049 ode
1667 4999 1992 5054 muneratos.
2017 5005 2144 5059 Ver-

636 5122 713 5194 (a)
741 5125 1008 5211 Dat-titius,
1042 5127 1142 5210 lib.
1165 5145 1272 5211 x352,
1300 5148 1416 5211 cap.
1441 5137 1478 5211 _-t
1509 5137 1796 5211 Adversar.
1843 5139 1893 5192 in
1925 5145 2134 5211 exposi-

565 5196 1142 5270 tione_hujus_hymni
1199 5196 1566 5270 Prudentiani,
1617 5208 1862 5262 observat
1913 5196 2139 5270 metrum

561 5277 682 5320 esse
703 5265 1024 5350 funebribus
1051 5270 1330 5350 cantilenis
1361 5265 1564 5350 aptum,
1600 5285 1653 5350 et
1683 5265 2136 5350 antiquissimum,

561 5347 620 5422 ut
667 5337 850 5422 videre
901 5339 1028 5422 licet
1063 5339 1116 5392 in
1167 5337 1653 5422 versilirrs_9r-meis
1686 5337 1948 5422 Timothei
1997 5337 2137 5422 apud

561 5405 883 5486 Macr-obium
911 5450 953 5486 ζ,
977 5409 1066 5462 lib.
1120 5425 1192 5462 vn
1216 5454 1228 5474 ,
1258 5414 1510 5486 canam,
1547 5431 1698 5486 usum
1731 5419 1868 5486 apud
1921 5405 2138 5480 Latinos

563 5475 864 5531 celebrasse
911 5474 1206 5560 Varronem
1255 5474 1694 5560 in'_Marq‘opol_i_,
1748 5474 2138 5560 secutosﬂfq-ui

549 5560 704 5597 nunc
725 5557 971 5624 exstent,
995 5549 1309 5624 Mart'ianum
1339 5549 1604 5618 Capella'm
1637 5555 1727 5611 lib.
1763 5574 1796 5611 ll
1819 5603 1832 5624 ,
1864 5549 2138 5619 Terentia;

563 5631 688 5694 unm
725 5618 772 5702 iri
803 5618 1504 5702 descriptione__anapmstiei
1556 5619 1890 5702 estulentici.
1925 5636 2010 5702 qui
2043 5618 2137 5690 Se-

549 5685 678 5762 aeui
707 5685 1190 5762 aliquotej'usmodi
1235 5685 1417 5746 versus
1449 5697 1708 5762 inSt-ruit,
1758 5709 1810 5754 et
1853 5685 2130 5762 Boethium

563 5756 652 5810 lib.
689 5773 759 5834 tu
793 5756 1094 5834 de_Consol.
1129 5763 1330 5818 Philos.
1363 5773 1532 5820 metro
1565 5785 1610 5821 ν.
1652 5756 1904 5824 Boethius
1943 5756 2136 5834 ius};

565 5829 734 5880 cunda
784 5828 908 5882 sede
941 5831 1102 5882 utitur
1131 5834 1288 5886 etiam
1321 5837 1574 5898 spondaeo
1619 5857 1628 5892 :
1679 5839 1850 5894 Faedis
1879 5828 2135 5902 submittat

2334 1961 2535 2017 Cretera
2551 1967 2786 2022 carmina
2801 1978 2923 2022 sunt
2953 1969 3162 2026 heroica
3175 1987 3331 2027 versu
3359 1975 3704 2044 hexametro,
3721 1981 3858 2044 Apo-

2263 2056 2468 2122 theosis,
2507 2055 2928 2130 Hamartigenia,
2967 2061 3390 2132 Psychomachia,
3427 2065 3568 2122 Libri
3613 2072 3856 2126 adversus

2267 2145 2628 2215 Symmachum
2650 2191 2664 2214 ,
2712 2159 2764 2205 et
2793 2150 3156 2208 Dittochrcum.
3191 2157 3436 2212 Mensura
3469 2175 3662 2214 versus
3695 2163 3854 2217 lit-xa-

2265 2239 2420 2294 metri
2447 2243 2618 2296 notior
2647 2252 2728 2298 est
2757 2253 2913 2314 quam
2948 2257 3002 2302 ut
3027 2263 3056 2302 a
3089 2250 3240 2304 nobis
3269 2252 3462 2308 debeat
3492 2257 3714 2325 exponi.

2813 2357 3038 2415 CAPUT
3077 2361 3292 2419 XXVII.

2765 2454 3014 2510 Latinitas
3057 2455 3346 2514 Prudentii.

2335 2543 2492 2614 203
2533 2543 2656 2599 259.
2702 2546 2900 2601 Horatii
2933 2551 3196 2604 sententia
3227 2562 3348 2607 nota
3389 2565 3470 2609 est
3507 2571 3520 2608 :

2821 2638 3143 2704 hiedioeribus
3167 2655 3280 2692 esse
3305 2647 3462 2704 poetis

2329 2697 2432 2746 Non
2459 2691 2634 2747 homini
2653 2712 2694 2757 s,
2723 2711 2816 2748 non
2839 2701 2926 2762 dii,
2951 2715 3045 2751 non
3071 2691 3361 2755 concessere
3377 2691 3644 2759 colurnum.

2263 2801 2318 2858 Si
2353 2811 2504 2872 poeta
2532 2803 2752 2860 Latinus
2783 2807 3017 2876 optimus
3056 2825 3164 2864 non
3185 2822 3288 2878 est,
3315 2813 3401 2881 qui
3435 2815 3720 2885 Augustma
3751 2818 3848 2874 La-

2265 2897 2360 2950 tini
2389 2899 2650 2952 sermonis
2680 2900 2940 2972 elegantia
2993 2919 3097 2958 non
3129 2906 3352 2970 eminet,
3399 2910 3694 2964 concedam
3737 2912 3848 2968 lor-

2263 2973 2404 3042 tasse
2445 2991 2769 3046 mediocrem
2823 3003 3033 3062 poetam
3093 2997 3255 3052 fuisse
3311 2997 3687 3056 Prudentium.
3742 3003 3848 3059 Sed

2265 3077 2466 3134 lloratii
2505 3084 2782 3138 sententite
2822 3099 3086 3155 opponam
3121 3091 3292 3144 locum
3322 3091 3600 3148 Ciceronis
3625 3111 3692 3150 ex
3717 3095 3848 3151 Ora-

2267 3182 2380 3226 tore
2405 3174 2454 3226 in
2486 3176 2772 3244 principio:
2795 3178 2930 3231 Nam
2961 3181 3010 3234 in
3031 3185 3188 3252 portis
3209 3201 3310 3238 non
3335 3185 3561 3242 Homero
3587 3191 3688 3244 soli
3711 3192 3851 3246 locus

2260 3275 2332 3318 est
2363 3265 2440 3336 (ut
2471 3267 2530 3318 de
2551 3264 2741 3320 Grrecis
2759 3259 2968 3339 loquar)
2996 3283 3082 3324 aut
3113 3276 3434 3342 Archilocho,
3462 3289 3552 3332 aut
3577 3280 3846 3348 Saphoch',

2258 3365 2346 3408 aut
2379 3353 2639 3422 Pindaro;
2667 3359 2756 3412 sed
2781 3359 2962 3414 horum
2992 3363 3069 3416 vel
3114 3367 3369 3434 secundis,
3421 3369 3500 3422 rel
3529 3373 3682 3424 etiam
3711 3375 3848 3443 infra

2257 3451 2522 3504 secundos.
2560 3449 2668 3504 Nec
2695 3469 2808 3505 vero
2831 3455 3154 3510 Aristotelem
3177 3459 3227 3512 in
3251 3461 3576 3529 philoso;.hia
3599 3467 3850 3520 deterruit

2255 3557 2288 3593 ι
2314 3542 2574 3595 scribendo
2606 3543 2888 3612 amplitudo
2925 3545 3154 3602 Platonis
3199 3567 3216 3602 :
3247 3569 3338 3605 nec
3395 3555 3503 3622 ipse
3551 3557 3846 3611 .-tristoteles

2256 3633 2549 3688 admirabili
2579 3639 2797 3705 quadam
2827 3640 3055 3702 scientia,
3089 3653 3134 3694 et
3163 3641 3308 3710 capia
3337 3657 3634 3698 cancrorum
3673 3652 3846 3700 studet

2254 3726 2508 3779 restinxit.
2541 3727 2651 3782 Nec
2671 3730 2835 3782 solum
2865 3731 2924 3782 ab
2959 3733 3160 3800 Optimis
3203 3737 3386 3788 studiis
3417 3739 3717 3791 excelltnles
3749 3741 3846 3793 t-iri

2256 3817 2484 3870 deterriti
2515 3835 2615 3872 non
2665 3831 2805 3887 sunt,
2853 3825 2942 3874 sed
2973 3839 3032 3876 ne
3074 3825 3281 3892 opiﬁces
3324 3829 3520 3896 quidem
3557 3845 3612 3882 se
3637 3833 3846 3884 artibus

2253 3909 2360 3960 suis
2385 3921 2719 3978 removerunt,
2751 3914 2838 3982 qui
2877 3923 2964 3966 aut
2991 3913 3179 3986 Jalysi,
3209 3933 3358 3986 quem
3403 3919 3562 3972 Rhodi
3591 3921 3840 3986 ridimus,

2254 4017 2354 4055 non
2395 4015 2684 4070 potuerunt,
2718 4015 2808 4060 aut
2838 4005 2953 4060 Com
3003 4007 3212 4062 Veneris
3260 4011 3694 4079 pulchritudinem
3727 4018 3844 4070 imi-

2259 4095 2354 4146 tari
2385 4109 2400 4145 :
2431 4111 2522 4146 nec
2551 4095 2829 4148 simulacro
2849 4095 2992 4150 Jovis
3019 4099 3262 4170 Olympii,
3287 4112 3374 4154 aut
3405 4101 3702 4172 Doryphori
3731 4119 3808 4159 sta
3827 4137 3842 4149 -

2255 4195 2346 4239 tua
2388 4189 2612 4240 deterriti
2643 4191 2842 4256 reliqui,
2881 4192 3046 4244 minus
3077 4195 3273 4263 experti
3300 4205 3438 4260 sunt,
3473 4198 3602 4266 quid
3630 4201 3836 4267 effice-re.

2253 4289 2342 4331 aut
2372 4296 2468 4348 quo
2521 4281 2756 4349 progredi
2801 4291 3003 4350 possent
3041 4299 3058 4336 :
3111 4301 3326 4352 quorum
3375 4297 3518 4339 tanta
3565 4291 3840 4343 multitudo

2251 4372 2369 4440 fuit,
2405 4381 2548 4424 tanta
2576 4373 2626 4423 in
2653 4389 2744 4425 suo
2774 4377 3021 4442 cujusque
3047 4391 3228 4443 genere
3257 4376 3392 4440 laus,
3425 4387 3476 4428 ut
3505 4395 3622 4432 cum
3647 4397 3841 4434 samum

2251 4464 2574 4529 miraremur,
2607 4466 2852 4533 inferiora
2895 4477 3062 4520 tamen
3105 4470 3453 4538 probaremus.
3487 4469 3683 4527 Cicero
3729 4475 3840 4526 suis

2253 4557 2575 4610 carminilms
2623 4559 2794 4613 locum
2845 4561 3156 4628 qumsivisse
3203 4563 3517 4617 nonnemini
3573 4565 3840 4620 videbitur

2254 4661 2370 4698 eum
2397 4647 2556 4716 poetis
2586 4647 2720 4715 infra
2747 4651 2991 4703 secundos
3021 4651 3193 4704 locum
3226 4666 3346 4708 esse
3371 4655 3579 4708 statuit.
3615 4655 3722 4710 Sed
3755 4673 3840 4712 res

2251 4741 2322 4792 ita
2357 4755 2413 4794 se
2447 4739 2642 4795 habet:
2679 4742 2731 4794 in
2780 4742 3068 4796 Prudentia
3096 4759 3215 4798 cum
3257 4757 3452 4801 caetera
3489 4751 3666 4803 omnia
3707 4753 3833 4814 sint,

2231 4845 2366 4898 qua:
2407 4841 2618 4899 poetam
2673 4833 2925 4886 eximium
2982 4839 3354 4902 constituunt,
3411 4841 3454 4891 si
3513 4842 3838 4909 purissimus

2249 4935 2426 4976 sermo
2461 4923 2747 4990 Augustam
2771 4926 2965 4978 steculo
2991 4927 3217 4980 usitatus
3238 4927 3394 4990 desit,
3427 4945 3532 4984 non
3559 4943 3838 4999 prepterea

2249 5028 2367 5068 eum
2412 5013 2668 5066 inutiliter
2697 5014 2975 5082 legendum
3009 5033 3128 5071 esse
3149 5033 3339 5088 arguas
3371 5019 3438 5073 ab
3469 5020 3554 5084 iis,
3591 5023 3678 5091 qui
3713 5038 3838 5093 poe‘

2251 5149 2479 5202 habenis.
2569 5151 2578 5160 ’

2323 5217 2396 5291 (b)
2421 5219 2812 5302 Chamillardus
2837 5223 2906 5302 a_li_
2915 5231 2995 5277 ter
3019 5225 3519 5302 volui_t_l_ios_\_rersus
3541 5233 3834 5302 appellare,

2251 5305 2464 5344 versum
2489 5293 2719 5358 [n'imum
2749 5293 3034 5347 iambicum
3053 5295 3452 5353 Arehilochium
3475 5293 3834 5358 acatalectuui

2250 5375 2312 5416 ex
2341 5363 2726 5430 amphimacro,
2753 5372 2804 5416 et
2825 5363 3033 5418 duobus
3057 5365 3266 5430 iambis,
3289 5369 3517 5424 alterum
3549 5373 3836 5428 iambicum

2250 5431 2645 5513 Archilpcliium
2695 5435 2989 5513 trimetrum
3057 5437 3426 5494 catalectieum
3475 5458 3538 5496 ex
3608 5443 3838 5513 pedibus

2247 5517 2384 5581 quos
2413 5500 2660 5581 diximus.
2713 5503 2876 5572 Magis
2911 5505 3110 5581 placet”
3127 5521 3320 5581 nomen
3371 5513 3514 5580 quod
3555 5500 3836 5581 posuimus

2251 5572 2546 5651 itlanutiurn
2572 5575 2736 5651 lenne
2763 5575 2948 5628 secuti.
2985 5575 3048 5628 Et
3081 5572 3401 5651 Prudentius
3429 5572 3691 5651 ipse-ait:
3729 5583 3838 5638 Nos

2243 5643 2364 5722 citos
2395 5643 2962 5722 iantbiros-Sacranms,
2995 5657 3040 5700 et
3061 5647 3289 5722 rotatiles
3329 5643 3648 5718 'rnoéugos;
3693 5659 3836 5722 ruunt

2241 5711 2494 5794 deimius
2521 5715 2639 5794 orla:
2689 5717 2928 5770 versibus
2959 5733 3056 5788 ego
3083 5719 3306 5788 accipio,
3353 5723 3608 5794 quidquid
3637 5711 3836 5779 contra

2241 5785 2330 5840 alii
2361 5783 2612 5840 dixerint.
