4102 6348
536 377 631 433 ’151

1938 357 2390 416 PRUDENTIUS.

3705 355 3807 414 752

535 499 619 545 est
654 500 812 558 quam
859 481 1078 538 verbum
1128 479 1195 533 ab
1243 485 1460 532 auctore
1507 472 1730 543 catalogi
1782 480 2114 542 usurpatum,
2145 474 2198 533 Α
2225 469 2464 524 scientia:
2487 470 2584 524 viri
2620 469 2743 524 hinc
2781 468 3129 539 Augustinus,
3161 469 3283 525 binc
3310 470 3501 536 Varro,
3551 472 3675 527 hinc
3707 474 3807 528 Ilo-

538 578 840 650 Suﬁlabilis,
899 573 1081 644 spiritu
1137 584 1509 625 erronusrus.
1571 567 1732 633 Seio,
1793 565 2117 620 recentiores

538 672 734 742 passim
777 670 876 720 boc
907 665 1123 719 verbum
1156 661 1435 725 adbibere,
1471 658 1705 726 e/formo,
1733 657 1990 726 e/I'ormas,
2023 656 2118 712 sed

539 763 676 835 apud
702 772 911 816 veteres
940 758 1156 813 Latinos
1186 771 1293 838 non
1317 753 1602 822 reperitur.
1636 751 1866 806 Jacobus
1894 749 2118 805 Faccio-

537 862 693 918 latus,
726 868 819 908 seu
851 851 972 921 quis
1014 849 1150 903 alius
1181 857 1262 902 est
1315 857 1502 901 auctor
1554 844 1709 899 lexici
1760 844 1875 912 ejus
1903 843 2120 896 nomine

451 1011 453 1014 I
539 946 757 1018 vulgati,
793 945 922 999 illud
970 945 1108 998 inter
1139 953 1300 995 voces
1331 938 1585 994 barbaras
1638 935 1871 1005 reponit,
1899 944 1953 990 et
1980 934 2120 988 nibi-

441 1065 447 1074 ·
533 1039 767 1094 lominus
797 1051 863 1091 eo
892 1049 997 1090 non
1023 1033 1187 1088 semel
1217 1033 1270 1087 in
1302 1030 1476 1086 lexico
1514 1027 1887 1084 concinnando
1929 1029 2114 1081 utitur.

535 1135 824 1199 Ctetcrum,
855 1130 898 1183 si
926 1143 990 1184 ea
1028 1126 1195 1182 libido
1229 1125 1329 1180 fuit
1357 1123 1596 1179 Giselino
1627 1120 1892 1176 indicandi
1938 1119 2115 1174 omnia

534 1226 791 1281 vocabula
823 1236 942 1292 quas
971 1221 1028 1274 in
1061 1213 1351 1272 Prudentio
1392 1223 1627 1276 exstant,
1669 1223 1722 1268 et
1751 1213 1802 1266 in
1837 1211 1988 1266 libris
2017 1224 2117 1264 sae-

535 1319 644 1374 culi
687 1313 965 1386 Augustini
995 1311 1084 1381 qui
1111 1310 1178 1365 ad
1211 1321 1307 1365 nos
1349 1314 1725 1376 pervenerunt,
1758 1312 1848 1358 aut
1875 1318 1997 1357 raro
2025 1309 2116 1356 aut

536 1423 808 1478 nunquam
862 1403 1226 1467 inveniuntur,
1275 1399 1572 1468 cataloguni
1628 1397 1782 1465 longe
1823 1395 2114 1448 auctiorem

539 1503 670 1556 dare
700 1497 891 1570 potuit.
940 1496 997 1550 In
1026 1491 1425 1550 commentariis
1453 1488 1694 1559 quaedam
1747 1501 1844 1539 nos
1870 1483 2115 1538 animad-

536 1603 808 1647 vertemus
830 1601 948 1658 qua:
974 1585 1097 1639 huic
1125 1582 1244 1638 usui
1271 1597 1391 1637 esse
1417 1580 1643 1651 possint,
1674 1586 1729 1633 et
1760 1577 1812 1632 in
1845 1576 1950 1630 fine
1984 1575 2114 1629 tomi

538 1682 758 1741 secundi
784 1679 1014 1736 indicem
1040 1675 1410 1732 exhibebimus
1456 1687 1644 1727 vocum
1693 1671 1954 1725 rariorum
1995 1683 2115 1737 quae

538 1779 593 1834 in
615 1774 908 1832 Prudentio
936 1778 1243 1834 occurrunt,
1266 1775 1320 1822 et
1351 1766 1509 1837 206
1533 1765 1710 1833 aliquo
1747 1771 1899 1831 pacto
1930 1761 2113 1815 venire

536 1879 764 1944 possunt
806 1867 858 1921 in
894 1862 1335 1920 controversiam.
1370 1861 1442 1915 Ita
1476 1872 1602 1913 vero
1650 1856 1938 1924 scriptores
1965 1864 2114 1908 vete-
2145 1857 2193 1916 B

534 1977 627 2019 res
654 1960 873 2016 Latinos
909 1956 975 2011 ad
1022 1954 1248 2024 alicujus
1286 1953 1432 2007 vocis
1462 1966 1616 2006 usum
1656 1946 2112 2018 comprobandum

537 2051 833 2114 advocabo,
861 2057 917 2104 ut
946 2047 1211 2102 interdum
1242 2058 1417 2114 neque
1452 2041 1611 2096 verba
1642 2053 1952 2110 expromam
1972 2078 1986 2103 ,
2022 2052 2118 2092 nc-

535 2166 643 2220 que
663 2150 779 2203 loca
807 2145 1056 2210 indicem,
1091 2158 1210 2197 cum
1241 2140 1447 2195 scilicet
1475 2154 1536 2193 ea
1579 2137 1732 2192 facile
1762 2137 1867 2206 peti
1898 2143 2118 2206 possunt

537 2257 603 2296 ex
632 2238 896 2295 accuratis
920 2235 1110 2291 lexicis
1138 2231 1448 2297 Facciolati,
1477 2229 1763 2285 Forcellini
1790 2238 1844 2282 et
1864 2229 2113 2292 aliorum,

537 2341 631 2388 aut
658 2346 724 2385 ex
753 2325 1121 2393 Christorhori
1169 2322 1387 2378 Cellarii
1427 2323 1567 2376 curis
1617 2319 2004 2390 posterioribus
2049 2318 2118 2374 de

535 2421 880 2480 barbarismis
900 2429 953 2474 et
977 2417 1259 2473 idiotismis
1291 2415 1558 2492 sermonis
1581 2412 1754 2468 Latini
1786 2412 2000 2467 tertium
2031 2425 2118 2466 re-

538 2515 786 2586 cognitis,
808 2527 878 2568 ex
903 2510 1017 2566 Olai
1043 2508 1298 2564 Borrichii
1324 2506 1613 2571 Analectis,
1639 2520 1703 2559 ex
1735 2504 1965 2558 Andreze
1990 2502 2118 2556 Bor-

536 2606 690 2664 riehii
719 2604 1012 2676 appendice
1053 2601 1120 2656 ad
1168 2614 1323 2654 curas
1369 2599 1693 2668 posteriores
1731 2596 1977 2660 Cellarii,
2006 2595 2118 2648 sive

510 2735 512 2737 -
537 2697 1002 2757 observationibus
1033 2696 1173 2750 circa
1204 2693 1446 2747 Latinam
1479 2691 1739 2759 linguam,
1769 2689 1963 2757 quibus
1991 2685 2117 2742 Cel-

538 2793 704 2848 larius
733 2790 982 2861 opposuit
1011 2787 1396 2841 discessionem
1426 2781 1738 2852 appendicis
1768 2780 2001 2836 Daniezn.

1084 2921 1310 2977 CAPUT
1352 2919 1587 2975 XXVIII.

546 3022 782 3076 Veterum
829 3026 875 3070 et
935 3016 1269 3070 recentiorum
1317 3013 1657 3083 quorumdam
1725 3012 1788 3066 de
1833 3012 2118 3066 Prudentia

769 3087 1074 3153 testimonia.
1107 3085 1353 3159 Ejusdem
1374 3086 1569 3153 antiqui
1595 3085 1889 3137 imitatores.

765 3199 815 3249 C.
855 3196 1114 3249 SOLLIUS
1149 3193 1566 3245 APOLLINARIS
1600 3192 1895 3242 SIDONIUS

1083 3277 1211 3338 (Lib.
1238 3291 1289 3338 ll,
1316 3277 1461 3338 epist.
1491 3275 1562 3336 9.)

607 3387 732 3443 2M.
777 3360 890 3440 Iluc
934 3383 1054 3440 libri
1108 3382 1306 3437 affatim
1345 3382 1396 3434 in
1434 3390 1750 3450 promptu...
1787 3380 1928 3436 Licet
1969 3398 2114 3451 qua:-

539 3483 677 3551 piam
711 3477 976 3535 volumina
1002 3476 1372 3546 quorumpiam
1414 3482 1690 3554 auctorum
1738 3485 2011 3528 servarent
2057 3474 2110 3529 in

539 3573 712 3628 causis
741 3569 1043 3638 disparibus
1089 3567 1300 3621 dicendi
1346 3565 1686 3634 parilitatem.
1740 3563 1869 3617 Nam
1919 3565 2112 3620 similis

608 3705 684 3775 (a)
727 3703 995 3769 Barthius,
1025 3701 1119 3756 lib.
1154 3718 1182 3754 x
1233 3701 1390 3775 Λᾶν..
1418 3702 1636 3775 e_ap._‘.’.:
1673 3700 2110 3775 Similis,_inquit,

537 3771 762 3832 scientia:
799 3775 934 3826 viros
972 3789 1072 3824 non
1105 3775 1297 3839 [rustra
1339 3772 1468 3823 dixit
1515 3772 1782 3824 Horatium
1806 3783 1851 3824 et
1881 3771 2117 3828 Pruden-

539 3849 667 3900 tium
687 3843 997 3914 Apollinaris
1023 3842 1290 3914 Sidonius.
1305 3841 1380 3895 De
1399 3841 1489 3894 illo
1505 3843 1639 3914 enim
1654 3851 1872 3914 constat,
1891 3846 2115 3900 omnium

539 3912 962 3986 philosophorum
992 3915 1143 3986 ﬂores
1185 3923 1230 3986 et
1258 3913 1493 3986 dogmata
1542 3912 1808 3978 delibasse,
1863 3916 1943 3967 hic
1985 3917 2115 3970 nihil

539 3983 643 4040 non
670 3984 973 4040 Christianae
999 3983 1258 4053 sapientia:
1280 3983 1506 4054 attingit,
1535 3986 1854 4054 numerisque
1879 3986 2114 4054 facilibus

539 4056 764 4126 quidem,
793 4055 1095 4126 sed~tamen
1124 4053 1380 4126 iu_terioris
1408 4053 1558 4126 etiam
1585 4053 1890 4126 eloquentia}
1916 4074 2114 4112 servan-

540 4123 692 4180 tibus.
726 4133 765 4180 A
797 4126 853 4180 S.
873 4123 1135 4194 Gregorio
1151 4123 1446 4194 Turonensi
1477 4125 1745 4178 laudatum
1772 4125 2115 4183 Prudentium

540 4197 707 4251 habes
741 4197 792 4250 in
821 4193 1112 4250 Comment.
1147 4193 1210 4247 ad
1243 4195 1425 4262 bymn.
1471 4196 1502 4249 ϐ
1531 4197 1774 4249 Cathem.
1807 4213 1949 4252 vers.
1983 4200 2032 4264 1,
2064 4209 2118 4254 et

537 4268 835 4336 Apotlteos.
871 4281 1013 4321 vers.
1043 4265 1170 4336 449.
1207 4265 1443 4334 Elogium
1476 4281 1580 4334 quo
1610 4265 1953 4323 Prudentiqu
1977 4269 2116 4323 Geu-

539 4335 731 4393 nadius
761 4339 996 4401 ornavit,
1028 4335 1150 4389 vide
1175 4350 1322 4388 num.
1357 4338 1442 4391 6t).
1879 4373 1882 4376 ρ
1959 4370 1961 4372 -

613 4409 686 4478 (b)
730 4410 1047 4461 Muratorius
1079 4416 1210 4478 tom.
1237 4406 1591 4478 ll_Aneedot.,
1627 4423 1676 4475 p.
1707 4408 1836 4475 208,
1863 4409 2118 4465 describit

540 4475 918 4532 htec'carmina
935 4478 1032 4530 sub
1054 4475 1207 4546 titulo
1231 4491 1246 4527 :
1291 4475 1623 4546 Vetustissimi
1647 4494 1820 4531 versus
1838 4519 1852 4543 ,
1879 4481 1964 4546 qui
1995 4481 2115 4534 olim

539 4528 930 4619 invbiltliotlteea
1082 4544 1272 4619 [sideri

543 4619 716 4672 codice
740 4617 1094 4670 vetustissimo.
1113 4617 1236 4669 llaec
1255 4616 1488 4669 carmina
1513 4616 1768 4682 nusquam
1789 4629 1998 4674 exstare
2020 4623 2112 4676 im-

541 4702 726 4760 pressa
757 4688 973 4760 putabat
998 4686 1315 4760 Muigtorius
1346 4704 1357 4738 :
1391 4688 1484 4760 sed
1511 4704 1752 4760 magnam
1778 4702 1978 4757 partem
2005 4692 2114 4760 jam

538 4756 786 4832 ediderat
813 4758 1057 4832 Joannes
1090 4756 1358 4832 Tamayus
1387 4756 1728 4832 de_Salazar_
1755 4756 1806 4813 iit
1839 4756 2112 4832 Marty'rol.

541 4819 696 4897 Ilisp.
728 4828 815 4882 die
836 4829 869 4900 Al
894 4827 1110 4893 Aprilis.
1142 4827 1199 4882 In
1231 4819 1907 4900 hiuratoriosuntdisticba
1930 4819 1997 4886 4t}
2017 4875 2032 4900 ,
2059 4834 2113 4888 in
2153 4877 2160 4883 .

541 4902 779 4970 'l‘atnayo
809 4899 898 4964 52,
947 4900 1198 4971 pleraque
1236 4898 1422 4952 eadem
1455 4940 1469 4964 ,
1509 4899 1750 4968 qutedam
1779 4898 2024 4971 diversa.
2046 4903 2115 4958 At

540 4967 766 5044 interest
793 4967 971 5039 magni
988 4983 1017 5020 a
1042 4969 1327 5024 Muratorio
1347 4984 1468 5024 esse
1489 4967 1660 5044 edita;
1686 4986 1806 5025 nam
1835 4973 1879 5025 si
1894 4967 2114 5044 Tamayi

539 5042 710 5096 solius
748 5054 940 5094 nomen
971 5051 1291 5108 appareret,
1328 5055 1486 5095 nemo
1523 5042 1592 5095 de
1625 5042 1855 5104 falsitate
1883 5058 1989 5096 non
2018 5042 2116 5098 du-

540 5112 764 5176 bitaret;
798 5125 939 5164 nunc
966 5112 1089 5178 quia
1117 5118 1172 5164 ct
1197 5111 1539 5178 Muratorius,
1569 5121 1622 5166 et
1648 5113 1808 5166 codex
1837 5115 2116 5167 vetustissi-

541 5199 653 5236 mus
683 5187 1006 5252 nominatur,
1029 5195 1187 5235 nemo
1205 5181 1255 5234 in
1282 5181 1498 5252 dubium
1515 5184 1786 5237 revocabit
1805 5185 2107 5239 veritatem.

538 5253 722 5321 Neque
743 5250 842 5320 ego
855 5251 1075 5333 quidem
1096 5259 1279 5333 contra
1300 5250 1588 5332 quidquam
1615 5265 1902 5374 egenam,
1918 5255 1970 5320 fsi
1986 5270 2111 5309 vere

539 5323 708 5374 codex
734 5323 893 5374 fuerit
921 5331 1309 5374 vetustnssrmus
1334 5363 1348 5374 .
1378 5321 1612 5374 alioquin
1692 5323 1972 5374 thliOtheca
2004 5325 2111 5374 Me-

539 5323 708 5377 eodex
734 5323 893 5377 fuerit
921 5322 1309 5376 vetustissimus
1334 5363 1348 5384 ,
1378 5321 1612 5390 alioquin
1639 5321 1972 5378 Biblimbeca
2004 5325 2113 5380 Me-

539 5392 865 5448 diolanensis
904 5392 1209 5444 nonnullam
1243 5391 1370 5444 mihi
1411 5393 1769 5459 suspicionem
1815 5395 2071 5449 excitaret
2096 5437 2112 5462 ,

540 5464 600 5516 in
619 5479 774 5530 quam
803 5462 934 5517 olim
967 5462 1174 5516 invecta
1214 5470 1421 5514 constat
1471 5463 1993 5529 plura_monumenla
2041 5481 2107 5520 ex

540 5533 811 5598 Hispaniis
839 5532 1020 5586 allata.
1056 5531 1167 5586 Nec
1197 5531 1326 5583 mibi
1350 5530 1480 5584 satis
1506 5531 1672 5600 liquet
1700 5547 1765 5586 an
1799 5533 2111 5590 Muratorius

539 5611 860 5656 vetustatem
895 5602 1092 5657 codicis
1123 5601 1355 5656 examini
1378 5601 1684 5670 subjecerit,
1717 5613 1772 5657 et
1798 5618 1885 5668 an,
1911 5606 1953 5659 si
1985 5607 2112 5660 sub-

539 5673 692 5740 jecit,
734 5687 945 5727 omnem
984 5687 1101 5727 eam
1149 5671 1475 5740 diligentiam
1509 5687 1625 5741 qu:c
1668 5673 1727 5740 in
1780 5673 1880 5727 boe
1911 5689 2109 5742 genere

505 5787 508 5794 .
542 5744 844 5797 necessaria
902 5751 1046 5796 esset
1081 5742 1382 5797 adhibuerit
1411 5761 1421 5795 :
1467 5758 1573 5797 non
1616 5743 1758 5797 enim
1792 5744 2108 5800 Muratorius

545 5811 792 5881 fraudes,
825 5827 941 5882 qua;
967 5813 1019 5866 in
1042 5812 1343 5880 bujusmodi
1379 5815 1588 5883 scriptis
1619 5823 1896 5868 auctorum
1924 5815 2108 5889 Hispal-

2223 563 2416 629 ratius,
2466 562 2589 616 hinc
2639 562 2962 616 Prudentius
3009 562 3398 618 lectitabantur.
3471 564 3616 633 Quos
3671 567 3806 622 inter

2222 653 2576 709 Adamantius
2603 653 2879 722 Origenes,
2903 653 3166 708 Turranio
3190 655 3381 708 Ruﬁno
3406 657 3580 725 interp
3613 665 3801 724 (llllls,

2222 745 2409 800 scdulo
2438 744 2558 800 fidei
2592 754 2790 800 nostrae
2818 745 3108 800 lectoribus
3139 746 3520 815 inspiciebatur
3544 750 3642 817 (a).

2868 859 3124 909 AVt'rL's.
3167 839 3171 842 ’

2559 941 2654 1002 (Ad
2680 941 2936 991 Fuscinam
2959 954 3180 991 sororem
3207 955 3320 992 vers
3341 943 3476 1006 414.)

2280 1025 2369 1075 Hae
2396 1025 2586 1074 virtutis
2609 1036 2750 1086 epes,
2777 1025 2882 1072 haec
2904 1031 3018 1074 sunt
3039 1024 3209 1074 solatia
3238 1023 3372 1082 belli,

2283 1089 2400 1145 Quis
2422 1087 2624 1135 dubium
2647 1086 2881 1134 adversus
2903 1090 3084 1136 mentis
3107 1100 3215 1135 cum
3240 1101 3446 1147 corpore
3473 1087 3656 1135 bellum

2285 1149 2391 1210 Ipsa
2414 1160 2528 1197 suos
2551 1147 2978 1210 armatclamantis
3001 1149 3204 1197 buccina
3231 1149 3390 1206 Pauli,

2282 1208 2400 1274 Quae
2427 1209 2656 1270 prudenti
2683 1208 2796 1256 olim
2824 1211 3004 1258 cecinit
3021 1210 3324 1259 Prudentius
3345 1224 3452 1259 ore.

2418 1291 2494 1353 (In
2525 1291 2761 1341 Chronico
2785 1293 2876 1341 sub
2901 1294 3097 1342 nomine
3117 1293 3346 1356 Prosperi
3371 1293 3565 1342 'l‘iro..is
3588 1293 3606 1353 )

2288 1374 2609 1429 Prudentius
2640 1374 2835 1444 lyricus
2864 1385 3020 1444 poeta
3068 1385 3273 1443 noster,
3311 1375 3579 1445 Hispanus
3613 1393 3814 1444 genere

2226 1465 2444 1532 illustri,
2479 1465 2676 1535 ingenii
2703 1467 2784 1521 sui
2811 1467 2976 1522 robur
3004 1479 3244 1524 exercet.

2681 1580 2732 1628 S.
2772 1579 3068 1630 ISlI)ORUS
3113 1578 3545 1630 HISPALENSIS.

2711 1667 2807 1730 (In
2830 1680 2918 1714 sua
2952 1663 3272 1714 Bibliotheca.
3293 1661 3334 1722 )’

2214 1747 2306 1797 242
2343 1750 2395 1798 Si
2421 1751 2572 1808 Maro,
2599 1753 2636 1799 si
2663 1750 2878 1807 Flaccus,
2899 1749 2938 1797 si
2956 1747 3099 1806 Naso,
3126 1753 3178 1796 et
3203 1746 3403 1795 Persius
3429 1747 3620 1802 borrct;

2406 1811 2630 1862 Lucanus
2650 1815 2689 1861 si
2717 1821 2785 1869 te,
2810 1811 3140 1872 Papiniusquc
3166 1809 3303 1858 tedet
3329 1824 3341 1854 :

2341 1873 2438 1922 Par
2459 1881 2540 1924 eat
2559 1876 2738 1923 eximio
2756 1871 2912 1922 dulcis
2946 1871 3242 1919 Prudentius
3263 1885 3372 1926 ore,

2404 1936 2702 1986 Carminibus
2721 1938 2865 1985 variis
2887 1934 3063 1982 nobilis
3087 1933 3170 1981 ille
3188 1935 3305 1982 satis
3335 1931 3424 1994 (ὸ).
3504 1965 3506 1967 -

2804 2037 3252 2089 ἘΟΒΤυΝΑἹἪΞ.

2590 2125 2609 2187 (
2631 2122 2681 2171 In
2720 2122 2851 2184 przef.
2873 2122 2984 2170 libr.
3003 2121 3068 2169 de
3093 2122 3145 2169 S.
3174 2119 3392 2169 Martino.
3414 2121 3430 2180 )

2347 2205 2732 2269 Martyribusqne
2759 2207 2849 2266 piis
2868 2215 3011 2269 sacra
3025 2203 3127 2269 haec
3147 2202 3346 2269 donaria
3360 2205 3567 2269 mittens

2345 2263 2566 2316 Prudens
2591 2263 2862 2330 prudenter
2886 2265 3181 2314 Prudentius
3213 2263 3427 2312 immolat
3459 2273 3598 2312 actus
3627 2266 3708 2324 (c).

2627 2351 2771 2402 VEN.
2796 2349 2962 2400 BEDA
2987 2348 3368 2398 PRESBYTER.

2705 2435 2721 2498 (
2749 2435 2823 2485 De
2847 2433 3050 2483 Ratione
3075 2435 3289 2482 metrica.
3314 2435 3331 2492 )

2293 2521 2514 2576 Metrum
2555 2521 2840 2575 iambicum
2870 2519 3139 2574 senarium
3170 2518 3358 2588 recipit
3398 2518 3633 2573 iambum
3681 2519 3807 2575 locis

2221 2615 2470 2671 omnibus
2496 2655 2510 2680 ,
2539 2613 2867 2668 tribracltum
2896 2613 3025 2666 locis
3054 2611 3304 2666 omnibus
3347 2621 3544 2677 praeter
3570 2598 3802 2667 novissi-

2221 2724 2397 2772 mum;
2429 2707 2762 2778 spondaaum,
2785 2705 3056 2776 dactylum
3085 2713 3139 2759 et
3166 2714 3495 2772 anapaestum
3530 2705 3664 2758 locis
3694 2715 3807 2759 tan-

2221 2809 2332 2855 tttm
2383 2798 2712 2868 imparibus,
2756 2795 3131 2868 Pyrrhichium
3181 2794 3298 2848 loco
3349 2803 3557 2848 tantum
3592 2796 3802 2862 ultimo,

2220 2899 2330 2963 qub
2375 2892 2739 2947 nobilissimus
2771 2888 3145 2958 Hispaniarum
3178 2887 3533 2944 scholasticus
3557 2890 3808 2944 Aurelius

2221 2985 2465 3040 Prudens
2487 2985 2736 3039 Clemens
2765 2982 2979 3052 scripsit
2999 2981 3315 3051 prooemium
3341 2981 3804 3051 Psychomachite,

2221 3077 2275 3131 id
2306 3085 2386 3131 est
2412 3119 2425 3142 ,
2478 3074 2600 3130 libri
2631 3089 2787 3144 quem
2833 3075 2899 3128 de
2942 3081 3195 3128 Virtutum
3240 3071 3605 3143 vitiorumque
3638 3089 3807 3143 pugna

2226 3169 2444 3223 heroico
2472 3167 2708 3222 carmine
2729 3167 3047 3236 composuit.
3081 3165 3155 3219 lta
3179 3165 3320 3220 enim
3350 3164 3568 3220 inchoat
3601 3185 3611 3218 :
3645 3166 3749 3221 Sen
3773 3184 3809 3220 τε

2139 3238 2186 3300 C
2219 3262 2408 3329 ﬁdelis,
2447 3260 2610 3329 prima
2640 3258 2880 3311 credendi
2910 3259 2988 3310 via
3017 3257 3121 3324 (ά).

2617 3346 3040 3397 THEODULFUS
3072 3326 3408 3395 AtrataLIiN.

2744 3429 2760 3491 (
2791 3427 2897 3476 Lib.
2936 3443 2998 3485 tv,
3025 3442 3170 3476 carm.
3199 3427 3283 3487 1.)
3371 3423 3380 3430 ’

2214 3515 2322 3566 2l5'
2433 3515 2737 3576 Diversoque
2749 3519 2935 3576 potens
2959 3513 3229 3576 prudenter
3255 3525 3442 3573 ponere
3469 3513 3606 3575 plura

2494 3574 2669 3635 Metro,
2695 3588 2725 3623 ο
2748 3574 3002 3635 Prudenti,
3045 3585 3212 3623 noster
3235 3582 3286 3623 et
3311 3576 3416 3636 ipse
3439 3574 3619 3637 parens
3639 3577 3727 3639 (ε).

2222 3723 2410 3762 norum
2443 3709 2809 3777 coniungendis
2838 3710 3035 3766 saeculo
3061 3711 3324 3780 superiori
3355 3713 3688 3766 invaluerant
3717 3728 3804 3768 sa-

2220 3781 2290 3833 tis
2311 3779 2520 3834 videtur
2538 3781 2837 3851 agnovisse.
2866 3781 3030 3849 Hujus
3056 3779 3376 3850 suSpicionis
3408 3793 3801 3851 argumentum,

2221 3860 2396 3905 exstat
2423 3860 2583 3923 _tomo
2609 3849 2698 3923 _IV
2730 3849 3296 3923 ejus_lnseript_ionum
3326 3895 3340 3921 ,
3389 3849 3504 3923 pag.
3545 3868 3747 3907 ICILIII
3780 3893 3800 3917 ,

2223 3937 2369 3998 nunt.
2414 3921 2486 3998 2_,
2534 3920 2622 3998 ubi
2650 3920 3806 3998 epitaphium”Wistremiri'archiepiscopi

2222 3991 2467 4062 Toletani
2499 3991 2720 4061 profert,
2754 3993 2890 4062 apud
2920 3992 3213 4058 Julianum,
3247 3994 3437 4062 inquit,
3469 3991 3800 4047 archidiaco-

2224 4079 2347 4114 num
2393 4061 2691 4116 Toletanum
2723 4061 2792 4117 S.
2828 4061 3014 4117 lustre.
3052 4064 3095 4116 Ε
3134 4061 3332 4118 seltedis
3375 4065 3522 4118 meis.
3575 4065 3642 4118 Et
3682 4081 3801 4119 cum

2223 4133 2291 4186 de
2321 4133 2562 4187 versibus
2591 4132 2846 4204 Leoninis
2897 4135 3090 4202 quibus
3127 4137 3454 4204 epigramma
3508 4135 3640 4188 illud
3673 4151 3806 4195 con-

2222 4210 2349 4276 stat,
2377 4204 2684 4276 nonnullam
2713 4203 3081 4276 difficultatem
3114 4203 3400 4260 excitasset
3425 4207 3804 4276 solvissetque,

2221 4273 2368 4326 addit
2393 4291 2404 4324 :
2437 4274 2584 4339 Quod
2613 4274 2839 4329 fortasse
2869 4275 3123 4344 difﬁcilius
3153 4292 3206 4328 se
3227 4276 3352 4328 mihi
3379 4276 3548 4342 oﬂ'ert.
3574 4278 3628 4328 in
3656 4273 3807 4330 hocce

2222 4345 2368 4417 titulo
2419 4345 2678 4417 designari
2717 4346 2952 4417 videntur
2997 4346 3218 4417 insignia
3266 4346 3421 4417 (nunc
3473 4347 3698 4400 dicimus
3739 4364 3802 4401 LF.

2221 4414 2638 4489 anut')._..ANum
2669 4415 2858 4489 siccato
2901 4431 3034 4489 nono
3084 4414 3134 4468 in
3181 4414 3281 4489 usu:
3324 4417 3466 4489 fuere
3509 4417 3806 4489 hujusmodi

2204 4484 2480 4555 insignia?
2525 4502 2626 4538 non
2684 4485 2922 4538 arbitror.
2963 4486 3133 4552 Quare
3180 4484 3368 4539 nodum
3414 4484 3807 4541 hunc'eruditis

2224 4554 2476 4621 Hispanis
2503 4557 2850 4609 resolvendum
2880 4557 3128 4624 relinquo.
3164 4557 3277 4610 Non
3308 4572 3434 4626 ergo
3459 4558 3663 4626 legerat
3693 4559 3805 4613 Mu-

2221 4627 2451 4678 ratorins
2474 4641 2590 4692 qua:
2620 4626 2687 4681 de
2714 4627 2930 4693 scriptis
2973 4629 3324 4694 suppOsititiis
3355 4628 3506 4680 istius
3535 4628 3804 4682 archida-

2218 4696 2552 4767 coniluliani
2600 4696 2715 4750 Nic.
2753 4697 3014 4751 Antonius
3041 4698 3132 4751 lib.
3163 4714 3231 4750 vn
3270 4698 3484 4752 Bibliot.
3517 4709 3624 4752 vet.
3652 4699 3802 4767 Hisp.

2219 4765 2336 4819 fuse
2357 4776 2748 4821 commentatus
2772 4768 2961 4821 fuerat.
2997 4768 3126 4832 Sed,
3153 4777 3210 4821 ut
3232 4771 3295 4820 ad
3314 4782 3502 4822 versus
3528 4769 3587 4820 S.
3615 4765 3805 4823 [sideri

2218 4839 2457 4904 redeam,
2488 4837 2537 4890 in
2563 4846 2824 4905 postrema
2849 4837 3084 4892 editione
3111 4839 3306 4892 Matrit.
3335 4841 3497 4906 Oper.
3527 4837 3585 4892 S.
3613 4840 3804 4893 Isidori

2218 4906 2540 4962 exhibentur
2555 4908 2741 4962 eadem
2769 4908 3241 4962 disticbaauctiora
3269 4924 3334 4962 ex
3365 4910 3488 4964 cod.
3526 4925 3631 4963 ms.
3659 4910 3802 4964 Bibl.

2218 4975 2351 5045 Reg.
2376 4977 2562 5032 Petrus
2591 4976 2827 5031 Crinitus
2859 4979 2948 5031 lib.
2983 4979 3109 5047 vde
3131 4979 3307 5032 Poetis
3329 4978 3534 5032 Latinis
3560 4994 3680 5047 cap.
3709 4981 3806 5044 90,

2217 5048 2356 5116 quod
2379 5047 2472 5115 ait,
2498 5047 2758 5101 Isidorum
2793 5049 2996 5111 testari,
3013 5046 3347 5101 Prudentium
3373 5049 3424 5100 in
3444 5046 3643 5102 Latinis
3665 5051 3801 5102 litte-

2217 5118 2293 5188 ris
2322 5133 2505 5188 magna
2527 5117 2815 5188 diligentia,
2843 5119 3050 5187 parique
3075 5120 3246 5172 studio
3276 5119 3601 5184 institutum,
3629 5120 3719 5173 ubi
3752 5121 3807 5174 id

2219 5187 2419 5257 legerit
2446 5187 2758 5257 neque’ipse
2788 5189 3056 5249 declarat,
3089 5204 3261 5258 neque
3290 5204 3388 5258 ego
3421 5191 3657 5244 invenio.

2289 5258 2599 5328 (σλΑιιηόίι
2619 5261 2683 5310 ad
2709 5259 3106 5312 conclusionem
3150 5273 3243 5312 seu
3266 5260 3532 5328 epilogum
3558 5259 3805 5316 Pruden-

2219 5329 2276 5382 tii
2308 5347 2319 5381 :
2352 5327 2592 5402 Immolat
2623 5329 2729 5381 Deo
2770 5328 2950 5394 Patri,
2984 5329 3071 5397 qui
3100 5337 3219 5398 post
3241 5327 3432 5383 librum
3460 5329 3805 5402 Peristcplia-

2217 5414 2328 5454 nwu
2362 5400 2671 5453 collocatur.
3214 5421 3220 5428 -

2286 5470 2366 5537 (ά)
2397 5467 2671 5539 Weitsius,
2692 5483 2755 5523 ac
2777 5469 2940 5523 multo
2961 5469 3128 5539 magis
3151 5467 3544 5524 Chamillardus
3567 5470 3635 5523 ita
3661 5471 3804 5526 hunc

2215 5537 2392 5661 {non}?
2417 5538 2710 5607 depravant
2739 5547 2794 5592 ut
2824 5555 2930 5593 non
2959 5537 3226 5610 intelligas
3254 5540 3380 5610 quid
3410 5542 3550 5595 Beda
3585 5543 3686 5596 sibi
3711 5557 3804 5598 vo-

2237 5623 2350 5661 uert
2383 5647 2395 5659 .

2237 5609 2395 5662 uerit.

2285 5678 2516 5752 (e)_Eum
2561 5691 2804 5752 recenset
2844 5679 2984 5735 inter
3015 5680 3177 5734 libros
3202 5696 3336 5752 quos
3368 5682 3549 5752 legere
3572 5683 3798 5737 solebat.

2215 5748 2466 5817 Ejusdem
2497 5751 2816 5821 auctoritate
2863 5752 2914 5804 in
2949 5748 3389 5821 dogmatis—Fidei
3414 5748 3802 5807 conﬁrmandis

2214 5819 2504 5886 nonsemel
2541 5821 2723 5873 utitur.
2756 5821 2838 5875 Ab
2860 5819 3050 5876 eodem
3077 5821 3373 5876 Theodulfo
3402 5823 3656 5877 llabunus
3688 5839 3799 5876 mu-
