4102 6348
323 372 421 427 755

857 487 1018 559 203
1061 493 1347 543 uiuimus

321 582 464 634 Inter
501 580 812 652 euangelicos
848 580 1003 652 viros,
1062 580 1147 646 qui
1180 580 1422 652 insignes
1473 577 1628 629 libros
1683 578 1901 629 carmine

639 648 903 705 ediderunt
934 648 1276 703 Prudentium
1303 656 1581 701 enumerat.

319 744 415 805 (De
438 742 594 793 Instit.
622 742 788 791 cleric.
818 741 897 790 lib.
920 753 985 801 Ill,
1007 753 1111 802 cap.
1142 738 1214 801 18,
1243 746 1295 788 et
1316 738 1379 787 de
1399 736 1512 787 0rd.
1531 749 1653 785 sacr.
1674 748 1777 799 cap.
1804 735 1898 797 12.)

391 848 495 902 Sed
524 856 578 903 et
622 846 873 903 Clemens
904 844 1228 899 Prudentius
1275 842 1665 897 disertissimus
1690 882 1705 907 ,
1737 852 1899 910 atque

317 937 797 995 christianissimus
834 945 994 1008 poeta
1026 937 1082 991 in
1113 936 1213 991 hac
1238 934 1624 1006 signiﬁcatione
1650 947 1896 1003 pompam

319 1034 502 1103 posuit
514 1034 577 1100 ju
607 1031 744 1089 libro
771 1030 1227 1102 Psychomachiaa.

976 1140 1245 1193 INCERTI.

675 1226 787 1291 (Ex
817 1213 921 1275 cod.
944 1238 1038 1275 ms.
1065 1225 1172 1275 Vat.
1208 1222 1355 1274 Alex.
1381 1224 1489 1274 321.
1520 1225 1535 1285 )

375 1311 491 1361 Hac
532 1311 665 1373 lege,
693 1311 775 1372 qui
799 1308 1123 1373 rectumlidei
1145 1309 1216 1357 vis
1237 1319 1446 1373 noscere
1471 1306 1675 1373 callem:

438 1369 627 1434 Quiqu‘e
649 1369 898 1420 ‘héresum
923 1369 1097 1434 sollers
1114 1370 1294 1434 spicula
1319 1369 1448 1418 vafra
1472 1370 1615 1430 fugis.

378 1435 467 1484 Hic
490 1432 575 1483 tibi
596 1434 782 1496 peccati
802 1433 984 1496 veteris
1008 1432 1243 1491 pandetur
1263 1433 1417 1491 origo,

435 1496 529 1546 Hic
553 1491 673 1544 nova
701 1496 774 1543 vis
791 1495 938 1542 animi
963 1500 1173 1542 monstra
1194 1502 1397 1541 veterna
1417 1491 1585 1555 lugens

376 1558 609 1607 Funditus
634 1558 763 1606 idolii
788 1558 940 1604 virtus
963 1568 1136 1603 eversa
1156 1554 1339 1615 jacebit
1364 1569 1375 1602 :

435 1619 507 1669 Ac
529 1622 725 1681 penitus
744 1618 859 1667 tetri
880 1618 1043 1681 lingua
1066 1622 1257 1681 teretur
1285 1616 1438 1676 hydri.

380 1677 589 1744 luclytus
610 1682 689 1729 hic
713 1685 889 1740 martyr
916 1677 1102 1744 elingui
1125 1677 1349 1725 concinet
1371 1689 1479 1733 ore,

435 1740 754 1803 lleroumque
780 1753 892 1803 acer
906 1740 1013 1803 rite
1038 1750 1237 1803 canetur
1270 1751 1414 1798 agon.

373 1797 883 1864 Christisouis'hymnis
904 1800 1014 1848 libri
1038 1802 1187 1864 prima
1211 1812 1295 1846 ora
1306 1797 1553 1847 resultant
1578 1810 1588 1843 :

439 1865 618 1914 Finalis
639 1862 771 1913 vario
789 1875 922 1911 musa
946 1872 1123 1909 canore
1151 1862 1275 1908 boat.

374 1927 517 1975 Hunc
542 1934 615 1985 tu,
640 1938 824 1987 quaeso,
848 1922 1085 1985 frequens
1101 1921 1290 1987 mellito
1312 1927 1512 1981 gutture
1537 1926 1700 1970 ructes
1721 1937 1735 1981 ;

435 1988 578 2037 Hunc.
597 1984 768 2038 verses
791 1984 967 2043 animo,
991 1984 1208 2031 moribus
1230 1984 1359 2032 hunc
1395 1990 1580 2032 teneas.

379 2050 551 2110 Deque
578 2051 672 2098 imo
684 2050 743 2097 in
765 2048 937 2097 ccelum
960 2047 1163 2110 suspiria
1198 2052 1398 2110 pectore
1420 2044 1591 2110 fundas

437 2104 534 2159 P'ro
558 2124 655 2173 me,
681 2122 865 2173 proque
902 2120 1033 2166 meo,
1044 2104 1144 2169 'qui
1170 2104 1304 2155 uetat
1326 2106 1446 2167 haec,
1472 2104 1649 2155 famulo
1673 2104 1766 2167 ((ι).

870 2232 877 2237 ·
924 2208 1265 2261 DUNGALUS

315 2301 567 2355 Adversus
584 2297 856 2353 Claudium
870 2296 1175 2349 Taurinens.
1192 2294 1342 2364 plura
1359 2310 1390 2347 a
1408 2293 1697 2350 Prudentia
1712 2294 1885 2359 sumit,

666 2369 919 2439 praecipue
940 2383 1098 2437 prope
1124 2366 1299 2433 ﬁnem,
1324 2366 1407 2419 ubi
1437 2368 1529 2420 ait.
1678 2370 1683 2375 '

384 2463 636 2520 Aurelius
667 2461 989 2516 Prudentius
1015 2459 1262 2514 Clemens
1292 2503 1307 2527 ,
1350 2459 1429 2512 vir
1455 2458 1758 2513 consularis
1789 2458 1891 2528 (b),

310 2571 377 2611 ac
406 2538 722 2610 ll‘iberorum
757 2552 1155 2607 eruditissimus
1181 2591 1196 2617 ,
1243 2549 1430 2605 eodem
1470 2550 1594 2604 ﬁdei
1630 2563 1693 2604 ac
1730 2548 1895 2603 devo-

310 2648 477 2703 tionis
499 2646 678 2702 studio
713 2645 940 2715 ﬂagrans
960 2688 974 2713 ,
1006 2643 1170 2698 multa
1210 2643 1276 2697 de
1308 2639 1618 2697 sanctorum
1649 2640 1896 2695 laudibus

310 2739 893 2809 intercessionibusque
940 2735 1242 2807 postulandi
1286 2736 1512 2790 metrico
1558 2735 1720 2806 209
1746 2743 1893 2788 textu

307 2832 637 2903 composuit.
670 2831 807 2885 llinc
841 2831 974 2884 mira
1005 2827 1304 2883 humilitate
1328 2826 1723 2883 substerneudo
1746 2825 1811 2879 ad
1834 2839 1894 2880 se

309 2941 639 2992 conversus,
664 2938 922 2993 suamque
950 2922 1243 2977 adhortans
1272 2920 1532 2988 animam,
1568 2919 1642 2973 ait
1670 2919 1723 2972 in
1752 2932 1892 2987 pra:-

309 3022 516 3077 fatione
543 3018 661 3073 libri
706 3035 718 3071 :
752 3016 912 3086 Atqui
960 3016 1063 3071 ﬁne
1104 3014 1204 3069 sub
1235 3016 1453 3078 ultimo,
1492 3020 1643 3068 etc...
1678 3012 1805 3067 item
1831 3012 1895 3066 de

307 3112 375 3169 S.
403 3108 671 3167 Laurentii
700 3108 947 3177 passione
976 3105 1155 3161 verbis
1178 3104 1383 3159 ornatis
1406 3104 1509 3172 ait,
1539 3110 1644 3159 etc.

762 3220 1097 3273 NOTKERUS
1121 3220 1465 3271 BALBULUS.

718 3305 861 3369 (Not.
887 3304 951 3355 de
976 3304 1078 3355 Vir.
1104 3303 1247 3353 illust.
1275 3316 1380 3365 cap.
1404 3302 1451 3351 7.
1477 3303 1493 3362 )

392 3391 451 3447 Si
482 3404 609 3445 vero
638 3388 797 3443 etiam
819 3397 987 3441 metra
1020 3384 1362 3455 requisieris,
1402 3399 1507 3437 non
1528 3391 1655 3438 sunt
1682 3382 1773 3437 tibi
1804 3398 1897 3437 ue-

312 3485 572 3540 cessariae
600 3482 876 3552 gentilium
905 3478 1097 3533 fabulae
1122 3519 1137 3543 ,
1169 3476 1263 3533 sed
1298 3476 1463 3532 habes
1491 3475 1544 3531 in
1570 3474 1893 3529 Christiani-

313 3587 431 3633 tate
463 3574 937 3645 prudentissimum
966 3571 1312 3627 Prudentium
1335 3570 1401 3624 de
1441 3568 1623 3623 mundi
1652 3568 1893 3633 exordio,

314 3671 392 3723 de
422 3668 763 3738 martyribus,
796 3665 862 3720 de
893 3663 1134 3719 laudibus
1166 3663 1285 3729 Dei,
1316 3663 1383 3718 de
1414 3662 1657 3732 patribus
1681 3661 1812 3715 Novi
1840 3669 1893 3715 et

319 3759 874 3817 VeterisTestamenti
897 3758 1204 3812 dulcissime
1232 3756 1615 3821 modulantem,
1643 3756 1898 3815 virtutum

314 3864 381 3909 et
403 3854 651 3908 vitiorum
691 3852 830 3907 inter
866 3865 925 3905 se
952 3849 1230 3904 conllictus
1261 3848 1589 3919 tropologica
1617 3848 1902 3903 dulcedine

316 3946 645 4001 suavissime
661 3944 1040 4015 proferentem,
1071 3950 1258 3997 contra
1290 3941 1571 3997 luereticos
1594 3950 1647 3995 et
1670 3955 1903 4011 paganos

317 4038 585 4094 acerrime
616 4044 957 4105 pugnantem.

608 4126 815 4177 BRU‘NO
855 4124 1157 4175 ANTISTES
1201 4121 1626 4173 COLONIENSIS.

392 4212 497 4274 (Ex
524 4211 703 4273 Georg.
732 4210 954 4259 Fabricio
978 4208 1035 4257 ad
1057 4208 1280 4271 hymnum
1302 4206 1356 4258 Δ.
1389 4206 1448 4255 Ι).
1478 4220 1555 4255 vm
1577 4206 1668 4255 cal.
1695 4206 1802 4255 Jau.
1827 4206 1844 4269 )

398 4316 521 4371 “254.
559 4315 756 4369 Locum
773 4314 825 4367 in
851 4312 1180 4367 eruditorum
1204 4308 1544 4366 biblimhecis
1558 4318 1611 4364 et
1633 4309 1688 4363 in
1713 4308 1931 4389 animis

323 4461 505 4507 tuatus
533 4461 614 4506 est
641 4451 796 4505 verba
827 4495 840 4513 ,
882 4465 999 4520 qua:
1030 4464 1152 4505 mox
1188 4450 1480 4519 proferam.
1512 4448 1587 4504 De
1615 4448 1899 4520 Agohardo

322 4524 449 4578 vide
484 4530 771 4577 comment.
805 4519 986 4591 hymn.
1012 4537 1104 4586 νη,
1146 4536 1285 4576 vers.
1322 4521 1459 4586 160;
1491 4521 1559 4576 de
1591 4520 1739 4590 Lupo
1771 4519 1901 4576 Fer-

326 4595 555 4649 rariensi
598 4593 832 4646 Hatnart.
861 4608 1001 4646 vers.
1028 4592 1079 4644 2.

324 4738 569 4793 codicem
590 4737 758 4799 ipsum
792 4735 1095 4801 recognovi.
1114 4736 1165 4787 In
1192 4736 1365 4802 primo
1388 4750 1546 4788 versu
1576 4734 1705 4787 nihil
1735 4742 1906 4799 muto,

328 4806 577 4876 quamvis
614 4806 665 4859 in
698 4804 882 4859 codice
911 4804 1196 4871 repererim
1226 4804 1484 4876 dinoscere
1509 4820 1606 4873 pro
1637 4820 1843 4876 noscere
1890 4820 1908 4856 :

328 4874 417 4931 est
453 4878 595 4931 enim
638 4891 787 4929 error
818 4876 1073 4927 metricus
1116 4874 1294 4928 famuli
1323 4877 1411 4943 qui
1443 4875 1557 4927 haec
1588 4874 1826 4939 notabat,
1855 4883 1913 4928 ut

330 4962 544 5015 aequum
576 4956 658 4999 est
677 4946 964 5012 conjicere.
996 4944 1050 4997 lu
1084 4960 1235 4998 versu
1264 4945 1296 4998 9
1326 4960 1354 4997 a
1381 4944 1569 4999 Teolio
1599 4944 1797 5015 omissa
1830 4952 1913 4997 est

329 5013 432 5071 vox
461 5017 598 5081 libri,
635 5018 686 5069 iu
724 5017 781 5068 11
815 5030 915 5068 vox
941 5015 1194 5082 frequens,
1228 5030 1345 5083 qua:
1381 5024 1557 5068 tamen
1589 5023 1713 5068 sunt
1744 5013 1796 5067 in
1821 5027 1911 5067 co-

332 5091 454 5144 dice
480 5128 494 5152 ,
519 5098 570 5140 et
618 5088 732 5140 sine
772 5086 964 5154 quibus
994 5100 1177 5137 versus
1212 5084 1632 5154 claudicaut._ln
1660 5098 1817 5138 versu
1845 5083 1913 5154 10

333 5162 461 5226 legit
483 5158 696 5211 'l‘eolius
719 5152 944 5220 In’aliis,
978 5170 1078 5223 ego
1092 5170 1155 5208 ex
1184 5156 1504 5208 membranis
1518 5152 1739 5226 Finalis,
1764 5153 1910 5226 quod

335 5222 499 5297 exigit
553 5238 811 5288 metrum,
860 5236 912 5280 et
952 5222 1257 5297 sententia:
1316 5240 1436 5279 nam
1464 5224 1735 5297 praecedit
1784 5222 1913 5276 libri

334 5294 486 5369 primi
516 5314 626 5359 ora,
651 5299 734 5351 cui
766 5307 1021 5369 consonat
1052 5294 1438 5369 Finalismusa.
1463 5296 1768 5369 ln_dlc_antur
1795 5308 1912 5369 om-

340 5364 427 5425 nia
473 5368 743 5422 Prudentii
773 5368 1008 5421 carmina
1038 5381 1102 5419 eo
1144 5366 1331 5421 ordine
1369 5382 1473 5436 quo
1515 5366 1566 5419 in
1600 5366 1699 5417 hoc
1727 5364 1913 5436 codice
1941 5390 1950 5395 -

339 5441 688 5497 continentur
718 5458 731 5493 :
760 5441 808 5492 1.
842 5438 1160 5492 Cltristisoni
1213 5434 1416 5508 hymni,
1471 5437 1571 5491 hoc
1596 5443 1678 5508 est
1716 5434 1913 5508 Cathe-

337 5513 589 5566 uterinwn
623 5510 794 5573 liber;
824 5509 879 5561 2.
908 5506 1267 5578 Apotheosis;
1303 5508 1355 5562 5.
1393 5506 1823 5570 Hamartigeuia;
1855 5506 1907 5578 4.

342 5581 792 5653 Ρςςειιοηιίημὶει)
960 5576 1101 5653 Libri
1153 5577 1799 5653 cor-tra_Syrnntachurtt;

340 5646 648 5711 Romanus;
674 5652 726 5703 7.
759 5651 1183 5716 Pcristepltanmn
1210 5666 1223 5713 ;
1272 5650 1325 5704 8.
1355 5646 1553 5703 Fiualis
1586 5663 1734 5702 musa
1761 5646 1913 5701 vario

340 5722 539 5777 canore
558 5765 570 5782 ,
604 5721 743 5785 quod
770 5733 848 5775 est
874 5721 1243 5775 Dittochmum.

414 5794 488 5863 (ὁ)
538 5792 786 5845 Dubitare
813 5792 1003 5859 aliquis
1047 5791 1231 5863 possit,
1260 5805 1324 5857 an
1355 5804 1383 5843 a
1416 5804 1574 5843 manu
1602 5788 1823 5863 Dougali
1845 5788 1915 5863 sit

340 5858 430 5917 τίν’
446 5858 753 5927 consularis,
784 5876 850 5917 an
881 5858 1050 5917 solum
1075 5859 1141 5919 V'.
1173 5862 1259 5926 C.,
1285 5875 1417 5924 quas
1441 5869 1593 5918 notas
1620 5858 1811 5920 aliquis
1844 5858 1909 5912 li-

1706 366 2232 424 PRULEGOMENA.

1929 490 1976 547 Α
2006 484 2210 553 piorum
2255 486 2447 539 merito
2490 494 2633 540 tenet
2662 485 3058 556 (Prudentius),
3112 492 3168 538 ut
3206 484 3335 539 olim
3380 483 3580 547 tenuit;

1932 4555 1988 4619 D

404 4668 476 4733 (α)
502 4664 611 4717 lloc
643 4664 967 4732 epigramma
995 4704 1009 4727 ,
1039 4678 1066 4715 a
1094 4664 1163 4716 cl.
1195 4662 1382 4717 Teolio
1426 4664 1753 4727 exscriptum
1776 4703 1790 4727 ,
1841 4663 1907 4717 ad
1970 4700 1975 4711 .

3479 369 3580 423 754

2006 591 2124 628 nam
2166 573 2359 629 'Bruno
2404 577 2626 632 antistes
2677 577 3017 632 Coloniensis
3040 620 3054 644 ,
3087 576 3192 630 dux
3222 575 3504 640 Saxoniae,
3529 586 3586 629 et

2003 666 2230 721 Othonis
2264 668 2277 720 l
2315 668 2653 737 imperatoris
2677 668 2878 735 frater,
2909 669 3026 739 ejus
3057 668 3309 723 volumen
3337 666 3582 722 ecclesiis
3610 720 3617 726 ,

2003 758 2256 813 omnibus
2280 758 2519 825 donavit,
2551 769 2605 814 et
2634 760 2747 828 ipse
2777 760 3025 814 manibus
3053 773 3266 828 semper
3294 756 3480 812 lenuit.
3514 755 3581 809 In

2002 851 2226 921 ejusdem
2259 850 2515 905 Brunonis
2554 852 2698 915 Vita,
2723 863 2930 907 auctore
2954 853 3175 923 Rotgero
3205 852 3390 921 (aquati
3417 860 3463 904 et
3490 852 3581 903 do—

2003 943 2206 996 mestico
2228 943 2387 1009 illius,
2416 944 2554 1013 apud
2570 943 2811 999 Bolland.
2836 945 2903 997 ad
2933 945 3067 998 diem
3090 946 3147 999 11
3191 944 3440 998 Octobris.
3480 943 3579 999 Ubi

2000 1035 2172 1105 prima
2212 1037 2574 1105 grammatica:
2622 1036 2753 1090 artis
2792 1036 3092 1091 rudimenta
3132 1037 3407 1105 percepit,
3441 1034 3583 1091 sicut

2000 1128 2066 1183 ab
2096 1128 2215 1197 ipso
2244 1128 2299 1181 in
2337 1128 2432 1183 Dei
2460 1127 2841 1198 omnipotentis
2868 1128 3092 1198 gloriam
3126 1128 3229 1182 hoc
3268 1128 3461 1197 sapius
3493 1144 3555 1181 ru

2002 1222 2242 1275 minante
2295 1220 2598 1289 didicimus,
2652 1221 3003 1276 Prudentium
3052 1230 3287 1290 poetam,
3342 1219 3583 1275 tradente

1950 1366 1955 1372 ,
2003 1312 2261 1379 magistro
2285 1354 2300 1380 ,
2344 1311 2519 1381 legere
2546 1312 2730 1380 ccepit.
2764 1312 2864 1378 Qui
2891 1313 3031 1367 sicut
3057 1320 3137 1366 est
3162 1320 3214 1367 et
3240 1311 3373 1376 ﬁde,
3403 1312 3581 1365 inten-

2001 1406 2251 1475 tioneque
2281 1404 2577 1459 catholicus
2615 1412 2669 1459 et
2710 1403 3039 1473 eloquentia,
3076 1404 3411 1470 veritaleque
3441 1417 3582 1470 prte-
3661 1421 3667 1426 ν

1998 1498 2206 1565 cipuus,
2266 1505 2319 1552 et
2364 1507 2656 1552 metrorum
2704 1495 3068 1565 librorumque
3111 1495 3575 1564 elegantissimus,

1999 1596 2144 1640 tanta
2187 1602 2309 1641 mox
2348 1588 2633 1643 dulcedine
2666 1587 2844 1657 palato
2874 1586 3054 1640 cordis
3080 1585 3195 1654 ejus
3232 1586 3578 1654 complacuit,

2000 1688 2057 1733 ut
2084 1680 2193 1748 jam
2225 1696 2332 1733 non
2366 1688 2569 1733 tantum
2598 1678 2929 1735 exteriorum
2958 1676 3246 1731 verborum
3274 1676 3575 1741 scientiam,

1998 1788 2183 1827 verum
2199 1773 2374 1827 intimi
2390 1772 2677 1827 medullam
2703 1785 2892 1826 sensus
2908 1781 2960 1825 et
2985 1778 3186 1833 nectar,
3206 1779 3263 1822 ut
3290 1768 3359 1822 ita
3382 1768 3578 1831 dicam,

1920 1864 2413 1935 Bliquidissimum
2467 1863 2655 1933 majori
2701 1877 2858 1934 quam
2902 1861 3005 1916 dici
3064 1860 3274 1932 possit,
3328 1859 3581 1914 aviditate

1997 1959 2253 2015 hauriret.
2291 1959 2480 2014 Postea
2513 1957 2717 2012 nullum
2750 1956 2963 2027 penitus
2985 1963 3101 2010 erat
3125 1954 3421 2010 studiorum
3444 1952 3579 2008 libe-

1996 2052 2186 2107 ralium
2216 2067 2385 2122 genus
2412 2053 2467 2106 in
2494 2051 2643 2107 omni
2674 2051 2859 2107 Graeca
2889 2051 2972 2107 vel
3001 2050 3190 2105 Latina
3235 2049 3535 2119 eloquentia
3561 2090 3576 2115 ,
3664 2097 3669 2101 _

1997 2146 2141 2214 quod
2163 2145 2362 2216 ingenii
2393 2145 2476 2201 sui
2506 2146 2846 2201 vivacitatem
2876 2144 3153 2215 aufugeret
3178 2144 3272 2215 (c).

2196 2283 2359 2354 210
2386 2290 2478 2354 (Ex
2509 2292 2675 2341 codice
2700 2290 2913 2341 Goldasli
2948 2293 3073 2355 apud
3109 2291 3383 2369 Weitzium.

2183 2374 2424 2437 Incipiunt
2446 2375 2570 2425 tituli
2597 2376 2709 2424 libri
2737 2375 2967 2425 Manualis
2991 2378 3185 2436 amoeni,

2184 2437 2413 2499 Exceptis
2473 2450 2561 2485 uos
2582 2439 2802 2498 personis
2826 2437 3103 2486 tetrasticha
3127 2438 3373 2486 claudunt.

2184 2498 2374 2548 Primus
2398 2452 2515 2548 A332
2538 2499 2665 2547 elato
2695 2500 2759 2548 de
2782 2500 2981 2548 crimine
3009 2506 3188 2548 narrat.
3210 2504 3263 2547 et
3286 2497 3373 2547 Eva

2184 2497 2374 2548 Primus
2398 2497 2515 2548 Adae
2538 2497 2665 2547 elato
2695 2500 2759 2548 de
2782 2500 2981 2548 crimine
3009 2506 3188 2554 narrat,
3210 2504 3263 2547 et
3286 2497 3397 2547 Eva:
3425 2536 3435 2547 .

2183 2560 2307 2623 Tum
2346 2559 2626 2623 singillatim
2652 2568 2903 2623 numerata
2927 2559 3159 2608 vocabula
3183 2562 3332 2609 multa

2184 2622 2387 2673 Provida
2406 2621 2628 2686 personae
2664 2621 2829 2683 pandit
2851 2622 3110 2685 descriptio
3134 2622 3360 2684 rhythmi.

2587 2722 2997 2804 SiGEBERTUS.

2431 2810 2449 2869 (
2476 2809 2530 2859 In
2555 2808 2792 2859 Chronico
2813 2810 2872 2858 ad
2895 2822 2971 2857 an.
2997 2810 3107 2861 395.
3133 2812 3151 2871 )

2068 2893 2128 2949 1η
2146 2892 2397 2964 Hispania
2426 2892 2748 2949 Prudentius
2779 2902 2934 2962 poeta
2961 2894 3157 2965 lyricus
3183 2893 3369 2950 claret.

2430 3005 2674 3100 P§FRUS
2712 3007 3148 3100 EENERéBILIS.

2305 3090 2323 3151 (
2344 3086 2537 3149 Lib.a‘u’,
2564 3090 2713 3152 epist.
2734 3090 2817 3151 24,
2853 3089 2915 3139 de
2936 3090 3234 3154 Symmacho.

2073 3172 2133 3228 Ei
2161 3180 2213 3229 et
2260 3187 2415 3242 prosa
2442 3182 2495 3227 et
2530 3183 2702 3227 metro
2743 3180 2851 3227 tam
2889 3174 3229 3242 supradictus
3258 3174 3585 3230 venerabilis

1922 3245 1970 3310 (ἶ
2000 3267 2160 3323 Pater
2188 3264 2531 3335 (Ambrosius)
2571 3280 2730 3335 quam
2775 3272 2957 3318 noster
3005 3265 3224 3335 insignis
3270 3274 3423 3335 poeta
3463 3266 3587 3320 Pru~

2001 3357 2218 3413 deutius
2247 3357 2621 3426 potentissime
2650 3355 3061 3425 responderunt.
3546 3360 3549 3363 ‘

2433 3467 2765 3519 RUPERTUS
2785 3466 3153 3519 TUITIENSIS.

2152 3554 2172 3619 (
2197 3553 2312 3616 Cap.
2339 3552 2398 3602 10
2422 3588 2436 3614 ,
2458 3552 2545 3603 lib.
2569 3567 2636 3614 νι,
2661 3551 2725 3601 de
2749 3550 2951 3614 Operib.
2976 3551 3187 3613 Spiritus
3220 3553 3389 3601 sancti.
3416 3553 3433 3613 )

2206 3635 2289 3691 Ea:
2314 3637 2501 3706 hymno
2533 3634 2594 3691 S.
2626 3634 2766 3689 Petri
2790 3635 2961 3705 plures
2991 3649 3162 3688 versus
3193 3636 3369 3688 sumit.

2078 3752 2249 3822 Super
2279 3750 2379 3813 hoc
2407 3750 2622 3819 quidam
2652 3747 2823 3803 ﬁdelis
2854 3756 2908 3802 et
2927 3747 2981 3802 in
3018 3746 3119 3802 ﬁde
3141 3746 3442 3813 laudabilis,
3469 3762 3584 3801 me-

2009 3844 2142 3898 trice
2191 3857 2392 3898 canens
2424 3843 2497 3897 ita
2528 3841 2663 3895 dixit
2698 3858 2709 3891 :
2759 3838 2963 3909 Figitur
2999 3855 3127 3910 ergo
3172 3854 3360 3893 manus
3404 3838 3591 3894 subter

2006 3938 2121 3995 sola
2149 3952 2337 3993 versus
2368 3939 2419 3993 in
2451 3952 2726 3991 cacumen.

2334 4027 2710 4077 VINCENTIUS
2750 4026 3275 4077 BELLOVACENSIS.

2342 4111 2357 4169 (
2386 4109 2493 4158 Lib.
2523 4122 2620 4158 xvii
2641 4108 2838 4172 Specul.
2863 4108 2977 4158 hist.
3004 4121 3109 4169 cap.
3136 4108 3213 4157 62.
3237 4108 3254 4168 )

2084 4214 2409 4271 Prudentius
2434 4214 2625 4269 librum
2652 4213 2933 4267 metricum
2964 4211 3030 4267 de
3056 4211 3318 4267 Conﬁictu
3341 4211 3587 4268 vitiorum

2018 4318 2073 4364 et
2104 4308 2358 4367 virtutum
2400 4307 2672 4379 eleganter
2700 4305 3020 4375 composuit.
3340 4292 3347 4299 ’

2009 4450 2220 4504 hrarius
2244 4449 2382 4504 male
2398 4447 2713 4516 explicuerit
2744 4449 2818 4501 vir
2847 4450 3154 4503 consularis.
3177 4451 3251 4505 Ex
3279 4451 3400 4507 aliis
3424 4452 3561 4507 codd
3578 4492 3592 4505 .

2013 4536 2147 4576 mss.
2195 4530 2249 4575 et
2300 4523 2451 4574 lsoue
2498 4526 2744 4582 constat,
2782 4520 2889 4586 jam
2918 4520 3044 4575 olim
3080 4521 3218 4576 hunc
3247 4536 3485 4577 errorem
3526 4527 3594 4578 de

2016 4592 2292 4647 Prudentii
2320 4590 2597 4646 consulatu
2625 4590 2941 4655 invaluisse,
2976 4601 3029 4645 ut
3059 4591 3166 4646 dixi
3190 4608 3335 4646 num.
3368 4595 3459 4649 51.
3492 4594 3594 4648 Ita-

2014 4680 2118 4733 que
2147 4674 2252 4718 non
2282 4662 2454 4716 audeo
2478 4662 2779 4729 improbare
2801 4662 3081 4718 lectionem
3102 4679 3258 4732 quam
3285 4666 3333 4719 in
3360 4664 3594 4720 editione

2014 4734 2237 4804 Dungali
2268 4734 2503 4801 reperio.

2086 4803 2162 4875 (c)
2202 4803 2535 4875 Saeculumx
2568 4817 2672 4875 non
2714 4804 2880 4859 fuisse
2907 4816 3011 4857 tam
3034 4803 3318 4875 obscurum
3342 4814 3396 4861 et
3425 4808 3592 4875 impe-

2014 4873 2173 4930 ritum
2198 4890 2356 4944 quam
2382 4874 2532 4945 multi
2555 4874 2780 4945 jactunt,
2804 4889 2877 4945 ex
2904 4874 3004 4927 ltoc
3032 4873 3251 4945 aliisque
3275 4873 3594 4931 monumen-

2015 4948 2085 4999 tis
2115 4942 2370 5015 arguebat
2392 4945 2459 4998 cl.
2479 4943 2678 5010 Joseplt
2705 4942 2968 5009 Petiscus,
2987 4942 3233 5015 egregius
3257 4948 3307 5000 in
3330 4948 3410 5000 liis
3435 4949 3595 5001 rebus

2011 5016 2173 5083 judex
2200 5056 2216 5079 ,
2250 5029 2477 5085 quocum
2507 5016 2726 5069 minime
2754 5024 2877 5069 sunt
2905 5017 3214 5070 conferendi
3238 5019 3477 5085 plerique
3502 5032 3595 5071 eo-

2016 5102 2134 5140 rum
2172 5087 2263 5154 qui
2297 5086 2650 5156 ignorantiam
2693 5095 2747 5138 et
2790 5088 3166 5140 obscuritatem
3199 5089 3375 5141 smeuli
3410 5105 3437 5140 x
3473 5103 3594 5154 pac-

2016 5159 2117 5209 sim
2144 5154 2386 5221 erepant,
2420 5155 2529 5209 sive
2556 5154 2746 5223 graves
2776 5158 3054 5218 scientias,
3100 5158 3213 5211 sive
3238 5172 3401 5222 genus
3432 5173 3594 5210 omne

2016 5227 2311 5279 litterarum
2342 5225 2695 5279 ammniorum
2728 5231 3057 5295 Consideres.
3095 5225 3293 5280 Floruit
3315 5228 3474 5279 etiam
3503 5242 3595 5280 eu-'

2017 5297 2139 5353 dem
2190 5297 2388 5351 saeculo
2419 5298 2618 5365 poetria
2664 5297 2973 5361 Roswitha,
3009 5312 3287 5350 sermones
3320 5299 3593 5365 utriu~quc

2018 5369 2210 5436 lingua:
2272 5367 2470 5421 Latinae
2523 5378 2572 5420 et
2621 5367 2825 5421 Graccrc
2879 5370 3065 5433 docta,
3125 5382 3244 5433 quae
3305 5369 3592 5437 paucgyrin

2017 5439 2241 5501 Othonis
2278 5439 2653 5507 imperatoris,
2690 5438 2867 5491 fratris
2892 5437 3176 5502 Bruuouis,
3195 5452 3350 5491 versu
3379 5440 3594 5492 heroico

2017 5509 2347 5578 composuit,
2385 5520 2437 5563 et
2469 5508 2780 5577 martyrium
2816 5510 2871 5560 li.
2902 5507 3096 5574 Pelagii
3124 5546 3136 5569 ,
3166 5510 3311 5576 pueri
3345 5509 3556 5577 llispani
3577 5552 3591 5570 .

2018 5580 2205 5634 eodem
2236 5592 2410 5633 metro
2441 5579 2764 5645 descripsit:
2794 5578 2933 5646 quod
2960 5592 3141 5640 poema
3174 5596 3200 5628 ει
3238 5580 3594 5634 Bullattdianis

2017 5665 2115 5718 pro
2146 5650 2281 5704 actis
2329 5648 2652 5704 autltentieis
2698 5649 2753 5718 S.
2797 5647 2990 5713 Pelagii
3017 5650 3263 5717 martyris
3289 5652 3591 5715 exhibetur,

2019 5717 2125 5794 non
2153 5722 2333 5794 minus
2363 5736 2518 5794 quam
2545 5717 2759 5783 livmui,
2792 5717 2985 5785 qu'hus
3017 5718 3148 5774 alios
3172 5732 3432 5794 martyres
3462 5721 3593 5777 Pru-

2021 5790 2233 5849 dentius
2256 5790 2566 5848 celebravit.
