4102 6348
497 333 590 388 155

976 521 1170 582 (Chron.
1197 519 1286 568 sub
1313 529 1436 565 anno
1455 515 1586 576 400.)

571 627 951 690 Prudentium,
993 629 1207 693 poetam
1239 621 1594 676 Christianum
1621 659 1635 680 ,
1669 618 1840 670 virum
1893 614 2070 682 utique

457 721 835 788 ,smcularium
889 717 1187 771 litterarum
1214 713 1649 776 scientissimum,
1690 725 1782 778 per
1827 708 1924 761 hos
1959 705 2072 759 dies

501 811 753 869 claruisse
777 849 791 874 ,
829 816 884 862 et
931 807 984 860 in
1018 805 1190 873 pretio
1223 805 1414 867 fuisse,
1449 803 1664 856 tradunt
1694 818 1705 852 :
1741 799 1832 869 qui
1860 807 1912 852 et
1946 810 2075 848 nort-

501 905 647 958 nulla
678 902 730 956 in
760 899 954 955 divinis
987 897 1143 952 laude
1169 897 1482 972 dignissima
1507 895 1824 964 composuit.

780 1011 796 1074 (
825 1009 879 1058 ln
901 1008 1066 1059 codice
1097 1008 1304 1067 Bongar.
1344 1006 1465 1067 apud
1494 1001 1802 1067 Weitzium.)

504 1097 591 1146 ἓιὸ
627 1093 890 1142 Prudentis
925 1092 1139 1146 metrici,
1167 1090 1380 1152 prudens
1404 1096 1453 1137 et
1472 1088 1916 1152 nomenltahentis.

626 1157 718 1216 Qui
736 1157 835 1218 jam
855 1157 1110 1218 transactis
1133 1150 1328 1218 vetulus
1351 1151 1753 1218 qumquennibus
1771 1150 1924 1207 annis,

626 1212 940 1269 Commissum
970 1212 1197 1274 populum
1218 1213 1343 1259 delet
1362 1212 1408 1258 to
1431 1212 1542 1270 jure
1568 1212 1837 1274 regendum

627 1273 1171 1341 Spirituiparens’sese
1193 1275 1248 1341 ad
1274 1275 1470 1341 meliora
1499 1273 1684 1341 vocanti

630 1335 864 1395 Consilia,
881 1339 969 1386 hoc
991 1335 1348 1396 septemlibris,
1373 1347 1567 1394 unoque
1599 1348 1616 1396 ξ
1624 1336 1840 1392 alumen,

630 1403 806 1451 Divina
831 1394 877 1448 in
898 1394 1083 1446 cunctis
1106 1398 1162 1444 sit
1183 1399 1297 1443 itnet
1319 1398 1567 1443 sant-tione
1598 1394 1809 1451 fatente,

633 1465 946 1514 Communem
970 1459 1154 1507 cunctis
1183 1459 1463 1518 conscripsit
1488 1459 1542 1502 ad
1569 1455 1842 1518 utilitatem,

634 1523 694 1575 Et
713 1536 802 1586 pro
828 1529 1061 1586 perpetua
1087 1517 1317 1568 mercrde
1341 1517 1436 1581 poli
1462 1517 1693 1586 capiet-da

764 1621 774 1632 .
799 1575 844 1631 ,ἶ
869 1618 881 1632 .
907 1575 1058 1645 pictor
1092 1593 1258 1629 merce
1283 1575 1392 1628 ..ῖς
1422 1575 1564 1628 minis
1589 1578 1729 1640 huius
1754 1575 1841 1639 (a).

941 1693 1492 1746 MARTYHOLOGIUM
1515 1690 1843 1744 ROMANUM.

934 1780 1030 1843 (22
1054 1778 1161 1829 Jan.
1189 1778 1251 1828 de
1276 1777 1327 1828 Ξ.
1354 1777 1629 1844 Vincentio.
1657 1775 1673 1839 )

543 1880 548 1885 ’
586 1888 752 1960 Cujus
798 1885 1062 1958 passionis
1119 1885 1352 1941 nobilem
1407 1880 1734 1951 triumphum
1778 1877 2097 1935 Prudentius

524 1980 821 2044 luculenter
851 1981 1092 2035 versibus
1114 1976 1444 2046 exsequitur.

1012 2101 1130 2152 PET
1139 2099 1260 2150 RUS
1301 2098 1608 2149 CRINITUS.

802 2192 818 2252 (
846 2189 952 2239 le.
981 2202 1006 2237 v
1037 2188 1102 2238 de
1122 2186 1288 2236 Poetis
1308 2185 1514 2245 Latinis,
1537 2197 1644 2245 cap.
1670 2182 1749 2232 90.
1779 2182 1795 2240 )

539 2286 543 2290 '
593 2277 717 2332 246.
762 2277 1032 2348 leguntur
1057 2276 1229 2331 adhuc
1270 2273 1435 2346 ipsius
1466 2278 1710 2342 poemata
1735 2267 1883 2322 Vul‘io
1904 2279 2104 2338 genere

529 2360 848 2424 carminum.
878 2371 1168 2440 composita
1194 2411 1206 2433 ,
1241 2366 1434 2438 quibus
1465 2363 1617 2418 facile
1662 2359 1873 2434 probari
1907 2365 2101 2429 potest,

529 2479 648 2516 eum
673 2463 885 2534 quidem
912 2479 1006 2535 pro
1037 2462 1342 2520 conditione
1373 2471 1670 2528 temporum
1706 2454 1942 2510 maxime
1973 2467 2107 2522 pra--

529 2559 730 2613 stitisse
758 2560 896 2612 inter
924 2557 1260 2613 Christianos
1291 2539 1516 2625 poetas‘,
1552 2567 1656 2606 non
1686 2549 1846 2605 modo
1885 2547 2108 2603 eruditis

530 2650 811 2706 verborum
844 2651 1024 2721 figuris
1049 2692 1064 2718 ,
1094 2648 1187 2706 sed
1215 2648 1374 2704 etiam
1404 2646 1666 2716 gravitate
1693 2642 2101 2698 sententiarum.

1052 2780 1255 2829 ALDUS
1281 2776 1601 2828 ROMANUS.

1025 2863 1040 2924 (
1068 2862 1124 2911 In
1159 2863 1264 2911 Vita
1299 2860 1570 2911 Prudentii.
1601 2859 1612 2919 )

603 2966 724 3020 Fuit
745 2968 903 3020 homo
925 2966 1252 3035 ingeniosus,
1276 2964 1454 3033 gravis
1477 2972 1530 3021 et
1552 2961 1758 3016 ornatis
1784 2960 2022 3015 moribus
2050 2975 2113 3014 ac

533 3057 852 3114 Christiana:
880 3057 1152 3127 religionis
1183 3055 1692 3124 observantissimus
1720 3097 1733 3121 ,
1767 3052 1908 3126 quod
1938 3067 2003 3107 ex
2034 3051 2113 3122 ip-

535 3151 644 3204 sius
671 3150 921 3219 operibus
954 3150 1107 3204 facile
1133 3159 1214 3204 est
1239 3162 1589 3218 cognoscere.

1888 311 2332 369 PllUDENTlUS.

881 435 1213 488 PHILIPPUS
1246 430 1698 504 BERGOMENSIS‘.
1843 439 1848 442 '
2096 432 2144 490 Α

3644 295 3742 364 τις

2570 417 2857 468 ERASMUS
2892 409 3378 463 RO'I‘ERODAMUS.

2638 500 2729 563 (in
2765 498 2968 562 quadam
3005 494 3240 558 apologis.
3270 493 3283 553 )

2246 585 2564 642 Prudentius
2596 591 2749 652 poeta
2802 588 3006 635 tantum
3057 578 3267 646 spirans
3317 585 3426 628 tum
3473 571 3751 626 sanctimo-

2177 681 2281 734 niae
2310 718 2325 742 ,
2356 686 2465 731 tum
2497 690 2663 731 sacra:
2693 671 3009 730 eruditionis
3031 712 3044 735 ,
3081 678 3137 722 ut
3167 676 3436 722 mereatur
3475 665 3618 719 inter
3637 677 3752 733 gra-

2179 773 2428 828 vissimos
2465 769 2721 825 Ecclesiae
2750 767 2999 821 doctores
3025 761 3365 816 annumerari
3389 759 3491 829 (b).

2608 856 2923 909 GEORGIUS
2947 851 3295 904 FABRICIUS.

2493 945 2508 1006 (
2533 943 2662 995 Com.
2691 944 2738 990 in
2761 945 2932 1003 poetas
2957 938 3158 996 Christ,
3193 947 3304 997 pag.
3331 936 3407 983 Π.
3432 935 3448 994 )

2254 1028 2377 1082 247.
2419 1026 2607 1081 Eidem
2639 1021 2970 1092 (Prudentia)
3015 1019 3203 1074 tribuit
3229 1017 3544 1088 gravitatem
3565 1025 3642 1082 ,ει
3663 1014 3763 1069 ele-

2186 1121 2416 1192 gantiam
2444 1115 2639 1172 alicubi
2673 1112 2938 1169 Ctesarius
2962 1127 2976 1171 ;
3011 1111 3263 1179 pietatem
3288 1117 3342 1163 et
3374 1108 3613 1162 animum
3641 1121 3764 1160 vere

2187 1211 2548 1266 Christianum
2601 1208 2803 1262 Rivius.
2856 1205 3008 1260 Hunc
3059 1205 3222 1260 unum
3273 1202 3553 1272 legendum
3585 1210 3766 1256 censet

2191 1307 2349 1360 Vives
2379 1304 2456 1372 (id
2486 1318 2590 1356 non
2628 1300 2824 1356 invenio
2845 1339 2861 1364 ,
2892 1314 3052 1364 neque
3075 1298 3138 1350 iis
3161 1295 3414 1367 congruit,
3442 1312 3556 1364 quis
3572 1296 3688 1348 aliis
3717 1295 3768 1347 in

2193 1398 2317 1450 locis
2343 1391 2690 1461 docetVives).
2721 1389 3181 1446 Tribuunteidem
3215 1389 3454 1445 nonnulli
3475 1388 3768 1443 Romanam

2193 1489 2577 1558 eloquentiam,
2624 1495 2714 1542 aut
2772 1467 2918 1540 certe
2966 1485 3039 1538 illi
3084 1485 3460 1553 propinquam.
3510 1483 3771 1538 Leonardi

2195 1578 2512 1645 Quercetani
2539 1617 2552 1642 ,
2605 1575 2840 1631 hominis
2871 1574 3117 1639 obscuri,
3154 1588 3350 1628 nomen
3397 1588 3500 1629 non
3534 1573 3772 1627 novisse.

2198 1685 2337 1738 mus,
2394 1670 2491 1724 nisi
2543 1669 2683 1724 male
2734 1667 2991 1723 sensisset
3034 1666 3102 1722 de
3151 1665 3468 1722 Pru‘dentio.
3523 1666 3696 1721 Lilius
3728 1667 3774 1719 ei

2125 1800 2174 1861 Β
2201 1764 2416 1819 multam
2467 1760 2820 1828 eruditionem
2873 1774 2934 1813 ac
2981 1759 3183 1814 variam
3234 1758 3455 1814 ascribit
3494 1776 3506 1812 :
3541 1758 3636 1814 sed
3672 1758 3778 1814 elo-

2202 1855 2416 1925 quentia
2464 1868 2526 1909 ac
2556 1854 2748 1921 lingua:
2780 1851 3024 1907 castitate
3060 1849 3144 1905 vel
3185 1865 3372 1921 parum
3405 1850 3667 1917 valuisse,
3700 1848 3781 1905 vel

2204 1948 2385 2020 purius
2407 1961 2467 2000 ea
2506 1945 2804 2014 neglexisse
2842 1944 2917 1998 ait
2961 1951 3252 1998 :neutrum
3304 1941 3509 1998 homini
3561 1957 3658 1998 nec
3705 1941 3783 1995 di-

2204 2047 2368 2104 serto,
2397 2052 2496 2092 nec
2523 2035 2754 2106 eleganti
2775 2080 2788 2102 ,
2823 2045 2880 2090 ut
2911 2036 3056 2091 etde
3091 2034 3398 2104 eloquentia
3421 2042 3476 2087 et
3501 2033 3570 2090 de
3596 2034 3785 2089 oratio-

2207 2131 2288 2184 nis
2310 2129 2540 2200 puritate
2567 2127 2784 2197 judicet,
2818 2125 3160 2182 concedimus
3191 2122 3283 2195 (c).

2825 2237 2921 2287 GIS
2931 2236 3171 2286 ELINUS.

2495 2325 2513 2384 (
2540 2323 2593 2372 In
2621 2325 2760 2384 epist.
2787 2320 2997 2372 dedicat.
3025 2323 3191 2382 primae
3217 2321 3456 2369 editionis.
3481 2319 3500 2380 )

2279 2413 2436 2484 212
2463 2407 2588 2463 2&8.
2626 2405 2873 2462 Aurelius
2902 2403 3220 2460 Prudentius
3243 2403 3490 2456 Clemens
3521 2401 3591 2454 ob
3623 2402 3788 2454 incre-

2209 2501 2370 2556 dibile
2400 2501 2608 2568 pietatis
2631 2499 2885 2563 studium,
2911 2511 3276 2565 summamque
3300 2494 3786 2549 laudatissimarum

2211 2593 2556 2650 scientiarum
2590 2591 2947 2661 cognitionem
2983 2589 3139 2644 unice
3166 2587 3636 2658 suspiciendus....
3666 2585 3790 2640 Cum

2213 2689 2343 2741 mira
2359 2695 2412 2741 et
2424 2686 2706 2755 singularis
2724 2689 2772 2737 in
2789 2700 2854 2740 eo
2869 2685 2937 2739 sit
2953 2701 3127 2739 rerum
3147 2683 3450 2754 praestantia
3466 2697 3527 2736 ac
3539 2683 3790 2746 varietas,

2213 2779 2542 2833 ornamentis
2572 2788 2746 2830 tamen
2776 2792 2836 2830 ac
2863 2777 3153 2830 luminibus
3175 2776 3365 2843 partim
3397 2789 3424 2827 a
3456 2790 3513 2828 sc
3541 2773 3790 2831 inventis,

2216 2868 2406 2940 partim
2452 2885 2518 2923 ex
2559 2868 2828 2923 uberrimo
2869 2878 3109 2923 veterum
3156 2866 3301 2922 fonte
3345 2866 3546 2920 hauSIis
3592 2865 3793 2934 singula

2217 2971 2487 3030 utcunque
2529 2949 2735 3030 gravia,
2788 2962 3057 3026 etardua
3088 2961 3346 3014 concinne
3375 2967 3672 3028 ornateque
3718 2959 3794 3010 de

2221 3035 2416 3122 pingit,
2448 3067 2510 3106 ac
2554 3053 2900 3121 persequitur
2922 3094 2937 3117 ,
2975 3050 3320 3104 niltilosecius
3351 3058 3612 3119 perpetuo
3664 3050 3798 3102 intra

2219 3145 2487 3199 cancellos
2513 3161 2681 3199 sacra:
2705 3145 2974 3214 religionis
3004 3160 3122 3199 sese
3150 3143 3429 3197 continens
3463 3142 3544 3211 (tl)

607 3326 682 3391 la)
722 3323 777 3378 In
803 3324 1022 3388 codice,
1055 3337 1212 3390 quem
1258 3319 1502 3376 Barthius
1532 3319 1670 3391 vidit
1689 3327 1744 3373 et
1771 3332 1984 3391 caseum
2012 3333 2106 3388 ap-
2135 3319 2186 3383 C
2213 3329 2264 3375 et
2294 3316 2324 3374 a
2348 3323 2616 3374 communi
2647 3336 2931 3385 puerorum
2961 3331 3117 3389 captu
3147 3322 3416 3382 abstrusa,
3449 3320 3688 3373 nondum
3718 3335 3796 3387 [m-

535 3389 716 3465 pellat,
748 3395 838 3449 lib.
872 3410 964 3460 vn,
995 3389 1112 3461 cap.
1146 3395 1234 3456 49.,
1279 3391 1556 3465 legebatur
1583 3410 1606 3465 ε
1640 3389 1952 3465 Prudentius
1973 3393 2136 3465 apti--

537 3461 645 3518 inus
673 3474 843 3536 poeta,
872 3464 1242 3536 eruditissimus
1243 3463 1554 3536 _tlteologus_.
1582 3463 1655 3536 [ie
1685 3461 2114 3536 aliiscodicihus

537 3538 657 3590 vide
674 3533 835 3606 supra
867 3543 978 3588 toto
1015 3549 1133 3606 cap.
1162 3533 1824 3606 i._Testim'onia_llonorii
1850 3534 2116 3602 Augusto-

537 3603 794 3660 dunensis
820 3615 872 3661 et
896 3605 1174 3660 Trithemii
1203 3604 1323 3657 dedi
1355 3619 1499 3657 num.
1535 3603 1596 3657 6i
1621 3613 1673 3658 et
1696 3603 1784 3656 62.

610 3678 684 3744 (b)
721 3676 776 3730 ln
799 3691 917 3742 cap.
939 3691 1024 3730 xw
1051 3676 1303 3730 Joannis:
1331 3673 1640 3728 Prudentius
1663 3677 1737 3725 vir
1754 3673 1937 3744 quovis
1965 3673 2116 3744 etiam

539 3741 726 3801 sarculo
755 3741 887 3800 inter
921 3747 1097 3799 doctos
1119 3746 1485 3798 numerandus.
1508 3745 1580 3797 De
1613 3743 1794 3801 pueris
1828 3741 2119 3798 liberaliter

541 3816 930 3869 instituendis:
974 3814 1094 3868 Jam
1139 3816 1181 3868 si
1212 3815 1323 3882 quis
1361 3813 1736 3876 Prudentium,
1788 3814 1944 3863 unum
1989 3813 2120 3864 inter

542 3887 858 3940 Christianas
887 3902 999 3940 vere
1034 3887 1313 3955 facundum
1343 3895 1542 3950 poetam
1569 3887 1694 3955 volet
1712 3897 1966 3955 enarrare
1989 3925 2002 3945 ,
2034 3884 2117 3935 lit-

541 3969 673 4011 teras
722 3957 872 4010 etiam
902 3953 1114 4008 arcanas
1158 3956 1342 4007 calleat
1383 3963 1596 4014 Oportet.
1624 3953 1756 4007 Vide
1787 3953 1948 4005 etiam
1977 3954 2120 4020 ejus-

541 4027 664 4081 dem
689 4024 1074 4090 Ecclesiasten,
1093 4035 1146 4078 et
1168 4023 1364 4090 Adagia
1395 4024 1587 4078 Cliilid.
1620 4040 1690 4089 tv,
1724 4033 1865 4088 cent.
1890 4022 1943 4086 5,
1972 4039 2117 4078 num.

546 4099 600 4159 l.
630 4097 717 4150 ubi
746 4097 956 4164 egregie
977 4096 1068 4158 ait,
1104 4097 1154 4149 in
1184 4096 1400 4159 Basilio,
1429 4095 1783 4159 Nazianzz-no,
1812 4094 2118 4159 Ambrosio,

546 4166 829 4222 Prudentia
850 4209 864 4229 ,
888 4166 1164 4221 Lactantio
1203 4166 1502 4235 linguarum
1533 4181 1593 4218 ac
1628 4164 1886 4232 politioris
1920 4165 2122 4218 littera-

545 4249 678 4292 turae
702 4238 1063 4308 cognitionem
1096 4237 1215 4292 idco
1242 4239 1477 4292 caruisse
1516 4235 1715 4290 invidia
1736 4275 1749 4298 ,
1781 4235 1900 4304 quia
1919 4236 2121 4290 servivit

585 4309 736 4362 ietati.

546 4325 792 4448 “igniti
813 4379 866 4430 in
894 4377 1597 4449 praefationeExpositionis
1625 4379 1677 4430 in
1706 4376 1936 4449 hymnos
1963 4363 2142 4449 quos-7'

547 4444 676 4502 dam
709 4444 980 4501 Prudentii
1015 4467 1027 4500 :
1085 4444 1369 4500 Prudentia
1412 4449 1639 4499 adinmnt
1693 4444 1989 4502 doctrinam
2031 4447 2125 4500 viri

551 4518 748 4570 obscuri
779 4517 1077 4568 Leonardus
1108 4516 1449 4580 Qucrretanus
1463 4527 1508 4570 et
1533 4515 1718 4570 Petrus
1749 4518 2121 4581 Summontius,

549 4589 693 4654 eique
721 4587 846 4639 nihil
872 4585 1159 4658 relinquunt
1205 4596 1390 4658 ρωποι·
1431 4588 1619 4658 nudam
1669 4590 1990 4658 religionem,
2025 4603 2128 4650 qua

553 4672 645 4708 nos
669 4657 885 4709 contenti
925 4671 1096 4708 sumus
1119 4697 1132 4718 ,
1162 4667 1205 4708 et
1242 4656 1403 4708 virum
1428 4655 1572 4707 illum
1596 4655 1854 4710 nobilitate
1881 4667 1924 4709 et
1956 4658 2128 4709 erudi-
2153 4717 2155 4722 ι

552 4729 686 4779 tione
715 4727 1207 4792 excellentissimum,
1249 4727 1490 4792 majorem
1530 4735 1969 4795 pttlamus,quam
2013 4745 2126 4779 mn-

555 4800 655 4850 bra.’
681 4795 784 4850 illa:
811 4797 1024 4869 viderint
1049 4839 1063 4861 ,
1106 4806 1152 4849 et
1182 4795 1297 4869 plus
1327 4796 1508 4869 habere
1533 4797 1708 4866 veteris
1735 4799 1999 4869 elegan'ia:
2021 4797 2128 4851 Ro-
2183 4812 2191 4819 ‘

553 4882 740 4930 manat,
770 4883 920 4935 quam
964 4868 1062 4935 ipsi
1107 4875 1194 4920 aut
1229 4867 1568 4920 intellexerint
1595 4906 1608 4929 ,
1641 4877 1728 4919 aut
1757 4867 1972 4922 assecuti
2001 4870 2122 4922 sint.
2154 4923 2156 4926 ,

557 4936 748 4991 lterum
796 4939 848 4990 in
893 4936 1096 5005 praefat.
1140 4938 1204 4991 ad
1248 4941 1499 5005 hymnum
1540 4936 1603 4989 A.
1639 4937 1698 4990 1).
1730 4955 1818 4994 vtn
1861 4940 1961 4994 cal.
1999 4938 2120 4993 Jan.

557 5008 620 5060 In
640 5006 840 5078 publica
880 5022 1096 5078 (evasura
1119 5010 1333 5078 usitatos
1362 5008 1484 5059 olim
1513 5008 1796 5062 studiorum
1835 5008 2126 5064 liberalium

557 5076 770 5132 honores
798 5076 1080 5145 petentibus
1116 5077 1273 5146 fuisse
1312 5079 1572 5147 praposita
1597 5080 1806 5147 Aurelii
1853 5078 2126 5133 Prudentii

553 5152 742 5214 scripta
763 5189 778 5213 ,
807 5164 834 5200 e
854 5149 974 5201 viris
1010 5147 1313 5200 doctissimis
1343 5146 1544 5201 Andrea
1575 5146 1859 5204 Comitiano
1882 5192 1896 5214 ,
1919 5161 1965 5203 et
1996 5149 2130 5206 Gas-

554 5235 676 5290 pare
708 5218 932 5290 Barnero
969 5217 1262 5272 adolescens
1289 5218 1483 5286 audivi,
1511 5219 1667 5290 idque
1687 5221 1748 5273 ab
1773 5223 1833 5275 iis
1862 5223 2134 5290 probatum

556 5289 581 5356 f
582 5291 713 5343 uisse
733 5289 957 5342 memini.

630 5360 707 5430 (ά)
741 5359 806 5413 Et
838 5361 886 5413 in
919 5360 1022 5414 line
1045 5359 1548 5432 adhotationum.—
1569 5360 1694 5432 Nam
1731 5361 1868 5432 ston
1897 5362 1975 5414 sic
2001 5363 2135 5432 satis
2165 5355 2168 5358 ’

560 5429 858 5497 perspecto,
915 5446 1020 5483 non
1071 5444 1392 5497 magnopere
1423 5431 1476 5481 in
1517 5445 1574 5482 re
1602 5429 1952 5484 laborandum
2003 5431 2131 5498 fuit,

559 5507 742 5564 utpote
769 5498 906 5552 facili
937 5544 950 5567 ,
983 5511 1036 5554 et
1061 5500 1229 5554 cuivis
1263 5510 1404 5552 nota.
1457 5498 1638 5566 Neque
1666 5502 1806 5553 enim
1836 5503 1921 5567 (ut
1947 5510 2002 5554 et
2030 5501 2130 5556 hoc

562 5568 728 5623 libere
747 5569 940 5638 dicam)
971 5572 1021 5622 in
1054 5587 1116 5620 δίο
1135 5569 1308 5623 adhuc
1342 5569 1563 5622 Erasmo
1593 5571 1840 5623 assentiri
1874 5585 2124 5639 possum,

559 5641 648 5707 qui
681 5639 731 5692 in
763 5639 998 5707 apologia
1044 5643 1269 5707 quadam
1299 5649 1483 5693 contra
1509 5639 1782 5692 Latomum
1815 5653 1969 5707 negat
2006 5641 2127 5694 Pru-

560 5711 796 5763 dentium
830 5712 1006 5776 νυνι-ἰῇ
1029 5711 1420 5776 przoleacndum
1448 5725 1585 5772 esse,
1617 5711 1752 5776 qttod
1778 5725 1804 5761 a
1831 5712 1955 5762 solis
1977 5711 2124 5764 theo-

563 5779 694 5847 logis
725 5789 882 5850 queat
927 5780 1166 5847 intelligi.
1200 5783 1324 5845 anc
1364 5782 1573 5835 tandem
1609 5781 1710 5834 sint
1740 5780 1825 5834 illa
1872 5782 2122 5848 obscura,

2217 3391 2293 3445 tui
2321 3392 2577 3460 reperire.
2611 3391 2667 3446 Si
2696 3392 2764 3445 de
2792 3392 3082 3461 Apotlteosi
3119 3393 3370 3459 loquitur,
3395 3392 3480 3460 (ut
3506 3407 3693 3444 revera
3726 3391 3799 3443 lo-

2218 3462 2422 3532 quitur)
2449 3461 2621 3517 fateor
2650 3463 2894 3528 quaedam
2926 3478 3046 3518 esse
3077 3463 3146 3518 ab
3175 3465 3362 3516 usitata
3396 3477 3685 3528 puerorum
3717 3477 3802 3514 θος

2217 3534 2455 3603 gnitione
2494 3533 2733 3586 nonnihil
2770 3544 2973 3588 remota
3002 3575 3014 3596 ,
3050 3550 3170 3600 qua:
3209 3532 3460 3586 nimirum
3483 3533 3803 3602 qumstiones

2221 3605 2288 3657 de
2319 3604 2510 3656 divinae
2543 3604 2729 3656 triadis
2771 3605 3000 3658 essentia
3041 3616 3419 3657 controversas
3448 3614 3799 3656 conceruunt.

2223 3675 2325 3729 Sed
2356 3675 2670 3741 quantulum
2718 3676 2790 3739 id,
2823 3676 3044 3742 qumsoi
3095 3675 3204 3726 lino
3241 3675 3281 3727 si
3341 3675 3394 3727 in
3447 3675 3562 3740 ipso
3593 3672 3799 3727 dicendi

2223 3745 2453 3798 artificio
2476 3745 2605 3798 nihil
2630 3747 3047 3814 requireremus’,
3077 3755 3272 3810 quanta
3299 3744 3502 3812 maiore
3533 3745 3801 3804 facilitate.

2222 3825 2418 3882 quanto
2447 3816 2693 3870 uberiore
2737 3817 3037 3883 reipublicm
3079 3815 3397 3870 Christiana:
3429 3816 3596 3870 fructu
3628 3815 3738 3867 haec
3766 3829 3796 3865 a

2228 3887 2409 3954 pueris
2437 3885 2877 3950 addiscerentur,
2918 3902 3074 3955 quam
3108 3903 3256 3940 vanze
3287 3887 3389 3947 illa:
3420 3896 3688 3955 poetarum
3726 3883 3803 3937 hic

2225 3958 2428 4021 storiw,
2452 3971 2545 4008 seu
2570 3961 2742 4024 potius
2769 3957 2979 4021 l'abnlm,
3012 3957 3064 4011 in
3095 3959 3286 4026 quibus
3326 3972 3431 4010 non
3455 3958 3640 4024 exigua
3673 3964 3806 4008 tem-

2229 4033 2370 4094 ports
2404 4028 2576 4092 portio
2610 4027 2914 4081 miseri-inre
2955 4030 3272 4081 conteritur.
3307 4029 3643 4082 Accederent
3691 4026 3810 4078 alim

2225 4098 2635 4168 commoditates
2657 4098 2824 4152 multo
2845 4101 3117 4163 maximae,
3143 4112 3274 4168 quas
3299 4099 3385 4152 hic
3407 4113 3692 4154 recensere
3716 4113 3808 4149 ne-

2227 4183 2329 4236 que
2377 4167 2535 4234 hujus
2561 4177 2638 4221 est
2675 4168 2807 4233 loci,
2850 4184 3020 4234 neque
3054 4169 3218 4224 nostri
3250 4168 3499 4222 instituti.
3556 4170 3624 4222 Ut
3659 4168 3810 4236 igitur

2228 4239 2293 4292 ad
2346 4238 2696 4291 Prudentium
2747 4240 2996 4303 redeam,
3039 4242 3136 4292 etsi
3171 4239 3318 4292 nulla
3345 4238 3488 4306 justa
3520 4239 3593 4292 sit
3621 4253 3807 4301 causa,

2230 4324 2326 4362 cur
2357 4309 2598 4361 omnium
2646 4309 2891 4366 manibus
2924 4319 3128 4364 teratur
3155 4353 3168 4371 .
3197 4325 3354 4379 quam
3389 4311 3528 4377 quod
3560 4325 3668 4362 non
3703 4310 3812 4362 leve

2230 4381 2298 4432 sit
2341 4379 2742 4432 incitamentum
2784 4379 2848 4432 ad
2883 4381 3252 4434 honestissima
3289 4396 3514 4448 qumque
3539 4380 3809 4438 tentanda,

2231 4459 2380 4504 certe
2425 4449 2507 4503 vel
2542 4465 2646 4503 una
2700 4452 2814 4504 haec
2860 4450 2994 4504 ratio
3047 4455 3176 4504 satis
3224 4451 3402 4504 valere
3444 4451 3656 4505 debeat.
3687 4451 3813 4502 Nam

2235 4520 2419 4589 (libeat
2452 4522 2634 4586 paucis
2682 4519 2918 4591 evagari)
2949 4521 3070 4590 quid
3125 4537 3228 4575 non
3271 4529 3508 4587 castum,
3547 4520 3676 4588 quid
3712 4537 3812 4574 non

2239 4593 2410 4653 pium,
2468 4591 2591 4659 quid
2624 4605 2726 4644 non
2776 4599 3014 4644 sanctum
3059 4593 3110 4646 in
3154 4607 3220 4646 eo
3249 4602 3330 4645 est
3385 4608 3488 4645 non
3537 4591 3815 4656 reperire?

2237 4660 2400 4727 Totus
2423 4671 2503 4714 est
2528 4660 2580 4714 in
2608 4662 2827 4730 agendis
2847 4662 2956 4716 Deo
2976 4665 3181 4730 gratiis,
3205 4664 3425 4727 ejusque
3453 4663 3814 4715 munitieemia

2238 4731 2639 4800 ampliﬁcanda:
2665 4731 2824 4786 etiam
2853 4733 3204 4787 minutissima
3230 4734 3282 4786 in
3299 4732 3672 4786 illiuslandem
3691 4747 3817 4785 con-

2241 4802 2421 4855 vcrtit.
2455 4803 2714 4871 Martyres
2743 4814 3072 4869 prmterea...
3118 4808 3226 4858 suis
3257 4803 3495 4856 laudibus
3519 4814 3816 4856 exornat...

2239 4871 2374 4940 Quid
2428 4873 2528 4926 hoc
2570 4872 2684 4926 ﬁeri
2720 4882 2892 4940 potest
2930 4873 3271 4940 religiosius?
3321 4874 3458 4936 Quid
3510 4874 3726 4941 dignius
3769 4875 3816 4925 in

2239 4943 2540 5008 exemplum
2574 4942 2747 4996 trahi?
2778 4942 3057 4998 Postremo
3083 4944 3296 5014 quando
3328 4944 3399 4997 illi
3423 4960 3543 4996 curn
3581 4944 3818 4995 hostibus

2240 5029 2325 5071 res
2358 5023 2438 5066 est
2478 5014 2589 5068 sive
2617 5013 2840 5068 internis
2867 5013 3108 5082 corporis
3151 5015 3340 5082 (vitia,
3381 5015 3659 5082 animique
3685 5029 3816 5064 θυη-

2241 5083 2604 5153 cnpiscentias
2636 5084 2894 5153 intelligo)
2927 5089 3039 5138 sive
3071 5086 3337 5147 externis,
3366 5099 3561 5150 nempe
3598 5086 3815 5137 ltmrrti-

2246 5155 2343 5216 cis,
2375 5155 2489 5208 sive
2537 5154 2785 5224 gentibus
2818 5155 3077 5210 idolorum
3111 5155 3400 5208 cultoribus
3428 5196 3440 5214 ,
3476 5156 3614 5207 Deus
3651 5157 3815 5216 bone,

2244 5234 2442 5292 quanta
2471 5227 2632 5279 animi
2673 5225 2948 5280 alacritate
2986 5242 3079 5280 eos
3117 5226 3461 5293 aggreditur?
3491 5241 3598 5293 quo
3625 5225 3819 5277 ardore

2244 5296 2550 5364 depugnat,
2583 5311 2646 5348 ac
2678 5297 3016 5362 prosternit?
3052 5298 3268 5349 Militem
3297 5296 3445 5348 dicas
3477 5295 3654 5347 adhuc
3676 5309 3814 5352 esse.

2245 5375 2604 5437 nonpoetam.
2633 5364 2696 5418 Et
2725 5369 2776 5420 in
2795 5367 3093 5437 prwfatiane
3118 5367 3353 5419 secunda:
3373 5365 3821 5437 editionis.rMa,.:is

2245 5435 2371 5488 illud
2407 5435 2571 5490 miror
2595 5478 2610 5501 ,
2651 5452 2756 5504 quo
2782 5435 2936 5504 pacto
2969 5436 3178 5490 fecundi
3212 5440 3440 5503 pectoris
3472 5451 3604 5487 vena
3638 5436 3689 5487 in
3716 5445 3821 5487 tam

2246 5507 2415 5570 varia,
2467 5515 2521 5560 et
2554 5521 2686 5560 nova
2715 5522 2891 5561 rerum
2941 5508 3178 5560 maxime
3209 5506 3494 5559 arduarum
3538 5513 3823 5573 pertracta-

2245 5577 2390 5629 tione
2424 5592 2690 5642 nunquam
2722 5577 3029 5638 exaruerit,
3063 5591 3318 5643 nusquam
3341 5576 3604 5629 defecerit
3628 5616 3644 5639 ,
3678 5584 3822 5643 certe

2241 5647 2424 5770 qndicx
2455 5640 2600 5728 muni
2635 5649 2945 5716 posteritate
2977 5663 3095 5702 cum
3126 5640 3190 5702 eo
3226 5645 3369 5717 paria
3401 5645 3586 5700 fecerit
3610 5689 3624 5711 ,
3651 5640 3824 5698 adhuc

2243 5733 2291 5768 γι
2337 5734 2350 5769 Ι
2386 5733 2675 5770 ΙΙΕΙΠΙΠΕΙΙΙ.

2243 5733 2350 5770 νιυι
2386 5733 2675 5772 neminem.
