4102 6348
261 350 364 409 757

738 466 985 519 MARCUS
1014 468 1365 521 HOPPERL'S.

155 577 166 588 .
254 546 267 607 (
292 544 345 594 in
371 546 654 607 prmfatione
681 548 948 661 1³10110οὲἰο
964 552 1249 675 110ῑῖ03ᾗοῗά
1271 552 1507 602 Joannem
1529 553 1833 617 Rudolphum

320 688 449 743 249.
494 689 571 746 De
598 701 817 751 auclore
864 695 994 763 hoc,
1043 712 1202 766 quem
1236 707 1384 753 tuum
1410 714 1533 756 esse
1553 701 1706 763 volo,
1749 701 1833 757 vel

250 780 712 841 lucubrationibus
743 787 862 856 eius
908 788 1051 859 quod
1100 792 1260 847 multa
1291 792 1465 849 dicam
1488 834 1504 860 ,
1529 794 1663 849 nihil
1697 810 1831 864 opus

248 888 368 928 esse
400 884 557 943 puto;
589 893 711 935 cum
742 893 808 937 eo
832 895 1046 953 semper
1077 883 1193 940 loco
1213 899 1242 939 a
1273 885 1372 954 piis
1407 895 1460 943 et
1481 887 1704 942 eruditis
1736 890 1830 942 ha-

248 965 390 1022 bitus
416 969 525 1035 sit,
555 986 660 1040 quo
684 973 858 1043 quivis
884 975 1045 1042 alius,
1069 977 1363 1047 quamlibet
1389 980 1567 1035 clarus
1584 1021 1597 1043 ,
1625 992 1782 1052 poeta
1809 999 1825 1037 :

247 1057 357 1111 imo
389 1065 535 1116 tanto
561 1062 764 1132 majore
788 1064 981 1135 dignus
1010 1069 1182 1137 pretio
1213 1078 1264 1123 et
1296 1068 1501 1125 honore
1529 1072 1685 1142 213
1723 1088 1827 1143 quo

245 1146 389 1203 circa
418 1165 538 1220 quae
568 1163 813 1210 versatur
836 1194 852 1218 ,
880 1167 1196 1225 argumenta
1220 1199 1235 1224 ,
1268 1175 1426 1231 quam
1466 1176 1828 1230 quorumcun-

245 1254 350 1307 que
374 1241 707 1301 ethnicorum
732 1285 749 1312 ,
782 1246 1079 1317 nobiliora,
1111 1253 1380 1309 sanctiora
1411 1266 1462 1309 et
1495 1254 1706 1309 utiliora
1739 1256 1826 1311 ha-

245 1330 483 1388 bentur:
527 1344 583 1389 ut
621 1352 740 1406 quae
788 1354 853 1394 ex
905 1341 1218 1400 sincerioris
1271 1344 1554 1416 theologia:
1584 1346 1824 1403 fontibus
1907 1390 1916 1400 .

243 1422 496 1496 pleraque
520 1430 697 1485 omnia
730 1432 1007 1503 desumpta
1038 1436 1147 1491 sint
1169 1477 1185 1502 ,
1216 1446 1270 1492 et
1299 1439 1477 1493 omnis
1503 1442 1716 1510 generis
1748 1442 1819 1510 pii

243 1519 482 1574 exercitii
511 1524 785 1581 materiam
813 1535 867 1580 et
887 1540 1103 1582 causam
1134 1528 1408 1597 praebeant
1439 1531 1540 1602 (a).

686 1613 964 1671 JACOBUS
1000 1617 1388 1669 SPIEGELIUS.

614 1697 629 1756 (
658 1694 711 1745 ln
730 1710 905 1747 comm.
929 1699 1090 1762 hymni
1113 1700 1254 1751 Omni
1283 1704 1413 1751 hora.
1439 1705 1451 1765 )

311 1774 438 1828 250.
482 1774 716 1842 Quorum
746 1779 1090 1852 (lyricorum)
1122 1786 1367 1855 princeps
1415 1790 1555 1855 apud
1601 1789 1822 1846 Griecos

240 1860 518 1929 Pindarus,
546 1865 682 1935 apud
714 1866 929 1923 Latinos
972 1871 1216 1931 Horatius
1256 1852 1394 1929 inter
1437 1852 1680 1933 ethnicos
1716 1897 1728 1932 :
1763 1888 1821 1937 ut
1855 1852 1905 1914 Β

240 1953 559 2012 Prudentius
612 1960 751 2016 inter
779 1977 893 2029 eos,
928 1963 1017 2033 qui
1049 1964 1100 2017 in
1140 1967 1251 2020 veri
1274 1966 1378 2033 ,1)01
1420 1972 1813 2029 venerationem

243 2050 438 2116 pietate
469 2054 651 2122 plenos
688 2057 938 2111 modulati
975 2070 1100 2113 sunt
1140 2060 1386 2131 hymnos.

808 2148 927 2199 NIC.
956 2150 1268 2203 HEINSIUS.

238 2224 253 2283 (
284 2222 335 2271 ln
361 2230 502 2288 epist.
530 2227 688 2278 dedic.
709 2246 815 2296 sure
841 2235 1069 2285 editionis
1107 2236 1357 2289 Prudentii
1384 2240 1442 2289 ad
1468 2240 1822 2296 Ferdiuaudum

640 2293 918 2356 episcopum
940 2297 1385 2350 Paderbonenseut.
1406 2301 1424 2365 )

308 2373 579 2427 Aurelium
608 2374 954 2433 Prudentium
984 2381 1314 2438 Clementem
1344 2401 1453 2455 quo
1484 2404 1640 2443 nemo
1678 2402 1821 2446 vote.

234 2476 349 2514 l‘lllll
380 2468 580 2529 majore
622 2482 744 2522 cum
791 2483 1042 2526 successu
1098 2476 1279 2542 poesiu
1323 2477 1613 2536 Christiani
1663 2497 1823 2554 argu-

234 2556 394 2607 tuenti
418 2556 561 2610 dedit
577 2560 862 2628 excultum,
878 2572 969 2617 aut
990 2564 1341 2623 laudabiliora
1362 2573 1610 2641 exemplo
1640 2574 1816 2638 famm.

233 2658 294 2695 ac
327 2648 622 2712 posteritati
646 2654 1057 2720 commendavit,
1080 2667 1182 2712 etc.
1212 2658 1362 2714 Hune
1388 2671 1441 2715 tu
1470 2674 1678 2733 poetam
1708 2668 1828 2733 jam-

232 2735 300 2788 ab
344 2752 516 2806 ungue
568 2749 753 2797 tenero
796 2743 1112 2802 familiarem
1164 2750 1428 2819 habuisti;
1459 2754 1599 2811 hunc
1640 2767 1812 2812 tecum

233 2828 309 2883 sic
339 2830 626 2888 admiratus
661 2847 741 2889 est
783 2838 951 2893 Lucas
980 2839 1070 2894 ille
1102 2852 1219 2897 tuus
1252 2843 1579 2910 llolstenius,
1613 2849 1821 2903 claris--

233 2920 353 2975 siml
383 2924 460 2976 vir
490 2927 741 2993 nominis,
773 2940 828 2983 ut
851 2931 1082 2987 animam
1113 2934 1221 3000 jam
1249 2951 1415 3006 agens
1441 2955 1501 2993 ac
1534 2944 1809 3019 moribun-

230 3009 351 3074 dus,
382 3029 475 3082 per
514 3025 565 3071 te
588 3017 689 3071 sibi
719 3035 783 3074 ex
804 3020 1499 3097 Cathemerinis-hymnum,
1532 3034 1621 3102 qui
1650 3009 1805 3090 exse-

229 3102 368 3170 quiis
410 3105 785 3164 defuuctorum
814 3113 988 3182 datur,
1031 3116 1243 3172 recitari
1274 3119 1519 3189 voluerit,
1550 3132 1705 3193 atque
1740 3141 1805 3181 eo

1644 342 2167 419 PROLEGOMENA.

1859 477 1911 538 Α
1938 470 2273 544 proponitur.
2309 482 2534 538 Favehis
2564 485 2661 552 illi,
2692 488 2899 557 opinor,
2937 501 2989 543 i-t
3019 493 3285 551 hominem
3315 495 3511 563 ingenii

3411 383 3517 441 758

1941 583 2001 620 ac
2034 570 2244 638 pietatis
2270 573 2439 642 gloria
2482 574 2784 647 ﬂorentem,
2820 582 2905 649 qui
2954 586 3285 651 superiorum
3316 593 3519 652 tempo-

1848 672 1849 675 ‘
1939 676 2055 715 rum
2089 662 2280 731 injuria
2306 666 2580 736 tantisper,
2607 670 2790 738 jacuit,
2825 674 3049 744 benigne
3091 685 3147 729 ut
3182 685 3403 733 ca-leros
3432 694 3520 733 so-

1938 754 2035 821 les,
2078 755 2305 824 accipies
2353 757 2448 827 (b).
2495 760 2559 814 Et
2610 763 2662 816 in
2697 764 2809 817 Vita
2840 766 3000 838 214
3042 768 3310 824 Prudentii
3339 790 3349 822 :
3382 771 3515 825 Illud

1937 846 2149 911 mirere,
2186 847 2310 903 licet
2357 848 2426 903 de
2457 851 2617 906 variis
2647 853 2942 911 haeresibus
2972 860 3134 913 multa
3178 861 3401 922 dixerit.
3436 869 3517 914 ta-

1934 950 2056 990 men
2089 938 2259 1005 ipsum
2291 940 2443 1005 nihil,
2482 943 2622 1009 quod
2669 945 2721 998 in
2768 946 3087 1003 deteriorem
3118 953 3282 1019 accipi
3315 962 3513 1020 partem

1938 1038 2142 1094 posset,
2194 1040 2285 1085 aut
2334 1032 2532 1086 erroris
2566 1034 2885 1104 insimulari,
2915 1028 3214 1107 scripsiésm
3243 1044 3378 1109 Quin
3407 1043 3515 1100 imo

1936 1129 2182 1188 tauquam
2216 1137 2410 1194 e.puro
2440 1122 2587 1178 fonte
2618 1125 2834 1181 haurire
2872 1143 2934 1183 ex
2968 1129 3110 1186 illius
3154 1133 3362 1200 scriptis
3395 1150 3514 1201 pns-

1934 1227 2123 1293 sumus
2149 1215 2325 1269 omnia
2356 1224 2552 1271 sancta.-
2584 1204 3120 1276 Ecclesim'Romanm
3146 1224 3420 1292 dogmata;
3453 1242 3513 1280 ac

1932 1306 2262 1374 potissimum
2312 1324 2373 1362 ea
2424 1323 2543 1377 quae
2589 1308 2870 1366 Trinitatis
2897 1312 3207 1383 mysterium
3248 1326 3511 1384 spectant,

1930 1396 2127 1451 Christi
2178 1399 2506 1453 nativitatem
2555 1400 3023 1471 divinitatemque;
3058 1404 3235 1459 Maria:
3284 1404 3514 1476 Virginis

1931 1486 2311 1555 integritatem,
2367 1489 2567 1544 cultum
2622 1500 2960 1556 sanctorum;
3011 1493 3325 1564 illorumque
3375 1497 3513 1564 apud

1932 1576 2096 1629 Deum
2139 1578 2384 1646 gratiam,
2417 1587 2473 1632 et
2519 1588 2857 1647 patestatem.
2904 1582 3036 1637 lliuc
3065 1593 3326 1654 quotquot
3365 1584 3513 1642 luere

1933 1664 2151 1720 litterati
2181 1665 2302 1731 viri,
2332 1667 2700 1724 auctoritatem
2731 1670 3002 1726 Prudentii
3028 1673 3247 1731 minime
3271 1686 3509 1733 contem-

1933 1753 2160 1809 nendam
2191 1754 2473 1810 duxerunt.

2362 1847 2425 1896 Μ.
2447 1848 2507 1897 D.
2532 1848 2784 1920 HL’LLER
2808 1853 2860 1902 S.
2882 1852 2922 1902 Ι.
2947 1854 3001 1903 Ρ.
3025 1854 3081 1905 ﬂ.

1939 1949 1955 2010 (
1984 1949 2036 1998 lu
2061 1952 2339 2011 prtefatione
2364 1953 2588 2024 editionis
2612 1954 2864 2024 l‘rudeatii
2886 1972 3013 2024 anno
3054 1962 3193 2024 1701,
3232 1976 3339 2013 cum
3383 1968 3509 2016 notis

2458 2017 2644 2067 Heinsii
2669 2026 2720 2069 et
2741 2018 2956 2071 aliorum.
2988 2023 3004 2084 )

2005 2116 2129 2171 252.
2161 2120 2360 2174 Aurelii
2393 2120 2666 2178 Prudentii
2707 2122 2996 2183 Clementis
3036 2143 3195 2197 opera
3242 2138 3385 2187 tanto
3411 2134 3507 2189 mi-

1934 2222 2065 2262 nore
2096 2200 2561 2271 commendatione
2585 2224 2763 2283 egent,
2782 2226 2982 2286 quanto
2998 2216 3247 2288 inagis‘se
3267 2224 3333 2278 ab
3361 2227 3506 2281 omni

1931 2315 2046 2355 aevo
2064 2316 2128 2356 ex
2146 2317 2253 2370 quo
2281 2302 2483 2372 scripta
2512 2315 2636 2361 sunt
2654 2312 3117 2367 commendarunt.
3145 2314 3331 2371 Nullus
3359 2327 3505 2373 certe

1931 2404 2204 2461 poetarum
2235 2394 2655 2454 Christianorum
2689 2412 2770 2456 est
2811 2404 3013 2472 antiqui
3041 2405 3183 2461 illius
3228 2410 3500 2478 temporis,

1926 2500 2048 2540 cum
2079 2500 2185 2555 quo
2208 2503 2309 2542 non
2342 2492 2589 2557 componi
2610 2495 2807 2561 possit:
2835 2511 3006 2564 neque
3031 2498 3310 2567 quisquam
3340 2501 3501 2557 etiam

1926 2577 2014 2647 qui
2048 2580 2251 2647 piorum
2281 2588 2336 2634 et
2362 2580 2690 2638 eruditorum
2723 2586 2969 2642 manibus
3009 2589 3335 2657 frequentius
3359 2600 3501 2646 tera-

1924 2683 2029 2737 tur,
2061 2681 2151 2725 aut
2179 2674 2231 2725 in
2257 2687 2414 2742 quem
2437 2689 2596 2730 curas
2625 2690 2748 2731 suas
2780 2679 2988 2749 utrique
3012 2680 3355 2737 contulerint.
3390 2682 3500 2737 Hoc

1924 2764 2081 2818 toties
2102 2763 2340 2831 repetita:
2367 2764 2508 2821 illius
2537 2765 2826 2835 editiones,
2844 2781 2896 2823 et
2924 2784 2955 2825 a
2975 2771 3217 2838 plurimis
3235 2784 3495 2842 susceptae

1922 2853 1973 2906 in
2006 2853 2151 2906 illum
2184 2853 2588 2919 illustrationes,
2621 2867 2673 2910 et
2697 2861 2996 2931 cnnscripta
3038 2870 3295 2921 testantur
3325 2864 3495 2921 adno-

1917 2955 2043 2999 tata.

2529 3017 2889 3072 CELLARIUS.

2318 3095 2334 3157 (
2366 3086 2416 3145 111
2442 3099 2626 3160 praefat.
2668 3114 2767 3151 sua:
2804 3103 3047 3153 editionis.
3078 3106 3094 3167 )

230 3206 382 3260 [lat-l0
429 3199 479 3250 in
531 3199 781 3257 solatium
836 3205 957 3260 vita:
1009 3209 1245 3265 melioris
1275 3224 1450 3266 tuente
1482 3223 1713 3283 erectus,
1746 3231 1808 3274 ac

1985 3199 2110 3256 255.
2142 3200 2563 3260 Christianorum
2596 3216 2869 3275 poetarum
2900 3207 3192 3278 principem
3222 3210 3494 3268 Aurelium
3570 3206 3573 3213 ’

229 3286 336 3342 Deo
361 3290 546 3358 plenus
581 3297 885 3364 exspirarit.
1291 3344 1299 3351 .

762 3386 1263 3443 CHAMILLARDUS.

501 3470 517 3532 (
545 3469 595 3519 10
624 3474 825 3531 egistola
865 3474 1019 3525 dedic.
1045 3478 1103 3525 ad
1142 3477 1495 3543 Delphinum.)

294 3550 419 3607 25L
447 3554 664 3610 Summo
688 3558 782 3611 l'uit
802 3558 1120 3615 Prudentius
1147 3565 1281 3631 apud
1314 3564 1599 3622 Arcadium
1617 3578 1669 3624 ct
1692 3570 1798 3625 Ho-

220 3642 431 3695 norium
466 3645 516 3698 iu
544 3648 737 3715 pretio,
770 3651 889 3719 quia
923 3651 1050 3720 ipsis
1078 3656 1405 3723 exemplum,
1431 3660 1568 3727 quod
1603 3677 1795 3731 seque-

216 3742 426 3799 rentur,
462 3735 511 3789 in
544 3738 912 3795 describendis
943 3743 1051 3797 illis
1083 3744 1359 3801 catholicae
1398 3750 1673 3821 religionis
1706 3754 1799 3807 he-

219 3825 401 3880 roibus
436 3832 783 3899 preponehat.
822 3833 964 3887 Idem
1013 3835 1104 3889 tibi
1149 3852 1178 3890 a
1227 3852 1436 3894 summa
1493 3842 1581 3898 1110
1642 3859 1791 3911 poeta

289 3987 366 4055 (α)
405 3987 579 4068 Pergit
624 3990 901 4068 llopperus
932 3991 1256 4068 singulorum
1290 3997 1584 4050 carminum
1637 4015 1799 4068 argu-

216 4067 397 4139 menta
447 4061 753 4139 exulanare.
800 4062 943 4139 Nanr
977 4073 1028 4139 u‘t
1058 4064 1371 4135 singulorum
1417 4068 1629 4139 singulis
1658 4061 1805 4139 quasi

214 4130 381 4180 verbis
412 4137 770 4196 opusculorum
822 4133 1088 4202 periochae
1132 4130 1519 4203 cognoscendas
1539 4141 1627 4192 tibi
1657 4130 1799 4193 exhi-

214 4201 381 4274 1101101⁸
387 4216 405 4252 :
435 4203 574 4274 visne
619 4203 795 4257 carnis
825 4201 1071 4257 adversus
1102 4201 1530 4274 concupiscentia:
1571 4213 1757 4262 arrttari
1782 4213 1805 4263 ἶ)

215 4266 281 4342 in
345 4267 901 4342 Pfycliomacltiamuw
945 4275 1111 4342 prima
1165 4266 1408 4339 occurrit,
1459 4287 1504 4329 te
1550 4292 1797 4334 exerceto.

223 4339 313 4392 Vis
368 4337 572 4415 Domini
604 4337 760 4395 nostri
790 4337 916 4397 Iesu
945 4337 1154 4398 'Christi
1183 4337 1436 4400 miracula
1458 4358 1501 4399 et
1529 4348 1797 4415 immensa,

250 4427 332 4464 me
380 4410 606 4466 humano
656 4416 825 4483 generi
852 4417 1135 4483 ,prwstitil,
1188 4415 1429 4482 beneficia
1477 4410 1796 4489 coynoscerc,

212 4428 491 4531 7amlesaue
519 4485 627 4531 eius
669 4485 979 4531 demutare?
1007 4484 1408 4531 Cathemerinon:
1438 4490 1663 4531 rnnpliln,
1707 4489 1796 4531 Vi;

1918 3294 2262 3350 Prudentium
2287 3296 2615 3353 Clementem
2642 3296 2789 3350 vides
2806 3296 2950 3351 curis
2972 3299 3166 3354 nostris
3184 3300 3375 3356 factum
3397 3318 3459 3359 ei
3474 3335 3491 3343 -

1916 3385 2274 3453 plicatiorem.
2307 3388 2441 3441 Dum
2472 3389 2523 3441 in
2552 3388 2712 3460 215
2740 3388 2876 3441 votis
2918 3387 3098 3454 habui,
3129 3398 3187 3443 ut
3229 3404 3349 3446 cum
3378 3386 3514 3447 Vir?

1914 3478 2295 3549 gilio,Horatio
2322 3497 2382 3537 ac
2403 3482 2661 3537 Cicerone
2687 3481 2738 3535 in
2762 3482 3075 3536 Christianis
3106 3483 3305 3541 scholis
3330 3487 3489 3540 etiam

1915 3569 2178 3625 Minucius
2214 3571 2389 3637 Felix,
2420 3581 2473 3628 et
2488 3571 2792 3627 Lactantius
2814 3587 2876 3627 ac
2921 3572 3233 3629 Prudentius
3262 3578 3485 3646 conjun-

1909 3674 2121 3731 gantur,
2165 3664 2493 3733 utjuventtts
2536 3674 2716 3719 nostra
2757 3680 2843 3720 res
2874 3665 3125 3722 Ecclesia:
3166 3667 3395 3739 antiquae
3438 3681 3489 3725 et

1905 3756 2021 3825 ejus
2052 3756 2289 3812 divinum
2321 3773 2557 3822 sensum,
2589 3765 2643 3813 et
2673 3774 2849 3815 mores
2876 3774 2938 3814 ac
2967 3759 3071 3814 fata
3109 3771 3252 3817 recte
3292 3778 3489 3834 cogno-

1906 3848 2143 3918 scat(ci

1918 4003 2107 4056 litteris
2158 4002 2457 4058 imbuenda:
2506 4005 2802 4073 praefectos,
2832 4005 3081 4061 Carolum
3126 4008 3484 4064 Sancta-Mau-

1923 4088 2113 4145 110010,
2148 4073 3005 4145 110010000111111100111,,1000111101
3040 4078 3330 4145 Benignum
3359 4080 3487 4133 Bus-

1913 4144 2163 4204 suetium,
2199 4154 2247 4197 et
2281 4144 2492 4197 Petrum
2525 4144 2796 4199 0011101001
2827 4146 3098 4211 1100111110,
3122 4144 3209 4211 qni
3250 4147 3485 4203 Pruden-

1914 4212 2040 4262 tium
2074 4211 2137 4263 ad
2187 4227 2335 4265 usum
2392 4214 2631 4277 Delphini
2686 4219 3082 4269 cntnmentariis
3116 4216 3481 4271 illustrandum

1909 4292 2253 4338 censuerunt.
2290 4284 2434 4336 11000
2456 4283 2799 4337 Chamillardi
2831 4286 3117 4339 editionem
3150 4296 3297 4340 tanto
3323 4303 3485 4356 appa-

1909 4364 2031 4405 ratu
2060 4364 2437 4425 procuratum,
2466 4364 2520 4407 et
2564 4373 2590 4405 a
2625 4356 2800 4408 multis
2850 4372 2987 4409 nunc
3017 4357 3329 4425 expolitam,
3356 4360 3483 4414 olim

1907 4424 2168 4497 ret-ndere
2215 4425 2596 4492 cogitaveram,
2630 4426 2768 4489 quod
2822 4429 2888 4497 ita
2921 4437 3168 4495 oportere
3191 4426 3485 4497 judicasset

233 4482 491 4548 audesque
519 4485 627 4550 ejus
669 4482 979 4540 decantare?
1007 4484 1408 4572 Cathemerinon
1438 4482 1667 4560 repEtilo.
1701 4489 1799 4572 γὴ
1826 4510 1882 4572 D
1907 4494 1988 4545 vir
2024 4482 2309 4572 quinigena
2354 4482 2658 4572 eruditione
2702 4482 3102 4572 celeberrimus.
3139 4482 3349 4572 Sétlab
3381 4500 3481 4572 huc

213 4562 510 4627 sanctorum
547 4563 840 4627 ininrtyrum
891 4555 1133 4625 exemplis
1178 4557 1333 4627 ﬁdem
1384 4567 1431 4610 et
1463 4555 1798 4615 constantiam

213 4622 438 4700 tnam‘in
476 4622 724 4700 religione
752 4622 1045 4700 Christiano
1079 4622 1444 4700 corroborari?
1469 4629 1799 4700 Peristepha-

212 4709 324 4771 0ωο
354 4692 610 4771 inspicite.
652 4694 742 4771 itis
768 4698 1117 4771 ltwreticorum
1147 4698 1280 4771 [antra
1316 4701 1477 4771 uitare
1500 4692 1799 4771 dogmata?

212 4763 529 4839 Apollieosin
570 4778 616 4820 et
669 4764 1093 4839 Hontartigenian
1134 4763 1324 4839 legito.
1376 4766 1466 4822 Vis
1514 4763 1798 4827 horrendas

212 4834 480 4901 gentilium
507 4837 886 4901 superstitiones
910 4834 958 4891 et
979 4834 1301 4892 tdololatiias
1328 4856 1442 4893 cum
1470 4841 1797 4897 detestatione

212 4905 499 4980 admirari?
521 4906 598 4961 lia
620 4923 734 4980 quia
760 4917 937 4961 contra
962 4908 1326 4980 Symmachum
1355 4911 1555 4978 scripsit
1610 4929 1796 4980 cogno-

213 4974 360 5047 scito.
405 4975 490 5031 Vis
520 4978 729 5047 denique
750 4993 925 5031 sacras
949 4974 1205 5047 utriusque
1238 4974 1539 5034 Testamenti
1560 4974 1795 5036 historias

212 5045 261 5097 ἰν
282 5047 496 5120 ἐπιτομῇ
521 5045 774 5124 memoria:
812 5048 1097 5103 mandare?
1122 5045 1456 5103 Enchiridion
1505 5050 1676 5123 (quod
1705 5070 1797 5124 po-

212 5125 453 5187 stremum
472 5116 574 5187 est)
595 5120 825 5173 evolvite.

283 5185 360 5254 (ll)
386 5187 443 5240 10
476 5185 784 5255 praefatione
805 5188 1190 5243 Cltamillardus
1214 5190 1389 5244 laudat
1420 5192 1469 5244 10
1502 5192 1795 5246 Prudentiu

212 5256 446 5311 studium
493 5259 698 5327 insigne
725 5259 1019 5326 religionis,
1059 5258 1313 5313 doctrinae
1349 5260 1536 5314 miram
1567 5264 1794 5317 varieta-

212 5337 345 5386 tem.
382 5340 603 5399 magnos
644 5328 762 5383 illos
810 5330 1047 5395 spiritus,
1077 5329 1267 5399 quibus
1309 5329 1559 5384 :tl‘llantur
1591 5343 1792 5398 poetae;

212 5397 471 5465 quidquid
514 5402 563 5453 in
596 5400 795 5455 Grmcis
826 5413 889 5453 ac
920 5397 1120 5453 Latinis
1155 5401 1324 5467 poetis
1356 5415 1599 5462 Sparsutn
1632 5418 1692 5455 ac
1719 5397 1794 5455 itt-

214 5484 335 5520 sum
365 5478 471 5531 est,
522 5485 686 5523 unum
740 5469 1081 5525 l'rudentinm
1127 5473 1201 5524 ait
1230 5470 1513 5536 eullegi‘se
1541 5487 1796 5539 compen-

216 5539 416 5606 dioqne
446 5538 861 5606 repraesentasse
896 5557 911 5594 :
945 5542 1221 5596 Erasmum
1253 5550 1306 5596 et
1350 5543 1618 5595 lleinsittm
1653 5538 1795 5597 locu-

215 5609 421 5683 tionum
469 5608 795 5683 Latinarum,
829 5627 959 5683 quas
991 5612 1322 5666 imitarentur
1346 5611 1471 5680 ipsi,
1525 5611 1720 5683 l‘ormas
1743 5625 1795 5667 01

212 5678 427 5750 lepores
466 5696 495 5732 a
544 5678 997 5738 Prudentio'esse
1029 5690 1297 5737 mutuatos
1332 5701 1343 5734 :
1372 5678 1696 5750 praeclarum
1728 5685 1814 5738 dc‘

214 5748 505 5821 Prudentia
549 5750 805 5819 judiciunt
851 5755 1032 5808 tulisse
1063 5764 1170 5806 tres
1191 5748 1618 5821 sapientissimus
1649 5755 1793 5808 virus

212 5820 546 5876 serenissimi
600 5821 843 5886 Delphiui
888 5820 1263 5879 adolescentiae
1308 5826 1459 5879 bonis
1507 5824 1711 5881 artibus
1742 5837 1798 5881 et

1905 4563 2131 4617 consilio
2160 4565 2319 4617 tuulta
2357 4580 2443 4620 me
2471 4566 2861 4619 deterruerunt.
2897 4567 3131 4621 Primum
3184 4569 3346 4622 editio
3396 4571 3481 4625 illa

1908 4633 2224 4707 Parisieusis
2254 4635 2591 4707 potissimum
2620 4640 2872 4703 quaeritur
2904 4637 2967 4691 ad
2996 4639 3185 4693 seriem
3209 4640 3482 4707 completi:

1903 4706 2024 4759 dam
2055 4704 2680 4779 similiumeditionum;
2711 4708 2897 4779 eadem
2931 4709 3067 4778 typis
3094 4710 3210 4762 aliis
3255 4704 3480 4779 repetita

1904 4776 2205 4829 vilesceret.
2253 4777 2449 4829 Deinde
2500 4776 3055 4845 interpretatio’sa-pi-
3105 4776 3332 4834 obscura
3372 4792 3476 4845 est,

1902 4846 2169 4918 interdum
2201 4845 2531 4918 imperfecta,
2562 4847 2647 4898 ubi
2680 4858 2855 4900 autem
2886 4849 3104 4915 optima,
3130 4850 3258 4915 solis
3304 4855 3479 4918 pueris

1903 4916 2069 4968 utilis.
2098 4915 2231 4968 Tum
2286 4916 2527 4983 plurima:
2579 4926 2715 4991 noue
2754 4917 2803 4970 in
2857 4915 3385 4991 rebtts__perrnlgati<
3416 4939 3478 4975 ac

1902 4986 2147 5038 contritis
2182 4997 2492 5059 versantur;
2523 4985 2720 5059 critica;
2750 4985 2919 5052 "olm,
2942 5004 3002 5041 es
3032 4985 3475 5059 Heinsio-potitur,

1900 5069 2008 5107 non
2034 5063 2155 5109 sunt
2182 5071 2210 5109 a
2244 5056 2417 5116 nobis,
2450 5056 2535 5124 qui
2588 5056 2745 5108 codd.
2795 5072 2922 5110 mss.
2958 5056 3338 5123 consumimus,
3382 5076 3473 5114 ex-

1901 5126 2218 5189 scribendae,
2267 5124 2358 5178 sed
2390 5127 2439 5178 in
2473 5141 2692 5180 examen
2752 5129 3018 5181 voeandtn.
3057 5130 3221 5181 Postri
3245 5146 3329 5183 mo
3362 5129 3475 5182 loca

1901 5210 2067 5247 sacrm
2119 5194 2429 5264 Scriptum,
2485 5206 2536 5246 rt
2576 5197 2671 5249 SS.
2706 5195 2922 5251 Palrtttu
2972 5198 3358 5252 Chamillardus
3412 5217 3473 5253 cx

1900 5265 2133 5319 fontibus
2158 5281 2259 5317 non
2287 5265 2667 5333 limpidissimis
2690 5267 2998 5335 plerumque
3027 5267 3326 5334 descripsit.
3354 5270 3475 5323 llic

1900 5337 2076 5386 omnia
2128 5335 2344 5396 δίιιέιιιίκ
2401 5337 2531 5389 locis
2562 5336 2604 5387 si
2638 5338 2704 5388 ab
2744 5352 2828 5397 eo,
2857 5338 2945 5405 qui
2991 5339 3280 5390 editionem
3334 5340 3473 5392 Cha-

1900 5405 2131 5474 millardi
2168 5406 2826 5474 reprtcsentaret,silentio
2855 5409 3268 5473 praeterirentur,
3295 5413 3472 5462 0101011

1900 5472 2287 5541 indiligentiam
2334 5485 2647 5531 accusarent
2678 5494 2689 5526 :
2724 5479 2766 5529 si
2802 5472 3131 5543 0010100101,
3149 5477 3362 5531 tmdium
3398 5480 3473 5533 itt-

1900 5545 2162 5614 credibile
2189 5556 2261 5598 tot
2294 5562 2468 5599 rerum
2503 5546 2845 5614 repetitioncs
2887 5546 3067 5601 lectori
3103 5559 3367 5614 parerent.

1974 5613 2048 5685 (c)
2098 5616 2232 5685 andi
2268 5632 2406 5670 nunc
2455 5613 2576 5684 quas
2608 5615 2894 5668 [’rudentio
2939 5616 3094 5685 olojici
3139 5617 3474 5673 (1100100110-

1900 5683 2065 5739 ritts’:
2107 5684 2411 5749 Prudentia,
2451 5683 2677 5759 ejusque
2702 5685 2752 5736 in
2792 5684 2977 5738 scholis
3008 5683 3129 5739 usui
3172 5689 3273 5742 duo
3322 5690 3474 5759 objici

1900 5760 2133 5826 equidem
2164 5772 2263 5810 non
2294 5754 2493 5833 ignaro,
2527 5754 2755 5832 videlicet
2788 5765 3049 5833 utrumque
3074 5761 3181 5827 ejus
3209 5754 3472 5833 ἀνημαῖἰαν

1902 5824 2003 5883 litin
2033 5826 2200 5894 metri,
2234 5829 2284 5882 in
2310 5826 2500 5881 ercis
2522 5824 2737 5876 utamime
2758 5824 3027 5895 vocabulis,
3056 5824 3201 5893 quam
3226 5824 3473 5898 religiosa:
