4102 6348
316 420 410 472 7151

1686 403 2215 462 PROLEGOMENA.

3474 406 3577 461 762

315 526 440 576 tium
486 523 831 590 scripserunt,
862 519 1100 589 plerique
1132 518 1277 571 illum
1313 525 1435 571 sunt
1492 513 1701 577 imitati,
1729 516 1880 585 quasi
1912 520 1964 578 Α
1992 516 2145 584 Prag.
2175 556 2189 579 ,
2254 515 2588 581 Angelicum,
2649 516 3065 571 Alexandrinum
3098 558 3111 581 ,
3158 518 3518 574 Marieltinum
3556 560 3570 584 ,

314 628 433 666 cum
466 628 688 682 poeseos
738 611 1057 665 Christiana:
1103 618 1379 679 parentem
1432 616 1806 676 agnoscerent,
1838 618 1891 660 ct

315 706 554 774 quamvis
583 702 938 773 quorumdam
968 701 1107 755 fama
1135 700 1364 754 obscura
1411 700 1500 765 sit,
1536 710 1715 753 tamen
1764 698 1896 751 nihil

319 794 439 849 inde
473 794 745 851 Prudentii
766 794 951 864 gloriae
972 792 1293 856 detrahitur,
1321 789 1771 860 quemadmodum
1803 804 1898 844 ne-

314 902 414 955 que
441 886 645 955 Virgilii
675 897 730 941 et
750 886 977 941 aliorum
1000 894 1242 939 veterum
1278 897 1506 953 quorum
1541 895 1731 937 versus
1751 893 1898 951 saepe

314 984 484 1045 poetae
541 974 828 1030 Christiani
888 976 1152 1046 sequioris
1206 974 1303 1028 aevi
1357 973 1750 1043 exprimebant.
1788 974 1900 1028 lmo

314 1068 602 1123 Prudentio
625 1064 679 1123 hi
709 1084 897 1139 magna
926 1084 988 1124 ex
1024 1074 1173 1137 parte
1203 1068 1419 1133 debent,
1447 1066 1587 1137 quod
1629 1066 1900 1136 aliquibus

318 1164 610 1220 luminibus
632 1180 817 1220 eorum
839 1165 1075 1219 carmina
1097 1163 1436 1233 splendeant,
1465 1161 1898 1233 quandoquidem

315 1271 374 1310 ea
406 1272 523 1325 qua:
552 1260 604 1311 in
635 1263 713 1313 e‘s
736 1258 965 1311 maxime
988 1256 1241 1321 emicant,
1260 1270 1325 1311 ex
1360 1255 1723 1310 Prudentiano
1751 1255 1901 1311 fonte

317 1345 611 1401 hauserint.
651 1347 813 1402 Plura
842 1346 1145 1416 hujusmodi
1188 1345 1242 1400 in
1272 1346 1679 1400 Commentariis
1726 1342 1901 1414 profe-

312 1451 453 1503 ram,
478 1452 618 1492 nunc
640 1438 938 1508 aliquorum
970 1439 1185 1492 nomina
1212 1438 1539 1492 recensebo:
1570 1436 1901 1506 Apollinaris

318 1528 584 1595 Sidonius,
639 1533 874 1585 Alcimus
915 1531 1121 1597 Avitus,
1180 1530 1521 1595 Fortunatus,
1570 1530 1901 1585 'l‘beodulfus

304 1610 736 1687 Aurelianensis,
771 1623 943 1687 Dudo,
974 1622 1223 1688 llericus,
1274 1622 1553 1687 Arnulfus,
1586 1621 1773 1685 Dares,
1806 1636 1900 1676 seu

319 1710 517 1780 Joseph
578 1712 868 1780 Devonius,
923 1713 1227 1782 Corippus,
1286 1712 1687 1779 Hartmannus,
1736 1712 1903 1768 Wan-

320 1802 613 1860 delbertus.

894 1919 1118 1975 CAPUT
1140 1919 1329 1975 XXIX.

324 2055 401 2111 De
430 2057 739 2112 variantt'um
771 2056 1037 2110 lectionum
1068 2056 1288 2110 delectu.
1341 2057 1535 2122 Quibus
1567 2059 1699 2111 notis
1729 2058 1909 2111 editio-

392 2142 504 2192 nes,
536 2138 584 2181 et
622 2128 1206 2197 manuscripticodices
1252 2128 1304 2181 in
1354 2130 1725 2182 commentariis
1776 2129 1911 2181 indi-

391 2208 584 2252 tentur.

393 2354 555 2424 218
590 2353 717 2409 257.
760 2354 1349 2413 Utcommentariorum
1378 2358 1585 2413 facilior
1610 2358 1680 2412 sit
1708 2371 1835 2412 usus
1855 2366 1910 2414 et

322 2446 693 2516 intelligentia,
719 2448 974 2502 nonnulla
1006 2458 1130 2503 ante
1184 2459 1397 2519 oportet
1443 2450 1734 2521 explicare.
1776 2450 1905 2504 Pro-

322 2538 525 2593 babiles
555 2538 793 2594 virorum
816 2540 1095 2596 doctorum
1128 2542 1469 2611 conjecturas
1518 2544 1659 2597 ultro
1687 2544 1910 2612 exponi-

318 2645 460 2695 mus,
486 2631 579 2686 sed
604 2630 673 2686 ita
696 2640 754 2686 ut
774 2634 1197 2703 repugnantibus
1228 2635 1378 2689 libris
1428 2637 1697 2691 veteribus
1727 2646 1781 2691 et
1801 2636 1911 2691 edi-

317 2722 556 2777 tionibus
606 2724 857 2794 antiquis,
919 2740 1063 2791 raro,
1113 2736 1204 2780 aut
1242 2742 1513 2797 nunquam
1566 2728 1907 2797 adoptemus,

318 2816 619 2885 prmsertint
660 2831 781 2871 cum
810 2830 998 2871 sensus
1047 2818 1393 2882 commodus,
1445 2821 1709 2889 metrique
1754 2820 1836 2875 lex
1878 2836 1907 2875 a

316 2906 615 2963 Prudentio
640 2907 925 2964 observata
949 2910 1198 2965 sustineri
1225 2922 1423 2981 potest.
1470 2912 1543 2967 Ea
1574 2928 1705 2967 vero
1750 2911 1909 2968 lectio

316 3001 639 3071 intelligitur
663 3018 694 3055 a
726 3001 878 3057 nobis
908 3003 1154 3070 praelata,
1197 3019 1316 3073 qua:
1341 3005 1395 3059 in
1433 3006 1669 3060 carmine
1712 3021 1910 3075 propo-

315 3093 490 3157 nitur,
523 3092 765 3163 quamvis
791 3094 845 3149 in
897 3096 1299 3150 commentariis
1332 3097 1511 3165 plures
1539 3097 1753 3152 codices
1780 3112 1909 3154 con-

314 3193 401 3239 tra
436 3186 811 3254 producamus,
845 3197 935 3241 aut
963 3188 1121 3242 aliam
1174 3187 1455 3244 lectionem
1497 3205 1649 3259 mque
1680 3190 1907 3255 bonam,

2009 606 2265 659 Viennen.
2300 605 2416 659 Vat.
2449 608 2489 659 A
2517 616 2569 659 et
2597 607 2653 659 Β.
2687 607 2816 660 Nam
2848 623 2909 662 ex
2941 607 3060 661 aliis
3090 609 3355 664 interdum
3395 610 3581 665 lectio-

2002 712 2123 752 nem
2153 698 2493 763 acommuni,
2529 707 2585 752 et
2611 699 2843 754 stabilita
2891 701 3282 770 discrepantem
3325 717 3430 756 non
3481 703 3576 756 ad-

2002 788 2205 854 natavi,
2240 787 2380 855 quod
2417 788 2671 843 mendosa
2720 800 2884 855 esset,
2937 801 3027 845 aut
3073 802 3255 860 aperte
3289 792 3576 862 superﬂua.

2004 878 2328 947 Plerumque
2358 880 2516 934 etiam
2546 890 2810 937 vetustate
2866 882 3035 939 ferme
3064 894 3394 955 consumptae
3446 884 3585 939 litte-

2003 985 2077 1025 ra!
2099 971 2170 1025 ita
2202 972 2490 1041 fugiebant,
2525 980 2581 1025 ut
2609 974 2972 1041 periculosum
3002 984 3147 1030 esset
3173 984 3320 1031 certo
3344 975 3586 1043 judicare

2004 1064 2129 1132 quid
2164 1065 2605 1134 essetoscriptum.
2642 1065 2852 1120 Manum
2907 1068 3134 1136 primam
3180 1068 3528 1137 exseriptoris
3558 1082 3589 1121 a

2004 1172 2163 1212 manu
2193 1157 2451 1224 secunda,
2481 1157 2621 1228 quod
2646 1158 2729 1214 his
2751 1160 2892 1213 notis
2915 1158 3113 1226 indico,
3141 1178 3209 1214 m.
3235 1178 3428 1230 pr.,m.
3446 1177 3547 1215 sec.
3571 1200 3590 1227 ,

2007 1248 2076 1302 ita
2099 1247 2391 1317 distinguo,
2448 1257 2505 1302 ut
2551 1256 2787 1304 veterem
2842 1265 3094 1317 manum,
3142 1261 3247 1304 tam
3297 1250 3589 1305 secundum

2007 1355 2163 1411 quam
2195 1341 2440 1409 primam,
2472 1340 2765 1411 intelligam
2787 1383 2801 1407 ,
2835 1343 2937 1397 nisi
2967 1358 3090 1398 cum
3144 1352 3415 1399 recentem
3447 1344 3591 1397 clare

2007 1434 2245 1488 nomino.
2275 1432 2503 1487 Codices
2533 1448 2660 1488 vero
2712 1449 2843 1488 mss.
2894 1444 2949 1489 et
2978 1434 3175 1500 editos,
3223 1448 3450 1504 quorum
3490 1433 3593 1487 fre-

2006 1530 2253 1597 quentior
2281 1526 2481 1580 mentio
2505 1528 2757 1592 occurrit,
2783 1528 2969 1596 primis
2998 1530 3203 1582 tantum
3235 1528 3428 1582 litteris
3444 1526 3595 1581 soleo

2007 1618 2298 1688 appellare,
2330 1632 2464 1687 quos
2496 1626 2553 1671 ut
2579 1618 2747 1672 lector
2775 1618 2931 1679 facile
2956 1619 3121 1688 possit
3162 1633 3475 1689 agnoscere,
3505 1630 3597 1673 eo-

2008 1728 2123 1765 rum
2156 1711 2454 1778 catalogum
2478 1710 2776 1778 subjiciam.

2080 1805 2215 1858 ALo.
2240 1803 2416 1857 Editio
2430 1802 2551 1857 Aldi
2571 1804 3005 1874 Manutii,dequa
3022 1819 3182 1874 supra
3200 1821 3347 1860 num.
3371 1804 3471 1859 104
3493 1803 3592 1874 (a).

1941 1904 1987 1963 B
2084 1898 2245 1969 219
2274 1898 2441 1951 ALsx.
2470 1894 2646 1951 Codex
2674 1896 3068 1952 Alexandrinus
3093 1898 3193 1953 521
3226 1898 3278 1952 in
3303 1896 3589 1952 bibliothe-

2015 2008 2075 2047 ca
2108 1992 2387 2055 Vaticana,
2419 1991 2485 2047 de
2515 2006 2620 2060 quo
2649 2006 2807 2061 supra
2831 2008 2981 2046 num.
3012 1992 3101 2047 78.

2086 2085 2221 2138 Aur.
2252 2082 2435 2139 Codex
2489 2082 2719 2137 Altinius
2756 2084 2894 2152 apud
2938 2083 3236 2139 Heinsium..
3269 2082 3404 2139 Vide
3447 2098 3595 2137 num.

2016 2175 2137 2230 100.

2083 2271 2254 2321 Anan.
2300 2265 2481 2322 Codex
2526 2267 2866 2323 bibliothecae
2914 2265 3329 2323 Mediolanensis
3372 2265 3598 2321 Ambro-

2013 2358 2178 2413 sianze
2208 2358 2347 2427 apud
2380 2357 2675 2413 Heinsium.
2704 2357 2861 2413 Num.
2896 2358 3021 2413 100.
3405 2358 3414 2366 ’

2085 2455 2217 2505 Asc.
2243 2449 2422 2506 Codex
2452 2450 2788 2507 bibliotheca:
2816 2452 3070 2506 Romana:
3101 2451 3390 2509 Anaelicm.
3426 2450 3581 2505 Num.

2014 2541 2105 2597 76.

2086 2636 2295 2693 Bonan.
2326 2638 2504 2694 Codex
2558 2638 2891 2695 Boherianus
2934 2636 3193 2693 vetustior
3235 2644 3291 2691 et
3329 2632 3597 2689 recentior

2014 2730 2152 2797 apud
2184 2730 2477 2785 Heinsium.
2511 2731 2668 2786 Num.
2714 2731 2838 2785 100.

2086 2821 2245 2878 Boas.
2279 2822 2459 2878 Codex
2494 2822 2887 2893 Bongarsianus
2926 2819 3067 2891 apud
3100 2818 3404 2875 Weitzium.
3438 2815 3596 2872 Num.

2015 2916 2103 2971 99.

2088 3010 2288 3064 Boson.
2316 3009 2496 3066 Codex
2523 3010 2900 3066 Bononiensis.
2931 3008 3085 3065 Num.
3115 3008 3201 3061 75.

2087 3103 2251 3156 anv.
2287 3103 2422 3158 Moz.
2452 3102 2778 3159 Breviarium
2825 3102 3252 3167 Mozarahicum,
3288 3100 3400 3154 sive
3430 3097 3596 3152 Isido-

2016 3194 2227 3250 rianum
2257 3204 2310 3249 et
2338 3195 2640 3251 Gothicum.
2668 3194 2824 3249 Num.
2862 3195 2981 3249 106.

314 3287 418 3333 aut
446 3278 673 3334 fortasse
705 3280 1177 3347 melioremyideri
1233 3284 1662 3349 pronuntiemus.
1698 3282 1755 3337 In
1782 3282 1981 3347 seli-C
2083 3287 2251 3342 Cxuc.
2306 3286 2529 3343 Cauehii
2583 3287 2754 3343 codex
2812 3296 2865 3342 et
2918 3295 3059 3341 nota:
3110 3285 3251 3356 apud
3300 3284 3599 3340 Heinsium.

312 3370 513 3440 gendis
561 3370 880 3426 lectionibus
910 3374 1174 3427 rationem
1208 3372 1493 3429 habuimus
1538 3384 1648 3428 tum
1697 3389 1908 3441 sensus,

314 3470 436 3517 tum
468 3463 647 3528 metri,
680 3474 787 3517 tum
820 3462 1218 3519 consuetudinis
1267 3475 1456 3535 poetzc,
1516 3475 1625 3521 tum
1683 3467 1908 3521 aliorum

314 3555 580 3609 similium
606 3555 876 3619 locorum,
910 3572 1028 3623 quae
1070 3566 1161 3611 aut
1203 3556 1246 3611 is
1296 3557 1533 3612 imitatus
1587 3558 1764 3626 fuerit,
1820 3569 1911 3615 aut

313 3645 416 3700 alii
446 3644 653 3715 antiqui
683 3661 749 3700 ex
773 3661 837 3701 eo
864 3647 1245 3716 expresserint.
1276 3646 1484 3717 Szepius
1506 3650 1685 3719 plures
1726 3661 1781 3706 et
1812 3668 1907 3706 te-

317 3740 580 3796 terrimos
606 3739 819 3795 codices
842 3740 1183 3809 paucioribus
1218 3749 1272 3795 et
1300 3742 1688 3797 recentioribus
1722 3742 1925 3811 praete»

314 3834 533 3889 rimus:
571 3846 949 3903 nonnunquam
998 3847 1198 3902 paucos
1229 3835 1441 3901 multis,
1502 3844 1743 3891 recentes
1774 3837 1910 3891 anti-

314 3927 468 3997 quis.
496 3924 625 3980 Cum
664 3926 795 3981 nihil
826 3935 1014 3981 contra
1068 3928 1269 3982 variam
1310 3928 1536 3983 aliorum
1591 3930 1909 3998 scripturam

316 4018 664 4086 disserimus,
698 4033 815 4073 eam
846 4018 1064 4073 retineri
1095 4034 1251 4087 posse
1279 4020 1664 4074 existimamus.
1693 4019 1913 4073 Nostras

317 4113 541 4170 codices
566 4130 685 4169 cum
735 4128 869 4169 voco
890 4154 904 4179 ,
937 4114 1157 4184 intelligi
1186 4113 1309 4170 volo
1360 4115 1628 4185 praecipue
1680 4114 1910 4184 Ratisb.,

401 4251 479 4321 (α)
522 4251 677 4305 Aliud
709 4251 983 4321 exemplar
1014 4250 1172 4319 hujus
1194 4250 1449 4322 editionis
1484 4260 1659 4305 exstat
1709 4253 1758 4305 in
1802 4249 1914 4322 pri-

319 4331 451 4376 vata
482 4323 795 4376 bibliotheca
824 4322 1175 4376 selectissitna
1227 4321 1324 4376 SS.
1374 4322 1433 4374 D.
1467 4323 1529 4375 Ν.
1578 4324 1651 4375 Pii
1710 4321 1812 4377 Vl.
1850 4323 1907 4377 P.

320 4395 402 4447 bl.
434 4393 590 4446 Deest
612 4393 838 4457 initium,
862 4394 957 4447 sed
988 4394 1107 4446 finis
1139 4393 1426 4459 respondet
1454 4394 1661 4447 caeteris
1708 4394 1914 4448 Aldiuis

323 4464 607 4519 Prudentii
637 4464 960 4519 editionibus
1003 4478 1135 4531 quas
1181 4462 1308 4518 vidi.
1346 4464 1411 4519 Ut
1465 4474 1641 4518 autem
1689 4465 1914 4533 quresﬁo

322 4536 447 4595 illa,
479 4550 637 4603 quam
665 4536 812 4599 attigi
857 4550 1001 4588 num.
1047 4533 1148 4588 104
1176 4543 1228 4587 ct
1278 4550 1391 4604 seq.
1414 4576 1426 4598 ,
1461 4533 1529 4588 de
1557 4535 1776 4603 triplici,
1809 4536 1911 4589 du-

323 4604 480 4675 plici,
507 4606 610 4671 vel,
645 4605 784 4674 quod
813 4607 989 4660 verius
1023 4615 1167 4672 puto,
1203 4605 1356 4659 unica
1390 4607 1577 4659 Aldina
1635 4606 1910 4661 Prudentii

2018 3378 2172 3433 Num.
2208 3380 2328 3435 104.

2089 3474 2323 3527 Cum.
2361 3471 2536 3527 Editio
2564 3470 2800 3527 Cellarii.
2832 3472 2987 3527 Num.
3020 3472 3143 3526 117.

2087 3564 2260 3618 Cum.
2286 3562 2465 3617 Editio
2494 3560 2869 3617 Chatnillardi.
2894 3562 3052 3617 Num.
3084 3562 3207 3615 117.

2038 3638 2039 3641 η
2094 3656 2230 3711 Eon.
2263 3655 2446 3710 Codex
2472 3655 2853 3723 Egmondanus
2884 3654 3023 3724 apud
3048 3652 3333 3709 Weitzium
3365 3661 3420 3706 et
3445 3650 3604 3705 llein—

2016 3750 2176 3803 sium.
2202 3748 2360 3803 Num.
2397 3747 2485 3810 99.
2516 3748 2638 3803 100.

2086 3841 2217 3895 Enr.
2243 3841 2421 3896 Codex
2452 3840 2779 3897 Erfurtensis
2807 3840 2945 3911 apud
2978 3839 3285 3895 Weitxium.
3320 3838 3476 3893 Num.
3509 3834 3600 3893 99.

2090 3935 2249 3989 h‘xnn.
2277 3934 2452 3988 Editio
2475 3935 2687 4005 Georgii
2714 3934 2966 3989 Fabricii.
3001 3934 3154 3989 Nunt.
3184 3934 3308 3987 111.

2090 4026 2254 4080 Foco.
2291 4024 2467 4081 Codex
2494 4026 2776 4081 Fuldensis
2805 4026 2947 4095 apud
2976 4025 3285 4080 Weitzinm.
3322 4023 3476 4078 Num.
3508 4022 3603 4080 99.

2091 4119 2259 4173 GALL.
2287 4117 2461 4173 Editio
2491 4118 2777 4174 Gallandii.
2804 4116 2961 4172 Num.
2995 4116 3097 4171 114
3127 4117 3221 4188 (b).

2023 4266 2148 4306 uere
2171 4251 2315 4315 licet,
2340 4251 2659 4319 opinabitur,
2686 4250 2844 4303 etiam
2866 4248 3211 4319 Prudentium
3236 4248 3435 4319 editum
3460 4263 3604 4304 anno

2022 4324 2181 4377 1502.
2206 4322 2320 4375 Jam
2354 4338 2539 4376 omnes
2586 4322 2792 4375 Aldina:
2830 4320 3091 4375 editiones
3130 4318 3423 4383 Prudentii,
3458 4334 3593 4385 quas

2020 4410 2116 4461 ego
2143 4393 2385 4458 excussi,
2414 4394 2529 4447 sine
2562 4392 2796 4447 numeris
2844 4390 3157 4460 paginarum
3212 4390 3311 4444 hoc
3357 4390 3599 4461 praedita:

2017 4460 2143 4518 sunt
2174 4464 2434 4535 regimine
2455 4464 2736 4519 librorum.
2770 4462 3030 4535 Incipiunt
3048 4476 3168 4515 cum
3184 4461 3248 4535 If,
3266 4473 3319 4535 et
3348 4460 3607 4535 desinunt

2016 4550 2137 4588 cum
2168 4532 2257 4605 μιν.
2282 4536 2368 4604 qui
2400 4545 2700 4603 postremus
2722 4544 2803 4587 est
2831 4534 3164 4605 quinternus.
3191 4533 3355 4605 Aldus
3380 4532 3479 4585 hoc
3515 4548 3601 4586 re-

2014 4603 2218 4675 gimeu'
2239 4603 2311 4660 iu’
2336 4606 2515 4659 limine
2545 4605 2817 4668 indicavit,
2850 4613 2905 4657 et
2936 4603 3162 4657 fortasse
3208 4603 3447 4675 voluerat
3480 4612 3603 4675 post

322 4665 688 4737 editione,'ab
710 4676 772 4729 iis
794 4678 881 4746 qui
909 4665 1353 4744 alia-exemplaria
1395 4677 1658 4743 inspicere
1681 4677 1908 4745 possint,
1941 4665 1990 4725 D
2015 4665 2296 4732 Aratorem
2330 4677 2469 4730 illico
2505 4665 2849 4731 Prudentium
2871 4675 2972 4743 legi
2999 4691 3012 4738 ;
3046 4690 3166 4727 nam
3197 4675 3391 4728 Arator
3409 4665 3607 4729 desinit

325 4746 547 4800 facilius
577 4748 895 4809 resolvatur,
933 4747 1188 4813 quasdam
1246 4746 1648 4801 observationes
1703 4747 1917 4801 addam.

324 4816 509 4872 Aldus
539 4826 720 4884 poetas
748 4818 1077 4884 Christianos
1106 4818 1311 4869 excusit
1366 4818 1503 4883 typis
1560 4832 1702 4869 anno
1757 4817 1918 4880 1501,

324 4888 431 4941 sed
490 4882 768 4952 publicavit
800 4882 938 4941 anno
970 4886 1125 4940 1502.
1161 4887 1265 4941 Eos
1312 4882 1519 4940 dedicat
1566 4887 1765 4940 Danieli
1796 4888 1920 4941 Cla-

326 4959 423 5012 rio
471 4957 631 5011 Jum’o
689 4958 845 5022 1511,
896 4972 1051 5025 quem
1100 4957 1171 5009 ita
1229 4957 1519 5024 alloquitur
1556 4975 1567 5010 :
1600 4956 1919 5011 Christianos

327 5037 515 5099 poetas
549 5030 663 5099 jam
690 5044 876 5081 armum
918 5029 967 5079 in
1001 5028 1207 5099 (bemus
1251 5028 1434 5081 nostris
1456 5043 1666 5099 excusas
1687 5029 1915 5091 tandem,

327 5097 414 5151 'mi
468 5097 647 5162 Clriri,
706 5100 1016 5152 emittimus..
1060 5097 1273 5165 Pagina
1344 5114 1450 5151 non
1523 5098 1919 5165 distinguuntur

332 5171 599 5223 numeris.
652 5169 840 5233 Incipit
893 5168 1142 5224 Sedulius
1198 5168 1456 5237 regimine
1504 5184 1555 5235 a,
1587 5170 1728 5237 quod
1782 5185 1915 5222 con-

332 5242 580 5293 tinuatur
624 5241 688 5293 ad
744 5240 822 5292 bb.
854 5239 1049 5293 Omnes
1099 5247 1223 5291 sunt
1275 5238 1551 5307 quaterni,
1587 5249 1813 5307 excepto
1860 5241 1919 5304 ά,

330 5312 585 5373 duerno,
626 5321 680 5365 et
710 5310 769 5363 bb
818 5320 989 5364 terno.
1022 5306 1077 5361 In
1122 5309 1226 5362 line
1254 5326 1267 5362 :
1294 5306 1527 5364 'Venetiis
1559 5312 1698 5377 apud
1724 5306 1921 5363 ’Aldum

336 5383 363 5433 1
381 5382 480 5435 :0l
515 5397 679 5435 armse
701 5380 972 5434 Januario.
1002 5380 1309 5447 Sequuntur
1338 5382 1391 5434 in
1423 5381 1631 5434 duobus
1652 5382 1923 5450 exempla-

334 5451 537 5517 ribus,
565 5468 682 5520 qure
730 5452 870 5517 vidi,
917 5452 1020 5505 alia
1052 5451 1307 5517 opuscula
1352 5452 1525 5506 soluta
1573 5452 1842 5514 oratione,
1869 5460 1924 5506 et

337 5523 836 5577 llomerocentoues
862 5522 1047 5575 Probtc
1073 5520 1360 5587 Falcouitc,
1386 5524 1477 5576 sed
1510 5522 1616 5575 alio
1639 5523 1918 5591 regimine,

336 5607 524 5661 neque
546 5592 597 5646 in
624 5594 728 5647 fine
753 5607 925 5649 annus
953 5601 1164 5646 notatur
1199 5592 1473 5646 editionis.
1517 5592 1613 5659 Qui
1647 5592 1745 5647 hoc
1773 5593 1922 5645 volu-

334 5679 471 5716 men
506 5664 555 5716 in
590 5678 775 5717 manus
799 5673 993 5729 sumat,
1024 5662 1121 5718 nisi
1146 5662 1453 5732 diligentius
1475 5664 1745 5729 observet,
1771 5663 1922 5718 facile

334 5734 709 5796 existimabit,
742 5736 877 5802 typis
904 5749 1156 5788 excusum
1182 5749 1321 5787 anno
1354 5734 1511 5787 1502.
1543 5734 1691 5796 Quod
1731 5734 1776 5787 si
1803 5750 1922 5788 car-

335 5804 489 5857 mina
524 5804 814 5867 Prudentii,
865 5805 992 5857 1501
1026 5819 1221 5859 excusa
1266 5814 1314 5858 et
1348 5805 1590 5872 vulgata,
1622 5806 1782 5857 simul
1814 5807 1923 5861 sint

338 5886 648 5935 compacta.
675 5875 802 5929 utin
819 5875 1110 5937 exemplari
1134 5875 1467 5933 bibliothecae
1487 5876 1789 5931 Barhct'inze
1811 5890 1923 5933 cer-

2025 4748 2078 4801 in
2127 4764 2200 4802 ee.
2236 4748 2379 4802 Idem
2422 4746 2587 4800 Aldus
2636 4746 2887 4813 praemisit
2938 4746 3173 4812 regimen
3222 4746 3602 4813 opusculorum

2024 4818 2332 4873 Crazcorum
2381 4817 2691 4871 Dannasceni
2726 4829 2779 4870 et
2825 4816 3085 4881 aliorum,
3114 4824 3169 4868 et
3212 4817 3510 4870 carminum
3542 4817 3601 4870 S.

2031 4889 2300 4957 Prosperi.
2349 4888 2545 4941 \‘crum
2589 4887 2696 4941 alio
2721 4886 2907 4941 ordine
2937 4886 3175 4953 procedit
3206 4888 3305 4941 hoc
3348 4887 3602 4956 regimen,

2023 4968 2078 5031 et
2110 4961 2177 5011 ita
2210 4967 2339 5031 sunt
2361 4973 2613 5031 eaopera
2656 4972 2897 5031 seorsum
2931 4971 3148 5031 excusa,
3183 4967 3239 5031 ut
3267 4970 3425 5031 etiam
3453 4972 3606 5031 sctit:

2022 5026 2138 5082 sum
2168 5028 2435 5096 compingi
2470 5030 2697 5096 possint.
2741 5028 2920 5096 Itaque
2968 5043 3065 5096 ego
3096 5028 3444 5081 Prudentium
3489 5026 3605 5079 Aldi

2024 5100 2132 5153 vidi
2160 5100 2286 5153 alibi
2315 5100 2509 5163 solum,
2545 5100 2667 5153 alibi
2697 5114 2817 5153 cum
2847 5100 3119 5166 opusculis
3150 5099 3351 5153 Graecis
3380 5099 3429 5151 in
3463 5098 3608 5165 prin-

2021 5170 2179 5234 cipio.
2206 5180 2260 5223 ct
2290 5170 2535 5223 versibus
2563 5169 2622 5224 S.
2668 5170 2918 5239 Prosperi
2965 5172 3013 5221 in
3051 5170 3177 5231 fine,
3210 5170 3332 5222 alibi
3358 5185 3479 5221 cum
3524 5168 3609 5221 his

2027 5242 2290 5304 versibus,
2317 5252 2369 5293 et
2391 5242 2663 5306 npusculis
2687 5241 2958 5296 Graecisin
2994 5240 3117 5305 fine,
3147 5239 3267 5292 alibi
3298 5255 3417 5291 cum
3446 5247 3606 5292 czcte-

2027 5312 2101 5364 ris
2131 5312 2287 5365 simul
2317 5313 2487 5378 poetis
2506 5310 2841 5367 Christianis.

2101 5381 2176 5451 (ὁ)
2208 5382 2376 5447 Quem
2423 5383 2665 5436 ordinem
2710 5380 3023 5436 Gallandius
3070 5378 3473 5451 tenuerit.rdixi
3513 5379 3605 5451 cit.

2031 5449 2177 5507 num.
2211 5455 2331 5514 IN.
2364 5461 2418 5505 et
2448 5454 2679 5519 conjeci,
2710 5468 2829 5507 eum
2877 5452 3120 5505 ordinent
3153 5450 3356 5502 servari
3400 5449 3449 5501 in
3489 5450 3607 5501 edi-

2030 5525 2175 5577 tione
2218 5525 2581 5577 'l'orn:r-siana.
2617 5523 2719 5578 Sed
2767 5538 2885 5577 cum
2934 5520 3120 5575 eadem
3150 5520 3314 5572 editio
3340 5536 3366 5571 a
3420 5520 3609 5573 Latino

2029 5593 2238 5649 Latinio
2262 5595 2312 5648 in
2348 5594 2674 5648 Bibliotheca
2696 5594 2904 5647 Selecta
2932 5591 3127 5644 collata
3146 5590 3305 5644 fuerit
3332 5607 3454 5644 cum
3476 5601 3606 5644 vett.

2030 5665 2203 5727 libris,
2233 5676 2286 5719 et
2316 5665 2557 5719 diversus
2598 5664 2730 5716 ordo
2766 5661 3106 5721 ostendatur,
3142 5661 3269 5715 satis
3322 5663 3470 5714 firma
3502 5677 3609 5715 non

2028 5748 2108 5789 est
2141 5736 2233 5790 illa
2253 5737 2577 5801 conjecutra.
2609 5733 2777 5786 Video
2806 5744 3003 5795 autem,
3030 5732 3097 5785 ab
3116 5734 3162 5784 al
3190 5735 3234 5785 is
3266 5731 3608 5797 Tormt’sium,

2029 5807 2095 5859 ab
2125 5806 2244 5861 aliis
2265 5805 2604 5863 Tornwsium.
2631 5806 2697 5856 ab
2729 5804 2845 5857 aliis
2878 5803 3179 5856 ’l‘ornesium
3218 5805 3610 5874 typographum

2029 5878 2312 5941 appellari.
2348 5892 2466 5930 nam
2502 5876 2788 5931 editionem
2822 5877 2988 5934 insam
3016 5889 3123 5932 non
3156 5874 3283 5930 vidi.
