  <div class='ocr_page' id='page_1' title='image "/cluster/home/n/w/nwhite01/storage/ocr_20150623/59/hvd.32044015471626/390.png"; bbox 0 0 4102 6348; ppageno 0'>
   <div class='ocr_carea' id='block_1_1' title="bbox 248 369 349 426">
    <p class='ocr_par' dir='ltr' id='par_1_1' title="bbox 248 369 349 426">
     <span class='ocr_line' id='line_1_1' title="bbox 248 369 349 426; baseline 0.04 -4"><span class='ocrx_word' id='word_1_1' title='bbox 248 369 349 426; x_wconf 81' lang='grc'>709</span> 
     </span>
    </p>
   </div>
   <div class='ocr_carea' id='block_1_2' title="bbox 1568 576 1749 648">
    <p class='ocr_par' dir='ltr' id='par_1_2' title="bbox 1568 576 1749 648">
     <span class='ocr_line' id='line_1_2' title="bbox 1568 576 1749 648; baseline 0.011 -17"><span class='ocrx_word' id='word_1_2' title='bbox 1568 576 1749 648; x_wconf 90' lang='lat' dir='ltr'><strong>[mine.</strong></span> 
     </span>
    </p>
   </div>
   <div class='ocr_carea' id='block_1_3' title="bbox 252 670 1220 743">
    <p class='ocr_par' dir='ltr' id='par_1_3' title="bbox 252 670 1220 743">
     <span class='ocr_line' id='line_1_3' title="bbox 252 670 1220 743; baseline 0.005 -21"><span class='ocrx_word' id='word_1_3' title='bbox 252 670 312 723; x_wconf 89' lang='grc'>10</span> <span class='ocrx_word' id='word_1_4' title='bbox 492 671 626 727; x_wconf 89' lang='lat' dir='ltr'><strong>Tum</strong></span> <span class='ocrx_word' id='word_1_5' title='bbox 655 672 849 729; x_wconf 88' lang='lat' dir='ltr'><strong>lasciva</strong></span> <span class='ocrx_word' id='word_1_6' title='bbox 882 674 1220 743; x_wconf 72' lang='lat' dir='ltr'><strong>protervitas,</strong></span> 
     </span>
    </p>
   </div>
   <div class='ocr_carea' id='block_1_4' title="bbox 427 765 1645 841">
    <p class='ocr_par' dir='ltr' id='par_1_4' title="bbox 427 765 1645 841">
     <span class='ocr_line' id='line_1_4' title="bbox 427 765 1645 841; baseline -0.003 -18"><span class='ocrx_word' id='word_1_7' title='bbox 427 768 492 824; x_wconf 88' lang='lat' dir='ltr'><strong>Et</strong></span> <span class='ocrx_word' id='word_1_8' title='bbox 522 769 677 824; x_wconf 83' lang='lat' dir='ltr'><strong>luxus</strong></span> <span class='ocrx_word' id='word_1_9' title='bbox 712 771 955 841; x_wconf 81' lang='lat' dir='ltr'><strong>petulans</strong></span> <span class='ocrx_word' id='word_1_10' title='bbox 980 770 1105 838; x_wconf 89' lang='lat' dir='ltr'><strong>(heu</strong></span> <span class='ocrx_word' id='word_1_11' title='bbox 1136 769 1320 838; x_wconf 88' lang='lat' dir='ltr'><strong>pudet,</strong></span> <span class='ocrx_word' id='word_1_12' title='bbox 1351 781 1415 822; x_wconf 90' lang='lat' dir='ltr'><strong>ac</strong></span> <span class='ocrx_word' id='word_1_13' title='bbox 1445 765 1645 837; x_wconf 86' lang='lat' dir='ltr'><strong>piget!)</strong></span> 
     </span>
    </p>
   </div>
   <div class='ocr_carea' id='block_1_5' title="bbox 418 856 1779 933">
    <p class='ocr_par' dir='ltr' id='par_1_5' title="bbox 418 856 1779 933">
     <span class='ocr_line' id='line_1_5' title="bbox 418 856 1779 933; baseline -0.004 -17"><span class='ocrx_word' id='word_1_14' title='bbox 418 862 662 917; x_wconf 86' lang='lat' dir='ltr'><strong>Foedavit</strong></span> <span class='ocrx_word' id='word_1_15' title='bbox 700 865 950 933; x_wconf 82' lang='lat' dir='ltr'><strong>juvenem</strong></span> <span class='ocrx_word' id='word_1_16' title='bbox 982 861 1233 930; x_wconf 74' lang='lat' dir='ltr'><strong>nequitite</strong></span> <span class='ocrx_word' id='word_1_17' title='bbox 1260 860 1528 925; x_wconf 87' lang='lat' dir='ltr'><strong>sordibus,</strong></span> <span class='ocrx_word' id='word_1_18' title='bbox 1558 872 1619 912; x_wconf 88' lang='lat' dir='ltr'><strong>ac</strong></span> <span class='ocrx_word' id='word_1_19' title='bbox 1648 856 1779 912; x_wconf 90' lang='lat' dir='ltr'><strong>luto.</strong></span> 
     </span>
    </p>
   </div>
   <div class='ocr_carea' id='block_1_6' title="bbox 500 953 1115 1024">
    <p class='ocr_par' dir='ltr' id='par_1_6' title="bbox 500 953 1115 1024">
     <span class='ocr_line' id='line_1_6' title="bbox 500 953 1115 1024; baseline 0 -17"><span class='ocrx_word' id='word_1_20' title='bbox 500 954 632 1007; x_wconf 83' lang='lat' dir='ltr'><strong>Exin</strong></span> <span class='ocrx_word' id='word_1_21' title='bbox 669 954 839 1024; x_wconf 91' lang='lat' dir='ltr'><strong>jurgia</strong></span> <span class='ocrx_word' id='word_1_22' title='bbox 874 953 1115 1008; x_wconf 91' lang='lat' dir='ltr'><strong>turbidos</strong></span> 
     </span>
    </p>
   </div>
   <div class='ocr_carea' id='block_1_7' title="bbox 418 1043 1468 1114">
    <p class='ocr_par' dir='ltr' id='par_1_7' title="bbox 418 1043 1468 1114">
     <span class='ocr_line' id='line_1_7' title="bbox 418 1043 1468 1114; baseline -0.003 -15"><span class='ocrx_word' id='word_1_23' title='bbox 418 1048 705 1101; x_wconf 80' lang='lat' dir='ltr'><strong>Armarunt</strong></span> <span class='ocrx_word' id='word_1_24' title='bbox 731 1047 957 1113; x_wconf 84' lang='lat' dir='ltr'><strong>animos,</strong></span> <span class='ocrx_word' id='word_1_25' title='bbox 982 1055 1034 1102; x_wconf 90' lang='lat' dir='ltr'><strong>et</strong></span> <span class='ocrx_word' id='word_1_26' title='bbox 1060 1046 1195 1101; x_wconf 87' lang='lat' dir='ltr'><strong>male</strong></span> <span class='ocrx_word' id='word_1_27' title='bbox 1223 1043 1468 1114; x_wconf 80' lang='lat' dir='ltr'><strong>pertinax</strong></span> 
     </span>
    </p>
   </div>
   <div class='ocr_carea' id='block_1_8' title="bbox 242 1112 1821 1216">
    <p class='ocr_par' dir='ltr' id='par_1_8' title="bbox 242 1112 1821 1216">
     <span class='ocr_line' id='line_1_8' title="bbox 242 1112 1821 1216; baseline -0.001 -23"><span class='ocrx_word' id='word_1_28' title='bbox 242 1139 308 1193; x_wconf 82' lang='grc'><strong>15</strong></span> <span class='ocrx_word' id='word_1_29' title='bbox 415 1142 575 1216; x_wconf 76' lang='lat'><strong>228</strong></span> <span class='ocrx_word' id='word_1_30' title='bbox 596 1140 852 1196; x_wconf 88' lang='lat' dir='ltr'><strong>Vincendi</strong></span> <span class='ocrx_word' id='word_1_31' title='bbox 883 1140 1115 1195; x_wconf 90' lang='lat' dir='ltr'><strong>studium</strong></span> <span class='ocrx_word' id='word_1_32' title='bbox 1144 1112 1409 1208; x_wconf 87' lang='lat' dir='ltr'><strong>subjacuit</strong></span> <span class='ocrx_word' id='word_1_33' title='bbox 1432 1136 1643 1194; x_wconf 84' lang='lat' dir='ltr'><strong>casibus</strong></span> <span class='ocrx_word' id='word_1_34' title='bbox 1667 1112 1821 1205; x_wconf 77' lang='lat' dir='ltr'><strong>aspa-</strong></span> 
     </span>
    </p>
   </div>
   <div class='ocr_carea' id='block_1_9' title="bbox 1628 1231 1744 1304">
    <p class='ocr_par' dir='ltr' id='par_1_9' title="bbox 1628 1231 1744 1304">
     <span class='ocr_line' id='line_1_9' title="bbox 1628 1231 1744 1304; baseline -0.009 -18"><span class='ocrx_word' id='word_1_35' title='bbox 1628 1231 1744 1304; x_wconf 87' lang='lat' dir='ltr'><strong>[ris.</strong></span> 
     </span>
    </p>
   </div>
   <div class='ocr_carea' id='block_1_10' title="bbox 1669 369 2079 427">
    <p class='ocr_par' dir='ltr' id='par_1_10' title="bbox 1669 369 2079 427">
     <span class='ocr_line' id='line_1_10' title="bbox 1669 369 2079 427; baseline 0 -2"><span class='ocrx_word' id='word_1_36' title='bbox 1669 369 2079 427; x_wconf 65' lang='lat' dir='ltr'><strong>PROOEMIUM.</strong></span> 
     </span>
    </p>
   </div>
   <div class='ocr_carea' id='block_1_11' title="bbox 420 483 1897 556">
    <p class='ocr_par' dir='ltr' id='par_1_11' title="bbox 420 483 1897 556">
     <span class='ocr_line' id='line_1_11' title="bbox 420 483 1897 556; baseline 0.001 -19"><span class='ocrx_word' id='word_1_37' title='bbox 420 486 575 556; x_wconf 85' lang='lat'><strong>227</strong></span> <span class='ocrx_word' id='word_1_38' title='bbox 604 483 860 541; x_wconf 83' lang='lat' dir='ltr'><strong>Infectum</strong></span> <span class='ocrx_word' id='word_1_39' title='bbox 886 485 1027 544; x_wconf 82' lang='lat' dir='ltr'><strong>vitiis</strong></span> <span class='ocrx_word' id='word_1_40' title='bbox 1066 484 1197 541; x_wconf 80' lang='lat' dir='ltr'><strong>falsa</strong></span> <span class='ocrx_word' id='word_1_41' title='bbox 1228 483 1392 555; x_wconf 92' lang='lat' dir='ltr'><strong>loqui,</strong></span> <span class='ocrx_word' id='word_1_42' title='bbox 1427 499 1532 539; x_wconf 88' lang='lat' dir='ltr'><strong>non</strong></span> <span class='ocrx_word' id='word_1_43' title='bbox 1565 484 1682 538; x_wconf 89' lang='lat' dir='ltr'><strong>sine</strong></span> <span class='ocrx_word' id='word_1_44' title='bbox 1713 484 1815 539; x_wconf 89' lang='lat' dir='ltr'><strong>cri-</strong></span> <span class='ocrx_word' id='word_1_45' title='bbox 1842 490 1897 550; x_wconf 72' lang='grc' dir='ltr'><strong>Α</strong></span> 
     </span>
    </p>
   </div>
   <div class='ocr_carea' id='block_1_12' title="bbox 3406 376 3503 435">
    <p class='ocr_par' dir='ltr' id='par_1_12' title="bbox 3406 376 3503 435">
     <span class='ocr_line' id='line_1_12' title="bbox 3406 376 3503 435; baseline 0.062 -6"><span class='ocrx_word' id='word_1_46' title='bbox 3406 376 3503 435; x_wconf 77' lang='grc' dir='ltr'><strong>ττο</strong></span> 
     </span>
    </p>
   </div>
   <div class='ocr_carea' id='block_1_13' title="bbox 2169 484 2854 554">
    <p class='ocr_par' dir='ltr' id='par_1_13' title="bbox 2169 484 2854 554">
     <span class='ocr_line' id='line_1_13' title="bbox 2169 484 2854 554; baseline 0.003 -16"><span class='ocrx_word' id='word_1_47' title='bbox 2169 484 2255 539; x_wconf 87' lang='lat' dir='ltr'><strong>Bis</strong></span> <span class='ocrx_word' id='word_1_48' title='bbox 2280 484 2453 554; x_wconf 79' lang='lat' dir='ltr'><strong>legum</strong></span> <span class='ocrx_word' id='word_1_49' title='bbox 2489 485 2854 541; x_wconf 90' lang='lat' dir='ltr'><strong>moderamine</strong></span> 
     </span>
    </p>
   </div>
   <div class='ocr_carea' id='block_1_14' title="bbox 2109 577 3146 635">
    <p class='ocr_par' dir='ltr' id='par_1_14' title="bbox 2109 577 3146 635">
     <span class='ocr_line' id='line_1_14' title="bbox 2109 577 3146 635; baseline 0.002 -4"><span class='ocrx_word' id='word_1_50' title='bbox 2109 577 2311 631; x_wconf 80' lang='lat' dir='ltr'><strong>Frenos</strong></span> <span class='ocrx_word' id='word_1_51' title='bbox 2357 578 2612 631; x_wconf 86' lang='lat' dir='ltr'><strong>nobilium</strong></span> <span class='ocrx_word' id='word_1_52' title='bbox 2644 581 2875 633; x_wconf 82' lang='lat' dir='ltr'><strong>reximus</strong></span> <span class='ocrx_word' id='word_1_53' title='bbox 2902 579 3105 635; x_wconf 90' lang='lat' dir='ltr'><strong>urbium</strong></span> <span class='ocrx_word' id='word_1_54' title='bbox 3135 599 3146 633; x_wconf 95' lang='lat'>:</span> 
     </span>
    </p>
   </div>
   <div class='ocr_carea' id='block_1_15' title="bbox 2105 671 3429 737">
    <p class='ocr_par' dir='ltr' id='par_1_15' title="bbox 2105 671 3429 737">
     <span class='ocr_line' id='line_1_15' title="bbox 2105 671 3429 737; baseline 0.004 -13"><span class='ocrx_word' id='word_1_55' title='bbox 2105 671 2199 724; x_wconf 79' lang='lat' dir='ltr'><strong>Jus</strong></span> <span class='ocrx_word' id='word_1_56' title='bbox 2225 672 2381 725; x_wconf 91' lang='lat' dir='ltr'><strong>civile</strong></span> <span class='ocrx_word' id='word_1_57' title='bbox 2403 671 2560 726; x_wconf 90' lang='lat' dir='ltr'><strong>bonis</strong></span> <span class='ocrx_word' id='word_1_58' title='bbox 2590 672 2937 737; x_wconf 85' lang='lat' dir='ltr'><strong>reddidimus,</strong></span> <span class='ocrx_word' id='word_1_59' title='bbox 2974 674 3262 728; x_wconf 91' lang='lat' dir='ltr'><strong>terruimus</strong></span> <span class='ocrx_word' id='word_1_60' title='bbox 3290 690 3429 729; x_wconf 77' lang='lat' dir='ltr'><strong>rens.</strong></span> 
     </span>
    </p>
   </div>
   <div class='ocr_carea' id='block_1_16' title="bbox 2180 760 2847 833">
    <p class='ocr_par' dir='ltr' id='par_1_16' title="bbox 2180 760 2847 833">
     <span class='ocr_line' id='line_1_16' title="bbox 2180 760 2847 833; baseline 0.003 -18"><span class='ocrx_word' id='word_1_61' title='bbox 2180 760 2415 815; x_wconf 82' lang='lat' dir='ltr'><strong>Tandem</strong></span> <span class='ocrx_word' id='word_1_62' title='bbox 2448 762 2650 816; x_wconf 66' lang='lat' dir='ltr'><strong>militiae</strong></span> <span class='ocrx_word' id='word_1_63' title='bbox 2678 763 2847 833; x_wconf 86' lang='lat' dir='ltr'><strong>gradu</strong></span> 
     </span>
    </p>
   </div>
   <div class='ocr_carea' id='block_1_17' title="bbox 1924 855 3071 925">
    <p class='ocr_par' dir='ltr' id='par_1_17' title="bbox 1924 855 3071 925">
     <span class='ocr_line' id='line_1_17' title="bbox 1924 855 3071 925; baseline 0.002 -15"><span class='ocrx_word' id='word_1_64' title='bbox 1924 857 1996 913; x_wconf 72' lang='lat'><strong>20</strong></span> <span class='ocrx_word' id='word_1_65' title='bbox 2104 855 2356 910; x_wconf 76' lang='lat' dir='ltr'><strong>Evectum</strong></span> <span class='ocrx_word' id='word_1_66' title='bbox 2381 856 2550 925; x_wconf 84' lang='lat' dir='ltr'><strong>pietas</strong></span> <span class='ocrx_word' id='word_1_67' title='bbox 2580 856 2837 924; x_wconf 89' lang='lat' dir='ltr'><strong>principis</strong></span> <span class='ocrx_word' id='word_1_68' title='bbox 2858 859 3071 923; x_wconf 78' lang='lat' dir='ltr'><strong>extulit,</strong></span> 
     </span>
    </p>
   </div>
   <div class='ocr_carea' id='block_1_18' title="bbox 2103 948 3500 1021">
    <p class='ocr_par' dir='ltr' id='par_1_18' title="bbox 2103 948 3500 1021">
     <span class='ocr_line' id='line_1_18' title="bbox 2103 948 3500 1021; baseline 0.002 -16"><span class='ocrx_word' id='word_1_69' title='bbox 2103 949 2263 1020; x_wconf 79' lang='lat'><strong>229</strong></span> <span class='ocrx_word' id='word_1_70' title='bbox 2292 948 2638 1017; x_wconf 86' lang='lat' dir='ltr'><strong>Assumptum</strong></span> <span class='ocrx_word' id='word_1_71' title='bbox 2670 950 2887 1018; x_wconf 90' lang='lat' dir='ltr'><strong>propius</strong></span> <span class='ocrx_word' id='word_1_72' title='bbox 2922 960 3063 1006; x_wconf 88' lang='lat' dir='ltr'><strong>stare</strong></span> <span class='ocrx_word' id='word_1_73' title='bbox 3085 951 3279 1021; x_wconf 87' lang='lat' dir='ltr'><strong>jubeus</strong></span> <span class='ocrx_word' id='word_1_74' title='bbox 3310 953 3500 1008; x_wconf 87' lang='lat' dir='ltr'><strong>ordine</strong></span> 
     </span>
    </p>
   </div>
   <div class='ocr_carea' id='block_1_19' title="bbox 3203 1043 3496 1112">
    <p class='ocr_par' dir='ltr' id='par_1_19' title="bbox 3203 1043 3496 1112">
     <span class='ocr_line' id='line_1_19' title="bbox 3203 1043 3496 1112; baseline 0.01 -18"><span class='ocrx_word' id='word_1_75' title='bbox 3203 1043 3496 1112; x_wconf 68' lang='lat' dir='ltr'><strong>[prasitum</strong></span> 
     </span>
    </p>
   </div>
   <div class='ocr_carea' id='block_1_20' title="bbox 2172 1131 2932 1201">
    <p class='ocr_par' dir='ltr' id='par_1_20' title="bbox 2172 1131 2932 1201">
     <span class='ocr_line' id='line_1_20' title="bbox 2172 1131 2932 1201; baseline 0.003 -17"><span class='ocrx_word' id='word_1_76' title='bbox 2172 1132 2296 1185; x_wconf 76' lang='lat' dir='ltr'><strong>litec</strong></span> <span class='ocrx_word' id='word_1_77' title='bbox 2320 1131 2444 1185; x_wconf 86' lang='lat' dir='ltr'><strong>dum</strong></span> <span class='ocrx_word' id='word_1_78' title='bbox 2466 1132 2571 1184; x_wconf 88' lang='lat' dir='ltr'><strong>vita</strong></span> <span class='ocrx_word' id='word_1_79' title='bbox 2593 1132 2780 1185; x_wconf 81' lang='lat' dir='ltr'><strong>volans</strong></span> <span class='ocrx_word' id='word_1_80' title='bbox 2805 1134 2932 1201; x_wconf 88' lang='lat' dir='ltr'><strong>agit,</strong></span> 
     </span>
    </p>
   </div>
   <div class='ocr_carea' id='block_1_21' title="bbox 2096 1225 2919 1297">
    <p class='ocr_par' dir='ltr' id='par_1_21' title="bbox 2096 1225 2919 1297">
     <span class='ocr_line' id='line_1_21' title="bbox 2096 1225 2919 1297; baseline -0.001 -16"><span class='ocrx_word' id='word_1_81' title='bbox 2096 1225 2315 1297; x_wconf 89' lang='lat' dir='ltr'><strong>lrrepsit</strong></span> <span class='ocrx_word' id='word_1_82' title='bbox 2334 1225 2511 1280; x_wconf 91' lang='lat' dir='ltr'><strong>subito</strong></span> <span class='ocrx_word' id='word_1_83' title='bbox 2534 1226 2757 1281; x_wconf 81' lang='lat' dir='ltr'><strong>canities</strong></span> <span class='ocrx_word' id='word_1_84' title='bbox 2782 1226 2919 1288; x_wconf 85' lang='lat' dir='ltr'><strong>seni,</strong></span> 
     </span>
    </p>
   </div>
   <div class='ocr_carea' id='block_1_22' title="bbox 1554 1324 2219 1401">
    <p class='ocr_par' dir='ltr' id='par_1_22' title="bbox 1554 1324 2219 1401">
     <span class='ocr_line' id='line_1_22' title="bbox 1554 1324 2219 1401; baseline -0.012 0"><span class='ocrx_word' id='word_1_85' title='bbox 1554 1344 1837 1401; x_wconf 64' lang='grc' dir='ltr'><strong>διοδεῶ</strong></span> <span class='ocrx_word' id='word_1_86' title='bbox 1878 1324 2219 1398; x_wconf 79' lang='lat' dir='ltr'><strong>VETERES.</strong></span> 
     </span>
    </p>
   </div>
   <div class='ocr_carea' id='block_1_23' title="bbox 305 1461 1808 1534">
    <p class='ocr_par' dir='ltr' id='par_1_23' title="bbox 305 1461 1808 1534">
     <span class='ocr_line' id='line_1_23' title="bbox 305 1461 1808 1534; baseline -0.005 -16"><span class='ocrx_word' id='word_1_87' title='bbox 305 1466 357 1518; x_wconf 86' lang='lat'><strong>9.</strong></span> <span class='ocrx_word' id='word_1_88' title='bbox 393 1464 668 1529; x_wconf 81' lang='lat' dir='ltr'><strong>Infectum,</strong></span> <span class='ocrx_word' id='word_1_89' title='bbox 701 1464 978 1534; x_wconf 88' lang='lat' dir='ltr'><strong>pollutum,</strong></span> <span class='ocrx_word' id='word_1_90' title='bbox 1009 1462 1049 1517; x_wconf 93' lang='grc'><strong>1.</strong></span> <span class='ocrx_word' id='word_1_91' title='bbox 1079 1494 1149 1503; x_wconf 91' lang='lat'><strong><em>—</em></strong></span> <span class='ocrx_word' id='word_1_92' title='bbox 1175 1462 1328 1517; x_wconf 88' lang='lat' dir='ltr'><strong>Falsa</strong></span> <span class='ocrx_word' id='word_1_93' title='bbox 1360 1461 1523 1532; x_wconf 86' lang='lat' dir='ltr'><strong>loqui,</strong></span> <span class='ocrx_word' id='word_1_94' title='bbox 1552 1461 1808 1534; x_wconf 78' lang='lat' dir='ltr'><strong>rhetorica</strong></span> 
     </span>
    </p>
   </div>
   <div class='ocr_carea' id='block_1_24' title="bbox 236 1532 1807 1605">
    <p class='ocr_par' dir='ltr' id='par_1_24' title="bbox 236 1532 1807 1605">
     <span class='ocr_line' id='line_1_24' title="bbox 236 1532 1807 1605; baseline -0.004 -18"><span class='ocrx_word' id='word_1_95' title='bbox 236 1546 280 1588; x_wconf 90' lang='lat' dir='ltr'><strong>et</strong></span> <span class='ocrx_word' id='word_1_96' title='bbox 309 1536 593 1600; x_wconf 87' lang='lat' dir='ltr'><strong>dialectica,</strong></span> <span class='ocrx_word' id='word_1_97' title='bbox 618 1532 730 1605; x_wconf 73' lang='lat' dir='ltr'><strong>qua:</strong></span> <span class='ocrx_word' id='word_1_98' title='bbox 754 1535 1033 1605; x_wconf 83' lang='lat' dir='ltr'><strong>aliquando</strong></span> <span class='ocrx_word' id='word_1_99' title='bbox 1055 1535 1189 1605; x_wconf 83' lang='lat' dir='ltr'><strong>falsa</strong></span> <span class='ocrx_word' id='word_1_100' title='bbox 1228 1550 1290 1587; x_wconf 80' lang='lat' dir='ltr'><strong>ex</strong></span> <span class='ocrx_word' id='word_1_101' title='bbox 1316 1534 1444 1586; x_wconf 79' lang='lat' dir='ltr'><strong>veris</strong></span> <span class='ocrx_word' id='word_1_102' title='bbox 1474 1532 1807 1605; x_wconf 82' lang='lat' dir='ltr'><strong>concludunt,</strong></span> 
     </span>
    </p>
   </div>
   <div class='ocr_carea' id='block_1_25' title="bbox 238 1602 1812 1675">
    <p class='ocr_par' dir='ltr' id='par_1_25' title="bbox 238 1602 1812 1675">
     <span class='ocr_line' id='line_1_25' title="bbox 238 1602 1812 1675; baseline -0.003 -18"><span class='ocrx_word' id='word_1_103' title='bbox 238 1607 354 1659; x_wconf 88' lang='lat' dir='ltr'><strong>Vat.</strong></span> <span class='ocrx_word' id='word_1_104' title='bbox 390 1606 454 1660; x_wconf 74' lang='grc' dir='ltr'><strong>Α.</strong></span> <span class='ocrx_word' id='word_1_105' title='bbox 484 1602 805 1660; x_wconf 83' lang='lat' dir='ltr'><strong>Rhetoricam</strong></span> <span class='ocrx_word' id='word_1_106' title='bbox 828 1602 1197 1675; x_wconf 44' lang='lat' dir='ltr'><strong>tangite-Non</strong></span> <span class='ocrx_word' id='word_1_107' title='bbox 1229 1606 1345 1657; x_wconf 91' lang='lat' dir='ltr'><strong>sine</strong></span> <span class='ocrx_word' id='word_1_108' title='bbox 1360 1602 1737 1675; x_wconf 88' lang='lat' dir='ltr'><strong>crimine,quia_</strong></span> <span class='ocrx_word' id='word_1_109' title='bbox 1760 1602 1812 1653; x_wconf 90' lang='lat' dir='ltr'><strong>in</strong></span> 
     </span>
    </p>
   </div>
   <div class='ocr_carea' id='block_1_26' title="bbox 235 1672 1808 1740">
    <p class='ocr_par' dir='ltr' id='par_1_26' title="bbox 235 1672 1808 1740">
     <span class='ocr_line' id='line_1_26' title="bbox 235 1672 1808 1740; baseline -0.002 -12"><span class='ocrx_word' id='word_1_110' title='bbox 235 1678 498 1731; x_wconf 89' lang='lat' dir='ltr'><strong>mendacio</strong></span> <span class='ocrx_word' id='word_1_111' title='bbox 527 1679 714 1730; x_wconf 86' lang='lat' dir='ltr'><strong>crimen</strong></span> <span class='ocrx_word' id='word_1_112' title='bbox 738 1686 827 1729; x_wconf 88' lang='lat' dir='ltr'><strong>est.</strong></span> <span class='ocrx_word' id='word_1_113' title='bbox 866 1672 961 1728; x_wconf 67' lang='lat' dir='ltr'><strong>vet</strong></span> <span class='ocrx_word' id='word_1_114' title='bbox 990 1676 1137 1740; x_wconf 80' lang='lat' dir='ltr'><strong>falsa,</strong></span> <span class='ocrx_word' id='word_1_115' title='bbox 1170 1676 1271 1727; x_wconf 89' lang='lat' dir='ltr'><strong>i.e.</strong></span> <span class='ocrx_word' id='word_1_116' title='bbox 1305 1674 1575 1727; x_wconf 82' lang='lat' dir='ltr'><strong>dialectica</strong></span> <span class='ocrx_word' id='word_1_117' title='bbox 1610 1683 1655 1725; x_wconf 82' lang='lat' dir='ltr'><strong>et</strong></span> <span class='ocrx_word' id='word_1_118' title='bbox 1691 1672 1808 1725; x_wconf 80' lang='lat' dir='ltr'><strong>rhe-</strong></span> 
     </span>
    </p>
   </div>
   <div class='ocr_carea' id='block_1_27' title="bbox 235 1744 1447 1817">
    <p class='ocr_par' dir='ltr' id='par_1_27' title="bbox 235 1744 1447 1817">
     <span class='ocr_line' id='line_1_27' title="bbox 235 1744 1447 1817; baseline -0.002 -19"><span class='ocrx_word' id='word_1_119' title='bbox 235 1750 419 1811; x_wconf 83' lang='lat' dir='ltr'><strong>torica,</strong></span> <span class='ocrx_word' id='word_1_120' title='bbox 446 1763 559 1817; x_wconf 77' lang='lat' dir='ltr'><strong>qua:</strong></span> <span class='ocrx_word' id='word_1_121' title='bbox 579 1746 859 1814; x_wconf 81' lang='lat' dir='ltr'><strong>aliquando</strong></span> <span class='ocrx_word' id='word_1_122' title='bbox 884 1746 1017 1815; x_wconf 77' lang='lat' dir='ltr'><strong>falsa</strong></span> <span class='ocrx_word' id='word_1_123' title='bbox 1044 1746 1376 1811; x_wconf 88' lang='lat' dir='ltr'><strong>concludunt,</strong></span> <span class='ocrx_word' id='word_1_124' title='bbox 1409 1744 1447 1798; x_wconf 93' lang='lat' dir='ltr'><strong>I.</strong></span> 
     </span>
    </p>
   </div>
   <div class='ocr_carea' id='block_1_28' title="bbox 309 1836 1801 1903">
    <p class='ocr_par' dir='ltr' id='par_1_28' title="bbox 309 1836 1801 1903">
     <span class='ocr_line' id='line_1_28' title="bbox 309 1836 1801 1903; baseline -0.003 -14"><span class='ocrx_word' id='word_1_125' title='bbox 309 1839 393 1893; x_wconf 90' lang='grc'><strong>10.</strong></span> <span class='ocrx_word' id='word_1_126' title='bbox 432 1838 775 1899; x_wconf 84' lang='lat' dir='ltr'><strong>Protervitas,</strong></span> <span class='ocrx_word' id='word_1_127' title='bbox 824 1836 1075 1903; x_wconf 87' lang='lat' dir='ltr'><strong>protervia</strong></span> <span class='ocrx_word' id='word_1_128' title='bbox 1110 1844 1157 1888; x_wconf 88' lang='lat' dir='ltr'><strong>et</strong></span> <span class='ocrx_word' id='word_1_129' title='bbox 1213 1836 1538 1901; x_wconf 81' lang='lat' dir='ltr'><strong>protervitas,</strong></span> <span class='ocrx_word' id='word_1_130' title='bbox 1572 1836 1608 1886; x_wconf 91' lang='lat' dir='ltr'><strong>i.</strong></span> <span class='ocrx_word' id='word_1_131' title='bbox 1636 1851 1683 1886; x_wconf 89' lang='lat' dir='ltr'><strong>e.</strong></span> <span class='ocrx_word' id='word_1_132' title='bbox 1718 1851 1801 1886; x_wconf 84' lang='lat' dir='ltr'><strong>su-</strong></span> 
     </span>
    </p>
   </div>
   <div class='ocr_carea' id='block_1_29' title="bbox 235 1906 1817 1979">
    <p class='ocr_par' dir='ltr' id='par_1_29' title="bbox 235 1906 1817 1979">
     <span class='ocr_line' id='line_1_29' title="bbox 235 1906 1817 1979; baseline -0.003 -17"><span class='ocrx_word' id='word_1_133' title='bbox 235 1909 408 1979; x_wconf 90' lang='lat' dir='ltr'><strong>perbia</strong></span> <span class='ocrx_word' id='word_1_134' title='bbox 434 1909 644 1961; x_wconf 78' lang='lat' dir='ltr'><strong>scilicet.</strong></span> <span class='ocrx_word' id='word_1_135' title='bbox 678 1907 853 1963; x_wconf 78' lang='lat' dir='ltr'><strong>Solent</strong></span> <span class='ocrx_word' id='word_1_136' title='bbox 875 1908 1007 1961; x_wconf 89' lang='lat' dir='ltr'><strong>enim</strong></span> <span class='ocrx_word' id='word_1_137' title='bbox 1037 1906 1238 1979; x_wconf 82' lang='lat' dir='ltr'><strong>judiccs</strong></span> <span class='ocrx_word' id='word_1_138' title='bbox 1264 1907 1317 1979; x_wconf 77' lang='lat' dir='ltr'><strong>in</strong></span> <span class='ocrx_word' id='word_1_139' title='bbox 1330 1922 1664 1974; x_wconf 85' lang='lat' dir='ltr'><strong>causa,quam</strong></span> <span class='ocrx_word' id='word_1_140' title='bbox 1688 1921 1817 1974; x_wconf 76' lang='lat' dir='ltr'><strong>pra:-</strong></span> 
     </span>
    </p>
   </div>
   <div class='ocr_carea' id='block_1_30' title="bbox 239 1976 1309 2047">
    <p class='ocr_par' dir='ltr' id='par_1_30' title="bbox 239 1976 1309 2047">
     <span class='ocr_line' id='line_1_30' title="bbox 239 1976 1309 2047; baseline -0.001 -15"><span class='ocrx_word' id='word_1_141' title='bbox 239 1976 456 2047; x_wconf 84' lang='lat' dir='ltr'><strong>ponunt,</strong></span> <span class='ocrx_word' id='word_1_142' title='bbox 484 1994 818 2046; x_wconf 77' lang='lat' dir='ltr'><strong>perseverare,</strong></span> <span class='ocrx_word' id='word_1_143' title='bbox 837 1980 994 2031; x_wconf 87' lang='lat' dir='ltr'><strong>donec</strong></span> <span class='ocrx_word' id='word_1_144' title='bbox 1022 1978 1246 2043; x_wconf 84' lang='lat' dir='ltr'><strong>vincant,</strong></span> <span class='ocrx_word' id='word_1_145' title='bbox 1270 1976 1309 2031; x_wconf 90' lang='grc'><strong>1.</strong></span> 
     </span>
    </p>
   </div>
   <div class='ocr_carea' id='block_1_31' title="bbox 311 2066 1808 2131">
    <p class='ocr_par' dir='ltr' id='par_1_31' title="bbox 311 2066 1808 2131">
     <span class='ocr_line' id='line_1_31' title="bbox 311 2066 1808 2131; baseline -0.002 -9"><span class='ocrx_word' id='word_1_146' title='bbox 311 2070 395 2123; x_wconf 90' lang='grc'><strong>11.</strong></span> <span class='ocrx_word' id='word_1_147' title='bbox 441 2068 617 2123; x_wconf 80' lang='lat' dir='ltr'><strong>Luxus</strong></span> <span class='ocrx_word' id='word_1_148' title='bbox 640 2068 902 2131; x_wconf 85' lang='lat' dir='ltr'><strong>petulans,</strong></span> <span class='ocrx_word' id='word_1_149' title='bbox 936 2068 1064 2120; x_wconf 82' lang='lat' dir='ltr'><strong>livor</strong></span> <span class='ocrx_word' id='word_1_150' title='bbox 1088 2066 1373 2119; x_wconf 77' lang='lat' dir='ltr'><strong>lasciviens.</strong></span> <span class='ocrx_word' id='word_1_151' title='bbox 1400 2097 1469 2105; x_wconf 61' lang='grc' dir='ltr'><strong>ν-</strong></span> <span class='ocrx_word' id='word_1_152' title='bbox 1493 2066 1679 2129; x_wconf 85' lang='lat' dir='ltr'><strong>Pudet,</strong></span> <span class='ocrx_word' id='word_1_153' title='bbox 1710 2082 1808 2119; x_wconf 81' lang='lat' dir='ltr'><strong>ve—</strong></span> 
     </span>
    </p>
   </div>
   <div class='ocr_carea' id='block_1_32' title="bbox 233 2136 1808 2207">
    <p class='ocr_par' dir='ltr' id='par_1_32' title="bbox 233 2136 1808 2207">
     <span class='ocr_line' id='line_1_32' title="bbox 233 2136 1808 2207; baseline -0.003 -16"><span class='ocrx_word' id='word_1_154' title='bbox 233 2140 511 2193; x_wconf 67' lang='lat' dir='ltr'><strong>recundiae.</strong></span> <span class='ocrx_word' id='word_1_155' title='bbox 548 2136 802 2207; x_wconf 79' lang='lat' dir='ltr'><strong>~—Piget,</strong></span> <span class='ocrx_word' id='word_1_156' title='bbox 851 2137 1178 2207; x_wconf 63' lang='lat' dir='ltr'><strong>paenitentiae.</strong></span> <span class='ocrx_word' id='word_1_157' title='bbox 1200 2166 1269 2176; x_wconf 93' lang='lat'><strong>-—</strong></span> <span class='ocrx_word' id='word_1_158' title='bbox 1292 2136 1477 2200; x_wconf 85' lang='lat' dir='ltr'><strong>Pudet,</strong></span> <span class='ocrx_word' id='word_1_159' title='bbox 1527 2152 1587 2189; x_wconf 88' lang='lat' dir='ltr'><strong>ac</strong></span> <span class='ocrx_word' id='word_1_160' title='bbox 1632 2138 1808 2205; x_wconf 80' lang='lat' dir='ltr'><strong>piget,</strong></span> 
     </span>
    </p>
   </div>
   <div class='ocr_carea' id='block_1_33' title="bbox 232 2205 1807 2276">
    <p class='ocr_par' dir='ltr' id='par_1_33' title="bbox 232 2205 1807 2276">
     <span class='ocr_line' id='line_1_33' title="bbox 232 2205 1807 2276; baseline -0.003 -14"><span class='ocrx_word' id='word_1_161' title='bbox 232 2225 312 2262; x_wconf 84' lang='lat' dir='ltr'><strong>me</strong></span> <span class='ocrx_word' id='word_1_162' title='bbox 341 2210 518 2262; x_wconf 86' lang='lat' dir='ltr'><strong>talium</strong></span> <span class='ocrx_word' id='word_1_163' title='bbox 551 2205 779 2276; x_wconf 82' lang='lat' dir='ltr'><strong>operum,</strong></span> <span class='ocrx_word' id='word_1_164' title='bbox 810 2205 858 2262; x_wconf 70' lang='grc'><strong>1.</strong></span> <span class='ocrx_word' id='word_1_165' title='bbox 888 2205 1054 2260; x_wconf 87' lang='lat' dir='ltr'><strong>Pudet</strong></span> <span class='ocrx_word' id='word_1_166' title='bbox 1095 2207 1310 2260; x_wconf 75' lang='lat' dir='ltr'><strong>dicimus</strong></span> <span class='ocrx_word' id='word_1_167' title='bbox 1340 2207 1402 2259; x_wconf 90' lang='lat' dir='ltr'><strong>de</strong></span> <span class='ocrx_word' id='word_1_168' title='bbox 1431 2208 1685 2276; x_wconf 78' lang='lat' dir='ltr'><strong>prwsenti,</strong></span> <span class='ocrx_word' id='word_1_169' title='bbox 1728 2207 1807 2273; x_wconf 85' lang='lat' dir='ltr'><strong>pi-</strong></span> 
     </span>
    </p>
   </div>
   <div class='ocr_carea' id='block_1_34' title="bbox 229 2276 1807 2351">
    <p class='ocr_par' dir='ltr' id='par_1_34' title="bbox 229 2276 1807 2351">
     <span class='ocr_line' id='line_1_34' title="bbox 229 2276 1807 2351; baseline -0.001 -20"><span class='ocrx_word' id='word_1_170' title='bbox 229 2288 311 2351; x_wconf 90' lang='lat' dir='ltr'><strong>get</strong></span> <span class='ocrx_word' id='word_1_171' title='bbox 342 2280 403 2333; x_wconf 90' lang='lat' dir='ltr'><strong>de</strong></span> <span class='ocrx_word' id='word_1_172' title='bbox 417 2280 694 2349; x_wconf 82' lang='lat' dir='ltr'><strong>prteterito,</strong></span> <span class='ocrx_word' id='word_1_173' title='bbox 726 2287 780 2331; x_wconf 91' lang='lat' dir='ltr'><strong>ut</strong></span> <span class='ocrx_word' id='word_1_174' title='bbox 800 2278 956 2346; x_wconf 83' lang='lat' dir='ltr'><strong>pudet</strong></span> <span class='ocrx_word' id='word_1_175' title='bbox 988 2279 1179 2347; x_wconf 79' lang='lat' dir='ltr'><strong>facere,</strong></span> <span class='ocrx_word' id='word_1_176' title='bbox 1209 2278 1341 2347; x_wconf 81' lang='lat' dir='ltr'><strong>piget</strong></span> <span class='ocrx_word' id='word_1_177' title='bbox 1371 2277 1569 2345; x_wconf 76' lang='lat' dir='ltr'><strong>fecisse,</strong></span> <span class='ocrx_word' id='word_1_178' title='bbox 1598 2276 1715 2331; x_wconf 86' lang='lat' dir='ltr'><strong>Vat.</strong></span> <span class='ocrx_word' id='word_1_179' title='bbox 1742 2281 1807 2331; x_wconf 84' lang='lat' dir='ltr'><strong>A.</strong></span> 
     </span>
    </p>
   </div>
   <div class='ocr_carea' id='block_1_35' title="bbox 307 2368 904 2435">
    <p class='ocr_par' dir='ltr' id='par_1_35' title="bbox 307 2368 904 2435">
     <span class='ocr_line' id='line_1_35' title="bbox 307 2368 904 2435; baseline -0.003 -12"><span class='ocrx_word' id='word_1_180' title='bbox 307 2369 391 2423; x_wconf 72' lang='grc'><strong>12.</strong></span> <span class='ocrx_word' id='word_1_181' title='bbox 425 2368 704 2435; x_wconf 84' lang='lat' dir='ltr'><strong>Juvenem,</strong></span> <span class='ocrx_word' id='word_1_182' title='bbox 735 2385 831 2422; x_wconf 89' lang='lat' dir='ltr'><strong>me.</strong></span> <span class='ocrx_word' id='word_1_183' title='bbox 866 2368 904 2423; x_wconf 93' lang='grc'><strong>1.</strong></span> 
     </span>
    </p>
   </div>
   <div class='ocr_carea' id='block_1_36' title="bbox 302 2438 1809 2510">
    <p class='ocr_par' dir='ltr' id='par_1_36' title="bbox 302 2438 1809 2510">
     <span class='ocr_line' id='line_1_36' title="bbox 302 2438 1809 2510; baseline 0 -15"><span class='ocrx_word' id='word_1_184' title='bbox 302 2441 387 2495; x_wconf 82' lang='grc'><strong>15.</strong></span> <span class='ocrx_word' id='word_1_185' title='bbox 440 2440 598 2507; x_wconf 76' lang='lat' dir='ltr'><strong>Exin,</strong></span> <span class='ocrx_word' id='word_1_186' title='bbox 646 2457 738 2510; x_wconf 90' lang='lat' dir='ltr'><strong>pro</strong></span> <span class='ocrx_word' id='word_1_187' title='bbox 789 2438 1012 2504; x_wconf 69' lang='lat' dir='ltr'><strong>exinde;</strong></span> <span class='ocrx_word' id='word_1_188' title='bbox 1055 2439 1200 2493; x_wconf 87' lang='lat' dir='ltr'><strong>metri</strong></span> <span class='ocrx_word' id='word_1_189' title='bbox 1249 2455 1425 2493; x_wconf 87' lang='lat' dir='ltr'><strong>causa.</strong></span> <span class='ocrx_word' id='word_1_190' title='bbox 1454 2441 1492 2493; x_wconf 89' lang='lat' dir='ltr'><strong>i.</strong></span> <span class='ocrx_word' id='word_1_191' title='bbox 1544 2458 1588 2493; x_wconf 92' lang='lat' dir='ltr'><strong>e.</strong></span> <span class='ocrx_word' id='word_1_192' title='bbox 1612 2443 1809 2508; x_wconf 89' lang='lat' dir='ltr'><strong>statim,</strong></span> 
     </span>
    </p>
   </div>
   <div class='ocr_carea' id='block_1_37' title="bbox 1915 1457 3498 1593">
    <p class='ocr_par' dir='ltr' id='par_1_37' title="bbox 1915 1457 3498 1593">
     <span class='ocr_line' id='line_1_37' title="bbox 1915 1457 3498 1593; baseline -0.003 -11"><span class='ocrx_word' id='word_1_193' title='bbox 1915 1457 2442 1587; x_wconf 48' lang='lat' dir='ltr'><strong>delrze’ix-rmarunt,</strong></span> <span class='ocrx_word' id='word_1_194' title='bbox 2499 1526 2773 1588; x_wconf 87' lang='lat' dir='ltr'><strong>durarunt,</strong></span> <span class='ocrx_word' id='word_1_195' title='bbox 2818 1525 3085 1590; x_wconf 82' lang='lat' dir='ltr'><strong>superbum</strong></span> <span class='ocrx_word' id='word_1_196' title='bbox 3144 1527 3397 1593; x_wconf 74' lang='lat' dir='ltr'><strong>fecerunt.</strong></span> <span class='ocrx_word' id='word_1_197' title='bbox 3430 1557 3498 1570; x_wconf 66' lang='grc' dir='ltr'><strong>-ς</strong></span> 
     </span>
    </p>
   </div>
   <div class='ocr_carea' id='block_1_38' title="bbox 1917 1594 3496 1678">
    <p class='ocr_par' dir='ltr' id='par_1_38' title="bbox 1917 1594 3496 1678">
     <span class='ocr_line' id='line_1_38' title="bbox 1917 1594 3496 1678; baseline 0 -27"><span class='ocrx_word' id='word_1_198' title='bbox 1917 1599 2053 1678; x_wconf 73' lang='lat' dir='ltr'><strong>Male</strong></span> <span class='ocrx_word' id='word_1_199' title='bbox 2078 1598 2348 1678; x_wconf 74' lang='lat' dir='ltr'><strong>pertinax,</strong></span> <span class='ocrx_word' id='word_1_200' title='bbox 2374 1612 2718 1665; x_wconf 77' lang='lat' dir='ltr'><strong>perseverans.</strong></span> <span class='ocrx_word' id='word_1_201' title='bbox 2765 1594 3028 1647; x_wconf 75' lang='lat' dir='ltr'><strong>Malorum</strong></span> <span class='ocrx_word' id='word_1_202' title='bbox 3059 1611 3228 1648; x_wconf 89' lang='lat' dir='ltr'><strong>rerum</strong></span> <span class='ocrx_word' id='word_1_203' title='bbox 3272 1612 3496 1663; x_wconf 83' lang='lat' dir='ltr'><strong>persevc-</strong></span> 
     </span>
    </p>
   </div>
   <div class='ocr_carea' id='block_1_39' title="bbox 1917 1669 3497 1862">
    <p class='ocr_par' dir='ltr' id='par_1_39' title="bbox 1917 1669 3497 1862">
     <span class='ocr_line' id='line_1_39' title="bbox 1917 1669 3497 1862; baseline -0.001 -70"><span class='ocrx_word' id='word_1_204' title='bbox 1917 1669 2368 1862; x_wconf 48' lang='lat' dir='ltr'><strong>;a’_i((il.:li|iss?;quia</strong></span> <span class='ocrx_word' id='word_1_205' title='bbox 2403 1738 2485 1803; x_wconf 84' lang='lat' dir='ltr'><strong>bis</strong></span> <span class='ocrx_word' id='word_1_206' title='bbox 2518 1736 2693 1790; x_wconf 87' lang='lat' dir='ltr'><strong>consul</strong></span> <span class='ocrx_word' id='word_1_207' title='bbox 2721 1735 2904 1803; x_wconf 78' lang='lat' dir='ltr'><strong>fuerat.</strong></span> <span class='ocrx_word' id='word_1_208' title='bbox 2936 1732 3000 1788; x_wconf 85' lang='lat' dir='ltr'><strong>In</strong></span> <span class='ocrx_word' id='word_1_209' title='bbox 3034 1734 3274 1790; x_wconf 78' lang='lat' dir='ltr'><strong>Messalia</strong></span> <span class='ocrx_word' id='word_1_210' title='bbox 3320 1739 3497 1791; x_wconf 79' lang='lat' dir='ltr'><strong>consul</strong></span> 
     </span>
     <span class='ocr_line' id='line_1_40' title="bbox 1946 1819 2290 1862; baseline 0.003 -1"><span class='ocrx_word' id='word_1_211' title='bbox 1946 1820 2039 1862; x_wconf 89' lang='lat' dir='ltr'><strong>utt.</strong></span> <span class='ocrx_word' id='word_1_212' title='bbox 2118 1819 2190 1862; x_wconf 85' lang='lat' dir='ltr'><strong>at.</strong></span> <span class='ocrx_word' id='word_1_213' title='bbox 2277 1849 2290 1862; x_wconf 94' lang='lat'><strong>.</strong></span> 
     </span>
    </p>
   </div>
   <div class='ocr_carea' id='block_1_40' title="bbox 1918 1811 3496 1949">
    <p class='ocr_par' dir='ltr' id='par_1_40' title="bbox 1918 1811 3496 1949">
     <span class='ocr_line' id='line_1_41' title="bbox 1918 1811 3496 1949; baseline 0.001 -18"><span class='ocrx_word' id='word_1_214' title='bbox 1918 1811 2350 1945; x_wconf 46' lang='lat' dir='ltr'><strong>[u&#39;i5.v‘iisrc&#39;rlt‘os,</strong></span> <span class='ocrx_word' id='word_1_215' title='bbox 2390 1878 2677 1949; x_wconf 87' lang='lat' dir='ltr'><strong>ligationes,</strong></span> <span class='ocrx_word' id='word_1_216' title='bbox 2719 1877 3026 1929; x_wconf 82' lang='lat' dir='ltr'><strong>consulatus.</strong></span> <span class='ocrx_word' id='word_1_217' title='bbox 3081 1877 3144 1930; x_wconf 87' lang='lat' dir='ltr'><strong>Et</strong></span> <span class='ocrx_word' id='word_1_218' title='bbox 3181 1878 3325 1947; x_wconf 75' lang='lat' dir='ltr'><strong>frena</strong></span> <span class='ocrx_word' id='word_1_219' title='bbox 3375 1879 3496 1932; x_wconf 84' lang='lat' dir='ltr'><strong>dici-</strong></span> 
     </span>
    </p>
   </div>
   <div class='ocr_carea' id='block_1_41' title="bbox 1921 1952 3215 2090">
    <p class='ocr_par' dir='ltr' id='par_1_41' title="bbox 1921 1952 3215 2090">
     <span class='ocr_line' id='line_1_42' title="bbox 1921 1952 2138 2005; baseline 0.009 -2"><span class='ocrx_word' id='word_1_220' title='bbox 1921 1968 2033 2004; x_wconf 84' lang='lat' dir='ltr'><strong>mus</strong></span> <span class='ocrx_word' id='word_1_221' title='bbox 2098 1952 2138 2005; x_wconf 94' lang='grc' dir='ltr'><strong>Ι.</strong></span> 
     </span>
     <span class='ocr_line' id='line_1_43' title="bbox 1994 1996 3215 2090; baseline -0.002 -14"><span class='ocrx_word' id='word_1_222' title='bbox 1994 1996 2078 2077; x_wconf 56' lang='lat' dir='ltr'><strong>lii.</strong></span> <span class='ocrx_word' id='word_1_223' title='bbox 2111 2022 2437 2084; x_wconf 84' lang='lat' dir='ltr'><strong>Terruimus,</strong></span> <span class='ocrx_word' id='word_1_224' title='bbox 2469 2024 2822 2090; x_wconf 70' lang='lat' dir='ltr'><strong>prazfecturam</strong></span> <span class='ocrx_word' id='word_1_225' title='bbox 2848 2019 3146 2090; x_wconf 75' lang='lat' dir='ltr'><strong>exercendo,</strong></span> <span class='ocrx_word' id='word_1_226' title='bbox 3176 2018 3215 2073; x_wconf 88' lang='grc' dir='ltr'><strong>Ι.</strong></span> 
     </span>
    </p>
   </div>
   <div class='ocr_carea' id='block_1_42' title="bbox 1988 2089 3496 2157">
    <p class='ocr_par' dir='ltr' id='par_1_42' title="bbox 1988 2089 3496 2157">
     <span class='ocr_line' id='line_1_44' title="bbox 1988 2089 3496 2157; baseline -0.001 -12"><span class='ocrx_word' id='word_1_227' title='bbox 1988 2093 2077 2149; x_wconf 70' lang='lat' dir='ltr'><strong>2t).</strong></span> <span class='ocrx_word' id='word_1_228' title='bbox 2115 2093 2391 2151; x_wconf 87' lang='lat' dir='ltr'><strong>Evectum,</strong></span> <span class='ocrx_word' id='word_1_229' title='bbox 2423 2089 2772 2156; x_wconf 86' lang='lat' dir='ltr'><strong>sublimatum,</strong></span> <span class='ocrx_word' id='word_1_230' title='bbox 2799 2091 2837 2144; x_wconf 88' lang='lat' dir='ltr'><strong>l.</strong></span> <span class='ocrx_word' id='word_1_231' title='bbox 2876 2118 2947 2131; x_wconf 85' lang='grc'><strong>--</strong></span> <span class='ocrx_word' id='word_1_232' title='bbox 2971 2089 3254 2157; x_wconf 81' lang='lat' dir='ltr'><strong>Principis,</strong></span> <span class='ocrx_word' id='word_1_233' title='bbox 3290 2098 3344 2143; x_wconf 91' lang='lat' dir='ltr'><strong>ut</strong></span> <span class='ocrx_word' id='word_1_234' title='bbox 3384 2093 3496 2156; x_wconf 73' lang='lat' dir='ltr'><strong>qui~</strong></span> 
     </span>
    </p>
   </div>
   <div class='ocr_carea' id='block_1_43' title="bbox 1919 2160 3495 2231">
    <p class='ocr_par' dir='ltr' id='par_1_43' title="bbox 1919 2160 3495 2231">
     <span class='ocr_line' id='line_1_45' title="bbox 1919 2160 3495 2231; baseline 0.001 -15"><span class='ocrx_word' id='word_1_235' title='bbox 1919 2164 2037 2217; x_wconf 89' lang='lat' dir='ltr'><strong>dam</strong></span> <span class='ocrx_word' id='word_1_236' title='bbox 2064 2164 2257 2227; x_wconf 83' lang='lat' dir='ltr'><strong>dicunt,</strong></span> <span class='ocrx_word' id='word_1_237' title='bbox 2293 2162 2567 2214; x_wconf 77' lang='lat' dir='ltr'><strong>llic/iarcdi</strong></span> <span class='ocrx_word' id='word_1_238' title='bbox 2614 2162 2859 2228; x_wconf 88' lang='lat' dir='ltr'><strong>principis</strong></span> <span class='ocrx_word' id='word_1_239' title='bbox 2906 2160 3275 2226; x_wconf 83' lang='lat' dir='ltr'><strong>Hispaniarum</strong></span> <span class='ocrx_word' id='word_1_240' title='bbox 3316 2162 3495 2231; x_wconf 83' lang='lat' dir='ltr'><strong>pietas,</strong></span> 
     </span>
    </p>
   </div>
   <div class='ocr_carea' id='block_1_44' title="bbox 1918 2232 3101 2300">
    <p class='ocr_par' dir='ltr' id='par_1_44' title="bbox 1918 2232 3101 2300">
     <span class='ocr_line' id='line_1_46' title="bbox 1918 2232 3101 2300; baseline -0.002 -16"><span class='ocrx_word' id='word_1_241' title='bbox 1918 2234 2037 2288; x_wconf 81' lang='lat' dir='ltr'><strong>Vat.</strong></span> <span class='ocrx_word' id='word_1_242' title='bbox 2071 2237 2132 2289; x_wconf 86' lang='lat' dir='ltr'><strong>A.</strong></span> <span class='ocrx_word' id='word_1_243' title='bbox 2168 2233 2461 2296; x_wconf 84' lang='lat' dir='ltr'><strong>Theodosii,</strong></span> <span class='ocrx_word' id='word_1_244' title='bbox 2487 2236 2560 2285; x_wconf 87' lang='lat' dir='ltr'><strong>vel</strong></span> <span class='ocrx_word' id='word_1_245' title='bbox 2579 2232 2805 2299; x_wconf 77' lang='lat' dir='ltr'><strong>ﬁliorum</strong></span> <span class='ocrx_word' id='word_1_246' title='bbox 2827 2232 2957 2300; x_wconf 84' lang='lat' dir='ltr'><strong>ejus,</strong></span> <span class='ocrx_word' id='word_1_247' title='bbox 2984 2232 3101 2285; x_wconf 74' lang='lat' dir='ltr'><strong>Rat.</strong></span> 
     </span>
    </p>
   </div>
   <div class='ocr_carea' id='block_1_45' title="bbox 1988 2302 2587 2368">
    <p class='ocr_par' dir='ltr' id='par_1_45' title="bbox 1988 2302 2587 2368">
     <span class='ocr_line' id='line_1_47' title="bbox 1988 2302 2587 2368; baseline -0.003 -10"><span class='ocrx_word' id='word_1_248' title='bbox 1988 2306 2076 2359; x_wconf 69' lang='grc'><strong>21.</strong></span> <span class='ocrx_word' id='word_1_249' title='bbox 2113 2306 2286 2368; x_wconf 90' lang='lat' dir='ltr'><strong>Stare,</strong></span> <span class='ocrx_word' id='word_1_250' title='bbox 2317 2321 2391 2357; x_wconf 89' lang='lat' dir='ltr'><strong>sc.</strong></span> <span class='ocrx_word' id='word_1_251' title='bbox 2425 2319 2522 2368; x_wconf 81' lang='lat' dir='ltr'><strong>me,</strong></span> <span class='ocrx_word' id='word_1_252' title='bbox 2549 2302 2587 2357; x_wconf 93' lang='lat' dir='ltr'><strong>l.</strong></span> 
     </span>
    </p>
   </div>
   <div class='ocr_carea' id='block_1_46' title="bbox 1989 2372 3439 2443">
    <p class='ocr_par' dir='ltr' id='par_1_46' title="bbox 1989 2372 3439 2443">
     <span class='ocr_line' id='line_1_48' title="bbox 1989 2372 3439 2443; baseline -0.001 -14"><span class='ocrx_word' id='word_1_253' title='bbox 1989 2377 2077 2429; x_wconf 66' lang='lat'><strong>22.</strong></span> <span class='ocrx_word' id='word_1_254' title='bbox 2108 2375 2327 2438; x_wconf 87' lang='lat' dir='ltr'><strong>Velans,</strong></span> <span class='ocrx_word' id='word_1_255' title='bbox 2358 2375 2457 2427; x_wconf 85' lang='lat' dir='ltr'><strong>cito</strong></span> <span class='ocrx_word' id='word_1_256' title='bbox 2489 2372 2757 2427; x_wconf 88' lang='lat' dir='ltr'><strong>transiens.</strong></span> <span class='ocrx_word' id='word_1_257' title='bbox 2788 2403 2859 2413; x_wconf 89' lang='lat'><strong><em>—</em></strong></span> <span class='ocrx_word' id='word_1_258' title='bbox 2890 2372 3031 2443; x_wconf 77' lang='lat' dir='ltr'><strong>Agit,</strong></span> <span class='ocrx_word' id='word_1_259' title='bbox 3064 2373 3209 2443; x_wconf 77' lang='lat' dir='ltr'><strong>facit,</strong></span> <span class='ocrx_word' id='word_1_260' title='bbox 3236 2374 3373 2443; x_wconf 76' lang='lat' dir='ltr'><strong>fecit,</strong></span> <span class='ocrx_word' id='word_1_261' title='bbox 3400 2376 3439 2429; x_wconf 94' lang='grc'><strong>1.</strong></span> 
     </span>
    </p>
   </div>
   <div class='ocr_carea' id='block_1_47' title="bbox 1989 2442 3439 2515">
    <p class='ocr_par' dir='ltr' id='par_1_47' title="bbox 1989 2442 3439 2515">
     <span class='ocr_line' id='line_1_49' title="bbox 1989 2442 3439 2515; baseline 0 -16"><span class='ocrx_word' id='word_1_262' title='bbox 1989 2447 2081 2500; x_wconf 69' lang='lat'><strong>23.</strong></span> <span class='ocrx_word' id='word_1_263' title='bbox 2108 2445 2346 2515; x_wconf 88' lang='lat' dir='ltr'><strong>lrrepsit,</strong></span> <span class='ocrx_word' id='word_1_264' title='bbox 2368 2445 2590 2513; x_wconf 85' lang='lat' dir='ltr'><strong>irrepere</strong></span> <span class='ocrx_word' id='word_1_265' title='bbox 2618 2454 2689 2498; x_wconf 88' lang='lat' dir='ltr'><strong>est</strong></span> <span class='ocrx_word' id='word_1_266' title='bbox 2711 2442 2907 2513; x_wconf 86' lang='lat' dir='ltr'><strong>aliquid</strong></span> <span class='ocrx_word' id='word_1_267' title='bbox 2935 2442 3147 2497; x_wconf 86' lang='lat' dir='ltr'><strong>latenter</strong></span> <span class='ocrx_word' id='word_1_268' title='bbox 3174 2462 3368 2514; x_wconf 87' lang='lat' dir='ltr'><strong>rapere,</strong></span> <span class='ocrx_word' id='word_1_269' title='bbox 3404 2446 3439 2499; x_wconf 91' lang='grc' dir='ltr'><strong>Ι.</strong></span> 
     </span>
    </p>
   </div>
   <div class='ocr_carea' id='block_1_48' title="bbox 1581 2576 2135 2638">
    <p class='ocr_par' dir='ltr' id='par_1_48' title="bbox 1581 2576 2135 2638">
     <span class='ocr_line' id='line_1_50' title="bbox 1581 2576 2135 2638; baseline 0.013 -7"><span class='ocrx_word' id='word_1_270' title='bbox 1581 2576 2135 2638; x_wconf 77' lang='lat' dir='ltr'><strong>COMMENTARIUS.</strong></span> 
     </span>
    </p>
   </div>
   <div class='ocr_carea' id='block_1_49' title="bbox 220 2662 1803 2738">
    <p class='ocr_par' dir='ltr' id='par_1_49' title="bbox 220 2662 1803 2738">
     <span class='ocr_line' id='line_1_51' title="bbox 220 2662 1803 2738; baseline 0 -12"><span class='ocrx_word' id='word_1_271' title='bbox 220 2734 225 2737; x_wconf 36' lang='lat'><strong>,</strong></span> <span class='ocrx_word' id='word_1_272' title='bbox 304 2670 353 2726; x_wconf 86' lang='lat'><strong>9.</strong></span> <span class='ocrx_word' id='word_1_273' title='bbox 401 2668 766 2724; x_wconf 83' lang='lat' dir='ltr'><strong>Nebrissensis</strong></span> <span class='ocrx_word' id='word_1_274' title='bbox 815 2668 1197 2738; x_wconf 84' lang='lat' dir='ltr'><strong>interpretatur</strong></span> <span class='ocrx_word' id='word_1_275' title='bbox 1224 2668 1545 2724; x_wconf 87' lang='lat' dir='ltr'><strong>adulationis</strong></span> <span class='ocrx_word' id='word_1_276' title='bbox 1593 2662 1803 2738; x_wconf 87' lang='lat' dir='ltr'><strong>vitium,</strong></span> 
     </span>
    </p>
   </div>
   <div class='ocr_carea' id='block_1_50' title="bbox 225 2738 1803 2809">
    <p class='ocr_par' dir='ltr' id='par_1_50' title="bbox 225 2738 1803 2809">
     <span class='ocr_line' id='line_1_52' title="bbox 225 2738 1803 2809; baseline 0.001 -14"><span class='ocrx_word' id='word_1_277' title='bbox 225 2758 349 2795; x_wconf 85' lang='lat' dir='ltr'><strong>cum</strong></span> <span class='ocrx_word' id='word_1_278' title='bbox 393 2740 568 2794; x_wconf 90' lang='lat' dir='ltr'><strong>blandi</strong></span> <span class='ocrx_word' id='word_1_279' title='bbox 590 2740 812 2805; x_wconf 89' lang='lat' dir='ltr'><strong>comites,</strong></span> <span class='ocrx_word' id='word_1_280' title='bbox 837 2748 965 2803; x_wconf 88' lang='lat' dir='ltr'><strong>cte.,</strong></span> <span class='ocrx_word' id='word_1_281' title='bbox 1018 2755 1082 2793; x_wconf 84' lang='lat' dir='ltr'><strong>ex</strong></span> <span class='ocrx_word' id='word_1_282' title='bbox 1111 2738 1316 2803; x_wconf 86' lang='lat' dir='ltr'><strong>Persio,</strong></span> <span class='ocrx_word' id='word_1_283' title='bbox 1348 2749 1439 2793; x_wconf 90' lang='lat' dir='ltr'><strong>aut</strong></span> <span class='ocrx_word' id='word_1_284' title='bbox 1482 2757 1575 2809; x_wconf 89' lang='lat' dir='ltr'><strong>per</strong></span> <span class='ocrx_word' id='word_1_285' title='bbox 1628 2752 1803 2807; x_wconf 77' lang='lat' dir='ltr'><strong>togam</strong></span> 
     </span>
    </p>
   </div>
   <div class='ocr_carea' id='block_1_51' title="bbox 223 2810 1803 2880">
    <p class='ocr_par' dir='ltr' id='par_1_51' title="bbox 223 2810 1803 2880">
     <span class='ocr_line' id='line_1_53' title="bbox 223 2810 1803 2880; baseline 0.002 -15"><span class='ocrx_word' id='word_1_286' title='bbox 223 2814 393 2867; x_wconf 87' lang='lat' dir='ltr'><strong>vitam</strong></span> <span class='ocrx_word' id='word_1_287' title='bbox 449 2810 905 2880; x_wconf 12' lang='lat' dir='ltr'><strong>togatorutn,7qui</strong></span> <span class='ocrx_word' id='word_1_288' title='bbox 939 2810 1153 2879; x_wconf 80' lang='lat' dir='ltr'><strong>regibus</strong></span> <span class='ocrx_word' id='word_1_289' title='bbox 1184 2810 1491 2865; x_wconf 89' lang='lat' dir='ltr'><strong>adulantur.</strong></span> <span class='ocrx_word' id='word_1_290' title='bbox 1545 2813 1803 2873; x_wconf 73' lang='lat' dir='ltr'><strong>Equidem</strong></span> 
     </span>
    </p>
   </div>
   <div class='ocr_carea' id='block_1_52' title="bbox 225 2879 1804 2953">
    <p class='ocr_par' dir='ltr' id='par_1_52' title="bbox 225 2879 1804 2953">
     <span class='ocr_line' id='line_1_54' title="bbox 225 2879 1804 2953; baseline 0.001 -16"><span class='ocrx_word' id='word_1_291' title='bbox 225 2894 386 2950; x_wconf 85' lang='lat' dir='ltr'><strong>puto,</strong></span> <span class='ocrx_word' id='word_1_292' title='bbox 412 2879 757 2953; x_wconf 85' lang='lat' dir='ltr'><strong>Prudentium</strong></span> <span class='ocrx_word' id='word_1_293' title='bbox 782 2879 1008 2935; x_wconf 81' lang='lat' dir='ltr'><strong>fortasse</strong></span> <span class='ocrx_word' id='word_1_294' title='bbox 1029 2882 1250 2936; x_wconf 91' lang='lat' dir='ltr'><strong>innuere</strong></span> <span class='ocrx_word' id='word_1_295' title='bbox 1283 2880 1405 2935; x_wconf 90' lang='lat' dir='ltr'><strong>vitia</strong></span> <span class='ocrx_word' id='word_1_296' title='bbox 1443 2882 1653 2953; x_wconf 90' lang='lat' dir='ltr'><strong>propria</strong></span> <span class='ocrx_word' id='word_1_297' title='bbox 1677 2895 1804 2938; x_wconf 66' lang='lat' dir='ltr'><strong>teta-</strong></span> 
     </span>
    </p>
   </div>
   <div class='ocr_carea' id='block_1_53' title="bbox 222 2952 948 3021">
    <p class='ocr_par' dir='ltr' id='par_1_53' title="bbox 222 2952 948 3021">
     <span class='ocr_line' id='line_1_55' title="bbox 222 2952 948 3021; baseline -0.003 -14"><span class='ocrx_word' id='word_1_298' title='bbox 222 2963 367 3012; x_wconf 90' lang='lat' dir='ltr'><strong>tum.</strong></span> <span class='ocrx_word' id='word_1_299' title='bbox 398 2967 500 3007; x_wconf 89' lang='lat' dir='ltr'><strong>non</strong></span> <span class='ocrx_word' id='word_1_300' title='bbox 526 2952 948 3021; x_wconf 85' lang='lat' dir='ltr'><strong>disciplinarum.</strong></span> 
     </span>
    </p>
   </div>
   <div class='ocr_carea' id='block_1_54' title="bbox 302 3020 1802 3091">
    <p class='ocr_par' dir='ltr' id='par_1_54' title="bbox 302 3020 1802 3091">
     <span class='ocr_line' id='line_1_56' title="bbox 302 3020 1802 3091; baseline 0.002 -13"><span class='ocrx_word' id='word_1_301' title='bbox 302 3026 388 3081; x_wconf 91' lang='grc'><strong>10.</strong></span> <span class='ocrx_word' id='word_1_302' title='bbox 434 3024 547 3078; x_wconf 84' lang='grc' dir='ltr'><strong>Νοη</strong></span> <span class='ocrx_word' id='word_1_303' title='bbox 582 3024 753 3091; x_wconf 88' lang='lat' dir='ltr'><strong>placet</strong></span> <span class='ocrx_word' id='word_1_304' title='bbox 792 3022 966 3089; x_wconf 80' lang='lat' dir='ltr'><strong>glossa</strong></span> <span class='ocrx_word' id='word_1_305' title='bbox 1000 3020 1168 3075; x_wconf 85' lang='lat' dir='ltr'><strong>lsonis</strong></span> <span class='ocrx_word' id='word_1_306' title='bbox 1203 3040 1214 3073; x_wconf 93' lang='lat'><strong>:</strong></span> <span class='ocrx_word' id='word_1_307' title='bbox 1249 3038 1369 3075; x_wconf 89' lang='lat' dir='ltr'><strong>nam</strong></span> <span class='ocrx_word' id='word_1_308' title='bbox 1402 3038 1577 3077; x_wconf 83' lang='lat' dir='ltr'><strong>sermo</strong></span> <span class='ocrx_word' id='word_1_309' title='bbox 1609 3035 1691 3079; x_wconf 90' lang='lat' dir='ltr'><strong>est</strong></span> <span class='ocrx_word' id='word_1_310' title='bbox 1735 3027 1802 3081; x_wconf 89' lang='lat' dir='ltr'><strong>de</strong></span> 
     </span>
    </p>
   </div>
   <div class='ocr_carea' id='block_1_55' title="bbox 221 3091 1803 3162">
    <p class='ocr_par' dir='ltr' id='par_1_55' title="bbox 221 3091 1803 3162">
     <span class='ocr_line' id='line_1_57' title="bbox 221 3091 1803 3162; baseline 0.001 -13"><span class='ocrx_word' id='word_1_311' title='bbox 221 3095 373 3150; x_wconf 81' lang='lat' dir='ltr'><strong>vitiis</strong></span> <span class='ocrx_word' id='word_1_312' title='bbox 413 3094 729 3162; x_wconf 85' lang='lat' dir='ltr'><strong>juventutis,</strong></span> <span class='ocrx_word' id='word_1_313' title='bbox 775 3109 881 3146; x_wconf 89' lang='lat' dir='ltr'><strong>non</strong></span> <span class='ocrx_word' id='word_1_314' title='bbox 930 3091 1192 3160; x_wconf 87' lang='lat' dir='ltr'><strong>judicum.</strong></span> <span class='ocrx_word' id='word_1_315' title='bbox 1243 3093 1604 3149; x_wconf 87' lang='lat' dir='ltr'><strong>Nebrissensis</strong></span> <span class='ocrx_word' id='word_1_316' title='bbox 1626 3112 1687 3150; x_wconf 85' lang='lat' dir='ltr'><strong>ex</strong></span> <span class='ocrx_word' id='word_1_317' title='bbox 1720 3096 1803 3151; x_wconf 90' lang='lat' dir='ltr'><strong>his</strong></span> 
     </span>
    </p>
   </div>
   <div class='ocr_carea' id='block_1_56' title="bbox 218 3163 1805 3235">
    <p class='ocr_par' dir='ltr' id='par_1_56' title="bbox 218 3163 1805 3235">
     <span class='ocr_line' id='line_1_58' title="bbox 218 3163 1805 3235; baseline 0.001 -16"><span class='ocrx_word' id='word_1_318' title='bbox 218 3167 472 3230; x_wconf 82' lang='lat' dir='ltr'><strong>vocibus,</strong></span> <span class='ocrx_word' id='word_1_319' title='bbox 519 3166 703 3217; x_wconf 86' lang='lat' dir='ltr'><strong>lasciva</strong></span> <span class='ocrx_word' id='word_1_320' title='bbox 737 3166 1057 3235; x_wconf 78' lang='lat' dir='ltr'><strong>protervitas,</strong></span> <span class='ocrx_word' id='word_1_321' title='bbox 1090 3163 1239 3216; x_wconf 75' lang='lat' dir='ltr'><strong>luxus</strong></span> <span class='ocrx_word' id='word_1_322' title='bbox 1280 3163 1535 3231; x_wconf 78' lang='lat' dir='ltr'><strong>petulans,</strong></span> <span class='ocrx_word' id='word_1_323' title='bbox 1571 3168 1805 3235; x_wconf 74' lang='lat' dir='ltr'><strong>nequitia:</strong></span> 
     </span>
    </p>
   </div>
   <div class='ocr_carea' id='block_1_57' title="bbox 219 3233 1806 3305">
    <p class='ocr_par' dir='ltr' id='par_1_57' title="bbox 219 3233 1806 3305">
     <span class='ocr_line' id='line_1_59' title="bbox 219 3233 1806 3305; baseline 0.001 -15"><span class='ocrx_word' id='word_1_324' title='bbox 219 3236 487 3301; x_wconf 82' lang='lat' dir='ltr'><strong>sordibus,</strong></span> <span class='ocrx_word' id='word_1_325' title='bbox 512 3252 571 3287; x_wconf 86' lang='lat' dir='ltr'><strong>ac</strong></span> <span class='ocrx_word' id='word_1_326' title='bbox 600 3236 727 3301; x_wconf 88' lang='lat' dir='ltr'><strong>luto,</strong></span> <span class='ocrx_word' id='word_1_327' title='bbox 762 3233 994 3287; x_wconf 89' lang='lat' dir='ltr'><strong>libidinis</strong></span> <span class='ocrx_word' id='word_1_328' title='bbox 1026 3244 1239 3302; x_wconf 89' lang='lat' dir='ltr'><strong>peccata</strong></span> <span class='ocrx_word' id='word_1_329' title='bbox 1261 3236 1429 3305; x_wconf 79' lang='lat' dir='ltr'><strong>arguit</strong></span> <span class='ocrx_word' id='word_1_330' title='bbox 1463 3252 1475 3287; x_wconf 91' lang='lat'><strong>:</strong></span> <span class='ocrx_word' id='word_1_331' title='bbox 1512 3233 1684 3305; x_wconf 88' lang='lat' dir='ltr'><strong>neque</strong></span> <span class='ocrx_word' id='word_1_332' title='bbox 1713 3238 1806 3292; x_wconf 85' lang='lat' dir='ltr'><strong>ab-</strong></span> 
     </span>
    </p>
   </div>
   <div class='ocr_carea' id='block_1_58' title="bbox 220 3304 1880 3373">
    <p class='ocr_par' dir='ltr' id='par_1_58' title="bbox 220 3304 1880 3373">
     <span class='ocr_line' id='line_1_60' title="bbox 220 3304 1880 3373; baseline -0.001 -11"><span class='ocrx_word' id='word_1_333' title='bbox 220 3322 361 3371; x_wconf 90' lang='lat' dir='ltr'><strong>nuo,</strong></span> <span class='ocrx_word' id='word_1_334' title='bbox 421 3308 465 3359; x_wconf 89' lang='lat' dir='ltr'><strong>si</strong></span> <span class='ocrx_word' id='word_1_335' title='bbox 509 3306 574 3360; x_wconf 93' lang='lat' dir='ltr'><strong>de</strong></span> <span class='ocrx_word' id='word_1_336' title='bbox 606 3304 959 3373; x_wconf 82' lang='lat' dir='ltr'><strong>propensione</strong></span> <span class='ocrx_word' id='word_1_337' title='bbox 991 3306 1041 3357; x_wconf 89' lang='lat' dir='ltr'><strong>in</strong></span> <span class='ocrx_word' id='word_1_338' title='bbox 1084 3319 1144 3358; x_wconf 85' lang='lat' dir='ltr'><strong>ea</strong></span> <span class='ocrx_word' id='word_1_339' title='bbox 1178 3304 1306 3357; x_wconf 83' lang='lat' dir='ltr'><strong>vitia</strong></span> <span class='ocrx_word' id='word_1_340' title='bbox 1335 3304 1614 3373; x_wconf 79' lang='lat' dir='ltr'><strong>intelligas,</strong></span> <span class='ocrx_word' id='word_1_341' title='bbox 1659 3316 1714 3361; x_wconf 87' lang='lat' dir='ltr'><strong>et</strong></span> <span class='ocrx_word' id='word_1_342' title='bbox 1743 3323 1804 3363; x_wconf 90' lang='lat' dir='ltr'><strong>ea</strong></span> <span class='ocrx_word' id='word_1_343' title='bbox 1835 3306 1880 3368; x_wconf 91' lang='lat' dir='ltr'><strong>C</strong></span> 
     </span>
    </p>
   </div>
   <div class='ocr_carea' id='block_1_59' title="bbox 218 3374 1803 3446">
    <p class='ocr_par' dir='ltr' id='par_1_59' title="bbox 218 3374 1803 3446">
     <span class='ocr_line' id='line_1_61' title="bbox 218 3374 1803 3446; baseline 0.001 -16"><span class='ocrx_word' id='word_1_344' title='bbox 218 3394 349 3446; x_wconf 73' lang='lat' dir='ltr'><strong>qua:</strong></span> <span class='ocrx_word' id='word_1_345' title='bbox 402 3378 452 3431; x_wconf 92' lang='lat' dir='ltr'><strong>in</strong></span> <span class='ocrx_word' id='word_1_346' title='bbox 507 3377 710 3445; x_wconf 85' lang='lat' dir='ltr'><strong>prolog.</strong></span> <span class='ocrx_word' id='word_1_347' title='bbox 766 3375 886 3446; x_wconf 44' lang='lat' dir='ltr'><strong>loc,</strong></span> <span class='ocrx_word' id='word_1_348' title='bbox 931 3374 1021 3428; x_wconf 90' lang='lat' dir='ltr'><strong>cit.</strong></span> <span class='ocrx_word' id='word_1_349' title='bbox 1081 3374 1147 3429; x_wconf 91' lang='lat' dir='ltr'><strong>de</strong></span> <span class='ocrx_word' id='word_1_350' title='bbox 1200 3374 1474 3446; x_wconf 85' lang='lat' dir='ltr'><strong>Prudentii</strong></span> <span class='ocrx_word' id='word_1_351' title='bbox 1508 3378 1803 3431; x_wconf 86' lang='lat' dir='ltr'><strong>humilitate</strong></span> 
     </span>
    </p>
   </div>
   <div class='ocr_carea' id='block_1_60' title="bbox 220 3444 1805 3515">
    <p class='ocr_par' dir='ltr' id='par_1_60' title="bbox 220 3444 1805 3515">
     <span class='ocr_line' id='line_1_62' title="bbox 220 3444 1805 3515; baseline -0.001 -12"><span class='ocrx_word' id='word_1_352' title='bbox 220 3444 530 3503; x_wconf 77' lang='lat' dir='ltr'><strong>Christiana</strong></span> <span class='ocrx_word' id='word_1_353' title='bbox 559 3446 769 3514; x_wconf 89' lang='lat' dir='ltr'><strong>protuli,</strong></span> <span class='ocrx_word' id='word_1_354' title='bbox 804 3444 1001 3499; x_wconf 87' lang='lat' dir='ltr'><strong>habeas</strong></span> <span class='ocrx_word' id='word_1_355' title='bbox 1044 3460 1151 3511; x_wconf 69' lang='lat' dir='ltr'><strong>pra:</strong></span> <span class='ocrx_word' id='word_1_356' title='bbox 1179 3444 1383 3509; x_wconf 91' lang='lat' dir='ltr'><strong>oculis;</strong></span> <span class='ocrx_word' id='word_1_357' title='bbox 1418 3461 1532 3515; x_wconf 69' lang='lat' dir='ltr'><strong>qua:</strong></span> <span class='ocrx_word' id='word_1_358' title='bbox 1566 3448 1633 3501; x_wconf 88' lang='lat' dir='ltr'><strong>ita</strong></span> <span class='ocrx_word' id='word_1_359' title='bbox 1664 3464 1692 3500; x_wconf 93' lang='lat' dir='ltr'><strong>a</strong></span> <span class='ocrx_word' id='word_1_360' title='bbox 1721 3464 1805 3502; x_wconf 86' lang='lat' dir='ltr'><strong>me</strong></span> 
     </span>
    </p>
   </div>
   <div class='ocr_carea' id='block_1_61' title="bbox 220 3516 1805 3586">
    <p class='ocr_par' dir='ltr' id='par_1_61' title="bbox 220 3516 1805 3586">
     <span class='ocr_line' id='line_1_63' title="bbox 220 3516 1805 3586; baseline -0.001 -12"><span class='ocrx_word' id='word_1_361' title='bbox 220 3528 358 3574; x_wconf 82' lang='lat' dir='ltr'><strong>sunt.</strong></span> <span class='ocrx_word' id='word_1_362' title='bbox 408 3518 697 3586; x_wconf 53' lang='lat' dir='ltr'><strong>disputata,</strong></span> <span class='ocrx_word' id='word_1_363' title='bbox 749 3532 852 3569; x_wconf 90' lang='lat' dir='ltr'><strong>non</strong></span> <span class='ocrx_word' id='word_1_364' title='bbox 894 3516 1045 3586; x_wconf 76' lang='lat' dir='ltr'><strong>quasi</strong></span> <span class='ocrx_word' id='word_1_365' title='bbox 1075 3516 1409 3586; x_wconf 83' lang='lat' dir='ltr'><strong>exploratum</strong></span> <span class='ocrx_word' id='word_1_366' title='bbox 1464 3517 1710 3583; x_wconf 89' lang='lat' dir='ltr'><strong>habeam,</strong></span> <span class='ocrx_word' id='word_1_367' title='bbox 1739 3521 1805 3573; x_wconf 90' lang='lat' dir='ltr'><strong>de</strong></span> 
     </span>
    </p>
   </div>
   <div class='ocr_carea' id='block_1_62' title="bbox 222 3584 1806 3653">
    <p class='ocr_par' dir='ltr' id='par_1_62' title="bbox 222 3584 1806 3653">
     <span class='ocr_line' id='line_1_64' title="bbox 222 3584 1806 3653; baseline 0 -9"><span class='ocrx_word' id='word_1_368' title='bbox 222 3584 508 3644; x_wconf 84' lang='lat' dir='ltr'><strong>Prudentii</strong></span> <span class='ocrx_word' id='word_1_369' title='bbox 542 3588 843 3642; x_wconf 89' lang='lat' dir='ltr'><strong>innocentia</strong></span> <span class='ocrx_word' id='word_1_370' title='bbox 878 3585 1077 3653; x_wconf 88' lang='lat' dir='ltr'><strong>liquido</strong></span> <span class='ocrx_word' id='word_1_371' title='bbox 1103 3584 1478 3642; x_wconf 74' lang='lat' dir='ltr'><strong>constare’sed</strong></span> <span class='ocrx_word' id='word_1_372' title='bbox 1517 3596 1721 3642; x_wconf 88' lang='lat' dir='ltr'><strong>tantum</strong></span> <span class='ocrx_word' id='word_1_373' title='bbox 1751 3598 1806 3644; x_wconf 88' lang='lat' dir='ltr'><strong>ut</strong></span> 
     </span>
    </p>
   </div>
   <div class='ocr_carea' id='block_1_63' title="bbox 220 3657 1805 3727">
    <p class='ocr_par' dir='ltr' id='par_1_63' title="bbox 220 3657 1805 3727">
     <span class='ocr_line' id='line_1_65' title="bbox 220 3657 1805 3727; baseline 0.002 -14"><span class='ocrx_word' id='word_1_374' title='bbox 220 3661 588 3726; x_wconf 84' lang='lat' dir='ltr'><strong>o.-tenderetn,</strong></span> <span class='ocrx_word' id='word_1_375' title='bbox 644 3658 952 3727; x_wconf 63' lang='lat' dir='ltr'><strong>gravi~sima</strong></span> <span class='ocrx_word' id='word_1_376' title='bbox 1001 3657 1088 3711; x_wconf 90' lang='lat' dir='ltr'><strong>illa</strong></span> <span class='ocrx_word' id='word_1_377' title='bbox 1133 3658 1355 3711; x_wconf 86' lang='lat' dir='ltr'><strong>crimina</strong></span> <span class='ocrx_word' id='word_1_378' title='bbox 1424 3657 1641 3713; x_wconf 90' lang='lat' dir='ltr'><strong>minime</strong></span> <span class='ocrx_word' id='word_1_379' title='bbox 1685 3674 1805 3716; x_wconf 72' lang='lat' dir='ltr'><strong>esse</strong></span> 
     </span>
    </p>
   </div>
   <div class='ocr_carea' id='block_1_64' title="bbox 220 3730 597 3799">
    <p class='ocr_par' dir='ltr' id='par_1_64' title="bbox 220 3730 597 3799">
     <span class='ocr_line' id='line_1_66' title="bbox 220 3730 597 3799; baseline -0.011 -14"><span class='ocrx_word' id='word_1_380' title='bbox 220 3730 597 3799; x_wconf 88' lang='lat' dir='ltr'><strong>comprobata.</strong></span> 
     </span>
    </p>
   </div>
   <div class='ocr_carea' id='block_1_65' title="bbox 299 3797 1803 3870">
    <p class='ocr_par' dir='ltr' id='par_1_65' title="bbox 299 3797 1803 3870">
     <span class='ocr_line' id='line_1_67' title="bbox 299 3797 1803 3870; baseline 0.001 -17"><span class='ocrx_word' id='word_1_381' title='bbox 299 3797 389 3855; x_wconf 79' lang='lat' dir='ltr'><strong>ll.</strong></span> <span class='ocrx_word' id='word_1_382' title='bbox 424 3800 485 3852; x_wconf 82' lang='lat' dir='ltr'><strong>Et</strong></span> <span class='ocrx_word' id='word_1_383' title='bbox 516 3800 686 3863; x_wconf 78' lang='lat' dir='ltr'><strong>luxus,</strong></span> <span class='ocrx_word' id='word_1_384' title='bbox 718 3808 903 3853; x_wconf 89' lang='lat' dir='ltr'><strong>contra</strong></span> <span class='ocrx_word' id='word_1_385' title='bbox 935 3797 1225 3870; x_wconf 86' lang='lat' dir='ltr'><strong>Giselinum</strong></span> <span class='ocrx_word' id='word_1_386' title='bbox 1266 3809 1319 3854; x_wconf 89' lang='lat' dir='ltr'><strong>et</strong></span> <span class='ocrx_word' id='word_1_387' title='bbox 1375 3798 1682 3865; x_wconf 82' lang='lat' dir='ltr'><strong>Wcitzium,</strong></span> <span class='ocrx_word' id='word_1_388' title='bbox 1713 3802 1803 3870; x_wconf 91' lang='lat' dir='ltr'><strong>qui</strong></span> 
     </span>
    </p>
   </div>
   <div class='ocr_carea' id='block_1_66' title="bbox 220 3869 1803 3933">
    <p class='ocr_par' dir='ltr' id='par_1_66' title="bbox 220 3869 1803 3933">
     <span class='ocr_line' id='line_1_68' title="bbox 220 3869 1803 3933; baseline 0 -8"><span class='ocrx_word' id='word_1_389' title='bbox 220 3872 429 3925; x_wconf 82' lang='lat' dir='ltr'><strong>habent</strong></span> <span class='ocrx_word' id='word_1_390' title='bbox 479 3887 538 3923; x_wconf 90' lang='lat' dir='ltr'><strong>ac</strong></span> <span class='ocrx_word' id='word_1_391' title='bbox 584 3872 766 3933; x_wconf 66' lang='lat' dir='ltr'><strong>luxus;</strong></span> <span class='ocrx_word' id='word_1_392' title='bbox 814 3884 932 3923; x_wconf 88' lang='lat' dir='ltr'><strong>nam</strong></span> <span class='ocrx_word' id='word_1_393' title='bbox 984 3869 1117 3921; x_wconf 79' lang='lat' dir='ltr'><strong>infra</strong></span> <span class='ocrx_word' id='word_1_394' title='bbox 1169 3870 1419 3933; x_wconf 75' lang='lat' dir='ltr'><strong>sontibus,</strong></span> <span class='ocrx_word' id='word_1_395' title='bbox 1450 3886 1510 3922; x_wconf 90' lang='lat' dir='ltr'><strong>ac</strong></span> <span class='ocrx_word' id='word_1_396' title='bbox 1553 3872 1682 3932; x_wconf 83' lang='lat' dir='ltr'><strong>luto.</strong></span> <span class='ocrx_word' id='word_1_397' title='bbox 1716 3869 1803 3925; x_wconf 84' lang='lat' dir='ltr'><strong>ubi</strong></span> 
     </span>
    </p>
   </div>
   <div class='ocr_carea' id='block_1_67' title="bbox 222 3939 1805 3997">
    <p class='ocr_par' dir='ltr' id='par_1_67' title="bbox 222 3939 1805 3997">
     <span class='ocr_line' id='line_1_69' title="bbox 222 3939 1805 3997; baseline 0 -2"><span class='ocrx_word' id='word_1_398' title='bbox 222 3946 277 3997; x_wconf 88' lang='lat' dir='ltr'><strong>in</strong></span> <span class='ocrx_word' id='word_1_399' title='bbox 308 3942 611 3995; x_wconf 84' lang='lat' dir='ltr'><strong>llailsbrOn.</strong></span> <span class='ocrx_word' id='word_1_400' title='bbox 631 3952 674 3992; x_wconf 89' lang='lat' dir='ltr'><strong>et</strong></span> <span class='ocrx_word' id='word_1_401' title='bbox 703 3942 828 3994; x_wconf 88' lang='lat' dir='ltr'><strong>luto.</strong></span> <span class='ocrx_word' id='word_1_402' title='bbox 862 3939 995 3992; x_wconf 88' lang='lat' dir='ltr'><strong>Tum</strong></span> <span class='ocrx_word' id='word_1_403' title='bbox 1020 3954 1121 3992; x_wconf 92' lang='lat' dir='ltr'><strong>non</strong></span> <span class='ocrx_word' id='word_1_404' title='bbox 1153 3941 1290 3995; x_wconf 89' lang='lat' dir='ltr'><strong>male</strong></span> <span class='ocrx_word' id='word_1_405' title='bbox 1313 3957 1373 3993; x_wconf 89' lang='lat' dir='ltr'><strong>ac</strong></span> <span class='ocrx_word' id='word_1_406' title='bbox 1396 3943 1567 3994; x_wconf 75' lang='lat' dir='ltr'><strong>luxus.</strong></span> <span class='ocrx_word' id='word_1_407' title='bbox 1590 3941 1805 3995; x_wconf 89' lang='lat' dir='ltr'><strong>Teolius</strong></span> 
     </span>
    </p>
   </div>
   <div class='ocr_carea' id='block_1_68' title="bbox 224 4012 1807 4082">
    <p class='ocr_par' dir='ltr' id='par_1_68' title="bbox 224 4012 1807 4082">
     <span class='ocr_line' id='line_1_70' title="bbox 224 4012 1807 4082; baseline -0.001 -15"><span class='ocrx_word' id='word_1_408' title='bbox 224 4014 334 4067; x_wconf 87' lang='lat' dir='ltr'><strong>hoc</strong></span> <span class='ocrx_word' id='word_1_409' title='bbox 372 4022 425 4066; x_wconf 89' lang='lat' dir='ltr'><strong>et</strong></span> <span class='ocrx_word' id='word_1_410' title='bbox 476 4028 587 4081; x_wconf 87' lang='lat' dir='ltr'><strong>seq.</strong></span> <span class='ocrx_word' id='word_1_411' title='bbox 635 4026 788 4064; x_wconf 88' lang='lat' dir='ltr'><strong>versu</strong></span> <span class='ocrx_word' id='word_1_412' title='bbox 845 4019 923 4064; x_wconf 90' lang='lat' dir='ltr'><strong>ter</strong></span> <span class='ocrx_word' id='word_1_413' title='bbox 950 4027 1012 4082; x_wconf 82' lang='lat' dir='ltr'><strong>ac</strong></span> <span class='ocrx_word' id='word_1_414' title='bbox 1044 4013 1253 4076; x_wconf 90' lang='lat' dir='ltr'><strong>posuit:</strong></span> <span class='ocrx_word' id='word_1_415' title='bbox 1282 4028 1342 4062; x_wconf 88' lang='lat' dir='ltr'><strong>ac</strong></span> <span class='ocrx_word' id='word_1_416' title='bbox 1382 4012 1600 4065; x_wconf 70' lang='lat' dir='ltr'><strong>luxus...</strong></span> <span class='ocrx_word' id='word_1_417' title='bbox 1632 4028 1690 4065; x_wconf 89' lang='lat' dir='ltr'><strong>ac</strong></span> <span class='ocrx_word' id='word_1_418' title='bbox 1728 4014 1807 4082; x_wconf 86' lang='lat' dir='ltr'><strong>pi-</strong></span> 
     </span>
    </p>
   </div>
   <div class='ocr_carea' id='block_1_69' title="bbox 224 4080 1804 4152">
    <p class='ocr_par' dir='ltr' id='par_1_69' title="bbox 224 4080 1804 4152">
     <span class='ocr_line' id='line_1_71' title="bbox 224 4080 1804 4152; baseline 0 -15"><span class='ocrx_word' id='word_1_419' title='bbox 224 4095 382 4152; x_wconf 82' lang='lat' dir='ltr'><strong>get...</strong></span> <span class='ocrx_word' id='word_1_420' title='bbox 438 4099 497 4135; x_wconf 87' lang='lat' dir='ltr'><strong>ac</strong></span> <span class='ocrx_word' id='word_1_421' title='bbox 548 4080 674 4146; x_wconf 83' lang='lat' dir='ltr'><strong>luto,</strong></span> <span class='ocrx_word' id='word_1_422' title='bbox 725 4092 775 4135; x_wconf 88' lang='lat' dir='ltr'><strong>et</strong></span> <span class='ocrx_word' id='word_1_423' title='bbox 818 4083 867 4134; x_wconf 92' lang='lat' dir='ltr'><strong>in</strong></span> <span class='ocrx_word' id='word_1_424' title='bbox 908 4080 1039 4149; x_wconf 82' lang='lat' dir='ltr'><strong>piget</strong></span> <span class='ocrx_word' id='word_1_425' title='bbox 1089 4090 1339 4148; x_wconf 87' lang='lat' dir='ltr'><strong>punctum</strong></span> <span class='ocrx_word' id='word_1_426' title='bbox 1374 4080 1804 4151; x_wconf 81' lang='lat' dir='ltr'><strong>interrogationis</strong></span> 
     </span>
    </p>
   </div>
   <div class='ocr_carea' id='block_1_70' title="bbox 222 4155 443 4219">
    <p class='ocr_par' dir='ltr' id='par_1_70' title="bbox 222 4155 443 4219">
     <span class='ocr_line' id='line_1_72' title="bbox 222 4155 443 4219; baseline -0.009 -12"><span class='ocrx_word' id='word_1_427' title='bbox 222 4155 443 4219; x_wconf 78' lang='lat' dir='ltr'><strong>adjecit.</strong></span> 
     </span>
    </p>
   </div>
   <div class='ocr_carea' id='block_1_71' title="bbox 305 4222 1367 4287">
    <p class='ocr_par' dir='ltr' id='par_1_71' title="bbox 305 4222 1367 4287">
     <span class='ocr_line' id='line_1_73' title="bbox 305 4222 1367 4287; baseline -0.003 -10"><span class='ocrx_word' id='word_1_428' title='bbox 305 4225 389 4278; x_wconf 61' lang='grc'><strong>19..</strong></span> <span class='ocrx_word' id='word_1_429' title='bbox 428 4223 480 4276; x_wconf 84' lang='lat' dir='ltr'><strong>in</strong></span> <span class='ocrx_word' id='word_1_430' title='bbox 515 4222 705 4287; x_wconf 86' lang='lat' dir='ltr'><strong>Hails.,</strong></span> <span class='ocrx_word' id='word_1_431' title='bbox 727 4231 773 4275; x_wconf 88' lang='lat' dir='ltr'><strong>et</strong></span> <span class='ocrx_word' id='word_1_432' title='bbox 795 4222 922 4276; x_wconf 90' lang='lat' dir='ltr'><strong>luto.</strong></span> <span class='ocrx_word' id='word_1_433' title='bbox 957 4222 1086 4278; x_wconf 90' lang='lat' dir='ltr'><strong>Vide</strong></span> <span class='ocrx_word' id='word_1_434' title='bbox 1114 4239 1252 4278; x_wconf 87' lang='lat' dir='ltr'><strong>vers.</strong></span> <span class='ocrx_word' id='word_1_435' title='bbox 1285 4224 1367 4277; x_wconf 89' lang='grc'><strong>11.</strong></span> 
     </span>
    </p>
   </div>
   <div class='ocr_carea' id='block_1_72' title="bbox 299 4291 1202 4363">
    <p class='ocr_par' dir='ltr' id='par_1_72' title="bbox 299 4291 1202 4363">
     <span class='ocr_line' id='line_1_74' title="bbox 299 4291 1202 4363; baseline -0.004 -14"><span class='ocrx_word' id='word_1_436' title='bbox 299 4298 389 4349; x_wconf 78' lang='grc'><strong>15.</strong></span> <span class='ocrx_word' id='word_1_437' title='bbox 420 4296 472 4347; x_wconf 90' lang='lat' dir='ltr'><strong>In</strong></span> <span class='ocrx_word' id='word_1_438' title='bbox 507 4293 682 4357; x_wconf 75' lang='lat' dir='ltr'><strong>Egm.,</strong></span> <span class='ocrx_word' id='word_1_439' title='bbox 711 4291 903 4346; x_wconf 79' lang='lat' dir='ltr'><strong>Dehinc</strong></span> <span class='ocrx_word' id='word_1_440' title='bbox 925 4309 1020 4363; x_wconf 92' lang='lat' dir='ltr'><strong>pro</strong></span> <span class='ocrx_word' id='word_1_441' title='bbox 1050 4294 1202 4348; x_wconf 65' lang='lat' dir='ltr'><strong>Ea&#39;in.</strong></span> 
     </span>
    </p>
   </div>
   <div class='ocr_carea' id='block_1_73' title="bbox 298 4364 1802 4430">
    <p class='ocr_par' dir='ltr' id='par_1_73' title="bbox 298 4364 1802 4430">
     <span class='ocr_line' id='line_1_75' title="bbox 298 4364 1802 4430; baseline -0.001 -11"><span class='ocrx_word' id='word_1_442' title='bbox 298 4368 386 4419; x_wconf 75' lang='lat' dir='ltr'><strong>M.</strong></span> <span class='ocrx_word' id='word_1_443' title='bbox 416 4364 748 4418; x_wconf 87' lang='lat' dir='ltr'><strong>innocentius</strong></span> <span class='ocrx_word' id='word_1_444' title='bbox 778 4365 813 4416; x_wconf 90' lang='grc' dir='ltr'><strong>Ι.</strong></span> <span class='ocrx_word' id='word_1_445' title='bbox 849 4366 898 4417; x_wconf 91' lang='lat' dir='ltr'><strong>in</strong></span> <span class='ocrx_word' id='word_1_446' title='bbox 937 4367 1096 4430; x_wconf 86' lang='lat' dir='ltr'><strong>epist.</strong></span> <span class='ocrx_word' id='word_1_447' title='bbox 1129 4365 1193 4417; x_wconf 89' lang='lat' dir='ltr'><strong>ad</strong></span> <span class='ocrx_word' id='word_1_448' title='bbox 1223 4379 1372 4419; x_wconf 87' lang='lat' dir='ltr'><strong>conc.</strong></span> <span class='ocrx_word' id='word_1_449' title='bbox 1394 4364 1563 4419; x_wconf 87' lang='lat' dir='ltr'><strong>Tolet.</strong></span> <span class='ocrx_word' id='word_1_450' title='bbox 1596 4380 1631 4427; x_wconf 90' lang='lat' dir='ltr'><strong>t,</strong></span> <span class='ocrx_word' id='word_1_451' title='bbox 1658 4372 1802 4417; x_wconf 82' lang='lat' dir='ltr'><strong>notat</strong></span> 
     </span>
    </p>
   </div>
   <div class='ocr_carea' id='block_1_74' title="bbox 222 4435 1803 4505">
    <p class='ocr_par' dir='ltr' id='par_1_74' title="bbox 222 4435 1803 4505">
     <span class='ocr_line' id='line_1_76' title="bbox 222 4435 1803 4505; baseline -0.003 -14"><span class='ocrx_word' id='word_1_452' title='bbox 222 4439 275 4491; x_wconf 89' lang='lat' dir='ltr'><strong>in</strong></span> <span class='ocrx_word' id='word_1_453' title='bbox 306 4435 703 4505; x_wconf 80' lang='lat' dir='ltr'><strong>jurisconsultis</strong></span> <span class='ocrx_word' id='word_1_454' title='bbox 732 4436 1063 4502; x_wconf 85' lang='lat' dir='ltr'><strong>pertinaciam</strong></span> <span class='ocrx_word' id='word_1_455' title='bbox 1106 4436 1365 4489; x_wconf 83' lang='lat' dir='ltr'><strong>obtinendi</strong></span> <span class='ocrx_word' id='word_1_456' title='bbox 1398 4450 1417 4489; x_wconf 90' lang='lat'><strong><em>:</em></strong></span> <span class='ocrx_word' id='word_1_457' title='bbox 1441 4436 1508 4489; x_wconf 90' lang='lat' dir='ltr'><strong>ita</strong></span> <span class='ocrx_word' id='word_1_458' title='bbox 1536 4438 1675 4488; x_wconf 89' lang='lat' dir='ltr'><strong>enim</strong></span> <span class='ocrx_word' id='word_1_459' title='bbox 1708 4450 1803 4487; x_wconf 85' lang='lat' dir='ltr'><strong>vo-</strong></span> 
     </span>
    </p>
   </div>
   <div class='ocr_carea' id='block_1_75' title="bbox 218 4506 1801 4575">
    <p class='ocr_par' dir='ltr' id='par_1_75' title="bbox 218 4506 1801 4575">
     <span class='ocr_line' id='line_1_77' title="bbox 218 4506 1801 4575; baseline -0.004 -13"><span class='ocrx_word' id='word_1_460' title='bbox 218 4518 313 4562; x_wconf 87' lang='lat' dir='ltr'><strong>cat.</strong></span> <span class='ocrx_word' id='word_1_461' title='bbox 342 4506 480 4575; x_wconf 86' lang='lat' dir='ltr'><strong>quod</strong></span> <span class='ocrx_word' id='word_1_462' title='bbox 534 4506 845 4559; x_wconf 86' lang='lat' dir='ltr'><strong>Prudentius</strong></span> <span class='ocrx_word' id='word_1_463' title='bbox 894 4506 969 4558; x_wconf 86' lang='lat' dir='ltr'><strong>ait</strong></span> <span class='ocrx_word' id='word_1_464' title='bbox 996 4510 1127 4559; x_wconf 87' lang='lat' dir='ltr'><strong>ntale</strong></span> <span class='ocrx_word' id='word_1_465' title='bbox 1178 4514 1412 4572; x_wconf 75' lang='lat' dir='ltr'><strong>pertinax</strong></span> <span class='ocrx_word' id='word_1_466' title='bbox 1438 4506 1668 4558; x_wconf 86' lang='lat' dir='ltr'><strong>vincendi</strong></span> <span class='ocrx_word' id='word_1_467' title='bbox 1698 4515 1801 4558; x_wconf 90' lang='lat' dir='ltr'><strong>stu-</strong></span> 
     </span>
    </p>
   </div>
   <div class='ocr_carea' id='block_1_76' title="bbox 202 4576 1801 4644">
    <p class='ocr_par' dir='ltr' id='par_1_76' title="bbox 202 4576 1801 4644">
     <span class='ocr_line' id='line_1_78' title="bbox 202 4576 1801 4644; baseline 0 -14"><span class='ocrx_word' id='word_1_468' title='bbox 202 4580 389 4643; x_wconf 83' lang='lat' dir='ltr'><strong>dium.</strong></span> <span class='ocrx_word' id='word_1_469' title='bbox 416 4576 725 4631; x_wconf 80' lang='lat' dir='ltr'><strong>Scribebant</strong></span> <span class='ocrx_word' id='word_1_470' title='bbox 749 4586 922 4631; x_wconf 79' lang='lat' dir='ltr'><strong>autem</strong></span> <span class='ocrx_word' id='word_1_471' title='bbox 940 4576 1048 4631; x_wconf 81' lang='lat' dir='ltr'><strong>fere</strong></span> <span class='ocrx_word' id='word_1_472' title='bbox 1070 4577 1257 4631; x_wconf 55' lang='lat' dir='ltr'><strong>eodem</strong></span> <span class='ocrx_word' id='word_1_473' title='bbox 1273 4585 1508 4644; x_wconf 86' lang='lat' dir='ltr'><strong>tempore</strong></span> <span class='ocrx_word' id='word_1_474' title='bbox 1534 4578 1651 4629; x_wconf 88' lang='lat' dir='ltr'><strong>:sed</strong></span> <span class='ocrx_word' id='word_1_475' title='bbox 1667 4576 1801 4630; x_wconf 88' lang='lat' dir='ltr'><strong>hanc</strong></span> 
     </span>
    </p>
   </div>
   <div class='ocr_carea' id='block_1_77' title="bbox 1919 2672 3493 2744">
    <p class='ocr_par' dir='ltr' id='par_1_77' title="bbox 1919 2672 3493 2744">
     <span class='ocr_line' id='line_1_79' title="bbox 1919 2672 3493 2744; baseline 0.001 -15"><span class='ocrx_word' id='word_1_476' title='bbox 1919 2692 2059 2729; x_wconf 87' lang='lat' dir='ltr'><strong>anno</strong></span> <span class='ocrx_word' id='word_1_477' title='bbox 2079 2677 2327 2729; x_wconf 73' lang='lat' dir='ltr'><strong>siccatum</strong></span> <span class='ocrx_word' id='word_1_478' title='bbox 2350 2676 2575 2744; x_wconf 77' lang='lat' dir='ltr'><strong>ﬁnitum,</strong></span> <span class='ocrx_word' id='word_1_479' title='bbox 2609 2690 2675 2727; x_wconf 91' lang='lat' dir='ltr'><strong>an</strong></span> <span class='ocrx_word' id='word_1_480' title='bbox 2699 2672 3026 2744; x_wconf 83' lang='lat' dir='ltr'><strong>nonagesimo</strong></span> <span class='ocrx_word' id='word_1_481' title='bbox 3053 2689 3205 2736; x_wconf 89' lang='lat' dir='ltr'><strong>nono,</strong></span> <span class='ocrx_word' id='word_1_482' title='bbox 3236 2691 3303 2728; x_wconf 89' lang='lat' dir='ltr'><strong>an</strong></span> <span class='ocrx_word' id='word_1_483' title='bbox 3334 2686 3493 2732; x_wconf 82' lang='lat' dir='ltr'><strong>cente-</strong></span> 
     </span>
    </p>
   </div>
   <div class='ocr_carea' id='block_1_78' title="bbox 1914 2745 3493 2813">
    <p class='ocr_par' dir='ltr' id='par_1_78' title="bbox 1914 2745 3493 2813">
     <span class='ocr_line' id='line_1_80' title="bbox 1914 2745 3493 2813; baseline 0.003 -16"><span class='ocrx_word' id='word_1_484' title='bbox 1914 2746 2044 2799; x_wconf 88' lang='lat' dir='ltr'><strong>simo</strong></span> <span class='ocrx_word' id='word_1_485' title='bbox 2075 2763 2094 2800; x_wconf 90' lang='lat'><strong><em>:</em></strong></span> <span class='ocrx_word' id='word_1_486' title='bbox 2120 2749 2399 2800; x_wconf 88' lang='lat' dir='ltr'><strong>communis</strong></span> <span class='ocrx_word' id='word_1_487' title='bbox 2426 2762 2580 2807; x_wconf 87' lang='lat' dir='ltr'><strong>nunc,</strong></span> <span class='ocrx_word' id='word_1_488' title='bbox 2607 2746 2694 2799; x_wconf 87' lang='lat' dir='ltr'><strong>sed</strong></span> <span class='ocrx_word' id='word_1_489' title='bbox 2720 2745 3005 2813; x_wconf 79' lang='lat' dir='ltr'><strong>frustranea</strong></span> <span class='ocrx_word' id='word_1_490' title='bbox 3036 2745 3247 2811; x_wconf 68' lang='lat' dir='ltr'><strong>quaestio</strong></span> <span class='ocrx_word' id='word_1_491' title='bbox 3266 2756 3357 2800; x_wconf 87' lang='lat' dir='ltr'><strong>est.</strong></span> <span class='ocrx_word' id='word_1_492' title='bbox 3388 2749 3493 2802; x_wconf 84' lang='lat' dir='ltr'><strong>An-</strong></span> 
     </span>
    </p>
   </div>
   <div class='ocr_carea' id='block_1_79' title="bbox 1914 2814 3492 2884">
    <p class='ocr_par' dir='ltr' id='par_1_79' title="bbox 1914 2814 3492 2884">
     <span class='ocr_line' id='line_1_81' title="bbox 1914 2814 3492 2884; baseline 0.003 -17"><span class='ocrx_word' id='word_1_493' title='bbox 1914 2832 2010 2868; x_wconf 89' lang='lat' dir='ltr'><strong>nus</strong></span> <span class='ocrx_word' id='word_1_494' title='bbox 2039 2819 2171 2870; x_wconf 88' lang='lat' dir='ltr'><strong>enim</strong></span> <span class='ocrx_word' id='word_1_495' title='bbox 2226 2818 2500 2870; x_wconf 86' lang='lat' dir='ltr'><strong>nativitatis</strong></span> <span class='ocrx_word' id='word_1_496' title='bbox 2531 2814 2742 2881; x_wconf 84' lang='lat' dir='ltr'><strong>Christi,</strong></span> <span class='ocrx_word' id='word_1_497' title='bbox 2790 2826 2853 2867; x_wconf 46' lang='lat' dir='ltr'><strong>et.</strong></span> <span class='ocrx_word' id='word_1_498' title='bbox 2883 2815 3045 2884; x_wconf 86' lang='lat' dir='ltr'><strong>magis</strong></span> <span class='ocrx_word' id='word_1_499' title='bbox 3075 2816 3319 2871; x_wconf 85' lang='lat' dir='ltr'><strong>terminus</strong></span> <span class='ocrx_word' id='word_1_500' title='bbox 3370 2821 3492 2872; x_wconf 89' lang='lat' dir='ltr'><strong>anni</strong></span> 
     </span>
    </p>
   </div>
   <div class='ocr_carea' id='block_1_80' title="bbox 1911 2884 3491 2957">
    <p class='ocr_par' dir='ltr' id='par_1_80' title="bbox 1911 2884 3491 2957">
     <span class='ocr_line' id='line_1_82' title="bbox 1911 2884 3491 2957; baseline 0 -18"><span class='ocrx_word' id='word_1_501' title='bbox 1911 2887 2243 2953; x_wconf 85' lang='lat' dir='ltr'><strong>scriptoribus</strong></span> <span class='ocrx_word' id='word_1_502' title='bbox 2272 2889 2444 2941; x_wconf 83' lang='lat' dir='ltr'><strong>adhuc</strong></span> <span class='ocrx_word' id='word_1_503' title='bbox 2474 2886 2657 2939; x_wconf 82' lang='lat' dir='ltr'><strong>dubius</strong></span> <span class='ocrx_word' id='word_1_504' title='bbox 2700 2894 2769 2939; x_wconf 87' lang='lat' dir='ltr'><strong>est</strong></span> <span class='ocrx_word' id='word_1_505' title='bbox 2802 2903 2820 2951; x_wconf 88' lang='lat'><strong><em>;</em></strong></span> <span class='ocrx_word' id='word_1_506' title='bbox 2847 2885 2937 2955; x_wconf 83' lang='lat' dir='ltr'><strong>qui</strong></span> <span class='ocrx_word' id='word_1_507' title='bbox 2964 2898 3144 2938; x_wconf 76' lang='lat' dir='ltr'><strong>contra</strong></span> <span class='ocrx_word' id='word_1_508' title='bbox 3192 2884 3491 2957; x_wconf 79' lang='lat' dir='ltr'><strong>Dionysium</strong></span> 
     </span>
    </p>
   </div>
   <div class='ocr_carea' id='block_1_81' title="bbox 1913 2958 2672 3026">
    <p class='ocr_par' dir='ltr' id='par_1_81' title="bbox 1913 2958 2672 3026">
     <span class='ocr_line' id='line_1_83' title="bbox 1913 2958 2672 3026; baseline -0.003 -16"><span class='ocrx_word' id='word_1_509' title='bbox 1913 2959 2151 3026; x_wconf 75' lang='lat' dir='ltr'><strong>exiguum</strong></span> <span class='ocrx_word' id='word_1_510' title='bbox 2183 2975 2355 3012; x_wconf 90' lang='lat' dir='ltr'><strong>omnes</strong></span> <span class='ocrx_word' id='word_1_511' title='bbox 2385 2958 2672 3024; x_wconf 83' lang='lat' dir='ltr'><strong>disputant,</strong></span> 
     </span>
    </p>
   </div>
   <div class='ocr_carea' id='block_1_82' title="bbox 1986 3026 3491 3098">
    <p class='ocr_par' dir='ltr' id='par_1_82' title="bbox 1986 3026 3491 3098">
     <span class='ocr_line' id='line_1_84' title="bbox 1986 3026 3491 3098; baseline -0.005 -15"><span class='ocrx_word' id='word_1_512' title='bbox 1986 3029 2072 3083; x_wconf 84' lang='grc'><strong>16.</strong></span> <span class='ocrx_word' id='word_1_513' title='bbox 2108 3030 2298 3082; x_wconf 83' lang='lat' dir='ltr'><strong>Bivarii</strong></span> <span class='ocrx_word' id='word_1_514' title='bbox 2327 3027 2689 3094; x_wconf 88' lang='lat' dir='ltr'><strong>suspicionem</strong></span> <span class='ocrx_word' id='word_1_515' title='bbox 2722 3026 3002 3098; x_wconf 85' lang='lat' dir='ltr'><strong>legendum</strong></span> <span class='ocrx_word' id='word_1_516' title='bbox 3025 3035 3109 3098; x_wconf 10' lang='lat' dir='ltr'><strong>iter</strong></span> <span class='ocrx_word' id='word_1_517' title='bbox 3136 3041 3231 3091; x_wconf 92' lang='lat' dir='ltr'><strong>pro</strong></span> <span class='ocrx_word' id='word_1_518' title='bbox 3264 3027 3359 3098; x_wconf 82' lang='lat' dir='ltr'><strong>bis,</strong></span> <span class='ocrx_word' id='word_1_519' title='bbox 3407 3046 3491 3086; x_wconf 86' lang='lat' dir='ltr'><strong>re.</strong></span> 
     </span>
    </p>
   </div>
   <div class='ocr_carea' id='block_1_83' title="bbox 1913 3097 3489 3168">
    <p class='ocr_par' dir='ltr' id='par_1_83' title="bbox 1913 3097 3489 3168">
     <span class='ocr_line' id='line_1_85' title="bbox 1913 3097 3489 3168; baseline 0.002 -17"><span class='ocrx_word' id='word_1_520' title='bbox 1913 3100 2017 3164; x_wconf 88' lang='lat' dir='ltr'><strong>puli</strong></span> <span class='ocrx_word' id='word_1_521' title='bbox 2051 3116 2196 3153; x_wconf 90' lang='lat' dir='ltr'><strong>num.</strong></span> <span class='ocrx_word' id='word_1_522' title='bbox 2227 3100 2292 3153; x_wconf 80' lang='grc'><strong>57</strong></span> <span class='ocrx_word' id='word_1_523' title='bbox 2335 3099 2471 3168; x_wconf 91' lang='lat' dir='ltr'><strong>prol.</strong></span> <span class='ocrx_word' id='word_1_524' title='bbox 2502 3098 2900 3168; x_wconf 85' lang='lat' dir='ltr'><strong>Chamillardus</strong></span> <span class='ocrx_word' id='word_1_525' title='bbox 2946 3097 3141 3168; x_wconf 68' lang='lat' dir='ltr'><strong>aliique</strong></span> <span class='ocrx_word' id='word_1_526' title='bbox 3177 3108 3363 3165; x_wconf 86' lang='lat' dir='ltr'><strong>putant</strong></span> <span class='ocrx_word' id='word_1_527' title='bbox 3409 3102 3489 3155; x_wconf 93' lang='lat' dir='ltr'><strong>in-</strong></span> 
     </span>
    </p>
   </div>
   <div class='ocr_carea' id='block_1_84' title="bbox 1911 3166 3536 3237">
    <p class='ocr_par' dir='ltr' id='par_1_84' title="bbox 1911 3166 3536 3237">
     <span class='ocr_line' id='line_1_86' title="bbox 1911 3166 3536 3237; baseline 0.003 -15"><span class='ocrx_word' id='word_1_528' title='bbox 1911 3168 2218 3237; x_wconf 84' lang='lat' dir='ltr'><strong>dicariquot</strong></span> <span class='ocrx_word' id='word_1_529' title='bbox 2242 3166 2399 3224; x_wconf 80' lang='lat' dir='ltr'><strong>urbes</strong></span> <span class='ocrx_word' id='word_1_530' title='bbox 2425 3170 2620 3223; x_wconf 77' lang='lat' dir='ltr'><strong>rexerit</strong></span> <span class='ocrx_word' id='word_1_531' title='bbox 2652 3167 2991 3221; x_wconf 90' lang='lat' dir='ltr'><strong>Prudentius.</strong></span> <span class='ocrx_word' id='word_1_532' title='bbox 3029 3166 3331 3237; x_wconf 86' lang='lat' dir='ltr'><strong>Perperam,</strong></span> <span class='ocrx_word' id='word_1_533' title='bbox 3366 3188 3489 3227; x_wconf 89' lang='lat' dir='ltr'><strong>natn</strong></span> <span class='ocrx_word' id='word_1_534' title='bbox 3532 3211 3536 3217; x_wconf 84' lang='grc'><strong><em>-</em></strong></span> 
     </span>
    </p>
   </div>
   <div class='ocr_carea' id='block_1_85' title="bbox 1912 3237 3481 3308">
    <p class='ocr_par' dir='ltr' id='par_1_85' title="bbox 1912 3237 3481 3308">
     <span class='ocr_line' id='line_1_87' title="bbox 1912 3237 3481 3308; baseline -0.001 -16"><span class='ocrx_word' id='word_1_535' title='bbox 1912 3241 2143 3307; x_wconf 86' lang='lat' dir='ltr'><strong>quoties,</strong></span> <span class='ocrx_word' id='word_1_536' title='bbox 2171 3255 2274 3293; x_wconf 83' lang='lat' dir='ltr'><strong>non</strong></span> <span class='ocrx_word' id='word_1_537' title='bbox 2298 3250 2427 3308; x_wconf 84' lang='lat' dir='ltr'><strong>quot</strong></span> <span class='ocrx_word' id='word_1_538' title='bbox 2460 3240 2620 3292; x_wconf 91' lang='lat' dir='ltr'><strong>urbes</strong></span> <span class='ocrx_word' id='word_1_539' title='bbox 2652 3239 2871 3300; x_wconf 83' lang='lat' dir='ltr'><strong>rexerit,</strong></span> <span class='ocrx_word' id='word_1_540' title='bbox 2894 3237 3232 3308; x_wconf 80' lang='lat' dir='ltr'><strong>exprimitur.</strong></span> <span class='ocrx_word' id='word_1_541' title='bbox 3477 3279 3481 3283; x_wconf 88' lang='lat'><strong>.</strong></span> 
     </span>
    </p>
   </div>
   <div class='ocr_carea' id='block_1_86' title="bbox 1986 3307 3489 3373">
    <p class='ocr_par' dir='ltr' id='par_1_86' title="bbox 1986 3307 3489 3373">
     <span class='ocr_line' id='line_1_88' title="bbox 1986 3307 3489 3373; baseline 0.005 -13"><span class='ocrx_word' id='word_1_542' title='bbox 1986 3310 2072 3363; x_wconf 90' lang='grc'><strong>17.</strong></span> <span class='ocrx_word' id='word_1_543' title='bbox 2100 3310 2182 3364; x_wconf 89' lang='lat' dir='ltr'><strong>lso</strong></span> <span class='ocrx_word' id='word_1_544' title='bbox 2225 3307 2416 3373; x_wconf 90' lang='lat' dir='ltr'><strong>innuit,</strong></span> <span class='ocrx_word' id='word_1_545' title='bbox 2461 3308 2804 3363; x_wconf 89' lang='lat' dir='ltr'><strong>Prudentium</strong></span> <span class='ocrx_word' id='word_1_546' title='bbox 2838 3307 2998 3360; x_wconf 85' lang='lat' dir='ltr'><strong>luisse</strong></span> <span class='ocrx_word' id='word_1_547' title='bbox 3026 3310 3321 3363; x_wconf 79' lang='lat' dir='ltr'><strong>consulem.</strong></span> <span class='ocrx_word' id='word_1_548' title='bbox 3362 3312 3489 3368; x_wconf 86' lang='lat' dir='ltr'><strong>Vide</strong></span> 
     </span>
    </p>
   </div>
   <div class='ocr_carea' id='block_1_87' title="bbox 1913 3380 2337 3449">
    <p class='ocr_par' dir='ltr' id='par_1_87' title="bbox 1913 3380 2337 3449">
     <span class='ocr_line' id='line_1_89' title="bbox 1913 3380 2337 3449; baseline 0 -16"><span class='ocrx_word' id='word_1_549' title='bbox 1913 3380 2050 3449; x_wconf 88' lang='lat' dir='ltr'><strong>prol.</strong></span> <span class='ocrx_word' id='word_1_550' title='bbox 2074 3396 2197 3433; x_wconf 91' lang='lat' dir='ltr'><strong>num</strong></span> <span class='ocrx_word' id='word_1_551' title='bbox 2249 3381 2337 3435; x_wconf 78' lang='grc'><strong>51.</strong></span> 
     </span>
    </p>
   </div>
   <div class='ocr_carea' id='block_1_88' title="bbox 1985 3447 3487 3516">
    <p class='ocr_par' dir='ltr' id='par_1_88' title="bbox 1985 3447 3487 3516">
     <span class='ocr_line' id='line_1_90' title="bbox 1985 3447 3487 3516; baseline 0.001 -12"><span class='ocrx_word' id='word_1_552' title='bbox 1985 3450 2069 3504; x_wconf 92' lang='grc'><strong>18.</strong></span> <span class='ocrx_word' id='word_1_553' title='bbox 2127 3451 2354 3516; x_wconf 79' lang='lat' dir='ltr'><strong>Attingit</strong></span> <span class='ocrx_word' id='word_1_554' title='bbox 2412 3449 2547 3502; x_wconf 88' lang='lat' dir='ltr'><strong>duas</strong></span> <span class='ocrx_word' id='word_1_555' title='bbox 2570 3448 2705 3516; x_wconf 90' lang='lat' dir='ltr'><strong>juris</strong></span> <span class='ocrx_word' id='word_1_556' title='bbox 2732 3456 2932 3516; x_wconf 88' lang='lat' dir='ltr'><strong>partes,</strong></span> <span class='ocrx_word' id='word_1_557' title='bbox 2959 3447 3178 3501; x_wconf 89' lang='lat' dir='ltr'><strong>alteram</strong></span> <span class='ocrx_word' id='word_1_558' title='bbox 3207 3449 3274 3503; x_wconf 92' lang='lat' dir='ltr'><strong>de</strong></span> <span class='ocrx_word' id='word_1_559' title='bbox 3304 3450 3487 3509; x_wconf 91' lang='lat' dir='ltr'><strong>litibus</strong></span> 
     </span>
    </p>
   </div>
   <div class='ocr_carea' id='block_1_89' title="bbox 1906 3518 3485 3590">
    <p class='ocr_par' dir='ltr' id='par_1_89' title="bbox 1906 3518 3485 3590">
     <span class='ocr_line' id='line_1_91' title="bbox 1906 3518 3485 3590; baseline 0 -17"><span class='ocrx_word' id='word_1_560' title='bbox 1906 3520 2230 3590; x_wconf 72' lang='lat' dir='ltr'><strong>indicandis,</strong></span> <span class='ocrx_word' id='word_1_561' title='bbox 2258 3521 2479 3575; x_wconf 87' lang='lat' dir='ltr'><strong>alteram</strong></span> <span class='ocrx_word' id='word_1_562' title='bbox 2514 3519 2581 3573; x_wconf 91' lang='lat' dir='ltr'><strong>de</strong></span> <span class='ocrx_word' id='word_1_563' title='bbox 2609 3518 2921 3573; x_wconf 88' lang='lat' dir='ltr'><strong>criminibus</strong></span> <span class='ocrx_word' id='word_1_564' title='bbox 2955 3518 3309 3590; x_wconf 78' lang='lat' dir='ltr'><strong>vindicandis.</strong></span> <span class='ocrx_word' id='word_1_565' title='bbox 3340 3520 3485 3575; x_wconf 82' lang='lat' dir='ltr'><strong>Alio-</strong></span> 
     </span>
    </p>
   </div>
   <div class='ocr_carea' id='block_1_90' title="bbox 1910 3588 3477 3661">
    <p class='ocr_par' dir='ltr' id='par_1_90' title="bbox 1910 3588 3477 3661">
     <span class='ocr_line' id='line_1_92' title="bbox 1910 3588 3477 3661; baseline -0.001 -16"><span class='ocrx_word' id='word_1_566' title='bbox 1910 3588 2026 3645; x_wconf 79' lang='lat' dir='ltr'><strong>rutn</strong></span> <span class='ocrx_word' id='word_1_567' title='bbox 2061 3592 2528 3661; x_wconf 87' lang='lat' dir='ltr'><strong>interpretationes</strong></span> <span class='ocrx_word' id='word_1_568' title='bbox 2565 3605 2667 3643; x_wconf 90' lang='lat' dir='ltr'><strong>non</strong></span> <span class='ocrx_word' id='word_1_569' title='bbox 2696 3590 2925 3661; x_wconf 84' lang='lat' dir='ltr'><strong>placent.</strong></span> <span class='ocrx_word' id='word_1_570' title='bbox 2955 3588 3206 3661; x_wconf 77' lang='lat' dir='ltr'><strong>Adverte,</strong></span> <span class='ocrx_word' id='word_1_571' title='bbox 3234 3593 3325 3659; x_wconf 85' lang='lat' dir='ltr'><strong>jus</strong></span> <span class='ocrx_word' id='word_1_572' title='bbox 3359 3594 3477 3644; x_wconf 82' lang='lat' dir='ltr'><strong>red-</strong></span> 
     </span>
    </p>
   </div>
   <div class='ocr_carea' id='block_1_91' title="bbox 1909 3659 3483 3727">
    <p class='ocr_par' dir='ltr' id='par_1_91' title="bbox 1909 3659 3483 3727">
     <span class='ocr_line' id='line_1_93' title="bbox 1909 3659 3483 3727; baseline 0.001 -13"><span class='ocrx_word' id='word_1_573' title='bbox 1909 3662 2028 3716; x_wconf 87' lang='lat' dir='ltr'><strong>dere</strong></span> <span class='ocrx_word' id='word_1_574' title='bbox 2078 3664 2178 3717; x_wconf 80' lang='lat' dir='ltr'><strong>diei</strong></span> <span class='ocrx_word' id='word_1_575' title='bbox 2204 3659 2391 3716; x_wconf 64' lang='lat' dir='ltr'><strong>etiam</strong></span> <span class='ocrx_word' id='word_1_576' title='bbox 2446 3662 2512 3714; x_wconf 85' lang='lat' dir='ltr'><strong>do</strong></span> <span class='ocrx_word' id='word_1_577' title='bbox 2540 3676 2605 3714; x_wconf 86' lang='lat' dir='ltr'><strong>eo</strong></span> <span class='ocrx_word' id='word_1_578' title='bbox 2633 3664 2718 3727; x_wconf 88' lang='lat' dir='ltr'><strong>qui</strong></span> <span class='ocrx_word' id='word_1_579' title='bbox 2752 3659 3185 3727; x_wconf 80' lang='lat' dir='ltr'><strong>injustejudicat,</strong></span> <span class='ocrx_word' id='word_1_580' title='bbox 3217 3660 3309 3714; x_wconf 89' lang='lat' dir='ltr'><strong>lib.</strong></span> <span class='ocrx_word' id='word_1_581' title='bbox 3346 3678 3359 3715; x_wconf 89' lang='grc' dir='ltr'>ι</span> <span class='ocrx_word' id='word_1_582' title='bbox 3392 3662 3483 3715; x_wconf 89' lang='lat' dir='ltr'><strong>Di-</strong></span> 
     </span>
    </p>
   </div>
   <div class='ocr_carea' id='block_1_92' title="bbox 1907 3730 3484 3801">
    <p class='ocr_par' dir='ltr' id='par_1_92' title="bbox 1907 3730 3484 3801">
     <span class='ocr_line' id='line_1_94' title="bbox 1907 3730 3484 3801; baseline -0.001 -14"><span class='ocrx_word' id='word_1_583' title='bbox 1907 3743 2071 3801; x_wconf 83' lang='lat' dir='ltr'><strong>gest.,</strong></span> <span class='ocrx_word' id='word_1_584' title='bbox 2105 3735 2186 3786; x_wconf 91' lang='lat' dir='ltr'><strong>tit.</strong></span> <span class='ocrx_word' id='word_1_585' title='bbox 2222 3734 2273 3799; x_wconf 94' lang='grc'><strong>1,</strong></span> <span class='ocrx_word' id='word_1_586' title='bbox 2298 3734 2401 3799; x_wconf 84' lang='lat' dir='ltr'><strong>leg.</strong></span> <span class='ocrx_word' id='word_1_587' title='bbox 2436 3731 2493 3786; x_wconf 86' lang='grc'><strong>11</strong></span> <span class='ocrx_word' id='word_1_588' title='bbox 2532 3749 2543 3782; x_wconf 89' lang='lat'><strong>:</strong></span> <span class='ocrx_word' id='word_1_589' title='bbox 2582 3730 2781 3784; x_wconf 80' lang='lat' dir='ltr'><strong>Prwtor</strong></span> <span class='ocrx_word' id='word_1_590' title='bbox 2804 3746 2999 3799; x_wconf 87' lang='lat' dir='ltr'><strong>quoque</strong></span> <span class='ocrx_word' id='word_1_591' title='bbox 3013 3730 3100 3798; x_wconf 84' lang='lat' dir='ltr'><strong>jus</strong></span> <span class='ocrx_word' id='word_1_592' title='bbox 3123 3731 3333 3785; x_wconf 85' lang='lat' dir='ltr'><strong>reddere</strong></span> <span class='ocrx_word' id='word_1_593' title='bbox 3362 3734 3484 3787; x_wconf 87' lang='lat' dir='ltr'><strong>dici-</strong></span> 
     </span>
    </p>
   </div>
   <div class='ocr_carea' id='block_1_93' title="bbox 1910 3802 3487 3871">
    <p class='ocr_par' dir='ltr' id='par_1_93' title="bbox 1910 3802 3487 3871">
     <span class='ocr_line' id='line_1_95' title="bbox 1910 3802 3487 3871; baseline 0.003 -16"><span class='ocrx_word' id='word_1_594' title='bbox 1910 3813 2007 3866; x_wconf 89' lang='lat' dir='ltr'><strong>tur,</strong></span> <span class='ocrx_word' id='word_1_595' title='bbox 2041 3806 2192 3858; x_wconf 87' lang='lat' dir='ltr'><strong>eliam</strong></span> <span class='ocrx_word' id='word_1_596' title='bbox 2218 3820 2331 3856; x_wconf 88' lang='lat' dir='ltr'><strong>cum</strong></span> <span class='ocrx_word' id='word_1_597' title='bbox 2354 3805 2523 3871; x_wconf 83' lang='lat' dir='ltr'><strong>inique</strong></span> <span class='ocrx_word' id='word_1_598' title='bbox 2552 3802 2773 3855; x_wconf 84' lang='lat' dir='ltr'><strong>decernit</strong></span> <span class='ocrx_word' id='word_1_599' title='bbox 2801 3818 2817 3855; x_wconf 90' lang='lat'><em>:</em></span> <span class='ocrx_word' id='word_1_600' title='bbox 2846 3802 3091 3854; x_wconf 87' lang='lat' dir='ltr'><strong>relatione</strong></span> <span class='ocrx_word' id='word_1_601' title='bbox 3132 3802 3321 3854; x_wconf 86' lang='lat' dir='ltr'><strong>scilicet</strong></span> <span class='ocrx_word' id='word_1_602' title='bbox 3350 3808 3487 3870; x_wconf 84' lang='lat' dir='ltr'><strong>facta</strong></span> 
     </span>
    </p>
   </div>
   <div class='ocr_carea' id='block_1_94' title="bbox 1906 3871 3479 3943">
    <p class='ocr_par' dir='ltr' id='par_1_94' title="bbox 1906 3871 3479 3943">
     <span class='ocr_line' id='line_1_96' title="bbox 1906 3871 3479 3943; baseline 0 -16"><span class='ocrx_word' id='word_1_603' title='bbox 1906 3892 2007 3928; x_wconf 86' lang='lat' dir='ltr'><strong>non</strong></span> <span class='ocrx_word' id='word_1_604' title='bbox 2037 3874 2103 3929; x_wconf 88' lang='lat' dir='ltr'><strong>ad</strong></span> <span class='ocrx_word' id='word_1_605' title='bbox 2126 3876 2178 3927; x_wconf 86' lang='lat' dir='ltr'><strong>id</strong></span> <span class='ocrx_word' id='word_1_606' title='bbox 2192 3875 2329 3943; x_wconf 88' lang='lat' dir='ltr'><strong>quod</strong></span> <span class='ocrx_word' id='word_1_607' title='bbox 2365 3875 2435 3927; x_wconf 86' lang='lat' dir='ltr'><strong>ita</strong></span> <span class='ocrx_word' id='word_1_608' title='bbox 2456 3884 2641 3943; x_wconf 64' lang='lat' dir='ltr'><strong>praeter</strong></span> <span class='ocrx_word' id='word_1_609' title='bbox 2667 3873 2800 3939; x_wconf 73' lang='lat' dir='ltr'><strong>fecit,</strong></span> <span class='ocrx_word' id='word_1_610' title='bbox 2831 3871 2918 3925; x_wconf 89' lang='lat' dir='ltr'><strong>sed</strong></span> <span class='ocrx_word' id='word_1_611' title='bbox 2948 3874 3015 3923; x_wconf 89' lang='lat' dir='ltr'><strong>ad</strong></span> <span class='ocrx_word' id='word_1_612' title='bbox 3043 3872 3173 3923; x_wconf 82' lang='lat' dir='ltr'><strong>illud</strong></span> <span class='ocrx_word' id='word_1_613' title='bbox 3192 3873 3329 3942; x_wconf 68' lang='lat' dir='ltr'><strong>qyod</strong></span> <span class='ocrx_word' id='word_1_614' title='bbox 3348 3892 3479 3942; x_wconf 75' lang='lat' dir='ltr'><strong>prtu-</strong></span> 
     </span>
    </p>
   </div>
   <div class='ocr_carea' id='block_1_95' title="bbox 1908 3943 3485 4015">
    <p class='ocr_par' dir='ltr' id='par_1_95' title="bbox 1908 3943 3485 4015">
     <span class='ocr_line' id='line_1_97' title="bbox 1908 3943 3485 4015; baseline 0.001 -18"><span class='ocrx_word' id='word_1_615' title='bbox 1908 3954 2063 3998; x_wconf 86' lang='lat' dir='ltr'><strong>torem</strong></span> <span class='ocrx_word' id='word_1_616' title='bbox 2102 3949 2269 4015; x_wconf 75' lang='lat' dir='ltr'><strong>facere</strong></span> <span class='ocrx_word' id='word_1_617' title='bbox 2296 3947 2555 4015; x_wconf 76' lang='lat' dir='ltr'><strong>convenit.</strong></span> <span class='ocrx_word' id='word_1_618' title='bbox 2576 3944 2701 4015; x_wconf 72' lang='lat' dir='ltr'><strong>lieni</strong></span> <span class='ocrx_word' id='word_1_619' title='bbox 2729 3943 2983 4015; x_wconf 82' lang='lat' dir='ltr'><strong>dicuntur</strong></span> <span class='ocrx_word' id='word_1_620' title='bbox 3003 3943 3091 4010; x_wconf 93' lang='lat' dir='ltr'><strong>qui</strong></span> <span class='ocrx_word' id='word_1_621' title='bbox 3122 3944 3196 3996; x_wconf 90' lang='lat' dir='ltr'><strong>rei</strong></span> <span class='ocrx_word' id='word_1_622' title='bbox 3226 3959 3329 3996; x_wconf 91' lang='lat' dir='ltr'><strong>non</strong></span> <span class='ocrx_word' id='word_1_623' title='bbox 3362 3955 3485 4015; x_wconf 81' lang='lat' dir='ltr'><strong>stitit</strong></span> 
     </span>
    </p>
   </div>
   <div class='ocr_carea' id='block_1_96' title="bbox 1906 4012 3483 4082">
    <p class='ocr_par' dir='ltr' id='par_1_96' title="bbox 1906 4012 3483 4082">
     <span class='ocr_line' id='line_1_98' title="bbox 1906 4012 3483 4082; baseline 0.001 -13"><span class='ocrx_word' id='word_1_624' title='bbox 1906 4012 2214 4079; x_wconf 80' lang='lat' dir='ltr'><strong>criminum,</strong></span> <span class='ocrx_word' id='word_1_625' title='bbox 2244 4017 2359 4070; x_wconf 83' lang='lat' dir='ltr'><strong>sive</strong></span> <span class='ocrx_word' id='word_1_626' title='bbox 2391 4018 2441 4068; x_wconf 91' lang='lat' dir='ltr'><strong>in</strong></span> <span class='ocrx_word' id='word_1_627' title='bbox 2469 4014 2671 4081; x_wconf 81' lang='lat' dir='ltr'><strong>judicio</strong></span> <span class='ocrx_word' id='word_1_628' title='bbox 2695 4012 2887 4081; x_wconf 89' lang='lat' dir='ltr'><strong>aliquid</strong></span> <span class='ocrx_word' id='word_1_629' title='bbox 2923 4021 3102 4080; x_wconf 89' lang='lat' dir='ltr'><strong>petant</strong></span> <span class='ocrx_word' id='word_1_630' title='bbox 3128 4015 3238 4067; x_wconf 88' lang='lat' dir='ltr'><strong>sive</strong></span> <span class='ocrx_word' id='word_1_631' title='bbox 3261 4014 3385 4082; x_wconf 93' lang='lat' dir='ltr'><strong>quid</strong></span> <span class='ocrx_word' id='word_1_632' title='bbox 3418 4016 3483 4070; x_wconf 85' lang='lat' dir='ltr'><strong>ab</strong></span> 
     </span>
    </p>
   </div>
   <div class='ocr_carea' id='block_1_97' title="bbox 1907 4083 3480 4153">
    <p class='ocr_par' dir='ltr' id='par_1_97' title="bbox 1907 4083 3480 4153">
     <span class='ocr_line' id='line_1_99' title="bbox 1907 4083 3480 4153; baseline -0.002 -15"><span class='ocrx_word' id='word_1_633' title='bbox 1907 4089 1983 4138; x_wconf 91' lang='lat' dir='ltr'><strong>eis</strong></span> <span class='ocrx_word' id='word_1_634' title='bbox 2010 4088 2098 4138; x_wconf 90' lang='lat' dir='ltr'><strong>alii</strong></span> <span class='ocrx_word' id='word_1_635' title='bbox 2129 4095 2311 4153; x_wconf 84' lang='lat' dir='ltr'><strong>petant</strong></span> <span class='ocrx_word' id='word_1_636' title='bbox 2338 4103 2348 4134; x_wconf 90' lang='lat'><strong>:</strong></span> <span class='ocrx_word' id='word_1_637' title='bbox 2375 4100 2493 4137; x_wconf 85' lang='lat' dir='ltr'><strong>nam</strong></span> <span class='ocrx_word' id='word_1_638' title='bbox 2514 4088 2612 4136; x_wconf 90' lang='lat' dir='ltr'><strong>hoc</strong></span> <span class='ocrx_word' id='word_1_639' title='bbox 2636 4098 2819 4153; x_wconf 68' lang='lat' dir='ltr'><strong>sensu</strong></span> <span class='ocrx_word' id='word_1_640' title='bbox 2840 4094 2989 4135; x_wconf 86' lang='lat' dir='ltr'><strong>actor</strong></span> <span class='ocrx_word' id='word_1_641' title='bbox 3028 4092 3115 4153; x_wconf 85' lang='lat' dir='ltr'><strong>est</strong></span> <span class='ocrx_word' id='word_1_642' title='bbox 3142 4083 3183 4133; x_wconf 80' lang='lat' dir='ltr'><strong>is</strong></span> <span class='ocrx_word' id='word_1_643' title='bbox 3210 4087 3298 4150; x_wconf 91' lang='lat' dir='ltr'><strong>qui</strong></span> <span class='ocrx_word' id='word_1_644' title='bbox 3320 4086 3480 4153; x_wconf 84' lang='lat' dir='ltr'><strong>petit,</strong></span> 
     </span>
    </p>
   </div>
   <div class='ocr_carea' id='block_1_98' title="bbox 1906 4150 3474 4226">
    <p class='ocr_par' dir='ltr' id='par_1_98' title="bbox 1906 4150 3474 4226">
     <span class='ocr_line' id='line_1_100' title="bbox 1906 4150 3474 4226; baseline -0.001 -18"><span class='ocrx_word' id='word_1_645' title='bbox 1906 4170 2027 4209; x_wconf 89' lang='lat' dir='ltr'><strong>reus</strong></span> <span class='ocrx_word' id='word_1_646' title='bbox 2053 4172 2079 4208; x_wconf 89' lang='lat' dir='ltr'><strong>a</strong></span> <span class='ocrx_word' id='word_1_647' title='bbox 2112 4150 2218 4226; x_wconf 83' lang='lat' dir='ltr'><strong>quo</strong></span> <span class='ocrx_word' id='word_1_648' title='bbox 2264 4155 2404 4226; x_wconf 82' lang='lat' dir='ltr'><strong>alius</strong></span> <span class='ocrx_word' id='word_1_649' title='bbox 2448 4154 2595 4226; x_wconf 71' lang='lat' dir='ltr'><strong>petit.</strong></span> <span class='ocrx_word' id='word_1_650' title='bbox 2631 4152 2740 4205; x_wconf 91' lang='lat' dir='ltr'><strong>lmo</strong></span> <span class='ocrx_word' id='word_1_651' title='bbox 2768 4150 2954 4226; x_wconf 82' lang='lat' dir='ltr'><strong>Cicero</strong></span> <span class='ocrx_word' id='word_1_652' title='bbox 3004 4152 3093 4204; x_wconf 92' lang='lat' dir='ltr'><strong>lib.</strong></span> <span class='ocrx_word' id='word_1_653' title='bbox 3128 4153 3271 4226; x_wconf 26' lang='lat' dir='ltr'><strong>unde</strong></span> <span class='ocrx_word' id='word_1_654' title='bbox 3301 4152 3474 4217; x_wconf 90' lang='lat' dir='ltr'><strong>Orat.,</strong></span> 
     </span>
    </p>
   </div>
   <div class='ocr_carea' id='block_1_99' title="bbox 1904 4222 3481 4290">
    <p class='ocr_par' dir='ltr' id='par_1_99' title="bbox 1904 4222 3481 4290">
     <span class='ocr_line' id='line_1_101' title="bbox 1904 4222 3481 4290; baseline 0.001 -13"><span class='ocrx_word' id='word_1_655' title='bbox 1904 4227 1997 4278; x_wconf 79' lang='lat' dir='ltr'><strong>fol.</strong></span> <span class='ocrx_word' id='word_1_656' title='bbox 2031 4222 2277 4281; x_wconf 51' lang='lat' dir='ltr'><strong>75fedit.</strong></span> <span class='ocrx_word' id='word_1_657' title='bbox 2312 4225 2431 4279; x_wconf 83' lang='lat' dir='ltr'><strong>Ald.</strong></span> <span class='ocrx_word' id='word_1_658' title='bbox 2469 4241 2481 4277; x_wconf 93' lang='lat'>:</span> <span class='ocrx_word' id='word_1_659' title='bbox 2518 4223 2648 4276; x_wconf 86' lang='lat' dir='ltr'><strong>Reos</strong></span> <span class='ocrx_word' id='word_1_660' title='bbox 2678 4232 2867 4285; x_wconf 88' lang='lat' dir='ltr'><strong>autem,</strong></span> <span class='ocrx_word' id='word_1_661' title='bbox 2899 4224 2991 4287; x_wconf 90' lang='lat' dir='ltr'><strong>ait,</strong></span> <span class='ocrx_word' id='word_1_662' title='bbox 3037 4222 3242 4290; x_wconf 89' lang='lat' dir='ltr'><strong>appello</strong></span> <span class='ocrx_word' id='word_1_663' title='bbox 3272 4239 3373 4275; x_wconf 85' lang='lat' dir='ltr'><strong>non</strong></span> <span class='ocrx_word' id='word_1_664' title='bbox 3396 4240 3481 4277; x_wconf 89' lang='lat' dir='ltr'><strong>eos</strong></span> 
     </span>
    </p>
   </div>
   <div class='ocr_carea' id='block_1_100' title="bbox 1904 4291 3480 4364">
    <p class='ocr_par' dir='ltr' id='par_1_100' title="bbox 1904 4291 3480 4364">
     <span class='ocr_line' id='line_1_102' title="bbox 1904 4291 3480 4364; baseline -0.001 -17"><span class='ocrx_word' id='word_1_665' title='bbox 1904 4297 2057 4349; x_wconf 87' lang='lat' dir='ltr'><strong>ntodo</strong></span> <span class='ocrx_word' id='word_1_666' title='bbox 2084 4300 2169 4364; x_wconf 88' lang='lat' dir='ltr'><strong>qui</strong></span> <span class='ocrx_word' id='word_1_667' title='bbox 2189 4308 2494 4363; x_wconf 82' lang='lat' dir='ltr'><strong>arguuntur,</strong></span> <span class='ocrx_word' id='word_1_668' title='bbox 2522 4296 2611 4346; x_wconf 84' lang='lat' dir='ltr'><strong>sed</strong></span> <span class='ocrx_word' id='word_1_669' title='bbox 2631 4308 2802 4364; x_wconf 82' lang='lat' dir='ltr'><strong>omnes</strong></span> <span class='ocrx_word' id='word_1_670' title='bbox 2822 4308 3036 4364; x_wconf 77' lang='lat' dir='ltr'><strong>quorum</strong></span> <span class='ocrx_word' id='word_1_671' title='bbox 3060 4291 3201 4364; x_wconf 80' lang='lat' dir='ltr'><strong>dere</strong></span> <span class='ocrx_word' id='word_1_672' title='bbox 3228 4292 3480 4350; x_wconf 83' lang='lat' dir='ltr'><strong>discepta-</strong></span> 
     </span>
    </p>
   </div>
   <div class='ocr_carea' id='block_1_101' title="bbox 1905 4361 3481 4426">
    <p class='ocr_par' dir='ltr' id='par_1_101' title="bbox 1905 4361 3481 4426">
     <span class='ocr_line' id='line_1_103' title="bbox 1905 4361 3481 4426; baseline 0 -9"><span class='ocrx_word' id='word_1_673' title='bbox 1905 4376 1987 4418; x_wconf 86' lang='lat' dir='ltr'><strong>tur</strong></span> <span class='ocrx_word' id='word_1_674' title='bbox 2011 4383 2029 4420; x_wconf 90' lang='lat'><em>:</em></span> <span class='ocrx_word' id='word_1_675' title='bbox 2058 4361 2130 4419; x_wconf 73' lang='lat' dir='ltr'><strong>sic</strong></span> <span class='ocrx_word' id='word_1_676' title='bbox 2174 4361 2305 4420; x_wconf 86' lang='lat' dir='ltr'><strong>enim</strong></span> <span class='ocrx_word' id='word_1_677' title='bbox 2348 4366 2468 4419; x_wconf 88' lang='lat' dir='ltr'><strong>olim</strong></span> <span class='ocrx_word' id='word_1_678' title='bbox 2498 4362 2852 4426; x_wconf 87' lang='lat' dir='ltr'><strong>loquebantur.</strong></span> <span class='ocrx_word' id='word_1_679' title='bbox 2881 4363 2949 4415; x_wconf 86' lang='lat' dir='ltr'><strong>At</strong></span> <span class='ocrx_word' id='word_1_680' title='bbox 2999 4361 3315 4416; x_wconf 86' lang='lat' dir='ltr'><strong>Prudentius</strong></span> <span class='ocrx_word' id='word_1_681' title='bbox 3340 4364 3481 4419; x_wconf 87' lang='lat' dir='ltr'><strong>clare</strong></span> 
     </span>
    </p>
   </div>
   <div class='ocr_carea' id='block_1_102' title="bbox 1905 4432 3476 4505">
    <p class='ocr_par' dir='ltr' id='par_1_102' title="bbox 1905 4432 3476 4505">
     <span class='ocr_line' id='line_1_104' title="bbox 1905 4432 3476 4505; baseline -0.003 -16"><span class='ocrx_word' id='word_1_682' title='bbox 1905 4436 2079 4491; x_wconf 88' lang='lat' dir='ltr'><strong>innuit</strong></span> <span class='ocrx_word' id='word_1_683' title='bbox 2105 4454 2214 4492; x_wconf 86' lang='lat' dir='ltr'><strong>reos</strong></span> <span class='ocrx_word' id='word_1_684' title='bbox 2244 4452 2466 4505; x_wconf 91' lang='lat' dir='ltr'><strong>quorum</strong></span> <span class='ocrx_word' id='word_1_685' title='bbox 2498 4435 2719 4489; x_wconf 90' lang='lat' dir='ltr'><strong>crimina</strong></span> <span class='ocrx_word' id='word_1_686' title='bbox 2750 4433 2802 4486; x_wconf 90' lang='lat' dir='ltr'><strong>in</strong></span> <span class='ocrx_word' id='word_1_687' title='bbox 2848 4432 3140 4505; x_wconf 68' lang='lat' dir='ltr'><strong>antestione</strong></span> <span class='ocrx_word' id='word_1_688' title='bbox 3173 4442 3476 4505; x_wconf 80' lang='lat' dir='ltr'><strong>versantur,</strong></span> 
     </span>
    </p>
   </div>
   <div class='ocr_carea' id='block_1_103' title="bbox 1903 4502 3481 4577">
    <p class='ocr_par' dir='ltr' id='par_1_103' title="bbox 1903 4502 3481 4577">
     <span class='ocr_line' id='line_1_105' title="bbox 1903 4502 3481 4577; baseline 0 -19"><span class='ocrx_word' id='word_1_689' title='bbox 1903 4516 1957 4559; x_wconf 88' lang='lat' dir='ltr'><strong>et</strong></span> <span class='ocrx_word' id='word_1_690' title='bbox 1982 4509 2048 4559; x_wconf 92' lang='lat' dir='ltr'><strong>ab</strong></span> <span class='ocrx_word' id='word_1_691' title='bbox 2073 4509 2154 4562; x_wconf 82' lang='lat' dir='ltr'><strong>his</strong></span> <span class='ocrx_word' id='word_1_692' title='bbox 2176 4502 2449 4577; x_wconf 84' lang='lat' dir='ltr'><strong>distinguit</strong></span> <span class='ocrx_word' id='word_1_693' title='bbox 2478 4506 2676 4577; x_wconf 79' lang='lat' dir='ltr'><strong>bonos;</strong></span> <span class='ocrx_word' id='word_1_694' title='bbox 2706 4512 2763 4557; x_wconf 87' lang='lat' dir='ltr'><strong>ut</strong></span> <span class='ocrx_word' id='word_1_695' title='bbox 2791 4505 2841 4557; x_wconf 92' lang='lat' dir='ltr'><strong>in</strong></span> <span class='ocrx_word' id='word_1_696' title='bbox 2859 4503 2980 4557; x_wconf 90' lang='lat' dir='ltr'><strong>eod.</strong></span> <span class='ocrx_word' id='word_1_697' title='bbox 3007 4502 3208 4577; x_wconf 85' lang='lat' dir='ltr'><strong>&#39;l‘heod.</strong></span> <span class='ocrx_word' id='word_1_698' title='bbox 3244 4504 3343 4569; x_wconf 89' lang='lat' dir='ltr'><strong>leg.</strong></span> <span class='ocrx_word' id='word_1_699' title='bbox 3370 4504 3402 4558; x_wconf 89' lang='lat'><strong>9</strong></span> <span class='ocrx_word' id='word_1_700' title='bbox 3427 4516 3481 4560; x_wconf 90' lang='lat' dir='ltr'><strong>et</strong></span> 
     </span>
    </p>
   </div>
   <div class='ocr_carea' id='block_1_104' title="bbox 1907 4575 3474 4646">
    <p class='ocr_par' dir='ltr' id='par_1_104' title="bbox 1907 4575 3474 4646">
     <span class='ocr_line' id='line_1_106' title="bbox 1907 4575 3474 4646; baseline -0.001 -14"><span class='ocrx_word' id='word_1_701' title='bbox 1907 4579 1992 4641; x_wconf 78' lang='grc'><strong>15,</strong></span> <span class='ocrx_word' id='word_1_702' title='bbox 2020 4579 2113 4633; x_wconf 89' lang='lat' dir='ltr'><strong>lib.</strong></span> <span class='ocrx_word' id='word_1_703' title='bbox 2150 4575 2362 4646; x_wconf 75' lang='lat' dir='ltr'><strong>xvt,tit.</strong></span> <span class='ocrx_word' id='word_1_704' title='bbox 2387 4578 2440 4643; x_wconf 83' lang='grc'><strong>5,</strong></span> <span class='ocrx_word' id='word_1_705' title='bbox 2476 4575 2595 4630; x_wconf 87' lang='lat' dir='ltr'><strong>boni</strong></span> <span class='ocrx_word' id='word_1_706' title='bbox 2617 4576 2866 4630; x_wconf 90' lang='lat' dir='ltr'><strong>dicuntur</strong></span> <span class='ocrx_word' id='word_1_707' title='bbox 2892 4587 3080 4629; x_wconf 89' lang='lat' dir='ltr'><strong>omnes</strong></span> <span class='ocrx_word' id='word_1_708' title='bbox 3103 4575 3190 4642; x_wconf 90' lang='lat' dir='ltr'><strong>qui</strong></span> <span class='ocrx_word' id='word_1_709' title='bbox 3214 4588 3319 4626; x_wconf 91' lang='lat' dir='ltr'><strong>non</strong></span> <span class='ocrx_word' id='word_1_710' title='bbox 3347 4587 3474 4630; x_wconf 90' lang='lat' dir='ltr'><strong>sunt</strong></span> 
     </span>
    </p>
   </div>
   <div class='ocr_carea' id='block_1_105' title="bbox 223 4646 1805 4737">
    <p class='ocr_par' dir='ltr' id='par_1_105' title="bbox 223 4646 1801 4737">
     <span class='ocr_line' id='line_1_107' title="bbox 223 4646 1801 4737; baseline 0 0"><span class='ocrx_word' id='word_1_711' title='bbox 223 4646 946 4737; x_wconf 53' lang='lat' dir='ltr'><strong>P&#39;?‘“‘2£&#39;3f~f£“,-&quot;&#39;.“.¥‘l‘i&#39;f£‘“ﬁ</strong></span> <span class='ocrx_word' id='word_1_712' title='bbox 976 4657 1232 4737; x_wconf 62' lang='grc' dir='ltr'><strong>ροξεξεθιη</strong></span> <span class='ocrx_word' id='word_1_713' title='bbox 1275 4647 1801 4737; x_wconf 44' lang='lat' dir='ltr'><strong>(insererent:-</strong></span> 
     </span>
    </p>
   </div>
   <div class='ocr_carea' id='block_1_106' title="bbox 1909 4646 2144 4737">
    <p class='ocr_par' dir='ltr' id='par_1_106' title="bbox 1909 4649 2144 4737">
     <span class='ocr_line' id='line_1_108' title="bbox 1909 4649 2144 4703; baseline 0.009 -4"><span class='ocrx_word' id='word_1_714' title='bbox 1909 4649 2144 4703; x_wconf 73' lang='lat' dir='ltr'><strong>litei&#39;ctici.</strong></span> 
     </span>
     <span class='ocr_line' id='line_1_109' title="bbox 1974 4719 2135 4737; baseline 0 0"><span class='ocrx_word' id='word_1_715' title='bbox 1974 4719 2043 4737; x_wconf 63' lang='grc' dir='ltr'><strong>ο..</strong></span> <span class='ocrx_word' id='word_1_716' title='bbox 2099 4719 2135 4737; x_wconf 67' lang='grc' dir='ltr'><strong><em>η</em></strong></span> 
     </span>
    </p>
   </div>
   <div class='ocr_carea' id='block_1_107' title="bbox 222 4717 1795 4773">
    <p class='ocr_par' dir='ltr' id='par_1_107' title="bbox 222 4717 1795 4773">
     <span class='ocr_line' id='line_1_110' title="bbox 222 4717 1795 4773; baseline -0.001 0"><span class='ocrx_word' id='word_1_717' title='bbox 222 4722 351 4773; x_wconf 86' lang='lat' dir='ltr'><strong>suit.</strong></span> <span class='ocrx_word' id='word_1_718' title='bbox 413 4717 621 4772; x_wconf 85' lang='lat' dir='ltr'><strong>Etenim</strong></span> <span class='ocrx_word' id='word_1_719' title='bbox 679 4717 1014 4772; x_wconf 88' lang='lat' dir='ltr'><strong>Innocentius</strong></span> <span class='ocrx_word' id='word_1_720' title='bbox 1045 4718 1249 4772; x_wconf 86' lang='lat' dir='ltr'><strong>litteras</strong></span> <span class='ocrx_word' id='word_1_721' title='bbox 1291 4718 1355 4770; x_wconf 85' lang='lat' dir='ltr'><strong>ad</strong></span> <span class='ocrx_word' id='word_1_722' title='bbox 1403 4719 1591 4773; x_wconf 80' lang='lat' dir='ltr'><strong>conci].</strong></span> <span class='ocrx_word' id='word_1_723' title='bbox 1624 4717 1795 4772; x_wconf 88' lang='lat' dir='ltr'><strong>Tolet.</strong></span> 
     </span>
    </p>
   </div>
   <div class='ocr_carea' id='block_1_108' title="bbox 223 4788 1797 4857">
    <p class='ocr_par' dir='ltr' id='par_1_108' title="bbox 223 4788 1797 4857">
     <span class='ocr_line' id='line_1_111' title="bbox 223 4788 1797 4857; baseline -0.001 -13"><span class='ocrx_word' id='word_1_724' title='bbox 223 4790 375 4845; x_wconf 87' lang='lat' dir='ltr'><strong>dedit</strong></span> <span class='ocrx_word' id='word_1_725' title='bbox 421 4804 567 4851; x_wconf 75' lang='lat' dir='ltr'><strong>anno</strong></span> <span class='ocrx_word' id='word_1_726' title='bbox 611 4788 736 4852; x_wconf 71' lang='grc'><strong>402,</strong></span> <span class='ocrx_word' id='word_1_727' title='bbox 797 4798 885 4839; x_wconf 86' lang='lat' dir='ltr'><strong>aut</strong></span> <span class='ocrx_word' id='word_1_728' title='bbox 912 4804 1013 4842; x_wconf 88' lang='lat' dir='ltr'><strong>non</strong></span> <span class='ocrx_word' id='word_1_729' title='bbox 1047 4790 1211 4842; x_wconf 88' lang='lat' dir='ltr'><strong>multo</strong></span> <span class='ocrx_word' id='word_1_730' title='bbox 1240 4798 1375 4857; x_wconf 88' lang='lat' dir='ltr'><strong>post.</strong></span> <span class='ocrx_word' id='word_1_731' title='bbox 1415 4789 1544 4841; x_wconf 91' lang='lat' dir='ltr'><strong>Iline</strong></span> <span class='ocrx_word' id='word_1_732' title='bbox 1570 4789 1797 4842; x_wconf 68' lang='lat' dir='ltr'><strong>diversae</strong></span> 
     </span>
    </p>
   </div>
   <div class='ocr_carea' id='block_1_109' title="bbox 224 4859 1797 4930">
    <p class='ocr_par' dir='ltr' id='par_1_109' title="bbox 224 4859 1797 4930">
     <span class='ocr_line' id='line_1_112' title="bbox 224 4859 1797 4930; baseline -0.001 -17"><span class='ocrx_word' id='word_1_733' title='bbox 224 4871 361 4915; x_wconf 74' lang='lat' dir='ltr'><strong>ortae</strong></span> <span class='ocrx_word' id='word_1_734' title='bbox 390 4861 668 4913; x_wconf 76' lang='lat' dir='ltr'><strong>sententia:</strong></span> <span class='ocrx_word' id='word_1_735' title='bbox 695 4859 760 4930; x_wconf 78' lang='lat' dir='ltr'><strong>de</strong></span> <span class='ocrx_word' id='word_1_736' title='bbox 806 4873 947 4930; x_wconf 71' lang='lat' dir='ltr'><strong>anno</strong></span> <span class='ocrx_word' id='word_1_737' title='bbox 978 4874 1081 4926; x_wconf 86' lang='lat' dir='ltr'><strong>quo</strong></span> <span class='ocrx_word' id='word_1_738' title='bbox 1104 4859 1427 4930; x_wconf 80' lang='lat' dir='ltr'><strong>celeliratum</strong></span> <span class='ocrx_word' id='word_1_739' title='bbox 1460 4869 1539 4913; x_wconf 89' lang='lat' dir='ltr'><strong>est</strong></span> <span class='ocrx_word' id='word_1_740' title='bbox 1572 4859 1797 4923; x_wconf 89' lang='lat' dir='ltr'><strong>primum</strong></span> 
     </span>
    </p>
   </div>
   <div class='ocr_carea' id='block_1_110' title="bbox 229 4928 1797 4999">
    <p class='ocr_par' dir='ltr' id='par_1_110' title="bbox 229 4928 1797 4999">
     <span class='ocr_line' id='line_1_113' title="bbox 229 4928 1797 4999; baseline -0.002 -15"><span class='ocrx_word' id='word_1_741' title='bbox 229 4931 364 4985; x_wconf 91' lang='lat' dir='ltr'><strong>illud</strong></span> <span class='ocrx_word' id='word_1_742' title='bbox 395 4930 680 4983; x_wconf 89' lang='lat' dir='ltr'><strong>concilium</strong></span> <span class='ocrx_word' id='word_1_743' title='bbox 709 4928 1045 4992; x_wconf 81' lang='lat' dir='ltr'><strong>Toletanum,</strong></span> <span class='ocrx_word' id='word_1_744' title='bbox 1078 4928 1216 4999; x_wconf 89' lang='lat' dir='ltr'><strong>quod</strong></span> <span class='ocrx_word' id='word_1_745' title='bbox 1244 4928 1481 4996; x_wconf 88' lang='lat' dir='ltr'><strong>plerique</strong></span> <span class='ocrx_word' id='word_1_746' title='bbox 1528 4943 1669 4981; x_wconf 89' lang='lat' dir='ltr'><strong>anno</strong></span> <span class='ocrx_word' id='word_1_747' title='bbox 1693 4929 1797 4981; x_wconf 71' lang='grc'>400</span> 
     </span>
    </p>
   </div>
   <div class='ocr_carea' id='block_1_111' title="bbox 226 5000 1797 5067">
    <p class='ocr_par' dir='ltr' id='par_1_111' title="bbox 226 5000 1797 5067">
     <span class='ocr_line' id='line_1_114' title="bbox 226 5000 1797 5067; baseline -0.003 -12"><span class='ocrx_word' id='word_1_748' title='bbox 226 5003 522 5064; x_wconf 87' lang='lat' dir='ltr'><strong>ascribunt,</strong></span> <span class='ocrx_word' id='word_1_749' title='bbox 578 5000 663 5052; x_wconf 89' lang='lat' dir='ltr'><strong>alii</strong></span> <span class='ocrx_word' id='word_1_750' title='bbox 696 5010 817 5053; x_wconf 87' lang='lat' dir='ltr'><strong>tunc</strong></span> <span class='ocrx_word' id='word_1_751' title='bbox 844 5008 1100 5067; x_wconf 71' lang='lat' dir='ltr'><strong>emptum,</strong></span> <span class='ocrx_word' id='word_1_752' title='bbox 1151 5000 1214 5051; x_wconf 87' lang='lat' dir='ltr'><strong>ad</strong></span> <span class='ocrx_word' id='word_1_753' title='bbox 1246 5014 1443 5051; x_wconf 89' lang='lat' dir='ltr'><strong>annum</strong></span> <span class='ocrx_word' id='word_1_754' title='bbox 1488 5008 1797 5067; x_wconf 88' lang='lat' dir='ltr'><strong>sequentem</strong></span> 
     </span>
    </p>
   </div>
   <div class='ocr_carea' id='block_1_112' title="bbox 227 5069 1797 5141">
    <p class='ocr_par' dir='ltr' id='par_1_112' title="bbox 227 5069 1797 5141">
     <span class='ocr_line' id='line_1_115' title="bbox 227 5069 1797 5141; baseline -0.001 -18"><span class='ocrx_word' id='word_1_755' title='bbox 227 5081 555 5141; x_wconf 78' lang='lat' dir='ltr'><strong>protractum</strong></span> <span class='ocrx_word' id='word_1_756' title='bbox 579 5070 781 5133; x_wconf 90' lang='lat' dir='ltr'><strong>dicunt,</strong></span> <span class='ocrx_word' id='word_1_757' title='bbox 809 5069 1389 5141; x_wconf 74' lang='lat' dir='ltr'><strong>aliiitertitncoactttttt</strong></span> <span class='ocrx_word' id='word_1_758' title='bbox 1412 5069 1511 5141; x_wconf 83' lang='lat' dir='ltr'><strong>sub</strong></span> <span class='ocrx_word' id='word_1_759' title='bbox 1540 5070 1797 5121; x_wconf 90' lang='lat' dir='ltr'><strong>Innocen-</strong></span> 
     </span>
    </p>
   </div>
   <div class='ocr_carea' id='block_1_113' title="bbox 156 5139 1799 5209">
    <p class='ocr_par' dir='ltr' id='par_1_113' title="bbox 156 5139 1799 5209">
     <span class='ocr_line' id='line_1_116' title="bbox 156 5139 1799 5209; baseline -0.002 -14"><span class='ocrx_word' id='word_1_760' title='bbox 156 5184 165 5185; x_wconf 40' lang='grc' dir='ltr'><em>κ</em></span> <span class='ocrx_word' id='word_1_761' title='bbox 228 5139 328 5209; x_wconf 74' lang='lat' dir='ltr'><strong>tio,</strong></span> <span class='ocrx_word' id='word_1_762' title='bbox 348 5142 436 5195; x_wconf 88' lang='lat' dir='ltr'><strong>alii</strong></span> <span class='ocrx_word' id='word_1_763' title='bbox 466 5142 825 5194; x_wconf 89' lang='lat' dir='ltr'><strong>Innocentium</strong></span> <span class='ocrx_word' id='word_1_764' title='bbox 853 5140 917 5192; x_wconf 90' lang='lat' dir='ltr'><strong>ad</strong></span> <span class='ocrx_word' id='word_1_765' title='bbox 950 5139 1254 5200; x_wconf 89' lang='lat' dir='ltr'><strong>concilium,</strong></span> <span class='ocrx_word' id='word_1_766' title='bbox 1284 5139 1423 5204; x_wconf 87' lang='lat' dir='ltr'><strong>quod</strong></span> <span class='ocrx_word' id='word_1_767' title='bbox 1452 5142 1621 5191; x_wconf 78' lang='lat' dir='ltr'><strong>fuerat.</strong></span> <span class='ocrx_word' id='word_1_768' title='bbox 1645 5148 1799 5191; x_wconf 89' lang='lat' dir='ltr'><strong>antea</strong></span> 
     </span>
    </p>
   </div>
   <div class='ocr_carea' id='block_1_114' title="bbox 231 5209 1801 5281">
    <p class='ocr_par' dir='ltr' id='par_1_114' title="bbox 231 5209 1801 5281">
     <span class='ocr_line' id='line_1_117' title="bbox 231 5209 1801 5281; baseline -0.004 -15"><span class='ocrx_word' id='word_1_769' title='bbox 231 5221 634 5281; x_wconf 84' lang='lat' dir='ltr'><strong>congregatum,</strong></span> <span class='ocrx_word' id='word_1_770' title='bbox 668 5210 943 5281; x_wconf 74' lang='lat' dir='ltr'><strong>scripsisse</strong></span> <span class='ocrx_word' id='word_1_771' title='bbox 981 5210 1265 5281; x_wconf 70' lang='lat' dir='ltr'><strong>afﬁrmant.</strong></span> <span class='ocrx_word' id='word_1_772' title='bbox 1301 5210 1352 5281; x_wconf 88' lang='lat' dir='ltr'><strong>In</strong></span> <span class='ocrx_word' id='word_1_773' title='bbox 1386 5209 1620 5281; x_wconf 75' lang='lat' dir='ltr'><strong>cpistola</strong></span> <span class='ocrx_word' id='word_1_774' title='bbox 1651 5209 1801 5281; x_wconf 75' lang='lat' dir='ltr'><strong>dedi-</strong></span> 
     </span>
    </p>
   </div>
   <div class='ocr_carea' id='block_1_115' title="bbox 228 5278 1803 5351">
    <p class='ocr_par' dir='ltr' id='par_1_115' title="bbox 228 5278 1803 5351">
     <span class='ocr_line' id='line_1_118' title="bbox 228 5278 1803 5351; baseline -0.004 -13"><span class='ocrx_word' id='word_1_775' title='bbox 228 5278 763 5351; x_wconf 69' lang='lat' dir='ltr'><strong>c.tttn&#39;iallgmnodia:</strong></span> <span class='ocrx_word' id='word_1_776' title='bbox 789 5280 1081 5347; x_wconf 71' lang='lat' dir='ltr'><strong>Hispaniae</strong></span> <span class='ocrx_word' id='word_1_777' title='bbox 1100 5280 1271 5333; x_wconf 87' lang='lat' dir='ltr'><strong>obiter</strong></span> <span class='ocrx_word' id='word_1_778' title='bbox 1291 5278 1419 5342; x_wconf 80' lang='lat' dir='ltr'><strong>dixi,</strong></span> <span class='ocrx_word' id='word_1_779' title='bbox 1447 5280 1496 5332; x_wconf 90' lang='lat' dir='ltr'><strong>in</strong></span> <span class='ocrx_word' id='word_1_780' title='bbox 1524 5279 1803 5351; x_wconf 87' lang='lat' dir='ltr'><strong>concilium</strong></span> 
     </span>
    </p>
   </div>
   <div class='ocr_carea' id='block_1_116' title="bbox 230 5350 1802 5416">
    <p class='ocr_par' dir='ltr' id='par_1_116' title="bbox 230 5350 1802 5416">
     <span class='ocr_line' id='line_1_119' title="bbox 230 5350 1802 5416; baseline -0.004 -7"><span class='ocrx_word' id='word_1_781' title='bbox 230 5350 559 5409; x_wconf 85' lang='lat' dir='ltr'><strong>celebratum</strong></span> <span class='ocrx_word' id='word_1_782' title='bbox 593 5353 755 5405; x_wconf 84' lang='lat' dir='ltr'><strong>fuisse</strong></span> <span class='ocrx_word' id='word_1_783' title='bbox 803 5351 1000 5403; x_wconf 65' lang='lat' dir='ltr'><strong>suaculo</strong></span> <span class='ocrx_word' id='word_1_784' title='bbox 1032 5365 1079 5401; x_wconf 90' lang='lat' dir='ltr'><strong>tv</strong></span> <span class='ocrx_word' id='word_1_785' title='bbox 1107 5361 1355 5412; x_wconf 79' lang='lat' dir='ltr'><strong>exeunte,</strong></span> <span class='ocrx_word' id='word_1_786' title='bbox 1387 5351 1497 5403; x_wconf 84' lang='lat' dir='ltr'><strong>sive</strong></span> <span class='ocrx_word' id='word_1_787' title='bbox 1543 5350 1715 5416; x_wconf 79' lang='lat' dir='ltr'><strong>potius</strong></span> <span class='ocrx_word' id='word_1_788' title='bbox 1752 5351 1802 5402; x_wconf 90' lang='lat' dir='ltr'><strong>in</strong></span> 
     </span>
    </p>
   </div>
   <div class='ocr_carea' id='block_1_117' title="bbox 234 5420 1806 5492">
    <p class='ocr_par' dir='ltr' id='par_1_117' title="bbox 234 5420 1806 5492">
     <span class='ocr_line' id='line_1_120' title="bbox 234 5420 1806 5492; baseline -0.005 -12"><span class='ocrx_word' id='word_1_789' title='bbox 234 5427 352 5492; x_wconf 87' lang='lat' dir='ltr'><strong>ipso</strong></span> <span class='ocrx_word' id='word_1_790' title='bbox 383 5423 529 5476; x_wconf 88' lang='lat' dir='ltr'><strong>initio</strong></span> <span class='ocrx_word' id='word_1_791' title='bbox 558 5422 735 5476; x_wconf 76' lang='lat' dir='ltr'><strong>saeculi</strong></span> <span class='ocrx_word' id='word_1_792' title='bbox 768 5438 819 5485; x_wconf 93' lang='lat' dir='ltr'><strong>v,</strong></span> <span class='ocrx_word' id='word_1_793' title='bbox 853 5422 1065 5492; x_wconf 81' lang='lat' dir='ltr'><strong>hoc-est</strong></span> <span class='ocrx_word' id='word_1_794' title='bbox 1108 5436 1251 5492; x_wconf 79' lang='lat' dir='ltr'><strong>anno</strong></span> <span class='ocrx_word' id='word_1_795' title='bbox 1300 5422 1422 5473; x_wconf 67' lang='lat'><strong>.500.</strong></span> <span class='ocrx_word' id='word_1_796' title='bbox 1458 5420 1806 5492; x_wconf 67' lang='lat' dir='ltr'><strong>Animadver-</strong></span> 
     </span>
    </p>
   </div>
   <div class='ocr_carea' id='block_1_118' title="bbox 198 5490 1799 5561">
    <p class='ocr_par' dir='ltr' id='par_1_118' title="bbox 198 5490 1799 5561">
     <span class='ocr_line' id='line_1_121' title="bbox 198 5490 1799 5561; baseline -0.002 -14"><span class='ocrx_word' id='word_1_797' title='bbox 198 5494 201 5497; x_wconf 75' lang='grc'><em>’</em></span> <span class='ocrx_word' id='word_1_798' title='bbox 232 5490 355 5548; x_wconf 77' lang='lat' dir='ltr'><strong>sum</strong></span> <span class='ocrx_word' id='word_1_799' title='bbox 384 5494 432 5547; x_wconf 90' lang='lat' dir='ltr'><strong>id</strong></span> <span class='ocrx_word' id='word_1_800' title='bbox 456 5495 550 5545; x_wconf 80' lang='lat' dir='ltr'><strong>l’uit</strong></span> <span class='ocrx_word' id='word_1_801' title='bbox 578 5508 606 5546; x_wconf 90' lang='lat' dir='ltr'><strong>a</strong></span> <span class='ocrx_word' id='word_1_802' title='bbox 632 5492 948 5561; x_wconf 89' lang='lat' dir='ltr'><strong>quibusdam</strong></span> <span class='ocrx_word' id='word_1_803' title='bbox 971 5490 1099 5544; x_wconf 86' lang='lat' dir='ltr'><strong>viris</strong></span> <span class='ocrx_word' id='word_1_804' title='bbox 1113 5490 1305 5556; x_wconf 84' lang='lat' dir='ltr'><strong>doctis,</strong></span> <span class='ocrx_word' id='word_1_805' title='bbox 1332 5490 1626 5560; x_wconf 88' lang='lat' dir='ltr'><strong>amicisque</strong></span> <span class='ocrx_word' id='word_1_806' title='bbox 1648 5491 1799 5544; x_wconf 87' lang='lat' dir='ltr'><strong>meis.</strong></span> 
     </span>
    </p>
   </div>
   <div class='ocr_carea' id='block_1_119' title="bbox 234 5562 1801 5630">
    <p class='ocr_par' dir='ltr' id='par_1_119' title="bbox 234 5562 1801 5630">
     <span class='ocr_line' id='line_1_122' title="bbox 234 5562 1801 5630; baseline -0.004 -9"><span class='ocrx_word' id='word_1_807' title='bbox 234 5566 343 5620; x_wconf 90' lang='lat' dir='ltr'><strong>Sed</strong></span> <span class='ocrx_word' id='word_1_808' title='bbox 378 5576 433 5616; x_wconf 91' lang='lat' dir='ltr'><strong>ttl</strong></span> <span class='ocrx_word' id='word_1_809' title='bbox 460 5564 591 5616; x_wconf 88' lang='lat' dir='ltr'><strong>alias</strong></span> <span class='ocrx_word' id='word_1_810' title='bbox 639 5564 871 5615; x_wconf 84' lang='lat' dir='ltr'><strong>rationes</strong></span> <span class='ocrx_word' id='word_1_811' title='bbox 901 5569 1234 5630; x_wconf 61' lang='lat' dir='ltr'><strong>praeteream,</strong></span> <span class='ocrx_word' id='word_1_812' title='bbox 1283 5575 1377 5613; x_wconf 89' lang='lat' dir='ltr'><strong>cur</strong></span> <span class='ocrx_word' id='word_1_813' title='bbox 1407 5562 1477 5614; x_wconf 88' lang='lat' dir='ltr'><strong>ita</strong></span> <span class='ocrx_word' id='word_1_814' title='bbox 1502 5562 1682 5615; x_wconf 88' lang='lat' dir='ltr'><strong>dicere</strong></span> <span class='ocrx_word' id='word_1_815' title='bbox 1714 5576 1801 5628; x_wconf 90' lang='lat' dir='ltr'><strong>po-</strong></span> 
     </span>
    </p>
   </div>
   <div class='ocr_carea' id='block_1_120' title="bbox 234 5632 1807 5701">
    <p class='ocr_par' dir='ltr' id='par_1_120' title="bbox 234 5632 1807 5701">
     <span class='ocr_line' id='line_1_123' title="bbox 234 5632 1807 5701; baseline -0.004 -12"><span class='ocrx_word' id='word_1_816' title='bbox 234 5636 453 5696; x_wconf 83' lang='lat' dir='ltr'><strong>tuerim,</strong></span> <span class='ocrx_word' id='word_1_817' title='bbox 483 5634 581 5686; x_wconf 89' lang='lat' dir='ltr'><strong>hoc</strong></span> <span class='ocrx_word' id='word_1_818' title='bbox 613 5634 783 5700; x_wconf 89' lang='lat' dir='ltr'><strong>ipsum</strong></span> <span class='ocrx_word' id='word_1_819' title='bbox 815 5642 895 5685; x_wconf 91' lang='lat' dir='ltr'><strong>est</strong></span> <span class='ocrx_word' id='word_1_820' title='bbox 946 5636 995 5684; x_wconf 92' lang='lat' dir='ltr'><strong>in</strong></span> <span class='ocrx_word' id='word_1_821' title='bbox 1028 5632 1390 5686; x_wconf 89' lang='lat' dir='ltr'><strong>controversia</strong></span> <span class='ocrx_word' id='word_1_822' title='bbox 1436 5635 1682 5701; x_wconf 90' lang='lat' dir='ltr'><strong>positum,</strong></span> <span class='ocrx_word' id='word_1_823' title='bbox 1711 5632 1807 5685; x_wconf 87' lang='lat' dir='ltr'><strong>sit-</strong></span> 
     </span>
    </p>
   </div>
   <div class='ocr_carea' id='block_1_121' title="bbox 233 5702 1803 5767">
    <p class='ocr_par' dir='ltr' id='par_1_121' title="bbox 233 5702 1803 5767">
     <span class='ocr_line' id='line_1_124' title="bbox 233 5702 1803 5767; baseline -0.004 -6"><span class='ocrx_word' id='word_1_824' title='bbox 233 5723 307 5761; x_wconf 86' lang='lat' dir='ltr'><strong>ne</strong></span> <span class='ocrx_word' id='word_1_825' title='bbox 335 5721 506 5759; x_wconf 89' lang='lat' dir='ltr'><strong>annus</strong></span> <span class='ocrx_word' id='word_1_826' title='bbox 536 5704 639 5757; x_wconf 72' lang='grc'>400</span> <span class='ocrx_word' id='word_1_827' title='bbox 670 5703 786 5756; x_wconf 79' lang='lat' dir='ltr'><strong>linis</strong></span> <span class='ocrx_word' id='word_1_828' title='bbox 834 5703 1010 5757; x_wconf 80' lang='lat' dir='ltr'><strong>saeculi</strong></span> <span class='ocrx_word' id='word_1_829' title='bbox 1062 5718 1133 5767; x_wconf 89' lang='lat' dir='ltr'><strong>tv,</strong></span> <span class='ocrx_word' id='word_1_830' title='bbox 1190 5716 1254 5754; x_wconf 88' lang='lat' dir='ltr'><strong>an</strong></span> <span class='ocrx_word' id='word_1_831' title='bbox 1289 5703 1492 5757; x_wconf 86' lang='lat' dir='ltr'><strong>initium</strong></span> <span class='ocrx_word' id='word_1_832' title='bbox 1542 5702 1719 5756; x_wconf 58' lang='lat' dir='ltr'><strong>surculi</strong></span> <span class='ocrx_word' id='word_1_833' title='bbox 1753 5718 1803 5765; x_wconf 79' lang='grc' dir='ltr'><strong>ν,</strong></span> 
     </span>
    </p>
   </div>
   <div class='ocr_carea' id='block_1_122' title="bbox 232 5773 1807 5848">
    <p class='ocr_par' dir='ltr' id='par_1_122' title="bbox 232 5773 1807 5848">
     <span class='ocr_line' id='line_1_125' title="bbox 232 5773 1807 5848; baseline -0.002 -17"><span class='ocrx_word' id='word_1_834' title='bbox 232 5793 395 5848; x_wconf 88' lang='lat' dir='ltr'><strong>quam</strong></span> <span class='ocrx_word' id='word_1_835' title='bbox 428 5778 507 5848; x_wconf 85' lang='lat' dir='ltr'><strong>bis</strong></span> <span class='ocrx_word' id='word_1_836' title='bbox 535 5775 709 5828; x_wconf 90' lang='lat' dir='ltr'><strong>verbis</strong></span> <span class='ocrx_word' id='word_1_837' title='bbox 740 5773 1235 5848; x_wconf 7' lang='lat' dir='ltr'><strong>proponitgloannes</strong></span> <span class='ocrx_word' id='word_1_838' title='bbox 1260 5773 1807 5848; x_wconf 22' lang='lat' dir='ltr'><strong>POU&#39;IISAlalltlQngllIS</strong></span> 
     </span>
    </p>
   </div>
   <div class='ocr_carea' id='block_1_123' title="bbox 238 5844 1806 5916">
    <p class='ocr_par' dir='ltr' id='par_1_123' title="bbox 238 5844 1806 5916">
     <span class='ocr_line' id='line_1_126' title="bbox 238 5844 1806 5916; baseline -0.004 -12"><span class='ocrx_word' id='word_1_839' title='bbox 238 5844 372 5905; x_wconf 72' lang='lat' dir='ltr'><strong>tom.</strong></span> <span class='ocrx_word' id='word_1_840' title='bbox 429 5847 469 5901; x_wconf 91' lang='lat' dir='ltr'><strong>ll</strong></span> <span class='ocrx_word' id='word_1_841' title='bbox 516 5858 756 5916; x_wconf 84' lang='lat' dir='ltr'><strong>Operum,</strong></span> <span class='ocrx_word' id='word_1_842' title='bbox 792 5846 1045 5912; x_wconf 86' lang='lat' dir='ltr'><strong>opusculo</strong></span> <span class='ocrx_word' id='word_1_843' title='bbox 1094 5846 1146 5910; x_wconf 85' lang='lat'><strong>9,</strong></span> <span class='ocrx_word' id='word_1_844' title='bbox 1182 5845 1271 5898; x_wconf 88' lang='lat' dir='ltr'><strong>lib.</strong></span> <span class='ocrx_word' id='word_1_845' title='bbox 1306 5860 1357 5911; x_wconf 85' lang='grc' dir='ltr'><strong>ιι,</strong></span> <span class='ocrx_word' id='word_1_846' title='bbox 1390 5846 1492 5910; x_wconf 90' lang='lat' dir='ltr'><strong>col,</strong></span> <span class='ocrx_word' id='word_1_847' title='bbox 1527 5844 1661 5899; x_wconf 85' lang='lat'><strong>760:</strong></span> <span class='ocrx_word' id='word_1_848' title='bbox 1699 5847 1806 5909; x_wconf 79' lang='lat' dir='ltr'><strong>Quo</strong></span> 
     </span>
    </p>
   </div>
   <div class='ocr_carea' id='block_1_124' title="bbox 1974 4714 3479 4786">
    <p class='ocr_par' dir='ltr' id='par_1_124' title="bbox 1974 4714 3479 4786">
     <span class='ocr_line' id='line_1_127' title="bbox 1974 4714 3479 4786; baseline -0.002 -13"><span class='ocrx_word' id='word_1_849' title='bbox 1974 4719 2064 4774; x_wconf 71' lang='grc' dir='ltr'><strong>ΞΟ.</strong></span> <span class='ocrx_word' id='word_1_850' title='bbox 2097 4719 2284 4775; x_wconf 89' lang='lat' dir='ltr'><strong>Glossa</strong></span> <span class='ocrx_word' id='word_1_851' title='bbox 2324 4720 2440 4771; x_wconf 88' lang='lat' dir='ltr'><strong>Vat.</strong></span> <span class='ocrx_word' id='word_1_852' title='bbox 2472 4720 2516 4773; x_wconf 84' lang='lat' dir='ltr'><strong>A</strong></span> <span class='ocrx_word' id='word_1_853' title='bbox 2562 4718 2739 4786; x_wconf 88' lang='lat' dir='ltr'><strong>inepta</strong></span> <span class='ocrx_word' id='word_1_854' title='bbox 2768 4724 2849 4771; x_wconf 90' lang='lat' dir='ltr'><strong>est</strong></span> <span class='ocrx_word' id='word_1_855' title='bbox 2878 4724 2931 4772; x_wconf 89' lang='lat' dir='ltr'><strong>et</strong></span> <span class='ocrx_word' id='word_1_856' title='bbox 2974 4714 3166 4783; x_wconf 80' lang='lat' dir='ltr'><strong>insigni</strong></span> <span class='ocrx_word' id='word_1_857' title='bbox 3198 4729 3318 4768; x_wconf 90' lang='lat' dir='ltr'><strong>cum</strong></span> <span class='ocrx_word' id='word_1_858' title='bbox 3350 4730 3479 4770; x_wconf 86' lang='lat' dir='ltr'><strong>ana-</strong></span> 
     </span>
    </p>
   </div>
   <div class='ocr_carea' id='block_1_125' title="bbox 1905 4785 3479 4853">
    <p class='ocr_par' dir='ltr' id='par_1_125' title="bbox 1905 4785 3479 4853">
     <span class='ocr_line' id='line_1_128' title="bbox 1905 4785 3479 4853; baseline -0.003 -9"><span class='ocrx_word' id='word_1_859' title='bbox 1905 4790 2232 4845; x_wconf 90' lang='lat' dir='ltr'><strong>cbronismo.</strong></span> <span class='ocrx_word' id='word_1_860' title='bbox 2260 4790 2451 4845; x_wconf 82' lang='lat' dir='ltr'><strong>Melior</strong></span> <span class='ocrx_word' id='word_1_861' title='bbox 2477 4785 2667 4843; x_wconf 84' lang='lat' dir='ltr'><strong>Glossa</strong></span> <span class='ocrx_word' id='word_1_862' title='bbox 2700 4789 2843 4852; x_wconf 55' lang='grc' dir='ltr'><strong>ηπ,</strong></span> <span class='ocrx_word' id='word_1_863' title='bbox 2892 4785 3185 4850; x_wconf 80' lang='lat' dir='ltr'><strong>Theodosii,</strong></span> <span class='ocrx_word' id='word_1_864' title='bbox 3236 4786 3317 4838; x_wconf 85' lang='lat' dir='ltr'><strong>vel</strong></span> <span class='ocrx_word' id='word_1_865' title='bbox 3343 4786 3479 4853; x_wconf 82' lang='lat' dir='ltr'><strong>ﬁlia-</strong></span> 
     </span>
    </p>
   </div>
   <div class='ocr_carea' id='block_1_126' title="bbox 1904 4878 2174 4915">
    <p class='ocr_par' dir='ltr' id='par_1_126' title="bbox 1904 4878 2174 4915">
     <span class='ocr_line' id='line_1_129' title="bbox 1904 4878 2174 4915; baseline 0.019 -4"><span class='ocrx_word' id='word_1_866' title='bbox 1904 4878 2017 4913; x_wconf 88' lang='lat' dir='ltr'><strong>rum</strong></span> <span class='ocrx_word' id='word_1_867' title='bbox 2044 4878 2174 4915; x_wconf 73' lang='grc'><strong>81118.</strong></span> 
     </span>
    </p>
   </div>
   <div class='ocr_carea' id='block_1_127' title="bbox 1975 4881 3476 4998">
    <p class='ocr_par' dir='ltr' id='par_1_127' title="bbox 1975 4881 3476 4998">
     <span class='ocr_line' id='line_1_130' title="bbox 1975 4881 3476 4998; baseline -0.003 -15"><span class='ocrx_word' id='word_1_868' title='bbox 1975 4881 2341 4998; x_wconf 48' lang='grc' dir='ltr'><strong>ἒῦμὲέῳοευί</strong></span> <span class='ocrx_word' id='word_1_869' title='bbox 2391 4944 2537 4983; x_wconf 91' lang='lat' dir='ltr'><strong>num.</strong></span> <span class='ocrx_word' id='word_1_870' title='bbox 2583 4930 2653 4983; x_wconf 82' lang='lat'><strong>50</strong></span> <span class='ocrx_word' id='word_1_871' title='bbox 2683 4928 2847 4996; x_wconf 89' lang='lat' dir='ltr'><strong>prol..</strong></span> <span class='ocrx_word' id='word_1_872' title='bbox 2879 4926 3004 4995; x_wconf 89' lang='lat' dir='ltr'><strong>quid</strong></span> <span class='ocrx_word' id='word_1_873' title='bbox 3039 4927 3109 4980; x_wconf 91' lang='lat' dir='ltr'><strong>sit</strong></span> <span class='ocrx_word' id='word_1_874' title='bbox 3139 4928 3266 4979; x_wconf 86' lang='lat' dir='ltr'><strong>ordo</strong></span> <span class='ocrx_word' id='word_1_875' title='bbox 3300 4928 3476 4994; x_wconf 71' lang='lat' dir='ltr'><strong>proxi-</strong></span> 
     </span>
    </p>
   </div>
   <div class='ocr_carea' id='block_1_128' title="bbox 1905 4998 3243 5069">
    <p class='ocr_par' dir='ltr' id='par_1_128' title="bbox 1905 4998 3243 5069">
     <span class='ocr_line' id='line_1_131' title="bbox 1905 4998 3243 5069; baseline -0.001 -18"><span class='ocrx_word' id='word_1_876' title='bbox 1905 5015 2037 5064; x_wconf 88' lang='lat' dir='ltr'><strong>mus,</strong></span> <span class='ocrx_word' id='word_1_877' title='bbox 2072 5001 2184 5055; x_wconf 88' lang='lat' dir='ltr'><strong>sive</strong></span> <span class='ocrx_word' id='word_1_878' title='bbox 2207 5001 2334 5053; x_wconf 90' lang='lat' dir='ltr'><strong>ordo</strong></span> <span class='ocrx_word' id='word_1_879' title='bbox 2362 5000 2697 5069; x_wconf 74' lang='lat' dir='ltr'><strong>proximatus,</strong></span> <span class='ocrx_word' id='word_1_880' title='bbox 2732 4999 2964 5067; x_wconf 85' lang='lat' dir='ltr'><strong>etjussio</strong></span> <span class='ocrx_word' id='word_1_881' title='bbox 2981 4998 3243 5065; x_wconf 84' lang='lat' dir='ltr'><strong>principis.</strong></span> 
     </span>
    </p>
   </div>
   <div class='ocr_carea' id='block_1_129' title="bbox 1975 5065 3477 5135">
    <p class='ocr_par' dir='ltr' id='par_1_129' title="bbox 1975 5065 3477 5135">
     <span class='ocr_line' id='line_1_132' title="bbox 1975 5065 3477 5135; baseline -0.002 -13"><span class='ocrx_word' id='word_1_882' title='bbox 1975 5072 2045 5122; x_wconf 74' lang='lat'><strong>22</strong></span> <span class='ocrx_word' id='word_1_883' title='bbox 2099 5071 2343 5125; x_wconf 84' lang='lat' dir='ltr'><strong>Heinsius</strong></span> <span class='ocrx_word' id='word_1_884' title='bbox 2362 5065 2558 5122; x_wconf 57' lang='lat' dir='ltr'><strong>&#39;mallet</strong></span> <span class='ocrx_word' id='word_1_885' title='bbox 2587 5070 2757 5123; x_wconf 85' lang='lat' dir='ltr'><strong>volens</strong></span> <span class='ocrx_word' id='word_1_886' title='bbox 2797 5065 2902 5135; x_wconf 84' lang='lat' dir='ltr'><strong>pro</strong></span> <span class='ocrx_word' id='word_1_887' title='bbox 2932 5070 3106 5121; x_wconf 83' lang='lat' dir='ltr'><strong>volans</strong></span> <span class='ocrx_word' id='word_1_888' title='bbox 3152 5074 3334 5120; x_wconf 89' lang='lat' dir='ltr'><strong>contra</strong></span> <span class='ocrx_word' id='word_1_889' title='bbox 3364 5065 3477 5119; x_wconf 85' lang='lat' dir='ltr'><strong>lso-</strong></span> 
     </span>
    </p>
   </div>
   <div class='ocr_carea' id='block_1_130' title="bbox 1908 5137 3471 5205">
    <p class='ocr_par' dir='ltr' id='par_1_130' title="bbox 1908 5137 3471 5205">
     <span class='ocr_line' id='line_1_133' title="bbox 1908 5137 3471 5205; baseline -0.003 -12"><span class='ocrx_word' id='word_1_890' title='bbox 1908 5155 2053 5203; x_wconf 91' lang='lat' dir='ltr'><strong>nem,</strong></span> <span class='ocrx_word' id='word_1_891' title='bbox 2086 5153 2137 5194; x_wconf 88' lang='lat' dir='ltr'><strong>et</strong></span> <span class='ocrx_word' id='word_1_892' title='bbox 2181 5155 2369 5194; x_wconf 88' lang='lat' dir='ltr'><strong>omnes</strong></span> <span class='ocrx_word' id='word_1_893' title='bbox 2398 5139 2555 5192; x_wconf 89' lang='lat' dir='ltr'><strong>codd.</strong></span> <span class='ocrx_word' id='word_1_894' title='bbox 2588 5155 2717 5201; x_wconf 88' lang='lat' dir='ltr'><strong>mss,</strong></span> <span class='ocrx_word' id='word_1_895' title='bbox 2748 5149 2802 5193; x_wconf 90' lang='lat' dir='ltr'><strong>et</strong></span> <span class='ocrx_word' id='word_1_896' title='bbox 2843 5138 2954 5204; x_wconf 90' lang='lat' dir='ltr'><strong>ed.,</strong></span> <span class='ocrx_word' id='word_1_897' title='bbox 2987 5146 3212 5205; x_wconf 83' lang='lat' dir='ltr'><strong>excepto</strong></span> <span class='ocrx_word' id='word_1_898' title='bbox 3262 5137 3471 5189; x_wconf 87' lang='lat' dir='ltr'><strong>Thoan.</strong></span> 
     </span>
    </p>
   </div>
   <div class='ocr_carea' id='block_1_131' title="bbox 1909 5206 3474 5277">
    <p class='ocr_par' dir='ltr' id='par_1_131' title="bbox 1909 5206 3474 5277">
     <span class='ocr_line' id='line_1_134' title="bbox 1909 5206 3474 5277; baseline -0.003 -14"><span class='ocrx_word' id='word_1_899' title='bbox 1909 5210 2047 5263; x_wconf 81' lang='lat' dir='ltr'><strong>Nihil</strong></span> <span class='ocrx_word' id='word_1_900' title='bbox 2073 5210 2279 5274; x_wconf 81' lang='lat' dir='ltr'><strong>proﬁcit</strong></span> <span class='ocrx_word' id='word_1_901' title='bbox 2299 5211 2562 5275; x_wconf 79' lang='lat' dir='ltr'><strong>congestis</strong></span> <span class='ocrx_word' id='word_1_902' title='bbox 2584 5209 2865 5277; x_wconf 74' lang='lat' dir='ltr'><strong>exemplis,</strong></span> <span class='ocrx_word' id='word_1_903' title='bbox 2889 5224 3005 5275; x_wconf 68' lang='lat' dir='ltr'><strong>quae</strong></span> <span class='ocrx_word' id='word_1_904' title='bbox 3031 5207 3134 5260; x_wconf 90' lang='lat' dir='ltr'><strong>alio</strong></span> <span class='ocrx_word' id='word_1_905' title='bbox 3158 5206 3474 5277; x_wconf 81' lang='lat' dir='ltr'><strong>respiciunt.</strong></span> 
     </span>
    </p>
   </div>
   <div class='ocr_carea' id='block_1_132' title="bbox 1907 5275 3475 5345">
    <p class='ocr_par' dir='ltr' id='par_1_132' title="bbox 1907 5275 3475 5345">
     <span class='ocr_line' id='line_1_135' title="bbox 1907 5275 3475 5345; baseline -0.004 -11"><span class='ocrx_word' id='word_1_906' title='bbox 1907 5279 2039 5334; x_wconf 84' lang='lat' dir='ltr'><strong>Nam</strong></span> <span class='ocrx_word' id='word_1_907' title='bbox 2062 5280 2376 5335; x_wconf 88' lang='lat' dir='ltr'><strong>Prudentius</strong></span> <span class='ocrx_word' id='word_1_908' title='bbox 2394 5295 2496 5333; x_wconf 91' lang='lat' dir='ltr'><strong>non</strong></span> <span class='ocrx_word' id='word_1_909' title='bbox 2513 5282 2604 5345; x_wconf 91' lang='lat' dir='ltr'><strong>ait,</strong></span> <span class='ocrx_word' id='word_1_910' title='bbox 2620 5275 2780 5335; x_wconf 84' lang='lat' dir='ltr'><strong>vitam</strong></span> <span class='ocrx_word' id='word_1_911' title='bbox 2798 5277 3123 5333; x_wconf 80' lang='lat' dir='ltr'><strong>libenterth</strong></span> <span class='ocrx_word' id='word_1_912' title='bbox 3139 5275 3314 5328; x_wconf 91' lang='lat' dir='ltr'><strong>munia</strong></span> <span class='ocrx_word' id='word_1_913' title='bbox 3333 5276 3475 5340; x_wconf 86' lang='lat' dir='ltr'><strong>egis-</strong></span> 
     </span>
    </p>
   </div>
   <div class='ocr_carea' id='block_1_133' title="bbox 1909 5345 3473 5425">
    <p class='ocr_par' dir='ltr' id='par_1_133' title="bbox 1909 5345 3473 5425">
     <span class='ocr_line' id='line_1_136' title="bbox 1909 5345 3473 5425; baseline -0.003 -22"><span class='ocrx_word' id='word_1_914' title='bbox 1909 5365 1989 5415; x_wconf 90' lang='lat' dir='ltr'><strong>se,</strong></span> <span class='ocrx_word' id='word_1_915' title='bbox 2015 5352 2106 5425; x_wconf 83' lang='lat' dir='ltr'><strong>sed</strong></span> <span class='ocrx_word' id='word_1_916' title='bbox 2136 5352 2233 5425; x_wconf 72' lang='lat' dir='ltr'><strong>cito</strong></span> <span class='ocrx_word' id='word_1_917' title='bbox 2266 5351 2582 5425; x_wconf 86' lang='lat' dir='ltr'><strong>tra_nsi_isse_:</strong></span> <span class='ocrx_word' id='word_1_918' title='bbox 2616 5352 2840 5419; x_wconf 84' lang='lat' dir='ltr'><strong>ideoque</strong></span> <span class='ocrx_word' id='word_1_919' title='bbox 2863 5349 3032 5425; x_wconf 78' lang='lat' dir='ltr'><strong>addit,</strong></span> <span class='ocrx_word' id='word_1_920' title='bbox 3070 5345 3281 5424; x_wconf 36' lang='lat' dir='ltr'><strong>[ir-epsit</strong></span> <span class='ocrx_word' id='word_1_921' title='bbox 3309 5345 3473 5425; x_wconf 74' lang='lat' dir='ltr'><strong>subito</strong></span> 
     </span>
    </p>
   </div>
   <div class='ocr_carea' id='block_1_134' title="bbox 1908 5416 3475 5480">
    <p class='ocr_par' dir='ltr' id='par_1_134' title="bbox 1908 5416 3475 5480">
     <span class='ocr_line' id='line_1_137' title="bbox 1908 5416 3475 5480; baseline -0.003 -7"><span class='ocrx_word' id='word_1_922' title='bbox 1908 5421 2135 5474; x_wconf 84' lang='lat' dir='ltr'><strong>canities.</strong></span> <span class='ocrx_word' id='word_1_923' title='bbox 2184 5423 2299 5476; x_wconf 83' lang='lat' dir='ltr'><strong>.lani</strong></span> <span class='ocrx_word' id='word_1_924' title='bbox 2326 5421 2391 5475; x_wconf 90' lang='lat' dir='ltr'><strong>de</strong></span> <span class='ocrx_word' id='word_1_925' title='bbox 2420 5422 2677 5475; x_wconf 88' lang='lat' dir='ltr'><strong>brevitate</strong></span> <span class='ocrx_word' id='word_1_926' title='bbox 2703 5416 2766 5475; x_wconf 77' lang='lat' dir='ltr'><strong>et</strong></span> <span class='ocrx_word' id='word_1_927' title='bbox 2792 5418 3073 5473; x_wconf 87' lang='lat' dir='ltr'><strong>velocitate</strong></span> <span class='ocrx_word' id='word_1_928' title='bbox 3115 5416 3234 5467; x_wconf 71' lang='lat' dir='ltr'><strong>vita:</strong></span> <span class='ocrx_word' id='word_1_929' title='bbox 3278 5416 3475 5480; x_wconf 89' lang='lat' dir='ltr'><strong>passim</strong></span> 
     </span>
    </p>
   </div>
   <div class='ocr_carea' id='block_1_135' title="bbox 1910 5486 3476 5562">
    <p class='ocr_par' dir='ltr' id='par_1_135' title="bbox 1910 5486 3476 5562">
     <span class='ocr_line' id='line_1_138' title="bbox 1910 5486 3476 5562; baseline -0.005 -17"><span class='ocrx_word' id='word_1_930' title='bbox 1910 5500 2097 5560; x_wconf 65' lang='lat' dir='ltr'><strong>poetae,</strong></span> <span class='ocrx_word' id='word_1_931' title='bbox 2132 5492 2349 5562; x_wconf 76' lang='lat' dir='ltr'><strong>volatilis</strong></span> <span class='ocrx_word' id='word_1_932' title='bbox 2371 5502 2515 5555; x_wconf 74' lang='lat' dir='ltr'><strong>tetas,</strong></span> <span class='ocrx_word' id='word_1_933' title='bbox 2539 5496 2742 5562; x_wconf 80' lang='lat' dir='ltr'><strong>fugaces</strong></span> <span class='ocrx_word' id='word_1_934' title='bbox 2764 5490 3169 5562; x_wconf 84' lang='lat' dir='ltr'><strong>anni,_pr0perat</strong></span> <span class='ocrx_word' id='word_1_935' title='bbox 3200 5500 3352 5562; x_wconf 74' lang='lat' dir='ltr'><strong>cursu</strong></span> <span class='ocrx_word' id='word_1_936' title='bbox 3374 5486 3476 5537; x_wconf 87' lang='lat' dir='ltr'><strong>vita</strong></span> 
     </span>
    </p>
   </div>
   <div class='ocr_carea' id='block_1_136' title="bbox 1911 5553 3477 5630">
    <p class='ocr_par' dir='ltr' id='par_1_136' title="bbox 1911 5553 3477 5630">
     <span class='ocr_line' id='line_1_139' title="bbox 1911 5553 3477 5630; baseline -0.006 -15"><span class='ocrx_word' id='word_1_937' title='bbox 1911 5553 2090 5628; x_wconf 66' lang='lat' dir='ltr'><strong>citato,</strong></span> <span class='ocrx_word' id='word_1_938' title='bbox 2126 5564 2257 5615; x_wconf 88' lang='lat' dir='ltr'><strong>volat</strong></span> <span class='ocrx_word' id='word_1_939' title='bbox 2272 5553 2755 5630; x_wconf 44' lang='lat' dir='ltr'><strong>&#39;ambigttis&#39;m&#39;obilis</strong></span> <span class='ocrx_word' id='word_1_940' title='bbox 2786 5560 2879 5611; x_wconf 90' lang='lat' dir='ltr'><strong>alis</strong></span> <span class='ocrx_word' id='word_1_941' title='bbox 2908 5553 3054 5619; x_wconf 82' lang='lat' dir='ltr'><strong>liora,</strong></span> <span class='ocrx_word' id='word_1_942' title='bbox 3087 5556 3189 5607; x_wconf 80' lang='lat' dir='ltr'><strong>vita</strong></span> <span class='ocrx_word' id='word_1_943' title='bbox 3220 5553 3374 5630; x_wconf 68' lang='lat' dir='ltr'><strong>volat,</strong></span> <span class='ocrx_word' id='word_1_944' title='bbox 3422 5566 3477 5611; x_wconf 84' lang='lat' dir='ltr'><strong>et</strong></span> 
     </span>
    </p>
   </div>
   <div class='ocr_carea' id='block_1_137' title="bbox 1911 5624 3470 5701">
    <p class='ocr_par' dir='ltr' id='par_1_137' title="bbox 1911 5624 3470 5701">
     <span class='ocr_line' id='line_1_140' title="bbox 1911 5624 3470 5701; baseline -0.006 -14"><span class='ocrx_word' id='word_1_945' title='bbox 1911 5624 2127 5687; x_wconf 83' lang='lat' dir='ltr'><strong>similia.</strong></span> <span class='ocrx_word' id='word_1_946' title='bbox 2162 5633 2300 5701; x_wconf 79' lang='lat' dir='ltr'><strong>Lege</strong></span> <span class='ocrx_word' id='word_1_947' title='bbox 2329 5624 2515 5688; x_wconf 74' lang='lat' dir='ltr'><strong>versus</strong></span> <span class='ocrx_word' id='word_1_948' title='bbox 2538 5630 2831 5694; x_wconf 69' lang='lat' dir='ltr'><strong>iuvenalis,</strong></span> <span class='ocrx_word' id='word_1_949' title='bbox 2857 5642 2990 5701; x_wconf 84' lang='lat' dir='ltr'><strong>quos</strong></span> <span class='ocrx_word' id='word_1_950' title='bbox 3012 5639 3150 5679; x_wconf 89' lang='lat' dir='ltr'><strong>nunc</strong></span> <span class='ocrx_word' id='word_1_951' title='bbox 3174 5624 3470 5701; x_wconf 64' lang='lat' dir='ltr'><strong>proferam.</strong></span> 
     </span>
    </p>
   </div>
   <div class='ocr_carea' id='block_1_138' title="bbox 1980 5696 3477 5767">
    <p class='ocr_par' dir='ltr' id='par_1_138' title="bbox 1980 5696 3477 5767">
     <span class='ocr_line' id='line_1_141' title="bbox 1980 5696 3477 5767; baseline -0.005 -11"><span class='ocrx_word' id='word_1_952' title='bbox 1980 5704 2069 5757; x_wconf 67' lang='grc'><strong>25.</strong></span> <span class='ocrx_word' id='word_1_953' title='bbox 2118 5696 2354 5758; x_wconf 71' lang='lat' dir='ltr'><strong>Vaticani</strong></span> <span class='ocrx_word' id='word_1_954' title='bbox 2381 5702 2507 5767; x_wconf 91' lang='lat' dir='ltr'><strong>duo,</strong></span> <span class='ocrx_word' id='word_1_955' title='bbox 2540 5701 2794 5765; x_wconf 85' lang='lat' dir='ltr'><strong>()brepsit,</strong></span> <span class='ocrx_word' id='word_1_956' title='bbox 2827 5700 2965 5767; x_wconf 89' lang='lat' dir='ltr'><strong>quod</strong></span> <span class='ocrx_word' id='word_1_957' title='bbox 3010 5697 3211 5750; x_wconf 87' lang='lat' dir='ltr'><strong>notavit</strong></span> <span class='ocrx_word' id='word_1_958' title='bbox 3235 5696 3477 5750; x_wconf 90' lang='lat' dir='ltr'><strong>Teolius.</strong></span> 
     </span>
    </p>
   </div>
   <div class='ocr_carea' id='block_1_139' title="bbox 1914 5766 3479 5841">
    <p class='ocr_par' dir='ltr' id='par_1_139' title="bbox 1914 5766 3479 5841">
     <span class='ocr_line' id='line_1_142' title="bbox 1914 5766 3479 5841; baseline -0.004 -14"><span class='ocrx_word' id='word_1_959' title='bbox 1914 5773 1979 5827; x_wconf 85' lang='lat' dir='ltr'><strong>Et</strong></span> <span class='ocrx_word' id='word_1_960' title='bbox 2029 5775 2332 5829; x_wconf 77' lang='lat' dir='ltr'><strong>confirmari</strong></span> <span class='ocrx_word' id='word_1_961' title='bbox 2392 5781 2565 5841; x_wconf 75' lang='lat' dir='ltr'><strong>poteSt</strong></span> <span class='ocrx_word' id='word_1_962' title='bbox 2605 5770 2761 5841; x_wconf 81' lang='lat' dir='ltr'><strong>lectio</strong></span> <span class='ocrx_word' id='word_1_963' title='bbox 2816 5766 2928 5823; x_wconf 63' lang='lat' dir='ltr'><strong>bare</strong></span> <span class='ocrx_word' id='word_1_964' title='bbox 2966 5784 3031 5822; x_wconf 83' lang='lat' dir='ltr'><strong>ex</strong></span> <span class='ocrx_word' id='word_1_965' title='bbox 3063 5766 3479 5841; x_wconf 85' lang='lat' dir='ltr'><strong>loeo_J_uve_nalis</strong></span> 
     </span>
    </p>
   </div>
   <div class='ocr_carea' id='block_1_140' title="bbox 1912 5837 3478 5915">
    <p class='ocr_par' dir='ltr' id='par_1_140' title="bbox 1912 5837 3478 5915">
     <span class='ocr_line' id='line_1_143' title="bbox 1912 5837 3478 5915; baseline -0.005 -17"><span class='ocrx_word' id='word_1_966' title='bbox 1912 5853 2014 5899; x_wconf 87' lang='lat' dir='ltr'><strong>sat.</strong></span> <span class='ocrx_word' id='word_1_967' title='bbox 2045 5846 2096 5909; x_wconf 87' lang='grc'>0,</span> <span class='ocrx_word' id='word_1_968' title='bbox 2130 5860 2286 5915; x_wconf 89' lang='lat' dir='ltr'><strong>quem</strong></span> <span class='ocrx_word' id='word_1_969' title='bbox 2338 5837 2585 5898; x_wconf 83' lang='lat' dir='ltr'><strong>indicavit</strong></span> <span class='ocrx_word' id='word_1_970' title='bbox 2622 5840 3005 5904; x_wconf 78' lang='lat' dir='ltr'><strong>Nebrissensis,</strong></span> <span class='ocrx_word' id='word_1_971' title='bbox 3039 5840 3176 5893; x_wconf 91' lang='lat' dir='ltr'><strong>male</strong></span> <span class='ocrx_word' id='word_1_972' title='bbox 3196 5837 3478 5912; x_wconf 85' lang='lat' dir='ltr'><strong>Virgilium</strong></span> 
     </span>
    </p>
   </div>
  </div>
