4102 6348
604 427 699 485 7⁸11

783 541 1013 598 Oblitum
1043 537 1237 594 veteris
1270 550 1356 592 me
1383 535 1544 592 Salia-
1575 534 1816 590 consulis
1846 547 2095 604 arguens.

604 633 670 688 25
852 631 1012 704 230
1040 628 1153 683 Sub
1181 643 1286 698 quo
1318 627 1488 696 prima
1511 626 1628 681 dies
1653 625 1786 681 mihi

683 753 708 774 .
779 725 946 791 Quam
979 723 1175 776 multas
1199 721 1404 777 hiemes
1432 720 1688 787 volverit,
1717 729 1770 776 et
1797 734 1950 776 rosas

783 793 952 868 Pratis
1005 820 1125 881 post
1182 811 1408 881 glaciem
1461 809 1798 879 reddiderit,
1863 811 1950 866 nix
2003 810 2189 881 capitis

985 957 988 960 .
1875 901 1893 975 [
1907 903 2114 972 probat.

855 994 1103 1066 Nunquid
1137 995 1260 1050 talia
1287 995 1579 1064 proderunt

779 1073 970 1143 Carnis
999 1095 1117 1157 post
1140 1087 1346 1141 obitum
1375 1087 1461 1140 vel
1493 1085 1654 1154 bona,
1686 1086 1769 1141 vel
1793 1087 1955 1152 mala,

1701 415 1976 475 AURELII
2017 418 2386 476 PRUDENTII
2426 417 2752 476 CAMIINA.

2216 523 2270 598 Α
2294 533 2362 589 50
2471 535 2600 589 Cum
2631 534 2764 603 jam,
2789 531 3046 605 quidquid
3081 530 3130 586 id
3158 539 3258 597 est,
3297 531 3435 602 quod
3470 530 3705 595 fueram,
3737 549 3872 584 mors

3781 421 3876 476 779.

3465 625 3813 696 [aboleverit‘i

2555 716 2846 788 Dicendum
2878 717 3008 770 mihi
3043 735 3054 769 :
3086 717 3338 786 Quisquis
3359 735 3451 782 es,

2479 809 2931 881 231Mundum,
2953 825 3106 879 quem
3129 809 3314 874 coluit,
3343 824 3493 862 mens
3515 819 3598 862 tua
3624 811 3873 877 pi'rdidit:

2477 901 2592 956 Non
2623 910 2750 957 sunt
2802 901 2889 954 illa
2925 902 3037 967 Dei,
3085 919 3204 972 qua:
3257 902 3490 965 studuit,
3539 903 3692 971 cujus
3724 905 3879 957 haben

3620 996 3635 1067 [
3651 996 3807 1050 beris.

2552 1087 2712 1157 Atqui
2744 1088 2848 1140 line
2877 1086 2976 1140 sub
3008 1085 3194 1140 ultimo

1929 1176 2215 1232 GLOSS/E
2261 1155 2602 1233 VETERES.

678 1295 766 1348 24.
799 1292 979 1354 Ξιιιίιιξ,
1011 1291 1149 1344 illius
1172 1292 1417 1355 consulis,
1455 1291 1554 1345 Iso.
1594 1289 1840 1344 Messalia
1870 1291 2046 1344 civitas
2072 1291 2190 1344 Ilis-

611 1366 799 1434 panitz,
851 1363 931 1415 ubi
981 1363 1302 1434 isteﬁconsul
1359 1363 1573 1434 fuerat.
1609 1362 1865 1434 Persius:
1902 1361 2192 1434 Messalina:

611 1431 752 1502 lippa
784 1449 1029 1503 prapago,
1084 1433 1201 1486 Vat.
1251 1436 1315 1486 A.
1365 1431 1608 1486 Messalia
1657 1432 1816 1502 regio,
1859 1431 1935 1484 vel
1989 1435 2188 1495 consul,

612 1505 730 1558 Vat.
760 1505 816 1557 S.
851 1533 918 1543 —
942 1503 1178 1572 Al‘guens
1199 1546 1212 1568 ,
1245 1503 1472 1572 metlso.

683 1576 771 1630 25.
797 1575 907 1628 Sub
938 1571 1061 1642 quo,
1087 1573 1311 1628 consule.
1343 1571 1424 1627 Ea;
1444 1591 1544 1644 quo
1573 1575 1639 1627 ad
1668 1573 1814 1627 illum
1843 1575 1974 1641 veni,
2009 1574 2046 1626 I.

682 1647 770 1698 27.
797 1645 916 1710 Nix,
945 1645 1190 1709 canities,
1226 1645 1264 1698 I.

681 1717 769 1770 29.
802 1717 964 1778 Bona,
997 1716 1078 1768 vel
1105 1716 1262 1777 mala,
1293 1715 1368 1768 vel
1399 1732 1665 1784 prospera,
1699 1717 1774 1769 vel
1816 1716 2048 1769 adversa.
2082 1714 2192 1767 Me-

611 1789 696 1840 dia
720 1788 876 1840 dicit!
915 1787 1059 1840 Unde
1090 1787 1336 1839 Salomon
1365 1803 1380 1839 :
1409 1786 1529 1840 Non
1557 1799 1628 1839 est
1669 1788 1940 1855 prudentia
1958 1828 1972 1849 ,
2000 1802 2099 1853 non
2124 1795 2194 1839 est

610 1860 860 1928 sapientia
913 1857 1050 1926 apud
1081 1857 1270 1923 inferos
1299 1873 1397 1925 quo
1450 1867 1502 1909 tu
1553 1874 1820 1927 properas.
1856 1857 2030 1911 Media
2075 1872 2194 1926 ergo

614 1941 750 1992 sunt,
778 1931 962 1999 quaziin
997 1928 1092 1980 Iiac
1137 1929 1232 1980 rita
1281 1940 1326 1981 et
1365 1929 1533 1991 bonis,
1579 1941 1624 1980 et
1675 1930 1822 1980 inalis
1863 1928 2195 1981 communiter

613 1998 866 2060 ttieniunt,
901 1998 939 2052 I.
973 1999 1243 2068 Prospera,
1275 2012 1318 2052 et
1347 2001 1582 2063 adversa,
1619 2000 1736 2052 Vat.
1761 1999 1826 2052 Α.

683 2070 768 2124 50.
800 2069 1134 2132 Aboleverit,
1169 2070 1425 2134 deleverit,
1464 2070 1499 2124 l.
1548 2072 1735 2123 Aboleo
1777 2070 2102 2140 componitur
2156 2087 2187 2120 a

2296 1293 2443 1346 verbo
2474 1295 2573 1358 leo,
2601 1290 2737 1360 quod
2762 1308 2859 1345 non
2887 1300 2957 1345 est
2988 1293 3039 1346 in
3062 1307 3178 1356 usu,
3208 1291 3282 1344 sic
3302 1291 3467 1354 deleo,
3503 1290 3620 1344 Vat.
3655 1293 3718 1344 Α.

2369 1366 2457 1418 51.
2492 1362 2783 1416 Dicendum
2833 1363 2984 1427 mihi,
3028 1380 3099 1418 sc.
3147 1362 3321 1416 habes.
3353 1392 3420 1400 —-
3446 1363 3696 1431 Quisquis
3745 1379 3822 1425 es,
3853 1380 3878 1414 ο

2299 1436 2476 1499 lector,
2511 1435 2548 1487 I.

2371 1508 2458 1561 5:2.
2494 1507 2638 1559 Mens
2668 1517 2774 1568 tua,
2805 1521 2834 1556 0
2865 1501 3140 1558 Prudenti.
3165 1533 3233 1543 —
3263 1501 3522 1564 Perdidit,
3553 1501 3603 1554 in
3636 1514 3814 1566 morte,
3843 1505 3873 1555 l.

2371 1577 2455 1630 55.
2492 1575 2602 1641 Illa,
2638 1577 2926 1629 surcularia.
2967 1604 3035 1614 —
3067 1575 3232 1643 Cujus
3274 1574 3577 1638 habeberis,
3607 1577 3752 1643 cujus
3783 1593 3878 1626 stir-

2301 1664 2390 1700 vus
2432 1656 2524 1699 Bal.
2561 1649 2637 1700 Ad
2671 1663 2818 1717 quem
2857 1647 3176 1700 solummodo
3208 1646 3513 1714 pertinebis,
3543 1655 3632 1696 aut
3665 1656 3714 1696 ut
3744 1655 3879 1717 tere-

2299 1730 2546 1780 muneret,
2577 1729 2662 1770 aut
2685 1716 2825 1771 certe
2866 1719 3093 1783 damnet,
3127 1718 3236 1770 i..e.
3265 1717 3331 1769 ad
3356 1717 3692 1787 puniendum,
3716 1716 3787 1766 rel
3818 1717 3880 1766 ad

2298 1789 2750 1854 remunerandum,
2782 1789 2825 1842 l.
2849 1788 3008 1856 Cujus
3036 1789 3154 1852 eris,
3204 1797 3250 1841 et
3279 1785 3514 1855 ad‘quem
3543 1785 3708 1838 solum
3733 1792 3879 1852 perti-

2301 1861 2472 1920 nebis;
2500 1857 2594 1912 Dei
2619 1860 2749 1912 enim
2783 1861 2936 1913 solius
2963 1869 3180 1928 potestas
3199 1866 3270 1912 est
3299 1859 3483 1912 animm
3510 1864 3621 1928 post.
3654 1867 3877 1922 mortem,

2230 1915 2272 1976 Β
2306 1931 2421 1986 Vat.
2459 1915 2526 1983 Ἀ.

2367 2001 2452 2055 54.
2481 2003 2661 2071 Atqui,
2708 2003 2892 2070 potius,
2921 2009 3076 2066 certe,
3111 2003 3150 2056 ι.

1970 2159 2532 2247 COMMENTARIUS.

616 2292 710 2343 pro
739 2275 991 2329 .ltivenale
1021 2275 1242 2328 laudans
1269 2294 1279 2326 :

925 2366 1142 2416 Festinat
1161 2370 1286 2417 enim
1304 2365 1573 2416 decurrere
1599 2366 1738 2416 velox

681 2429 714 2477 1³
722 2429 964 2488 losculus;
991 2435 1227 2489 angustae,
1253 2431 1546 2491 miseraeque
1575 2430 1858 2478 brevissima
1880 2431 1991 2479 \‘ILI‘

678 2494 838 2540 l'ortio
863 2505 877 2540 :
903 2491 1016 2540 dum
1044 2492 1267 2552 bibimus,
1291 2492 1578 2553 dumrserta,
1607 2498 1875 2553 unguenta,
1905 2505 2137 2553 rosasque

678 2555 948 2616 Poscimus,
973 2553 1172 2615 obrepit
1192 2566 1284 2601 non
1307 2552 1554 2603 intellecta
1580 2552 1826 2602 seuecms.

617 2659 826 2728 lri'epsit
870 2659 991 2728 legit
1025 2659 1127 2721 Iso,
1186 2656 1336 2726 Cujus
1374 2657 1580 2726 glossa,
1617 2655 1852 2726 Irrepere
1901 2666 1973 2708 est
2001 2657 2199 2725 aliquid

616 2727 830 2783 latenter
859 2727 1054 2800 rapere.
1093 2729 1262 2800 Egoa
1298 2743 1418 2794 repo
1449 2731 1803 2795 compositum
1842 2727 1980 2792 dico,
2015 2737 2069 2781 et
2093 2731 2201 2780 l'or—

617 2812 757 2856 lassc
781 2802 862 2854 lso
894 2799 1170 2868 seripserit
1200 2799 1412 2850 latenter
1436 2813 1626 2865 repere.

681 2871 773 2924 24.
815 2867 1023 2924 'I'liuan.
1067 2880 1120 2923 et
1169 2870 1276 2922 Alt.
1325 2870 1468 2921 clare
1499 2883 1578 2919 me
1627 2867 1806 2920 Saliai.
1841 2867 1972 2921 Male
2005 2867 2197 2936 lIails.,

619 2943 795 3010 I'lgm.,
832 2941 1023 2993 Palat..
1057 2939 1347 3010 Messalae;
1371 2937 1512 3010 Nat.
1549 2942 1644 2999 0.,
1677 2937 1953 3010 Mesaliai;
1989 2939 2127 3010 Vati.
2161 2941 2198 2993 Ι.

618 3008 779 3077 ΝῬἿ
825 3011 993 3074 Wid.,
1030 3010 1219 3075 Bong.,
1249 3008 1429 3072 Giild.,
1475 3009 1766 3073 Messatitr;
1806 3012 2016 3076 Angeb,
2059 3009 2197 3063 illes-

621 3082 775 3146 salte;
827 3083 911 3134 alii
962 3080 1221 3134 Massiliw.
1260 3078 1376 3132 Vid.
1423 3084 1556 3148 prol.
1591 3096 1736 3132 num.
1783 3081 1849 3134 59
1896 3089 1949 3134 et
1995 3096 2106 3150 seq.
2143 3081 2198 3136 In

627 3155 744 3206 Vat.
777 3154 821 3206 A
847 3152 1066 3206 ridicula
1097 3160 1181 3204 est
1229 3151 1422 3216 glossa.
1451 3150 1529 3204 Cl.
1558 3149 1863 3204 Gallandius
1889 3149 2088 3217 tnonet,
2123 3152 2199 3205 lc-

621 3228 818 3278 tionem
873 3239 949 3276 mc
996 3222 1157 3276 Salia:
1209 3223 1468 3289 placuisse
1508 3226 1666 3275 etiam
1715 3223 2110 3276 Alnieloveenio
2147 3225 2196 3278 in

619 3296 795 3348 Fastis
823 3295 979 3347 Itoni.
1003 3308 1180 3354 cons.,
1209 3307 1325 3361 pag.
1356 3293 1476 3358 162,
1503 3293 1591 3360 qui
1616 3309 1732 3360 pag.
1763 3293 1867 3347 554
1889 3308 2058 3346 annos
2079 3295 2196 3360 qui-

622 3369 717 3419 bus
743 3365 980 3419 Messala:
1005 3367 1214 3417 luerunt
1234 3366 1503 3430 coosules,
1528 3378 1683 3417 secus
1705 3379 1763 3416 ac
1782 3362 2194 3429 Chamitlardus,

2309 2277 2408 2328 dus
2458 2275 2720 2329 Manutius
2763 2274 2908 2329 Pauli
2953 2274 3015 2327 F.
3050 2277 3100 2328 in
3147 2273 3521 2342 orthographia
3580 2274 3746 2329 verb.)
3785 2275 3877 2328 Tu-

2310 2345 2539 2399 tellarius
2587 2345 2740 2399 all‘ert
2799 2355 3034 2400 veterem
3089 2345 3487 2412 Inscripticnem
3552 2348 3612 2402 C.
3672 2347 3873 2399 Sumo.

2312 2420 2671 2471 ARISTENETO.
2727 2416 2790 2472 ν.
2824 2417 2884 2472 C.
2917 2416 3112 2470 Contra
3161 2427 3363 2470 certum
3408 2426 3509 2483 est,
3561 2436 3590 2470 ιι
3641 2413 3878 2469 Romanis

2313 2489 2475 2540 scribi
2508 2488 2660 2550 Salii,
2685 2496 2738 2542 et
2761 2487 2964 2540 Saliare
2989 2503 3190 2540 carmen
3216 2488 3370 2542 unico
3399 2487 3437 2538 Ι.

2381 2559 2470 2610 25.
2503 2559 2676 2627 Aliqui
2730 2559 2867 2612 male
2917 2558 3266 2626 distinguunt,
3315 2560 3421 2612 Sub
3445 2575 3543 2628 quo
3587 2562 3747 2629 prima
3778 2561 3876 2611 (lies

2313 2632 2434 2681 inihi
2450 2672 2464 2694 ,
2491 2646 2640 2698 quam
2673 2629 2858 2682 ntultas
2881 2629 3068 2683 hiemes
3095 2632 3319 2684 volverit.
3382 2679 3384 2681 _

2380 2701 2468 2753 26.
2502 2701 2724 2755 Carolus
2765 2700 3054 2766 Paschals,
3093 2699 3158 2755 de
3208 2702 3434 2754 Coronis
3481 2715 3600 2770 pag.
3634 2701 3755 2762 H7,
3789 2701 3875 2750 IiIl.

2310 2787 2385 2837 ιιι,
2435 2787 2549 2840 Cap.
2585 2774 2639 2834 ὅ,
2683 2772 2915 2842 probans
2949 2774 3091 2824 veris
3127 2772 3395 2840 specimen
3427 2789 3546 2826 csse
3587 2785 3736 2825 rosas
3791 2771 3878 2824 litis

2309 2858 2494 2896 versus
2524 2844 2722 2896 laudat.
2748 2844 2883 2910 Ang.
2911 2858 2972 2894 ac
2996 2858 3135 2895 rosas
3161 2858 3255 2911 pro
3279 2852 3343 2896 et.

2379 2915 2464 2967 ‘27.
2499 2913 2768 2978 IIoratius,
2805 2914 2895 2966 lib.
2924 2928 2997 2977 tv,
3027 2913 3115 2966 od.
3153 2916 3236 2980 15,
3265 2925 3309 2966 et
3330 2914 3512 2982 capitis
3535 2915 3693 2967 uires.

2377 2984 2466 3039 28.
2494 2985 2628 3038 Male
2654 2984 2750 3054 Eg.
2775 2994 2828 3038 et
2850 2983 2986 3048 PaL,
3012 2985 3278 3054 proferunt
3311 3000 3405 3052 pro
3427 2986 3723 3054 proderunt.

2378 3055 2465 3110 ‘29.
2495 3055 2716 3126 lntelligi
2756 3062 2949 3126 potest,
2994 3054 3336 3126 Prudentium
3381 3057 3520 3124 loqui
3550 3056 3617 3108 de
3639 3058 3770 3111 solis
3793 3058 3876 3108 bo-

2309 3128 2389 3181 nis
2425 3124 2824 3195 lorlutim,qum
2865 3125 2999 3180 falso
3041 3124 3171 3179 bona
3216 3128 3574 3195 appellantur,
3609 3137 3663 3180 et
3717 3127 3879 3196 potius

2306 3199 2442 3252 mala
2473 3207 2654 3252 essent
2681 3196 2904 3251 dicenda
2923 3238 2935 3258 ,
2963 3212 3082 3250 eum
3113 3197 3165 3251 in
3199 3202 3394 3252 malum
3420 3197 3676 3251 inducant
3702 3217 3715 3250 ε
3742 3201 3879 3251 idea-

2305 3286 2406 3340 que
2437 3271 2530 3340 ait,
2569 3269 2692 3322 talia
2719 3269 2800 3322 vel
2825 3267 2986 3331 bona,
3029 3268 3111 3326 vel
3133 3269 3292 3340 mala,
3333 3279 3549 3324 utvers.
3589 3270 3689 3335 55,
3733 3267 3877 3340 Ilym.

2302 3339 2379 3392 ἃς
2430 3339 2754 3407 Qutrcunque
2803 3355 2892 3391 nos
2943 3341 3124 3407 iit/lant
3181 3339 3336 3395 mala.
3386 3341 3627 3395 Alcimus
3676 3339 3877 3402 Avitus,

622 3437 864 3506 digessit.
888 3437 1174 3506 Peveiatus
1195 3406 1512 3502 scripturam
1536 3449 1614 3486 me
1636 3432 1851 3498 Galliis,
1877 3450 2031 3506 quam
2056 3406 2194 3503 apud
2221 3406 2268 3471 Ο
2303 3411 2399 3506 ίίδή
2422 3427 2470 3464 ν¹
2499 3426 2512 3465 ³

620 3504 902 3561 nonnullos
957 3505 1181 3569 viderat,
1212 3505 1402 3557 merito
1451 3514 1608 3557 vocat
1653 3505 1910 3574 ineptam.
1955 3504 2195 3560 Latinius

623 3584 674 3631 in
710 3580 846 3632 Bibl.
878 3578 1059 3632 select.
1093 3575 1216 3644 legit
1245 3591 1324 3627 me
1351 3575 1534 3628 Saliae.
1564 3576 1666 3629 Sed
1698 3591 1818 3629 cum
1854 3577 1903 3628 id
1949 3593 2082 3645 opus
2128 3578 2198 3630 sit

619 3651 982 3717 postliumum,
1037 3645 1543 3717 opiuor,Latiuium
1590 3647 1868 3714 scripsisse
1908 3663 1983 3699 me
2013 3646 2192 3700 Satur.

623 3716 941 3773 Muralorius
973 3735 1023 3770 in
1057 3717 1202 3769 Novo
1230 3716 1505 3770 Thesauro
1535 3717 1956 3783 in<criptionutii,
1993 3727 2122 3770 tom.
2156 3718 2194 3780 ι,

621 3791 779 3841 tlziss.
808 3790 858 3850 5,
894 3803 1010 3857 pag.
1044 3787 1168 3850 579,
1201 3785 1415 3857 diverso
1441 3786 1602 3839 modo
1631 3787 2058 3857 scripsitnomen
2095 3788 2195 3840 liu-

621 3861 701 3927 ius
732 3853 986 3922 consulis,
1035 3857 1237 3927 scilicet
1286 3853 1497 3924 Filippo
1547 3865 1590 3907 tt
1644 3853 1789 3910 Salio
1833 3855 1973 3927 Coss.
2005 3862 2072 3911 At
2115 3859 2198 3912 in-

621 3926 840 3997 Scriplio
889 3929 977 3982 illa
1006 3928 1143 3996 apud
1189 3926 1532 3980 Muratoriuiii
1566 3941 1673 3997 non
1701 3934 1784 3981 est
1831 3926 2058 3981 ﬁdeliter
2103 3928 2198 3983 de-

621 3995 840 4067 scripta.
872 3995 1050 4052 Exstat
1091 3999 1140 4051 in
1173 3998 1500 4062 monasterio
1527 3997 1582 4053 S.
1620 3995 1767 4052 Pauli
1797 4009 1947 4052 extra
1977 3998 2193 4063 Urbem,

617 4079 670 4124 et
699 4073 765 4124 ita
793 4079 1005 4125 exarata
1037 4078 1150 4123 est:

973 4179 1080 4216 MIHI
1107 4175 1348 4216 DONITATI
1385 4176 1505 4224 ATQ.
1530 4175 1840 4214 SANCTITATI

760 4249 974 4290 ESVBIAE
1003 4248 1286 4288 IANVARIAE
1323 4247 1530 4286 CONIVGI
1563 4247 1662 4294 ονε
1696 4247 1840 4284 VIKIT
1873 4247 2048 4284 MECVM

619 4321 784 4362 ANNOS
817 4322 960 4359 XVIII.
990 4322 1044 4358 Μ.
1075 4321 1125 4357 ν.
1165 4309 1225 4357 οἱ
1247 4319 1369 4356 ην.
1405 4317 1660 4356 ARBADIVS
1690 4317 1935 4356 MELISSVS
1969 4316 2199 4357 MABITVS

619 4396 680 4432 ET
725 4393 820 4430 Sim
863 4392 1013 4430 FECIT
1061 4382 1092 4427 o
1140 4389 1413 4427 perosus.
1466 4389 1536 4426 IN.
1589 4389 1741 4425 race.
1790 4387 1866 4426 ιιι.
1911 4389 2032 4427 κιιι..
2076 4389 2196 4428 Ανκ.

1512 4459 1710 4497 FILIPPO
1741 4460 1803 4497 ΕΤ
1835 4460 2018 4497 SAI.LI.\
2052 4459 2196 4498 COSS.

620 4560 940 4615 Muratorius
968 4557 1165 4622 edidit,
1194 4556 1326 4608 Mire
1362 4557 1675 4610 bonitatis...
1705 4556 1766 4608 L.
1796 4557 1968 4610 Snbie.
2006 4557 2198 4612 Ianua-

619 4634 758 4684 rie...
787 4629 852 4681 Ι).
900 4628 1023 4681 XX.
1068 4627 1390 4679 l’aradius...
1426 4624 1633 4695 Filippo
1663 4637 1707 4678 et
1734 4627 1876 4679 Salio
1903 4643 2034 4692 coss,
2063 4629 2198 4681 Cor-

619 4707 908 4755 rectionem
937 4700 1094 4768 hujus
1132 4696 1495 4768 inscriptionis
1525 4697 1898 4768 bluratorianae
1920 4711 2194 4767 acceptam

617 4771 878 4846 reb-ro].
903 4765 1215 4846 C._Aloysio
1239 4765 1478 4832 Galletti,
1507 4766 1758 4835 episcopo
1783 4765 2075 4846 (gyrenensi
2105 4786 2196 4846 cu-
2225 4787 2273 4846 ι)

615 4843 704 4912 jus
733 4837 1142 4896 celeberrimum
1174 4849 1255 4893 est
1299 4853 1512 4912 nomen
1541 4855 1589 4891 in
1620 4848 1705 4912 tot
1729 4837 2090 4912 voluminibus
2114 4842 2193 4893 in-

617 4908 965 4982 scriptionum
994 4912 1196 4982 pridem
1225 4909 1467 4982 excusis.
1496 4908 1545 4962 Is
1583 4910 1708 4982 olim
1741 4909 1979 4977 privatus
2010 4925 2192 4982 mena-

616 4980 746 5039 chus
773 4984 899 5038 dum
922 4989 1086 5046 esset,
1125 4980 1401 5050 diligentia
1428 4981 1685 5048 singulari
1713 4994 1956 5050 magnam
1983 4981 2190 5049 copiam

619 5064 857 5110 veterum
882 5053 1117 5120 lapidum
1144 5067 1173 5105 e
1202 5049 1504 5120 pavimento
1527 5050 1758 5105 basilica:
1783 5051 1840 5105 S.
1875 5049 2043 5116 Pauli,
2078 5067 2192 5103 ino-

613 5128 871 5192 nasterio,
919 5122 1211 5192 vicinisqtic
1267 5121 1478 5190 prandiis
1527 5121 1805 5176 collectam
1858 5123 1908 5174 in
1959 5125 2191 5192 claustro

616 5196 924 5250 monasterii
951 5191 1252 5256 collocavit,
1279 5203 1330 5244 et
1354 5192 1539 5244 ordine
1559 5192 1805 5260 digessit,
1833 5202 1964 5245 scite
1995 5191 2189 5245 distin-

610 5285 776 5337 guens
826 5266 1198 5337 inscriptiones
1242 5260 1570 5337 Christianas
1611 5271 1661 5314 et
1710 5261 1956 5337 profanas
1997 5264 2184 5337 :_quod

611 5331 918 5404 Exemplum
947 5331 1038 5389 alii
1069 5333 1257 5387 imitati
1285 5341 1410 5404 sunt
1440 5331 1490 5382 in
1518 5333 1759 5404 ortiando
1787 5332 1931 5385 aditu
1973 5333 2038 5386 ad
2070 5349 2184 5386 mu-

610 5425 760 5461 scum
781 5402 1119 5466 Vaticanum,
1153 5403 1294 5470 quod
1329 5411 1510 5454 nostra
1541 5402 1769 5469 denique
1797 5412 2034 5470 tempore
2063 5404 2185 5458 Pius

613 5479 696 5540 Vl,
732 5483 978 5547 princeps
1001 5472 1560 5547 niunilicentissinius,
1594 5472 1832 5538 provexit
1865 5483 1918 5547 et
1959 5475 2185 5547 amplili-

610 5542 748 5602 cavit
775 5550 838 5601 ad
861 5542 1083 5600 aliarum
1115 5545 1353 5616 gentium
1375 5542 1804 5616 admirationem,
1839 5551 1892 5597 et
1912 5546 2177 5598 invidiam.

613 5619 773 5690 Igitur
823 5619 958 5672 inter
983 5612 1316 5690 Christianas
1339 5612 1722 5690 inscriptiones
1766 5615 1816 5690 in
1845 5630 1923 5690 eo‘
1949 5617 2183 5690 claustro

610 5682 864 5746 collectas
906 5689 1163 5757 reperitur
1196 5685 1468 5752 inscript-io
1497 5682 1847 5757 allluratorio
1877 5685 2063 5757 allata,
2095 5687 2181 5741 tibi

613 5763 803 5831 legitur
829 5755 1041 5831 quidem
1068 5759 1267 5821 Sallt’a;
1305 5757 1395 5818 sed
1441 5756 1616 5831 potius
1641 5755 1953 5831 corrigenda
1980 5767 2060 5831 est
2105 5760 2183 5831 in-

595 5826 937 5900 ‘sfriptitfex
974 5829 1280 5891 Prudentia,
1329 5842 1492 5900 quain
1531 5826 1849 5900 Prudentius
1896 5842 1957 5900 cit
1994 5827 2181 5900 inseri-

615 5895 1030 5965 ptioiie,i1ti:eiii
1063 5901 1241 5953 limine
1287 5900 1401 5965 ipso
1418 5896 1660 5962 olfendit,
1691 5895 1811 5950 Miri
1833 5897 2059 5950 bonitati.
2094 5899 2180 5951 Al-

2363 3505 2666 3566 Naturaique
2686 3504 2853 3560 etiam,
2880 3502 2957 3566 vel
2983 3505 3216 3566 corporis,
3246 3513 3517 3563 extet-aque
3544 3504 3639 3565 illa,

2363 3571 2478 3626 Quas
2501 3563 2622 3614 bona
2650 3565 2855 3614 fortunae
2875 3563 2995 3613 falso
3019 3565 3268 3627 appellare
3292 3567 3522 3615 solemus.

2299 3693 2502 3746 Savaro
2526 3691 2576 3744 in
2601 3689 2904 3754 Sidonium,
2937 3703 3056 3758 pag.
3082 3688 3209 3757 ιτο,
3247 3692 3394 3759 plura
3425 3692 3474 3744 in
3504 3706 3616 3745 eam
3651 3702 3876 3745 senten-

2301 3765 2427 3817 tiam
2461 3761 2618 3815 alIert
2654 3762 2718 3814 ad
2749 3762 2907 3816 verba
2935 3761 3139 3830 Sidonii
3169 3779 3180 3812 :
3215 3762 3342 3828 Qua:
3372 3763 3498 3814 bona
3543 3763 3710 3816 stultis
3741 3762 3879 3830 {also

2299 3843 2563 3897 vocantur,
2593 3841 2647 3886 et
2689 3831 2756 3886 ad
2803 3831 2964 3885 verba
2991 3850 3003 3882 :
3037 3829 3097 3885 Si
3125 3832 3247 3900 quid
3285 3834 3514 3902 agimus,
3545 3849 3602 3885 tto
3626 3829 3789 3898 trum,
3840 3836 3885 3888 si

2299 3906 2424 3971 quid
2445 3903 2708 3967 habemus,
2742 3904 2966 3955 alienum
2987 3910 3082 3955 est.

2371 3978 2459 4030 50.
2495 3973 2598 4029 Alii
2652 3974 2844 4044 glossa:
2896 3973 3273 4044 etymologiam
3316 3989 3418 4028 non
3469 3974 3782 4039 admittunt,
3828 3985 3880 4030 et

2303 4047 2445 4099 deleo
2463 4049 2709 4114 componi
2739 4047 2886 4098 aiunt
2915 4059 2943 4096 a
2967 4045 3135 4097 verba
3153 4046 3284 4107 oleo,
3309 4046 3384 4098 uti
3411 4045 3579 4098 aboleo
3595 4055 3649 4098 et
3677 4048 3875 4098 exolca.

2303 4116 2434 4171 Vide
2463 4117 2783 4170 Becmanum
2816 4116 2883 4169 de
2906 4116 3050 4184 Orig.
3086 4114 3212 4183 ling.
3237 4115 3351 4168 Lat.
3382 4117 3481 4169 Pro
3503 4117 3554 4168 id
3579 4126 3651 4168 est
3685 4118 3738 4168 in
3774 4117 3880 4178 Pr.,

2303 4195 2353 4240 et
2377 4187 2492 4240 Ilat.
2527 4185 2678 4253 idem,
2705 4187 2861 4240 male.
2886 4185 3071 4239 Melior
3101 4197 3178 4240 est
3203 4187 3358 4240 lectio
3381 4187 3756 4256 Ang.,fueriin
3787 4203 3880 4255 pro

2301 4261 2517 4326 fueram,
2549 4273 2705 4324 quam
2749 4256 3120 4325 amplecterer,
3168 4257 3266 4310 nisi
3315 4257 3626 4311 vetustiores
3663 4259 3882 4312 codices

2303 4328 2670 4382 dissentirent.

2375 4400 2432 4452 3i
2450 4439 2462 4454 .
2493 4398 2658 4452 Isonis
2677 4397 3172 4466 interpretationem
3199 4406 3343 4452 tenet
3365 4397 3756 4452 Nebrissensis.
3782 4399 3885 4452 Sed

2303 4485 2460 4523 verus
2514 4484 2702 4523 Sensus
2741 4477 2860 4522 est:
2895 4467 3036 4519 Dicet
3068 4469 3194 4520 mihi
3235 4470 3454 4535 aliquis:
3493 4467 3772 4532 Prndenti,
3817 4470 3885 4521 vel

2299 4541 2524 4609 quisquis
2567 4556 2641 4593 es.
2678 4538 2968 4593 Martianus
3006 4539 3246 4608 Capella,
3289 4540 3380 4594 lib.
3407 4555 3521 4606 vni,
3565 4540 3730 4604 paulo
3775 4549 3885 4608 post

2301 4610 2510 4663 initium
2543 4628 2555 4662 :
2591 4609 2689 4663 Na:
2722 4619 2798 4676 tu,
2827 4611 2919 4674 ait,
2951 4610 3154 4679 infelix,
3187 4610 3261 4662 vel
3284 4609 3512 4678 Capella,
3539 4610 3610 4662 vel
3650 4611 3884 4679 quisyu‘s

2301 4698 2372 4744 es,
2404 4690 2505 4734 t'lC.

2373 4752 2459 4804 5'2.
2486 4750 2657 4806 Verba
2703 4751 2816 4805 haec
2863 4762 2986 4806 sunt
3033 4751 3353 4820 alloquentis
3385 4747 3735 4803 Prudentium
3771 4759 3886 4818 post

2301 4822 2528 4876 obitum.
2569 4824 2682 4876 Non
2710 4822 2870 4876 audio
2892 4823 3208 4884 Giselinum,
3238 4822 3324 4890 qui
3355 4821 3633 4890 enallagen
3675 4831 3886 4889 tempo-

2299 4895 2370 4946 ris
2403 4894 2503 4948 lioc
2535 4894 2650 4948 loco
2678 4894 2915 4961 agnoscit
2951 4894 3172 4962 perdidit
3202 4907 3297 4958 pro
3320 4891 3510 4960 perdet,
3542 4890 3768 4962 amittet.

2368 4966 2454 5018 55.
2488 4965 2540 5018 lii
2573 4965 2656 5016 I’r.
2685 4959 2779 5031 pro
2811 4959 3007 5016 studuit
3050 4972 3128 5016 est
3171 4959 3358 5032 ﬂuunt,
3385 4963 3542 5016 male.
3587 4959 3759 5032 Cujus
3805 4964 3886 5013 vel

2301 5046 2381 5086 est
2411 5036 2767 5088 Ilellenismns
2794 5035 2842 5085 in
2869 5049 2992 5087 casu
3023 5031 3270 5101 gignendi
3303 5048 3446 5102 proa
3476 5031 3885 5102 quohabebiris,

2298 5106 2376 5158 vel
2413 5114 2495 5158 est
2541 5104 2846 5158 nominandi
2879 5119 3064 5165 casus,
3101 5113 3159 5157 ut
3206 5105 3344 5172 apud
3374 5103 3674 5174 Virgilium
3710 5107 3886 5174 cujnm

2297 5192 2466 5244 pecus,
2501 5179 2640 5244 quod
2669 5174 2898 5243 maligne
2923 5174 3116 5242 aliquis
3149 5176 3350 5226 nutavit
3373 5173 3471 5226 hac
3504 5173 3732 5243 parudia
3766 5196 3777 5225 ;

2358 5287 2445 5335 llic
2472 5289 2606 5347 mihi,
2636 5289 2869 5346 Damteta,
2905 5287 3062 5346 cujum
3089 5285 3274 5347 pecus?
3300 5300 3426 5336 sane
3453 5287 3681 5336 Latinum
3708 5290 3740 5322 ’-

2358 5351 2458 5398 Nou
2484 5367 2494 5407 ;
2539 5364 2705 5398 verum
2732 5349 2930 5411 [Egonis
2953 5365 2964 5399 :
2991 5352 3144 5399 nostri
3170 5354 3238 5398 sic
3263 5363 3381 5398 rure
3409 5349 3692 5412 loquuntur.

2293 5477 2479 5531 Cicero
2499 5478 2658 5530 etiam
2691 5477 2743 5530 in
2772 5475 2894 5533 Ver.
2931 5487 3068 5530 orat.
3099 5477 3182 5540 l3,
3211 5475 3340 5544 Cuja
3362 5493 3460 5528 res.
3490 5475 3710 5527 Plautus
3742 5492 3886 5543 sepe

2294 5549 2534 5609 adhibet,
2558 5565 2696 5614 cuju,
2729 5549 2878 5618 cujw,
2902 5551 3097 5618 cujunt.
3126 5547 3255 5600 Vide
3277 5545 3428 5600 Com.
3451 5545 3618 5618 Si-rtii
3649 5545 3706 5598 in
3738 5547 3780 5599 Υ
3809 5563 3884 5616 rg.

2297 5620 2476 5688 lit-Iug.
2511 5621 2563 5682 Si,
2608 5628 2661 5671 et
2688 5617 2933 5672 V'osstuin
2966 5619 3032 5672 de
3063 5617 3211 5670 Vitiis
3238 5630 3404 5670 serui.
3447 5632 3578 5688 cap."
3602 5617 3621 5669 l
3648 5659 3663 5683 ,
3707 5619 3806 5672 lib.
3849 5635 3885 5671 i.

2295 5689 2349 5742 Si
2379 5687 2643 5755 intelligas
2667 5705 2783 5742 esse
2813 5693 2962 5760 cujus
2997 5691 3052 5760 iii
3077 5687 3328 5760 gignendi
3369 5703 3514 5760 casu,
3548 5687 3888 5741 (Ircecisiiius

2293 5773 2369 5811 est
2403 5761 2590 5812 similis
2621 5761 2741 5813 huic
2781 5758 2996 5812 .luvt-nci
3044 5759 3136 5813 lib.
3170 5775 3216 5812 Iv
3245 5774 3259 5812 :
3297 5758 3623 5809 dominantur
3672 5775 3887 5823 eorum,

2295 5830 2469 5897 plir.isi
2502 5847 2562 5882 ex
2591 5831 2755 5882 sacris
2790 5830 3002 5882 Litteris
3025 5833 3206 5897 petita.

2362 5902 2446 5953 δι.
2500 5902 2777 5961 Sapientes
2836 5901 2931 5954 viri
2962 5917 3080 5955 cum
3130 5899 3194 5953 ad
3226 5905 3555 5952 senectutem
3585 5900 3888 5956 accedunt.
