4102 6348
598 337 697 391 775

596 452 756 526 233
850 452 975 525 llaec
1004 451 1129 508 dum
1161 450 1369 518 Scribo,
1398 430 1485 506 ‘vel
1518 450 1763 519 eloquor,

1698 331 1971 389 AURELll
2012 331 2386 391 PRUDENTII
2425 332 2755 392 CARMINA.

2214 460 2269 519 Α

3779 344 3877 399 776

2472 449 2673 506 Vinclis
2704 467 2735 505 ο
2768 451 2968 507 utinam
2994 455 3238 524 corporis
3265 455 3490 513 emicem

1444 540 1515 596 45
1606 539 1805 607 Liber,
1836 555 1942 611 quo
1974 539 2156 595 tulerit
2186 540 2362 613 lingua
2401 558 2535 599 sono
2563 545 2777 601 mobilis
2808 547 3031 601 ultimo!

1917 654 2205 712 GLOSSE
2248 656 2592 717 VETERES.

664 758 753 812 44.
798 755 842 810 Ο
886 756 1108 822 utinam,
1143 770 1376 807 nunc.—
1397 753 1659 817 Emicem,
1689 752 1946 817 exsiliam,
1980 768 2181 807 exeam.

596 828 772 883 Emico
792 836 865 880 est
887 827 1086 880 exsilio.
1107 824 1254 879 Unde
1278 823 1731 894 Virgil.:Emicant
1754 824 1918 893 digiti.
1937 823 2185 878 Ponimus

594 900 808 953 emicare
828 914 918 964 pro
943 898 1228 967 splendere,
1258 896 1378 965 quia
1401 897 1529 967 d_unt
1544 895 1794 963 splendet,
1814 896 1959 963 quasi
1981 895 2187 967 exsilire

594 971 811 1036 videtur,
844 977 889 1022 et
916 964 1181 1022 immotum
1210 964 1303 1033 est,
1338 967 1375 1020 l.
1412 964 1662 1035 Emicem,
1692 982 1893 1033 exeam,
1924 966 2180 1036 egrediar,

2288 758 2522 835 exsiliam
2546 775 2561 835 ς
2586 759 2638 835 id
2658 759 2834 835 etiam,
2854 759 2991 835 quod
3024 760 3279 829 splendet,
3302 762 3492 816 micare
3512 763 3725 831 dicitur,
3747 772 3875 835 quod

2289 828 2493 883 exsilire
2513 830 2765 897 videatur,
2795 830 2913 884 Vat.
2944 832 3009 884 A.

2364 898 2452 953 45'.
2500 902 2722 970 Tulerit,
2751 902 2819 955 ad
2849 902 3105 956 Christum
3130 902 3384 969 videlicet,
3415 906 3533 961 Vat.
3563 908 3628 963 A.

1946 1054 2514 1115 COMMENTARIUS.

664 1155 751 1211 64.
789 1155 969 1209 Vincla
990 1155 1232 1224 corporis
1253 1162 1408 1209 vocat
1424 1152 1743 1209 Prudentius
1764 1153 1940 1222 ipsum
1964 1166 2186 1224 corpus,

594 1228 735 1296 quod
761 1228 1028 1280 vinculum
1052 1222 1134 1280 eét
1153 1227 1365 1280 animm.
1392 1225 1534 1291 Scio,
1560 1224 1873 1293 quibusdam
1898 1222 2179 1293 theologis,

598 1298 821 1352 nimium
852 1297 1140 1366 religiosis,
1166 1296 1471 1366 displicere,
1499 1296 1640 1365 quod
1668 1310 1863 1363 corpus
1890 1310 2065 1348 carcer
2091 1303 2185 1349 aut

594 1368 856 1421 vinculum
887 1369 1075 1420 animo:
1100 1377 1342 1432 vocetur,
1371 1382 1601 1436 quorum
1633 1366 1915 1435 scrupulos
1951 1366 2180 1421 eximam

596 1440 649 1493 in
682 1440 879 1509 hymno
905 1439 1316 1509 Exsequiarum.
1343 1436 1975 1509 Nunc_tantumﬂalleram
2005 1436 2181 1490 locum

595 1507 837 1579 Apostoli
866 1524 984 1578 cap.
1012 1525 1078 1563 vn
1108 1510 1172 1562 ad
1194 1508 1442 1562 Romam:
1477 1507 1604 1572 Quis
1626 1524 1703 1559 me
1724 1507 1959 1561 liberabit
1979 1508 2182 1579 de_cor-

596 1577 718 1652 pore
744 1582 918 1633 mortis
937 1577 1119 1652 hujus.
1148 1579 1214 1652 Et
1244 1580 1308 1633 ad
1334 1579 1660 1652 Pbilippcns.
1686 1592 1805 1652 cap.
1836 1594 1871 1652 I_,
1900 1580 1968 1632 35
1992 1595 2005 1631 :
2034 1577 2183 1652 Desi-

597 1649 794 1705 derium
811 1649 1247 1716 liabens’dissolvi,
1265 1660 1311 1703 et
1333 1666 1437 1703 esse
1458 1666 1573 1702 cum
1590 1649 1811 1703 Christo.
1830 1650 1945 1716 Quo
1966 1650 2185 1718 respicit

598 1722 974 1778 S.Ambrosius
998 1722 1087 1775 lib.
1110 1737 1145 1775 ιι
1164 1723 1463 1776 Comment.
1489 1722 1541 1773 in
1560 1720 1709 1786 Luc.,
1736 1736 1857 1788 cap.
1876 1719 1932 1784 2,
1959 1720 2183 1789 loquens

600 1793 667 1847 de
696 1808 823 1847 sene
847 1791 1098 1848 Simeone
1124 1811 1135 1845 :
1163 1792 1386 1859 Cupiens
1418 1792 1526 1860 ipse
1548 1806 1802 1859 corporea:
1827 1789 2042 1844 vinculis
2075 1796 2187 1860 fra-

596 1865 805 1935 gilitatis
822 1864 1027 1935 easolvi,
1044 1874 1150 1935 etc.
1177 1863 1304 1935 Vide
1316 1866 1539 1935 justum,
1561 1863 1693 1935 velut
1712 1877 1968 1930 corporea:
1984 1878 2185 1935 carcere

596 1932 747 1989 molis
767 1934 1039 2001 inclusum,
1060 1934 1185 1989 velle
1210 1932 1438 1998 dissolvi,
1456 1944 1507 1985 ut
1532 1932 1746 2001 incipiat
1775 1948 1880 1986 esse
1901 1949 2015 1986 cum
2038 1932 2185 1986 Chri-

598 2016 701 2060 διο.

667 2077 754 2129 43.
798 2075 854 2130 In
901 2077 1023 2130 Rat.
1053 2075 1200 2141 cod.,
1234 2075 1465 2147 Explicit
1508 2076 1760 2145 praefatio.
1798 2074 1964 2129 Vetus
2001 2084 2185 2129 nostra

601 2148 904 2216 inscriptio,
938 2156 992 2200 et
1020 2162 1237 2202 carmen
1276 2150 1447 2217 ipsum
1477 2148 1607 2200 satis
1638 2148 2186 2217 arguunt,pr:elatio-

598 2234 720 2272 nem
748 2234 867 2272 esse
893 2232 1131 2272 omnium
1158 2218 1534 2287 opusculorum
1558 2231 1679 2286 qua:
1708 2228 1817 2270 tum
1845 2216 2037 2271 edebat
2057 2217 2187 2272 Pru-

600 2287 836 2342 dentius.
880 2288 1147 2358 Dungalus
1184 2288 1444 2345 adversus
1481 2287 2179 2358 Claudium'l‘aurinensem

598 2336 841 2415 ginnas
865 2336 1867 2429 grassantia;appellativis;
1880 2336 2179 2429 estigiis":
2214 2336 2262 2396 Β

2298 1150 2542 1231 ηυηιρί
2579 1161 2631 1231 et
2658 1152 2796 1208 243.
2825 1151 3085 1231 Scaliger,
3118 1156 3295 1231 librvi
3323 1158 3549 1228 Poetic.,
3585 1166 3873 1231 existimat,

2295 1232 2421 1277 ante
2441 1220 2789 1305 Claudianum
2822 1220 3131 1305 primum'et
3152 1229 3323 1305 solum
3350 1220 3587 1305 Persium
3615 1220 3876 1305 praelatio:

2294 1309 2415 1348 nem
2445 1295 2581 1373 suis
2616 1297 3241 1373 carminibus_al'tixisse.
3285 1295 3630 1373 Scaligerum'
3665 1321 3877 1365 secutus

2292 1374 2374 1444 est
2412 1365 2481 1444 cl.
2514 1364 2737 1444 Michael
2786 1383 2813 1420 a
2858 1367 3176 1437 S.Josepho
3220 1364 3477 1444 Blbliogi.
3526 1377 3673 1441 crit.,
3718 1364 3875 1436 verbo

2291 1435 2628 1519 Claudianus.
2678 1442 2743 1492 At
2785 1453 2890 1519 n01]
2931 1435 3199 1519 oportuit,
3237 1435 3567 1519 Scaligerum
3613 1435 3871 1519 ignorare,

2290 1508 2423 1562 alios
2446 1508 2604 1561 etiam
2625 1518 2822 1576 praeter
2840 1510 3080 1565 Persium
3103 1522 3157 1567 et
3176 1508 3300 1570 ante
3317 1508 3559 1571 Persium
3584 1508 3869 1577 idviecissei

2290 1594 2414 1662 nam
2433 1579 2747 1662 utnomittam
2769 1592 3009 1662 nostrum
3028 1583 3393 1662 Prandentium,
3411 1587 3692 1662 Claudiani
3712 1609 3876 1662 mqua-

2292 1649 2433 1715 lem,
2476 1648 2716 1729 Catullus
2760 1652 3030 1729 praefatur,
3074 1648 3388 1729 Cornelium
3422 1660 3683 1729 Nepotem
3742 1648 3872 1718 allo-

2290 1735 2483 1797 quens,
2501 1721 2596 1797 Cui
2616 1723 2749 1776 dono
2772 1724 2998 1791 lepidum
3018 1742 3203 1797 novum
3226 1728 3469 1782 libellum.
3497 1721 3751 1789 Martialis
3775 1751 3870 1789 non

2291 1792 2467 1847 solum
2500 1793 2914 1863 epigrammate,
2948 1797 3042 1850 sed
3074 1792 3236 1852 etiam
3270 1800 3443 1854 soluta
3485 1804 3733 1859 oratione
3767 1808 3873 1861 suis

2292 1863 2444 1943 libris
2488 1864 2625 1943 solet
2664 1864 3029 1943 praelationem
3070 1882 3368 1943 apponere,
3415 1886 3573 1941 quam
3612 1876 3874 1943 epistolam

2293 1942 2467 1999 vocat,
2500 1934 2638 2015 ut‘in
2667 1935 2921 2015 [δᾳδὶ-[Ιώ.
2956 1953 2971 1991 ι
2999 1948 3051 1992 et
3082 1934 3118 1992 Ii
3142 1934 3155 1991 Ξ
3186 1940 3324 2006 Quid
3342 1934 3517 2015 nobis,
3546 1934 3736 2015 inquis,
3767 1963 3872 2000 cum

2294 2005 2682 2081 Eetsroui...
2732 2006 2908 2072 Video,
2955 2025 3111 2077 quare
3153 2005 3367 2081 tragtedi
3415 2005 3874 2070 nrts'roiau'acci-

2291 2078 2455 2148 piant,
2486 2076 2665 2145 quibus
2695 2094 2786 2156 pro
2814 2080 3032 2156 scutoqui
3054 2098 3153 2134 non
3182 2076 3297 2136 licet
3317 2082 3741 2156 Epigrammata.
3762 2129 3775 2141 .
3796 2091 3872 2143 .in

2291 2150 2803 2223 quacunque‘pagina
2832 2150 2992 2203 visum
3020 2160 3124 2212 est,
3158 2150 3448 2208 nrtsrouit
3483 2158 3704 2223 faciunt.
3749 2158 3871 2213 Pru-

2291 2218 2695 2299 dentiusetiant
2729 2222 2866 2274 inter
2896 2223 3441 2299 poetasChristianos
3472 2218 3686 2299 habuit,
3720 2245 3867 2299 quem

2293 2290 2615 2371 imitaretur,
2635 2290 2948 2371 iuvencum,
2976 2292 3069 2371 qui
3092 2294 3321 2371 libris_de
3340 2294 3572 2371 Historia
3592 2290 3868 2371 evangelica

2293 2361 2571 2429 prologum
2603 2361 2821 2430 adjecit.
2868 2363 2941 2417 De
2967 2361 3194 2433 epilogis
3226 2365 3396 2420 dicam
3430 2383 3529 2421 suo
3560 2369 3702 2425 loco.

626 2474 3838 2506 ____.________._______________________________

1279 2573 1721 2659 INCIPIT
1799 2574 2148 2657 LIBER
2225 2573 3198 2660 CATHEMERINON.

2024 2724 2410 2736 —_—

1631 2805 1793 2877 234
1838 2808 1876 2861 1.
1921 2807 2196 2866 HYMNUS
2232 2810 2324 2865 AD
2365 2809 2823 2866 GALLICINlUM.

851 2905 976 2961 Ales
1004 2905 1110 2959 dici
1141 2904 1359 2958 nuntius
1416 2928 1437 2937 υ

2551 2907 2747 2961 Lucem
2781 2905 3129 2975 propinquam
3162 2903 3409 2974 praecinit
3442 2926 3455 2959 :

1923 2993 2209 3051 GLOSSIE
2252 2997 2601 3053 VETERES.
2686 3030 2707 3062 ο

666 3092 1107 3154 Cathemerinon,
1129 3089 1331 3158 genitiv.
1359 3088 1519 3157 plur.,
1545 3088 1597 3140 id
1621 3099 1715 3157 est,
1737 3087 2085 3157 quotidianus,
2109 3089 2186 3143 vel

597 3166 1052 3229 consecrationum,
1084 3162 1159 3214 vel
1190 3160 1589 3225 dedicationum,
1625 3159 1665 3212 1.

672 3238 821 3292 Vers.
853 3235 897 3287 l.
919 3235 1064 3297 Ales,
1092 3248 1181 3301 per
1210 3230 1425 3302 gallum,
1456 3231 1543 3299 qui
1565 3231 1699 3283 diem
1726 3231 1956 3285 canendo
1985 3230 2183 3285 denun-

2295 3094 2418 3155 tiat,
2455 3092 2687 3146 Christus
2714 3091 3054 3163 signiﬁcatur,
3086 3090 3172 3154 qui
3214 3098 3403 3146 mentes
3433 3100 3632 3146 nostras
3669 3095 3734 3147 ab
3763 3096 3867 3161 inf:-

2293 3162 2502 3217 delitate
2533 3164 2601 3216 ad
2630 3162 2796 3247 ver‘am
2823 3163 2997 3227 vitam,
3030 3162 3099 3215 ad
3129 3178 3300 3235 veram
3334 3164 3496 3217 lucem
3522 3173 3689 3229 vocat,
3725 3166 3763 3218 Ι.

1937 3324 2509 3381 COMMENTARIUS.

638 3482 641 3485 _
666 3419 1083 3475 Cattienwrinmn.
1108 3416 1198 3472 Sic
1220 3415 1461 3485 plerique
1481 3414 1638 3469 codd.
1670 3430 1799 3470 mss.
1825 3425 1880 3471 et
1906 3416 2017 3481 ed.;
2041 3417 2182 3473 Gen-

594 3494 820 3555 nadius,
868 3487 1198 3544 ‘l‘lteodttlfus
1247 3487 1647 3541 Aurelianensis
1698 3487 1789 3542 lib.
1841 3488 1908 3542 de
1977 3487 2179 3557 Spiritu

2294 3415 2550 3481 Ausonii,
2582 3424 2635 3470 et
2667 3415 2860 3469 librum
2889 3411 3308 3467 Cathemerinmn
3341 3413 3631 3479 l‘rudentii,
3666 3433 3771 3472 non
3802 3422 3870 3471 vi-

2289 3489 2446 3542 detttr
2489 3486 2680 3559 legisse
2709 3481 3089 3559 ephemeriden
3117 3484 3358 3551 Ausonii,
3402 3486 3553 3555 cujus
3595 3498 3677 3541 est
3716 3506 3870 3559 argu-

1336 3539 1644 3630 Cﬁltroniad
1805 3539 1932 3622 illi),
1966 3539 2041 3613 ξιτ
2211 3539 2257 3602 C
2290 3539 2832 3630 nicrntuni‘lotinsdiei
2857 3555 3131 3630 negotium.

598 3636 830 3689 themius
859 3628 1184 3701 llyinnorum
1216 3628 1717 3701 librumrappellau‘t.
1748 3631 1815 3701 At
1844 3644 1950 3683 non
1975 3629 2177 3701 dubito,

595 3722 719 3775 qum
739 3698 1139 3775 Cathemerinon:
1161 3700 1527 3775 sitinscriptio
1544 3698 1900 3775 Prudentiana
1926 3717 1939 3775 _:
1966 3714 2086 3775 nam
2112 3700 2181 3754 ita

596 3768 723 3843 legit
760 3776 863 3839 lso,
900 3781 955 3825 et
992 3772 1202 3825 codices
1234 3770 1388 3843 Isque
1416 3770 1763 3843 antiquiores.
1802 3768 1969 3824 lsonis
2004 3771 2180 3843 glossa

596 3839 678 3899 esi
703 3864 713 3895 :
737 3843 1153 3905 Cathemerinmn,
1178 3848 1281 3909 etc.
1308 3839 1564 3892 Weitzius
1586 3841 1768 3892 nescio
1788 3854 1853 3893 ex
1874 3856 1979 3909 quo
1999 3842 2184 3897 codice

598 3917 740 3969 hunc
768 3913 973 3967 titulum
1007 3912 1129 3965 iecit
1156 3929 1168 3963 :
1198 3907 1387 3975 Incipit
1414 3908 1541 3962 liber
1564 3907 1964 3964 Cathemerinmn
1987 3913 2182 3966 Aurelii

600 3986 876 4040 l'mdentii
903 3982 1172 4053 Clementis
1202 3980 1503 4053 nobilissimi
1533 3997 1591 4032 ac
1618 3981 1972 4053 facundissimi
1998 3993 2179 4053 poetaz.

598 4058 652 4111 In
682 4057 801 4111 Rat.
830 4064 909 4109 est
937 4072 948 4105 :
975 4052 1162 4122 Incipit
1188 4052 1312 4111 liber
1334 4050 1661 4120 Hymnorunt
1690 4051 1885 4105 Aurelii
1906 4050 2183 4108 Prudentii

597 4127 870 4181 Clementis
896 4122 1200 4195 nobilissimi
1225 4138 1289 4195 ac_
1312 4122 1873 4195 facundissimipoene.
1907 4122 2056 4177 Liber
2074 4126 2183 4195 pri-

596 4216 707 4251 mus
728 4196 1149 4252 Cathemerinmn.
1187 4193 1239 4247 ln
1266 4193 1443 4261 Prag.:
1472 4191 1623 4246 Liber
1639 4192 1965 4262 Hymnorum
1988 4191 2184 4249 Aurelii

598 4268 865 4322 l'rudentii
892 4266 1164 4320 Clementis
1185 4264 1500 4336 nobilissimi
1528 4270 1587 4316 ac
1615 4265 1971 4336 facundissimi
1996 4277 2176 4336 νοεῖτε,

595 4342 680 4406 qui
702 4339 885 4392 claruit
910 4338 999 4391 sub
1021 4334 1305 4406 Theodosio
1333 4335 1639 4406 imperatore
1663 4351 1801 4387 anno
1825 4334 2030 4389 Domini
2052 4334 2179 4393 587.

597 4412 816 4479 Scripsit
860 4406 1186 4479 Dirocheum,
1238 4405 1672 4479 Sichomacltiam,
1720 4406 2179 4479 contragswnma-

599 4476 770 4542 chum,
796 4488 898 4532 etc.
936 4478 990 4529 lu
1018 4476 1252 4530 editione
1281 4477 1515 4543 antiqua,
1541 4491 1699 4542 quam
1729 4476 1861 4529 vidit
1884 4477 2178 4544 Fabricius,

599 4550 912 4601 Diurnorum
944 4545 1269 4615 Hymnorum
1302 4546 1455 4615 liber,
1478 4548 1563 4614 qni
1598 4554 1643 4597 et
1674 4544 2071 4601 Cathemerinmn
2102 4548 2181 4601 di-

597 4621 747 4672 citur.
789 4618 939 4683 Quod
971 4614 1097 4669 vero
1140 4616 1383 4687 nonnulli
1429 4614 1565 4687 duos
1612 4625 1910 4687 postremos
1952 4618 2180 4687 hymnos

599 4691 716 4744 loco
749 4696 989 4751 ittovent,
1027 4701 1131 4739 non
1165 4694 1305 4739 recte
1350 4684 1542 4738 faciunt
1566 4724 1579 4745 .
1610 4686 1710 4738 nisi
1749 4686 1903 4740 simul
1933 4684 2181 4744 moveant

602 4762 854 4830 hymnum
898 4757 1296 4830 Defunctorum,
1326 4754 1713 4830 Jejunantium,
1754 4754 1877 4830 Post
1897 4759 2175 4828 jejunium,

597 4825 757 4900 atque
785 4831 946 4883 etiam
975 4825 1126 4900 Omni
1157 4828 1315 4900 hora,
1347 4825 1541 4895 quibus
1582 4841 1685 4900 non
1726 4825 1910 4900 magis
1932 4825 2177 4897 congruit

598 4897 873 4990 ξξμέρςὶριίςι
925 4898 1362 4990 (ξξιιιιεειηενίηωρι
1400 4913 1559 4990 quam
1614 4897 1823 4990 duobus
1873 4900 2173 4990 ppstremis.
2203 4930 2259 4990 Β

598 4968 925 5026 'l‘rithemius
949 4970 1277 5038 llymnorum
1309 4968 1475 5024 libros
1502 4969 1638 5022 duos
1668 4984 1733 5022 ex
1761 4984 1868 5023 uno
1900 4968 2040 5032 iecit,
2074 4970 2178 5025 for-

600 5057 740 5098 tasse
768 5053 825 5095 ut
852 5038 1247 5095 cathemerino‘s
1275 5041 1389 5094 sive
1419 5042 1642 5094 diurnos
1672 5054 1700 5091 a
1730 5041 1948 5109 reliquis
1970 5040 2179 5095 discer-

598 5124 768 5169 neret.
802 5112 993 5166 Verum
1021 5109 1198 5180 hymni
1223 5125 1431 5179 omnes,
1458 5112 1546 5180 qui
1577 5126 1680 5163 non
1707 5122 1833 5165 sunt
1854 5112 1920 5164 de
1943 5111 2174 5178 Sanctis,

596 5195 717 5253 apte
767 5186 819 5237 in
870 5188 1010 5236 hunc
1056 5181 1248 5234 librum
1303 5182 1696 5253 conjiciuntur,
1750 5182 2174 5236 Cathemerinon

598 5250 956 5323 iiiiiicupalum
1005 5269 1036 5306 a
1075 5252 1339 5319 principua
1377 5261 1431 5305 et
1469 5250 1701 5323 maxima
1740 5260 1911 5317 parte.
1962 5253 2178 5305 lleinsio

595 5322 855 5393 opinanti,
878 5323 1222 5377 Prudentium
1248 5322 1644 5393 inscriptionem
1666 5322 2086 5376 Cathemerian
2108 5325 2176 5377 ab

598 5390 715 5469 Act.
755 5408 925 5465 apust.
960 5409 1080 5461 cap.
1106 5409 1179 5454 γι,
1212 5393 1301 5446 ubi
1329 5392 1563 5469 occurrit
1593 5390 1819 5446 διακονία
1850 5395 2173 5469 καθῃμερινὴ,

601 5468 763 5521 luisse
792 5462 1113 5524 inutuatum.
1149 5477 1253 5516 non
1284 5462 1550 5517 assentior
1576 5480 1588 5513 :
1618 5478 1739 5515 nam
1773 5478 1858 5517 res
1888 5462 2174 5517 admodum

599 5537 802 5588 diversa
828 5537 895 5588 ἰιιὶ
923 5534 1235 5603 proponitur
1263 5551 1273 5584 :
1300 5532 1364 5586 In
1388 5534 1561 5586 diebus
1591 5545 1759 5586 autem
1782 5534 1907 5597 illis,
1931 5546 2177 5588 crescente

599 5622 806 5659 numero
844 5606 1233 5672 discipulorum,
1264 5608 1454 5674 factum
1500 5613 1573 5656 est
1615 5621 1845 5657 murmur
1886 5603 2176 5657 ercorum

599 5678 837 5729 adversus
864 5674 1125 5739 llcbrteos,
1152 5691 1209 5729 eo
1235 5677 1370 5743 quod
1394 5677 1769 5744 despicerentur
1798 5677 1848 5725 in
1880 5689 2177 5728 MINISTERIO

600 5762 919 5819 υυοντιιμῃο
959 5746 1355 5819 viduteeornm.
1430 5745 1685 5819 Gegrgius
1725 5744 1954 5819 Remus,
1995 5745 2175 5819 quiin

603 5818 742 5870 notis
786 5817 944 5881 dixit,
999 5816 1237 5883 ejusdem
1289 5813 1585 5887 argumenti
1635 5827 1753 5868 esse
1795 5813 2175 5881 ephemeriden

2362 3630 2441 3682 Ad
2468 3628 2807 3699 gallicinium,
2839 3626 2915 3699 sic
2948 3624 3084 3677 Vatt.
3192 3636 3245 3680 et
3275 3626 3315 3690 Ι,
3346 3638 3399 3699 et
3426 3627 3607 3699 Waltz.
3644 3633 3773 3699 Alii,
3807 3638 3869 3688 ad

2287 3700 2427 3754 Galli
2448 3696 2700 3761 ‘cantum;
2730 3697 2849 3749 Vat.
2880 3696 2964 3758 Ρη,
2987 3706 3105 3749 ante
3130 3696 3315 3751 lucem.
3346 3697 3420 3752 De
3444 3698 3723 3756 Gallicinio
3756 3696 3872 3759 vide

2286 3771 2593 3840 Apuleium,
2623 3778 2678 3825 et
2707 3767 2893 3822 Isidor.
2925 3767 3081 3840 lib._v
3100 3768 3272 3835 0rig.,
3306 3784 3423 3835 cap.
3458 3773 3525 3825 30
3551 3783 3601 3826 et
3633 3775 3721 3836 51,
3750 3792 3870 3829 cum

2288 3837 2429 3895 notis
2462 3840 2677 3896 Grialis.
2724 3841 2914 3901 lloras,
2958 3837 3150 3905 quibus
3182 3853 3370 3906 preces
3408 3854 3557 3897 erant
3592 3843 3696 3897 Ι)ιο
3737 3846 3872 3899 0ch-

2286 3913 2495 3977 rendzc,
2529 3912 2621 3965 lib.
2661 3927 2744 3963 \‘lll
2775 3909 3002 3963 Constit.
3036 3921 3236 3976 apost.,
3270 3925 3388 3977 cap.
3432 3913 3520 3977 54,
3563 3914 3725 3967 hahcs
3771 3933 3872 3969 ex.

2286 3998 2499 4052 pressas
2525 4002 2536 4034 ε
2566 3981 2889 4035 Precationes
2914 3980 3066 4049 facile
3087 3996 3255 4052 mane,
3284 3980 3409 4032 hara
3431 3985 3595 4047 tertia,
3617 3980 3675 4036 ac
3700 3998 3869 4051 serta,

2286 4050 2331 4107 et
2356 4071 2507 4113 nona,
2530 4064 2575 4107 et
2599 4067 2819 4126 vespere,
2843 4061 2991 4126 atque
3013 4052 3079 4102 ad
3101 4050 3230 4119 galli
3255 4060 3478 4126 cantant.
3508 4054 3655 4107 Mune
3677 4061 3870 4126 gratias

2285 4136 2508 4193 agentes,
2534 4125 2668 4193 quod
2697 4123 2996 4193 illuminarit
3027 4138 3140 4193 nos,
3169 4138 3315 4174 nocte
3342 4123 3487 4175 snbla
3510 4143 3559 4187 a,
3590 4136 3633 4178 et
3668 4123 3869 4181 reddita

2287 4191 2386 4249 die.
2438 4191 2635 4256 Tertia,
2669 4192 2805 4262 quod
2849 4208 2906 4244 ea
2936 4191 3066 4263 liora
3097 4192 3298 4246 Pilatus
3332 4194 3585 4263 judicium
3628 4198 3870 4251 adversus

2286 4264 2563 4319 Dominum
2588 4264 2949 4331 pronuntiarit.
2980 4262 3159 4325 Sexta,
3189 4262 3410 4331 quod'ea
3435 4266 3556 4317 hora
3589 4268 3635 4318 in
3669 4285 3867 4321 crucem

2282 4348 2426 4389 actus
2452 4338 2538 4408 sit.
2573 4334 2755 4408 Nona,
2793 4334 2928 4408 quod
2955 4343 3075 4386 tunc
3101 4334 3273 4408 omnia
3303 4344 3467 4401 mota,
3499 4346 3543 4388 et
3572 4340 3869 4408 tremefacta

2284 4409 2405 4467 sint,
2438 4406 2655 4459 Domino
2701 4405 2949 4472 cruciﬁxo
2982 4419 3001 4458 :
3026 4406 3143 4472 quia
3178 4404 3440 4457 horrerent
3474 4404 3751 4460 audaciam
3777 4409 3868 4461 Ju-

2285 4479 2533 4541 da'orum,
2579 4488 2626 4530 et
2671 4475 3031 4546 contumeliam
3079 4474 3284 4546 Domini
3326 4479 3458 4545 ferre
3504 4496 3599 4531 non
3637 4494 3867 4546 possent.

2294 4549 2533 4616 Vespere,
2555 4546 2693 4615 quod
2718 4554 2910 4598 nectent
2935 4545 3128 4599 dederit
3151 4544 3217 4597 ad
3244 4544 3647 4614 requiescmdum
3668 4568 3704 4602 α
3732 4552 3870 4603 labo-

2284 4620 2425 4672 ribus
2462 4620 2679 4671 diurnis.
2713 4618 2793 4669 Ad
2820 4616 2946 4683 galli
2976 4626 3207 4680 cantum,
3243 4618 3377 4686 quod
3412 4635 3469 4671 ea
3508 4621 3628 4671 liora
3670 4624 3870 4674 ιικηιίιι

2282 4692 2549 4743 adventum
2591 4690 2691 4741 diei
2721 4689 2787 4740 ad
2818 4688 3110 4756 faciendum
3150 4703 3305 4756 opera
3343 4686 3489 4743 luris.
3542 4690 3649 4743 Non
3692 4703 3869 4746 tamen

2286 4771 2457 4827 putes,
2482 4776 2572 4814 eis
2601 4774 2786 4812 omnes
2815 4762 2973 4811 horas
2997 4758 3061 4809 ad
3089 4760 3346 4811 oramlum
3375 4758 3532 4812 fuisse
3556 4763 3603 4811 in
3628 4760 3869 4815 Ecclesia

2277 4832 2397 4899 jure
2442 4829 2606 4884 veluti
2659 4828 2868 4898 publico
2917 4839 2970 4882 et
3024 4829 3309 4899 universali
3361 4832 3719 4897 praescripas.
3779 4832 3868 4884 sul

2285 4902 2454 4955 solum
2484 4902 2703 4967 privatis
2726 4899 2996 4968 religionis
3024 4898 3299 4953 exercitiis
3332 4899 3650 4971 inserviissm
3682 4917 3872 4971 quam—

2283 4973 2365 5025 vis
2403 4972 2769 5039 apostolorum
2831 4980 3087 5036 tempore,
3123 4980 3172 5023 ct
3223 4970 3379 5038 paulo
3407 4981 3526 5038 post
3554 4987 3615 5024 ex
3654 4970 3874 5026 Judzeo-

2282 5058 2399 5096 rum
2446 5041 2835 5095 consuetudine
2881 5050 2990 5092 tres
3046 5041 3374 5106 potissimum
3426 5043 3568 5093 hor.e
3614 5045 3869 5106 precibus

2282 5122 2434 5165 erant
2454 5112 2753 5175 destinatae,
2783 5120 2840 5163 ut
2865 5113 3035 5181 dicam
3063 5110 3261 5181 hymno
3286 5112 3341 5175 5,
3370 5126 3507 5164 vers.
3532 5112 3616 5164 86.
3641 5112 3869 5165 Τιόιειιδ

2282 5184 2415 5247 vult,
2442 5182 2663 5251 intelligi
2691 5184 2740 5235 in
2766 5181 2866 5234 huc
2897 5180 3093 5251 hymno
3114 5181 3239 5249 galli
3263 5192 3472 5234 cantum
3503 5198 3603 5234 non
3633 5186 3871 5249 primum

2285 5255 2455 5309 media
2502 5267 2688 5315 noete,
2730 5253 2824 5305 sed
2869 5258 3195 5318 postremum
3236 5251 3334 5304 sub
3374 5252 3659 5306 adventum
3716 5254 3873 5317 lucis,

2283 5327 2369 5394 qui
2420 5326 2631 5394 preprie
2678 5322 2993 5394 gallicinium
3038 5321 3257 5394 dicitur;
3306 5326 3426 5391 quia
3475 5324 3573 5375 hoc
3623 5333 3875 5393 tempore

2280 5392 2719 5464 strepunt’aves...
2745 5392 2902 5461 paulo
2930 5405 3197 5457 antequam
3216 5393 3307 5445 lux
3338 5395 3529 5464 emicet.
3550 5392 3873 5448 Contrarias

2284 5466 2364 5519 his
2386 5462 2477 5518 est
2502 5468 2557 5519 ὃ.
2583 5465 2814 5517 Isidorus
2843 5466 2947 5517 loc.
2974 5463 3065 5516 cit.
3098 5478 3214 5531 cap.
3242 5467 3310 5517 δυ
3335 5482 3345 5515 :
3375 5462 3560 5517 Dies...
3589 5465 3873 5518 inchoat...

2282 5536 2556 5587 secundum
2587 5534 2837 5586 Romanos
2880 5550 2922 5605 a7
2938 5535 3105 5605 inedia
3132 5546 3293 5586 nocte.
3334 5533 3480 5587 Unde
3502 5546 3547 5586 et
3578 5543 3686 5586 tum
3719 5537 3875 5605 galli-

2283 5606 2467 5657 cinium
2512 5616 2607 5666 est,
2645 5605 2697 5657 id
2726 5614 2797 5656 est
2836 5604 3092 5674 gallorum
3131 5614 3338 5666 cantus,
3376 5620 3591 5673 quorum
3633 5621 3736 5658 ι·οπ
3774 5607 3876 5657 diei

2283 5675 2501 5727 ostendit
2524 5674 2854 5745 privcunium,
2880 5674 3091 5745 quando,
3111 5684 3156 5725 et
3186 5675 3523 5745 mesonyt‘tius
3546 5676 3754 5743 afﬂatus
3779 5686 3873 5727 est.

2283 5747 2362 5799 Ad
2391 5743 2546 5815 quem
2578 5747 2749 5799 locum
2775 5745 2981 5798 erudite
3006 5743 3198 5799 Grialis
3223 5762 3235 5796 2
3270 5744 3333 5795 Et
3359 5746 3475 5812 quia
3503 5749 3662 5797 noctis
3688 5749 3874 5798 melior

2284 5834 2402 5885 pars
2428 5826 2561 5881 aeta,
2586 5818 2755 5886 solque
2779 5815 2845 5868 ad
2872 5832 2961 5869 nos
2977 5817 3091 5888 jam
3123 5816 3366 5883 ﬂectitur,
3386 5815 3546 5882 afflari
3570 5817 3737 5869 radiis
3770 5822 3877 5883 ejus
