4102 6348
358 353 462 410 785

600 469 676 524 Tu
708 482 899 540 rumpe
929 470 1100 525 noctis
1131 469 1364 534 vincula,

600 562 760 634 244
782 563 858 617 Tu
890 565 1037 618 solve
1068 574 1342 633 peccatum
1375 547 1548 630 vetus,

602 655 917 724 Novumque
949 654 1124 710 lumcn
1156 655 1356 726 ingere.

727 793 788 847 ll.
833 792 1115 849 HVMNUS
1154 791 1568 850 MATUTINUS.

528 932 687 1004 245
715 931 849 996 Nox,
880 942 935 987 et
965 933 1220 998 tenebrae,
1253 942 1306 986 et
1333 933 1513 988 nubila

533 1023 765 1078 Confusa
798 1023 1013 1088 mundi,
1045 1033 1101 1079 et
1131 1025 1340 1079 turbida
1360 1065 1374 1088 ,

529 1115 642 1169 Lux
670 1117 859 1179 intrat,
889 1116 1112 1170 albescit
1145 1117 1298 1185 po'us
1318 1158 1331 1180 ,

527 1206 776 1261 Christus
802 1208 985 1271 venit,
1019 1207 1302 1262 discedite.

523 1298 684 1371 246
713 1298 896 1369 Caligo
927 1309 1085 1354 terra:
1111 1299 1374 1356 scinditur

530 1391 784 1447 Percussa
817 1391 946 1447 solis
983 1392 1190 1462 spiculo
1217 1409 1228 1442 :

357 651 460 706 100

347 1299 382 1356 5

1429 354 1970 414 CATIIEMEMNON
2009 359 2071 416 ll.
2113 359 2524 422 MATUTINUS.

1966 478 2014 534 A

3526 374 3628 432 786

2297 477 2585 547 Rebusque
2610 478 2717 547 jam
2745 480 2898 535 color
2926 482 3065 537 redit

2298 568 2455 622 Vultu
2490 571 2703 623 nitentis
2744 573 2954 627 sideris.

2224 659 2312 713 Sic
2345 670 2529 713 nostra
2565 677 2688 716 mox
2721 664 3041 729 obscuritas,

2296 750 2626 823 Fraudisque
2667 767 2851 822 pectus
2877 759 3148 814 conscium
3166 805 3180 828 ,

2293 843 2483 914 Ruptis
2510 857 2769 902 retectum
2803 851 3032 907 nubibus
3051 893 3063 914 .

2295 937 2569 1007 Regnante
2604 940 2857 1007 pallescet
2886 943 3014 998 Deo.

2221 1028 2370 1084 Tunc
2395 1044 2500 1083 non
2529 1030 2707 1085 licebit
2739 1033 3015 1101 claudere,

2294 1121 2442 1188 Quod
2475 1122 2699 1192 quisque
2731 1123 2937 1179 fuscum
2965 1128 3166 1196 cogitat
3192 1145 3204 1181 :

2298 1216 2402 1271 Sed
2430 1233 2586 1273 mane
2612 1219 2912 1275 clarescent
2939 1238 3083 1277 novo

2299 1313 2457 1384 247
2489 1313 2707 1370 Secreta
2741 1318 2936 1372 mentis
2964 1318 3198 1387 prodita.

2228 1402 2336 1458 Fur
2362 1415 2489 1459 ante
2519 1406 2692 1461 lucem
2725 1409 2968 1477 squalido

2049 750 2115 804 10

2047 1214 2114 1268 15

1659 1484 1947 1543 GLOSSZE
1992 1490 2336 1550 VETERES.

418 1575 482 1648 6.
504 1574 739 1648 Spicula,
769 1575 944 1642 radio,
997 1577 1250 1643 spiculum
1295 1578 1498 1646 praprie
1528 1584 1600 1631 est
1641 1579 1860 1648 sagitta,
1891 1581 1930 1633 l.

349 1645 539 1708 Rodio,
574 1646 692 1699 Vat.
726 1650 790 1700 A.

419 1719 472 1771 7.
505 1717 668 1790 Color
695 1717 854 1790 redit,
887 1719 1167 1790 secundum
1199 1718 1434 1790 physicos
1463 1720 1711 1789 loquitur,
1737 1723 1827 1790 qui
1859 1723 1937 1774 di-

349 1797 489 1853 cunt,
523 1789 695 1840 omnia
725 1787 951 1841 colorata
991 1789 1043 1840 in
1084 1799 1228 1840 nocte
1268 1789 1491 1842 colorem
1527 1787 1789 1857 perdere:
1831 1795 1938 1847 sole

352 1859 536 1912 iterum
558 1862 820 1923 redeunte,
852 1859 953 1912 illis
981 1859 1202 1912 colorem
1224 1860 1407 1914 redire.
1436 1861 1526 1913 Sic
1553 1871 1596 1914 et
1622 1861 1752 1915 illud
1777 1880 1793 1914 :
1821 1863 1942 1916 Nox

347 1928 554 1982 abstulit
584 1939 696 1983 atra
722 1929 932 1983 colores.
969 1929 1189 1994 Quidam
1218 1940 1384 1982 autem
1409 1933 1501 1984 hoc
1523 1943 1728 2000 negant,
1762 1935 1934 1988 dicen-

350 2010 457 2065 tes,
488 2017 722 2070 squamas
761 2001 975 2070 piscium
1003 2009 1148 2053 nocte
1167 2000 1354 2065 lucere,
1392 2002 1506 2056 Vat.
1531 2004 1594 2056 A.

419 2072 472 2124 8.
515 2071 765 2144 Nitentis,
796 2071 1126 2144 splendentis.
1164 2071 1456 2144 Secundum
1496 2076 1730 2143 physicos
1762 2076 1931 2144 loqui-

348 2151 452 2208 tur,
481 2143 567 2212 qui
604 2143 776 2194 dicunt
807 2140 974 2194 omnia
1013 2140 1240 2194 colorata
1279 2143 1330 2195 in
1371 2140 1515 2196 nocte
1557 2140 1767 2215 perdere
1797 2140 1936 2200 colo-

1968 2003 2014 2062 Β

2039 1583 2808 1669 rem‘:so‘lenredeuntc,redire
2831 1595 3389 1669 colorem—Sideris,
3414 1605 3558 1660 solis.
3589 1609 3631 1662 l.

2246 1659 2520 1732 Pal'escit,
2556 1663 2810 1732 fulgescil,
2837 1665 2956 1720 Rat.

2115 1728 2202 1781 15.
2243 1728 2862 1799 ΟΙηιιιΙθτρ,”οεὶῖηΙιατε,
2906 1737 2944 1790 l.

2250 1800 2780 1877 Euscutn,_ritiosum,
2813 1807 3130 1877 denigratum
3153 1814 3384 1877 peccatis.
3416 1815 3454 1868 I.

2249 1872 2420 1952 Mane,
2447 1875 2651 1928 adverb.
2687 1887 2756 1930 est
2780 1869 3188 1952 ntauevtemporis
3208 1884 3631 1952 signiﬁcatirum;

2043 1940 2130 2026 sed
2161 1940 2255 1993 hoc
2286 1945 2396 1995 loco
2424 1961 2522 2026 non
2545 1957 2647 2026 est,
2665 1964 2779 2026 cum
2809 1940 3139 2026 conjungitur
3161 1940 3452 2008 declimibili
3472 1940 3630 2026 parti;

2044 2019 2098 2062 ut
2125 2028 2274 2089 inane
2303 2030 2452 2089 noro,
2487 2016 2520 2067 i.
2557 2033 2601 2068 e.
2631 2017 2683 2089 in
2714 2019 2795 2070 die
2813 2016 3029 2089 judicii,
3061 2021 3099 2073 Ι.

2233 2083 2470 2156 Prodila,
2506 2083 2857 2156 manifestata,
2895 2090 3009 2143 Val.
3041 2093 3101 2144 Α.

2123 2151 2210 2206 17.
2241 2154 2518 2224 Squalido,
2549 2151 2826 2225 tenebroso,
2855 2161 2892 2215 Ι.

1697 2260 2259 2321 COMMENTARIUS.

347 2371 552 2442 Quippe
573 2371 862 2445 Christiani
887 2382 1094 2430 veteres
1127 2375 1249 2444 galli
1282 2374 1588 2445 imaginem,
1624 2375 1928 2443 vigilantim,

349 2459 558 2515 necnon
587 2444 784 2499 Christi
829 2445 1078 2512 Domini,
1127 2457 1179 2501 et
1226 2444 1406 2500 divini
1443 2448 1588 2500 verbi
1631 2461 1937 2515 prareouum

350 2514 655 2587 symbolum
680 2558 693 2576 ,
728 2519 1031 2586 exprimere
1061 2518 1336 2581 solebant;
1381 2533 1551 2584 neque
1582 2514 1754 2570 solum
1780 2517 1936 2585 juxta

353 2586 652 2658 a’poSIolum
701 2587 916 2641 Petrum
959 2588 1073 2654 ejus
1115 2591 1288 2658 imago
1335 2588 1644 2655 frequenter
1684 2591 1934 2652 occurrit,

351 2657 446 2710 sed
475 2656 592 2709 aliis
616 2658 668 2710 in
695 2659 825 2712 locis
855 2656 1326 2726 cmmeterialibus,
1357 2669 1412 2713 ut
1438 2661 1488 2712 in
1518 2659 1858 2727 sarc0pbagis
1883 2669 1938 2714 et

352 2729 615 2795 lucernis,
645 2739 697 2781 et
727 2730 777 2782 in
811 2729 1034 2785 editiore
1065 2730 1536 2784 subterraneorum
1569 2731 1933 2784 cubiculornnt

349 2809 666 2868 prospectu,
700 2802 749 2852 in
783 2801 1072 2856 fornicibus
1103 2811 1155 2854 et
1186 2801 1476 2854 absidibus.
1528 2799 1652 2853 lude
1682 2801 1731 2852 in
1769 2801 1934 2854 subli-

347 2871 605 2924 mioribus
632 2873 952 2940 templorum
979 2885 1282 2927 uostrormn
1305 2871 1523 2939 fastigiis
1546 2871 1715 2938 gallus
1737 2887 1936 2938 reprre-

347 2944 543 2996 sentari
584 2943 766 3011 cmpit.
813 2943 866 2997 ln
909 2942 1065 2996 codd.
1103 2942 1242 2996 Vatt.
1294 2942 1582 2996 Alexandr.
1633 2945 1697 2995 Ἠ
1738 2953 1792 2995 et
1830 2942 1934 2997 548

305 3049 310 3054 -
347 3012 519 3080 gallus
560 3013 612 3066 iu
655 3013 823 3081 prima
871 3013 1026 3082 hujus
1069 3014 1250 3083 hymni
1293 3012 1465 3076 littera
1508 3013 1758 3080 pingitur.
1805 3014 1935 3067 Vide

350 3083 552 3151 proleg.
580 3100 728 3138 num.
754 3084 842 3138 78.
876 3084 1071 3138 Verum
1102 3084 1170 3138 de
1199 3085 1353 3150 gallis
1394 3085 1541 3151 plura
1574 3099 1742 3152 nuper
1769 3084 1935 3138 edidit

347 3153 419 3208 cl.
449 3154 768 3208 Franciscns
787 3155 1192 3214 Cancellierius,
1213 3155 1302 3216 qui
1329 3164 1556 3222 quatuor
1580 3155 1935 3209 voluminibus

347 3223 506 3278 docte
545 3227 919 3295 eleganterque
972 3225 1697 3293 conscriptisargumentum
1740 3240 1934 3279 novum

349 3295 412 3349 de
443 3295 743 3351 Secretariis
777 3296 1000 3350 basilicte
1037 3296 1298 3350 Vaticana:
1340 3297 1604 3350 exhausit.
1655 3295 1794 3348 Fuse
1822 3296 1932 3350 dis-

347 3367 478 3438 serit
515 3366 606 3420 lib.
639 3383 686 3432 l,
716 3382 834 3436 cap.
862 3368 946 3433 14,
993 3367 1018 3438 §
1051 3368 1084 3420 4
1115 3377 1169 3421 ct
1199 3382 1350 3438 seqq.
1390 3381 1403 3418 :
1430 3365 1533 3418 Cur
1563 3376 1750 3438 veteres
1791 3367 1936 3438 gltri-

346 3437 502 3510 stiaui
525 3439 747 3510 turribus
773 3435 1112 3504 campanariis
1132 3437 1300 3510 gallos
1329 3438 1674 3510 imponerent.
1693 3437 1768 3489 De
1788 3435 1936 3510 Chri-

347 3507 414 3560 sti
456 3508 649 3579 verﬁbis,
705 3509 984 3576 Antequam
1018 3507 1183 3579 gallus
1214 3518 1398 3561 cantet.
1436 3507 1512 3560 De
1553 3508 1676 3576 galli
1707 3508 1934 3576 symbolo

345 3579 490 3646 apud
517 3578 851 3634 Christianos.

424 3647 764 3742 ξραμεριρῦ
791 3651 895 3742 alia
954 3651 1227 3742 inscrip‘tio
1276 3650 1422 3732 .Aldi.
1445 3691 1470 3730 ,.
1495 3647 1928 3742 lists-infiniti?
1959 3679 2006 3742 ο

350 3718 570 3783 Weitz.,
601 3721 680 3774 Ad
711 3720 1020 3774 Matutinum
1054 3737 1118 3776 ex
1144 3721 1420 3775 breviariis
1462 3724 1510 3772 in
1543 3720 1756 3772 codices
1788 3720 1930 3772 vide-

351 3800 437 3844 tur
469 3790 696 3847 invecta.
728 3793 908 3857 Alex.,
943 3793 1059 3845 Vat.
1091 3793 1107 3846 Ι
1139 3803 1191 3846 et
1219 3792 1326 3854 alii,
1361 3791 1600 3860 Hymnus
1629 3791 1928 3844 matutinus.

351 3862 427 3916 Es
469 3862 677 3916 erudita
713 3864 1023 3931 prmfatione
1067 3862 1501 3916 excellentissimi
1544 3861 1931 3930 archiepiscotii

350 3931 594 3987 Toletani
644 3931 709 3986 ad
765 3934 1024 3988 Breviarii
1078 3933 1352 3987 lsidoriani
1404 3948 1593 4002 novam
1641 3933 1930 3984 θὼιίοιιριη

349 4003 565 4071 colligo,
592 4004 731 4058 hunc
749 4004 1002 4074 hymnum
1029 4019 1185 4072 posse
1210 4003 1392 4056 Vocari
1423 4005 1488 4055 ad
1518 4007 1776 4074 pullorum
1801 4003 1934 4055 Can-

351 4084 460 4127 tum
490 4090 557 4128 ex
597 4077 764 4129 veteri
788 4072 1088 4144 llispanica
1133 4075 1540 4128 consuetudine.
1577 4072 1639 4125 In
1677 4075 1812 4124 calce
1843 4089 1933 4125 no-

350 4146 442 4198 stri
472 4145 660 4198 codicis
683 4148 780 4215 (ait
827 4143 1168 4199 doctissimus
1208 4146 1422 4212 priuati)
1460 4161 1556 4195 non
1591 4147 1755 4194 solum
1780 4143 1932 4215 horas

352 4217 631 4269 matutinas
658 4213 702 4269 et
744 4217 954 4270 laudum
1000 4217 1240 4280 invenies,
1294 4217 1382 4267 sed
1422 4215 1576 4266 ctiam
1626 4216 1835 4282 hymnos
1865 4213 1932 4264 ad

353 4287 573 4354 primaut
593 4287 756 4340 noctis
785 4287 1031 4357 vigiliam,
1076 4304 1140 4340 Αι)
1170 4301 1323 4339 GALLI
1354 4299 1566 4338 csa'ruu
1595 4326 1608 4347 ,
1634 4300 1770 4346 otior)
1797 4299 1933 4357 enar

352 4371 506 4412 emes
545 4373 745 4411 ιιεωωι
785 4355 1002 4420 Noc'rts,
1035 4369 1087 4412 et
1118 4374 1183 4411 an
1219 4372 1490 4410 pottouou
1521 4370 1728 4408 cuius:
1752 4395 1766 4417 ,
1799 4355 1933 4423 quod

352 4437 462 4481 erat
489 4429 628 4501 circa
662 4440 1014 4501 exsurgentem
1057 4445 1334 4501 auroram;
1367 4431 1498 4479 hunc
1543 4430 1844 4501 sectmdunt,
1882 4435 1935 4477 ut

354 4516 386 4551 a
411 4498 534 4568 galli
558 4508 708 4551 cantu
739 4497 917 4552 media:
956 4501 1114 4553 noctis
1147 4499 1504 4563 discernerent,
1540 4497 1780 4564 hymnum
1813 4511 1936 4550 rm.-

355 4585 538 4641 youuu
565 4584 767 4624 cas-rus
793 4571 1132 4641 appellabant.
1169 4570 1389 4639 Egregie
1418 4570 1851 4641 haecconsouant
1876 4569 1932 4621 S.

357 4639 544 4693 lsidori
573 4642 748 4694 verbis
774 4638 892 4710 cap.
925 4644 1014 4708 Et,
1049 4643 1138 4695 lib.
1173 4656 1203 4689 ν
1237 4638 1494 4711 Etymol.,
1526 4638 1840 4711 Matutinum
1863 4647 1936 4691 est

309 4761 314 4764 .
355 4711 487 4764 inter
511 4711 796 4764 abscessum
833 4709 1149 4765 tenebrarum
1172 4721 1219 4764 et
1250 4709 1450 4764 aurora:
1475 4711 1766 4762 adventum.
1809 4709 1936 4764 Pars

358 4781 516 4849 hujus
536 4783 714 4851 bymui
739 4781 977 4836 Matutini
1002 4786 1210 4836 canitur
1227 4781 1358 4835 feria
1373 4781 1405 4832 4
1420 4781 1485 4834 ad
1519 4780 1700 4833 laudes
1725 4779 1937 4833 Brevia-

359 4853 424 4905 rii
472 4852 714 4916 Romani,
764 4851 907 4919 Nox,
939 4862 986 4906 et
1033 4852 1264 4916 tenebris,
1317 4860 1364 4903 et
1409 4851 1612 4914 nubila;
1649 4865 1768 4918 pars
1810 4866 1936 4904 vero

361 4922 495 4976 feria
534 4923 568 4976 5
597 4922 660 4975 ad
707 4923 912 4986 laudes,
961 4921 1078 4976 Lua:
1123 4939 1233 4974 ecce
1277 4923 1441 4991 surgit
1488 4938 1664 4984 aurea,
1701 4935 1795 4987 pro
1819 4936 1938 4991 quo

359 5007 518 5048 verso
551 4993 870 5047 Prudentius
900 4993 1078 5058 habet,
1115 4994 1206 5046 Sol
1245 5009 1360 5046 ecce
1385 4993 1546 5061 surgit
1575 4992 1768 5060 igneus.
1819 4990 1938 5044 Ric-

2043 2375 2131 2439 65.
2166 2379 2289 2432 Non:
2313 2383 2512 2463 mundi,
2538 2390 2596 2436 ut
2626 2384 2742 2463 hic,
2773 2385 2915 2451 Nox,
2941 2388 3178 2456 tenebrat,
3210 2392 3387 2445 nubila
3418 2397 3629 2463 mundi;

2042 2464 2159 2517 quae
2181 2451 2357 2504 omnia
2391 2455 2530 2507 inter
2556 2469 2614 2509 se
2643 2455 2914 2510 differunt.

2113 2523 2166 2601 ξ.
2214 2523 2374 2576 Vetus
2417 2524 2584 2601 codex
2619 2527 2680 2601 in_
2701 2527 2828 2580 edit.
2864 2528 3072 2601 Q9Ion.,
3125 2531 3276 2584 micat
3306 2549 3402 2601 pro
3448 2538 3624 2601 intrat,

2041 2592 2202 2668 male,
2236 2601 2289 2668 et
2332 2609 2397 2668 ex
2427 2596 2600 2668 aliqua
2633 2596 2828 2662 glossa.
2884 2598 3227 2668 Hymnarium
3265 2592 3319 2655 ν’
3349 2592 3628 2662 Thomasii

2042 2663 2219 2716 multis
2252 2665 2302 2739 in
2346 2663 2478 2719 locis
2506 2663 2844 2739 correctione
2891 2663 3110 2739 indiget,
3147 2683 3202 2725 ut
3252 2674 3302 2727 in
3336 2674 3436 2730 hoc
3467 2681 3627 2733 tertio

2041 2733 2430 2806 versutintrat,
2464 2737 2668 2790 albescit
2699 2741 2845 2806 polus
2866 2782 2880 2805 ,
2928 2733 3198 2795 ubidcest
3228 2745 3339 2798 lux.

2111 2802 2166 2880 4:
2211 2802 2740 2880 DiscediteJormula,
2776 2802 2877 2878 qua
2910 2827 2939 2863 e
2978 2814 3142 2866 sacris
3191 2813 3335 2868 abire
3373 2816 3628 2880 jubeutur

2040 2875 2270 2996 profani,
2310 2890 2365 2928 ut
2413 2875 2662 2942 Procul,
2690 2896 2718 2931 o
2751 2875 2928 2947 procul
2979 2893 3081 2934 este
3106 2885 3344 2952 profani;
3373 2875 3445 2941 ἐι
3492 2890 3623 2944 infra

2059 2961 2238 2996 tvmno
2350 2963 2488 2996 vers.
2529 2947 2627 2996 156
2649 2959 2701 2996 ΩΙ.
2731 2966 2867 2996 ςμη--
2908 2951 3124 2996 Procul,
3164 2971 3193 2996 η
3226 2959 3400 2996 nrnrnl
3438 2976 3623 2996 ιιηηιηι-

2059 2961 2242 3022 tymn_o_
2271 2946 2320 3012 6,
2350 2963 2488 3002 vers.
2529 2947 2627 3022 156
2649 2959 2701 3002 et
2731 2946 2882 3022 Sequi
2903 2946 3128 3012 Procul,
3164 2946 3400 3022 o'procul
3438 2976 3628 3022 vagan-

2039 3025 2145 3094 tum
2175 3015 2425 3094 Portenta
2460 3021 2772 3094 somniorum
2801 3015 3048 3094 .;_Pt'ocul
3074 3035 3180 3078 esto
3203 3015 3448 3094 pervicaci
3481 3015 3626 3085 pm!-

2039 3088 2300 3158 strigiator
2329 3103 2514 3143 actu...
2553 3089 2784 3155 Discede,
2814 3091 3049 3146 Christus
3078 3097 3158 3148 hic
3185 3088 3260 3149 est
3292 3113 3326 3149 ε.
3344 3097 3449 3151 llic
3476 3099 3626 3155 Chri-

2038 3166 2147 3232 stus
2173 3161 2551 3232 estaliquesce.
2585 3161 2938 3231 Imperatores
2969 3177 3088 3216 cum
3133 3168 3438 3232 ignominiaa
3466 3187 3624 3227 causa

2041 3228 2236 3301 milites
2261 3228 2632 3293 dimittebant,
2665 3228 2784 3285 'liac
2835 3234 3058 3288 formula
3107 3228 3410 3301 utebantur,
3453 3241 3628 3295 Disce-

2040 3298 2162 3373 dite,
2199 3300 2450 3373 Quirites,
2479 3311 2628 3366 atque
2672 3320 2814 3356 arnta
2841 3305 3096 3373 deponite.
3132 3306 3263 3360 Vide
3294 3298 3622 3366 Brissonium

2039 3369 2105 3422 de
2135 3368 2372 3423 formulis
2404 3372 2492 3424 lib.
2525 3386 2592 3426 tv.

2111 3440 2164 3517 li.
2187 3439 2474 3517 Spiculum
2504 3444 2717 3517 proprie
2735 3451 2818 3517 est
2845 3446 3055 3512 sagitta.
3081 3447 3481 3503 Chamillardus
3505 3461 3626 3517 post

2040 3508 2469 3587 Fabricium-ait,
2509 3508 2714 3587 spiculo
2766 3508 3054 3587 improprie
3082 3517 3184 3571 diei
3233 3533 3326 3585 pro
3357 3508 3535 3587 radiis,
3570 3529 3626 3576 et

2041 3583 2238 3654 [celius
2274 3582 2397 3654 alibi
2430 3584 2717 3654 radiorum
2771 3583 2989 3654 spicula.
3048 3582 3282 3642 llamart.
3337 3604 3476 3643 vers.
3523 3582 3620 3646 '87.

2039 3648 2238 3705 Contra
2266 3649 2508 3706 Gifanitts
2540 3653 2591 3707 in
2623 3655 2734 3710 ind.
2768 3648 3006 3716 Lucret..
3037 3660 3198 3711 verbo
3231 3658 3349 3713 Tela
3374 3660 3494 3724 diei,
3528 3661 3624 3715 ob-

2037 3731 2240 3796 servat,
2274 3732 2495 3796 venuste
2523 3734 2574 3777 et
2613 3725 2768 3779 docte
2814 3728 2915 3780 tela
2946 3727 3048 3780 diei
3087 3729 3342 3796 appellari
3381 3731 3504 3783 solis
3531 3749 3620 3784 ra-

2038 3792 2168 3869 dios,
2201 3794 2336 3848 sicut
2365 3794 2527 3869 Varro
2562 3796 2738 3862 jacula
2780 3798 2930 3861 solis,
2982 3807 3034 3851 et
3065 3792 3382 3853 Prudentius
3424 3802 3625 3869 spicula

2037 3866 2307 3938 dixerunt.
2335 3864 2595 3938 ,Gifanius
2623 3869 2886 3921 rationem
2931 3869 3098 3933 addit,
3131 3872 3254 3938 quia
3285 3864 3465 3925 radius
3494 3873 3624 3928 nihil

2037 3943 2120 4004 est
2155 3935 2296 3988 aliud
2327 3937 2512 3989 Latine
2537 3952 2692 4004 quam
2723 3938 2934 4003 hastile,
2968 3955 3059 3992 seu
3095 3935 3244 3993 luista
3278 3941 3390 3993 sive
3420 3954 3482 3995 ex
3515 3942 3623 3997 fer-

2031 4002 2099 4076 'r_o
2120 4043 2134 4066 ,
2165 4005 2277 4058 sive
2305 4023 2366 4059 ex
2399 4002 2636 4058 ιιι-ιῑεῐῆιι.
2673 4010 2794 4060 llaec
2827 4002 2959 4061 ratio
2994 4027 3096 4062 non
3141 4012 3311 4076 placet
3357 4012 3624 4066 Becmauo

2038 4073 2104 4125 de
2126 4076 2272 4142 Orig.
2305 4076 2494 4138 lingua:
2523 4077 2745 4139 Latium,
2781 4080 2943 4132 verbo
2987 4073 3222 4143 Radius;
3270 4083 3361 4134 sed
3395 4085 3625 4136 assenti-

2041 4154 2124 4217 tur
2150 4147 2409 4210 spiculum
2442 4151 2684 4214 usurpari
2715 4149 2782 4200 de
2814 4149 2942 4202 solis
2966 4149 3168 4203 lumine
3198 4151 3415 4217 pariter,
3455 4162 3510 4204 ut
3537 4168 3622 4206 ra-

2039 4216 2214 4277 dium;
2248 4231 2402 4284 quem
2437 4219 2720 4270 consulere
2763 4221 2982 4286 poteris.

2108 4287 2162 4340 8.
2210 4286 2396 4350 llails.,
2429 4288 2603 4339 nitenti
2647 4304 2740 4354 pro
2785 4289 3016 4354 nitentis,
3053 4290 3189 4353 ψιοά
3222 4291 3410 4344 melius
3439 4292 3624 4346 adlue-

2038 4366 2119 4427 ret
2144 4357 2358 4422 sideris,
2393 4367 2450 4410 ut
2478 4360 2554 4410 sol
2602 4359 2907 4426 deuotetur,
2942 4368 3000 4413 ut
3046 4369 3190 4414 recte
3245 4361 3634 4427 interpretatur

2039 4424 2141 4479 lso.
2175 4427 2504 4487 Cunciunnm
2536 4437 2710 4482 tamen
2745 4438 2844 4494 est,
2867 4424 3013 4483 vultu
3053 4432 3250 4485 nitenti.

2109 4501 2159 4553 9.
2206 4498 2388 4564 Prag.,
2431 4499 2512 4551 hic
2539 4515 2634 4568 pro
2664 4501 2763 4564 sic,
2787 4503 2948 4555 male.

2114 4569 2388 4641 itt._Ald.,
2424 4569 2542 4641 Rat.
2594 4570 2704 4641 (ubi
2741 4572 2916 4640 glossa
2962 4572 3241 4641 fulgescit),
3274 4573 3366 4628 Gis
3395 4614 3410 4638 ,
3443 4575 3630 4630 Fabri-

2038 4639 2172 4714 cius,
2196 4639 2419 4714 _\Vei_t?..,
2457 4639 2657 4702 VatttJI,
2689 4639 2755 4705 0,
2789 4641 2846 4706 P,
2871 4653 2924 4696 et
2955 4639 3053 4714 alii
3087 4639 3266 4712 legunt
3293 4645 3540 4714 pallescit.
3570 4644 3628 4701 In

2042 4710 2158 4764 Vat.
2240 4711 2455 4784 etAlex.
2479 4723 2560 4764 est
2583 4714 2843 4784 pallescet,
2872 4713 3008 4782 quod
3030 4709 3235 4767 videtur
3263 4709 3474 4784 exigere
3506 4731 3630 4770 sen-

2039 4797 2149 4854 sus.
2170 4782 2291 4849 Agit
2314 4784 2456 4854 enim
2484 4793 2637 4849 poeta
2662 4783 2726 4854 de
2749 4792 2989 4835 exirent»
3023 4784 3112 4836 Dei
3133 4782 3372 4852 judicioi
3403 4787 3629 4854 ideoque

2039 4851 2277 4921 adjungit
2306 4871 2319 4905 :
2348 4852 2494 4904 Tunc
2533 4869 2633 4904 non
2671 4853 2836 4904 licebit
2867 4851 3170 4906 claudere...
3199 4854 3304 4908 Sed
3334 4873 3483 4910 mane
3518 4851 3628 4910 cla-

2041 4933 2230 4975 rescent
2264 4939 2410 4996 novo.
2444 4922 2809 4996 [Velit-isscusis
2847 4923 3001 4976 habet
3029 4942 3038 4974 :
3067 4923 3322 4979 Pallcscat
3343 4944 3434 4996 pro
3483 4927 3628 4980 albe-

2042 5004 2172 5055 scrtt,
2224 5004 2269 5045 et
2325 4992 2508 5064 alludit
2550 4993 2617 5043 ad
2681 5001 2875 5064 tempus
2925 4996 3254 5057 matutinum,
3297 4992 3395 5064 quo
3442 5013 3632 5051 aurora

360 5063 780 5142 cioliuspartLS
803 5048 1204 5142 Prosodu'cap.
1239 5067 1293 5125 6,
1319 5079 1429 5142 reg.
1459 5048 1512 5124 Ξῖ,
1548 5048 1708 5142 Quid,
1743 5062 1931 5142 inquit,
1964 5048 2018 5106 Ι)
2047 5048 2220 5142 pallet.
2251 5063 2355 5116 Sed
2377 5066 2432 5142 in
2465 5048 3122 5142 contex_tu_prrisseusis
3155 5048 3344 5134 ltrgitu'r
3375 5048 3626 5132 pallescit:

360 5130 642 5204 elegantius
671 5133 762 5204 illo
795 5133 981 5204 hymno
1013 5132 1318 5198 Boethiano,
1343 5130 1427 5202 qui
1454 5134 1652 5184 canitur
1675 5133 1726 5183 in
1768 5130 1940 5204 laudi-

361 5203 456 5259 bus
485 5207 625 5275 feriat
669 5203 723 5268 4,
770 5203 910 5268 Nox,
953 5213 1000 5258 et
1027 5205 1258 5267 tenebrat,
1293 5213 1338 5254 ct
1385 5203 1750 5275 nubila,_ctc.‘.’
1779 5203 1940 5275 Puta:

362 5271 497 5339 rem,
533 5274 734 5329 Boethii
766 5289 957 5328 nomen
1009 5275 1275 5328 excidisse
1331 5289 1426 5341 pro
1476 5271 1781 5326 Prudentia.
1836 5273 1941 5326 Sed

401 5348 520 5398 aulo
547 5355 670 5400 ante
697 5345 903 5400 dixerat
927 5361 939 5397 :
975 5343 1037 5398 In
1065 5343 1265 5413 hymnis
1295 5355 1464 5396 autent
1492 5361 1522 5395 α
1553 5344 1613 5396 S.
1642 5343 1905 5395 Ambrosio
1925 5385 1940 5408 ,

413 5417 600 5481 oethio,
632 5425 718 5470 aut
751 5414 1034 5469 Prudentia
1070 5412 1372 5468 censtructis
1404 5416 1563 5467 utitur
1605 5412 1835 5466 Ecclesia
1857 5430 1944 5465 ca-

365 5478 554 5540 tholica
576 5478 801 5540 iambicis
833 5487 1157 5555 hujusmodi,
1189 5502 1276 5557 per
1310 5484 1540 5554 strophas
1575 5485 1945 5557 tetrastrophas

366 5558 648 5610 distributis
675 5559 729 5609 in
754 5558 890 5611 horis
916 5555 1197 5610 canonicis.
1224 5557 1327 5609 Sed
1370 5572 1541 5623 neque
1571 5556 1656 5610 hic
1683 5566 1764 5608 est
1791 5555 1944 5624 hym-

368 5645 468 5681 nus
499 5627 840 5692 Boetbiauus,
875 5643 1047 5697 neque
1105 5629 1262 5681 alimn
1318 5626 1603 5679 iambicum
1660 5627 1942 5697 dimetrutn

368 5705 513 5762 navi,
543 5715 570 5750 a
603 5699 822 5752 Boethio
856 5696 1228 5767 compesitum,
1262 5712 1365 5766 quo
1393 5708 1566 5750 utatur
1593 5696 1827 5752 Ecclesia
1855 5711 1942 5750 ca-

370 5770 585 5828 tholica.
621 5777 624 5781 '

443 5842 493 5900 l.
539 5840 713 5910 Egm.,
731 5839 898 5910 jubila
927 5856 1020 5909 pro
1060 5841 1254 5904 nubila,
1305 5840 1582 5895 mendose.
1625 5839 1763 5893 Infra
1801 5853 1939 5893 vers.

2051 5137 2256 5186 Aurora
2312 5132 2538 5201 primum
2586 5133 2776 5199 pallida
2809 5132 2935 5200 'c'sl,
2966 5148 3072 5188 tum
3126 5132 3299 5194 rosea.
3357 5144 3633 5202 postremo

2050 5204 2416 5265 caodida,seu
2453 5204 2617 5255 clara.
2655 5205 2848 5258 Verum
2883 5207 2994 5258 b.:e
3025 5206 3303 5269 vocabula,
3347 5219 3555 5258 aurora:
3579 5217 3634 5260 et

2053 5275 2291 5326 matutini
2320 5274 2576 5340 temporis
2624 5276 2858 5343 propria,
2901 5292 2927 5326 a
2966 5275 3252 5328 Prudentio
3306 5275 3514 5342 poetice
3563 5276 3632 5330 ad

2053 5355 2354 5397 extremum
2383 5345 2565 5411 juilieii
2599 5346 2762 5410 diem,
2798 5361 2901 5413 quo
2929 5345 3008 5398 sol
3046 5344 3268 5411 justitiae
3314 5345 3630 5413 apparebit,

2055 5413 2464 5469 transferuntur.

2126 5484 2208 5537 15.
2259 5486 2372 5540 \‘at.
2407 5487 2421 5540 l
2450 5496 2502 5541 et
2529 5487 2684 5543 Gold.
2718 5501 2744 5537 a
2776 5486 2941 5554 prima
2965 5500 3121 5538 manu
3149 5485 3454 5556 clarescunt,
3487 5486 3632 5556 quod

2055 5556 2249 5625 poterit
2276 5558 2550 5616 sustineri.
2581 5559 2622 5609 si
2655 5571 2812 5624 supra
2845 5556 3048 5622 legatur
3069 5555 3324 5624 pallescit.

2129 5627 2215 5680 l7.
2243 5627 2383 5681 Cave
2420 5630 2486 5680 ab
2517 5628 2722 5680 Aldinae
2763 5625 3023 5698 editionis,
3042 5640 3243 5690 errore,
3269 5625 3502 5682 Furante
3533 5643 3632 5698 pro

2056 5695 2169 5748 Fur
2192 5708 2326 5768 ante.
2353 5698 2570 5751 Mii‘ilice
2591 5707 2755 5768 poeta,
2771 5705 2990 5768 exornat
3013 5695 3149 5750 hanc
3174 5701 3514 5760 sententiam,
3535 5695 3632 5768 qui

2055 5769 2188 5829 male
2227 5765 2352 5836 agit,
2383 5768 2485 5820 odit
2516 5771 2693 5819 lucem.
2726 5767 2927 5820 Similia
2961 5779 3083 5828 sunt
3109 5769 3247 5836 apud
3280 5770 3376 5825 SS.
3418 5765 3627 5834 Patres.

2054 5840 2111 5895 S.
2147 5841 2454 5894 Ambrosius
2483 5838 2571 5891 lib.
2614 5854 2646 5891 ll
2679 5836 2743 5890 de
2769 5837 2900 5893 Cain
2941 5851 2995 5894 et
3019 5838 3174 5908 Abel,
3220 5854 3340 5910 cap.
3373 5841 3406 5897 8
3433 5859 3444 5895 :
3471 5841 3629 5912 Latro
