4102 6348
458 389 558 448 787

607 559 619 576 ,
711 503 932 573 Impune
963 507 1150 572 peccat
1182 507 1459 569 tempore:

706 597 810 654 Sed
842 597 931 652 lux
959 595 1097 651 dolis
1135 593 1408 650 contraria

713 690 905 744 Latere
935 686 1136 742 furtum
1163 699 1269 743 non
1296 687 1440 762 sinit.

643 783 870 839 Versata
897 782 1040 837 fraus
1069 791 1124 837 et
1153 781 1342 837 callida

709 880 868 929 Amat
897 875 1133 930 tenebris
1162 875 1363 946 obtegi,

709 969 1010 1036 Aptamque
1041 975 1252 1021 noctem
1273 963 1528 1034 turpibus

709 1057 934 1114 Adulter
959 1058 1203 1114 occultus
1233 1057 1397 1114 fovet.

640 1154 735 1211 Sol
762 1169 890 1210 ecce
920 1153 1090 1223 surgit
1121 1153 1329 1224 igneus,

711 1248 884 1317 Piget,
917 1246 1180 1316 pudescit,
1215 1247 1460 1316 ptenitet.

710 1340 820 1396 Nec
845 1347 981 1395 teste
1011 1339 1292 1408 quisquam
1321 1337 1518 1392 lumine

721 1432 954 1486 Peccare
986 1439 1298 1486 constanter
1320 1431 1514 1498 potest.

641 1526 770 1596 Quis
795 1541 952 1580 mane
982 1525 1211 1594 sumptis
1237 1523 1482 1594 nequiter

713 1617 876 1690 248
905 1617 1017 1672 Non
1033 1613 1304 1672 erubescit
1320 1615 1547 1686 poculis,

712 1713 843 1768 Cum
877 1712 933 1767 tit
963 1711 1130 1768 libido
1162 1720 1494 1783 temperans,

467 689 524 745 ἲ]

457 1153 528 1211 25

465 1619 534 1677 50

531 1927 620 1982 19.
651 1925 816 1990 Dolis,
843 1925 1035 1996 furum,
1065 1923 1106 1978 Ι.

531 1997 622 2052 22.
659 1994 850 2060 Amat,
869 1997 1007 2064 cupit
1031 1996 1302 2064 cooperiri,
1335 1994 1376 2050 1.

530 2070 623 2126 25.
653 2069 947 2137 'I‘urpibus,
971 2067 1140 2131 rebus,
1177 2066 1216 2120 Ι.

530 2141 622 2196 24.
659 2140 854 2203 Fovet,
887 2147 1042 2201 amat,
1070 2138 1191 2192 Vat.
1218 2137 1282 2192 Δ.
1315 2147 1370 2194 et
1405 2138 1444 2192 Ι.

471 2242 476 2246 -
532 2211 624 2266 26.
656 2211 911 2274 Paenitet,
937 2209 1232 2262 adulterum
1258 2211 1338 2262 sui
1369 2207 1596 2263 sceleris.
1620 2209 1661 2263 l.

531 2279 1001 2354 28.,Constauter,
1033 2281 1296 2344 audacter,
1335 2279 1668 2348 ﬁduciatiter,
1690 2279 1730 2334 l.
1766 2279 2047 2348 Audacter,

463 2353 592 2412 Vat.
619 2353 686 2408 A.

532 2425 622 2480 29.
651 2421 824 2493 Mane,
858 2423 1076 2478 si'mane
1101 2421 1268 2478 ebrius
1294 2423 1466 2495 fuerit,
1501 2421 1544 2478 1.

531 2498 623 2552 51.
656 2497 809 2562 Cum,
837 2497 1063 2564 quando,
1091 2495 1130 2548 l.

531 2563 912 2695 Castam,
959 2568 1263 2632 castitatem,
1313 2565 1350 2620 Ι.
1399 2563 1504 2620 Pro
1543 2567 1796 2636 castitate,
1847 2581 2050 2620 nomen.

531 2651 586 2695 ll.
667 2679 679 2693 .

463 2640 586 2696 Vat.
614 2640 679 2695 A.

535 2713 624 2769 55.
664 2711 945 2782 Severum,
983 2709 1190 2782 adverb.
1215 2711 1454 2782 graviter,
1489 2710 1528 2766 Ι.
1571 2709 1680 2766 Pro
1723 2709 1980 2765 adverbio.
2011 2710 2050 2762 i.

463 2801 512 2839 e.
535 2783 752 2845 graviter
777 2791 822 2834 et
852 2781 1076 2845 honeste,
1109 2781 1229 2836 Vat;
1271 2783 1339 2836 A.

613 2895 626 2910 .
662 2853 968 2920 Ludicrum,
1004 2853 1304 2918 ludibrium,
1333 2853 1374 2907 1.

1563 385 1836 444 AUBELII
1881 383 2247 445 PRUDENTlI
2287 381 2614 442 CARillNA.

2073 500 2131 560 Δ

2083 1926 2133 1986 Β

3647 377 3752 434 788

2401 496 2730 565 Costumque
2763 501 2991 566 nugator
3011 489 3194 565 sapit?

2331 589 2483 644 Nunc
2511 603 2652 643 nunc
2676 603 2924 644 severum
2953 587 3178 656 vivitur,

2411 686 2564 740 Nunc
2590 700 2750 740 nemo
2777 691 2946 739 tentat
2975 683 3266 752 ludicrum,

2409 778 2590 848 Inepta
2619 791 2761 834 nunc
2790 791 2980 834 omnes
3007 791 3104 834 sua

2413 870 2574 925 Vultu
2600 871 2854 926 colorant
2875 870 3037 925 serio.

2337 965 2462 1020 Haec
2484 965 2616 1020 hora
2647 965 2856 1020 cunctis
2886 965 3052 1034 utilis,

2403 1057 2520 1124 Qua
2549 1057 2796 1128 quisque,
2821 1057 2962 1129 quod
2995 1057 3196 1122 studet,
3222 1063 3408 1128 gerat:

2403 1151 2572 1218 Miles,
2605 1159 2840 1223 togatus,
2867 1151 3070 1219 navita,

2407 1245 2621 1316 Opilex,
2649 1254 2852 1314 arator,
2885 1245 3123 1300 institor.

2337 1339 2490 1394 Illum
2521 1338 2750 1396 forensis
2771 1337 2960 1410 gloria,

2407 1431 2569 1504 24.9
2601 1433 2750 1488 Hunc
2779 1432 2932 1488 triste
2953 1439 3132 1502 raptat
3158 1429 3441 1488 classicum
3467 1449 3482 1488 :

2405 1521 2669 1579 Mercator
2697 1524 2845 1592 hinc,
2884 1539 2946 1580 ac
2971 1525 3208 1580 rusticus

2410 1617 2589 1673 Avara
2615 1619 2891 1688 suspirant
2918 1615 3087 1688 lucra.

2156 1711 2227 1768 45
2335 1712 2404 1768 At
2432 1728 2530 1769 nos
2555 1713 2753 1780 lucelli,
2781 1727 2844 1767 ac
2873 1711 3100 1778 fenoris,

2157 781 2228 838 55

2155 1247 2224 1304 40

1781 1827 2076 1888 ϐιοδεῶ
2114 1829 2466 1888 VETERES.

2232 1924 2322 1978 55.
2353 1925 2559 1992 Inepta,
2591 1924 2804 1986 incesta,
2834 1924 2875 1979 1.

2231 1995 2320 2050 56.
2357 1990 2634 2059 Colorant,
2663 1995 2902 2049 laudant.
2933 2024 3006 2038 -—
3027 1994 3208 2058 Serio,
3237 1994 3470 2056 honesto,
3495 1991 3688 2058 sobrio,
3711 1990 3750 2046 I.

2163 2066 2330 2130 Serio,
2355 2067 2394 2121 i.
2425 2084 2471 2122 e.
2499 2077 2714 2134 mature,
2743 2069 2990 2135 modeste,
3021 2069 3247 2133 honeste,
3285 2065 3403 2119 Vat.
3433 2065 3498 2118 Δ.

2233 2139 2321 2194 58.
2350 2139 2487 2206 Qua,
2517 2141 2573 2192 in
2595 2155 2717 2205 qua,
2745 2139 2785 2192 Ι.

2231 2211 2320 2264 59.
2359 2211 2510 2264 Miles
2531 2251 2545 2272 ,
2575 2209 2823 2280 plebeius,
2855 2210 2976 2266 Vat.
3025 2213 3090 2266 A.
3134 2239 3204 2251 —-—
3229 2208 3484 2279 Togatus,
3521 2213 3754 2276 pacatus,

2159 2281 2248 2351 qui
2276 2283 2328 2334 in
2357 2283 2472 2349 foro
2497 2282 2748 2350 disputat,
2777 2282 2814 2335 I.

2231 2352 2322 2425 40.
2356 2353 2592 2425 institor,
2629 2353 2939 2425 negotiator,
2969 2352 3008 2407 l.

2231 2422 2323 2492 4L
2355 2423 2628 2488 Forensis,
2655 2422 2853 2492 a’foro,
2881 2425 2986 2479 Iso.

2230 2491 2318 2551 42.
2356 2495 2674 2560 Classicum,
2701 2497 2818 2548 tuba
2849 2495 3052 2556 bellica,
3084 2493 3123 2548 1.

2231 2565 2329 2622 44.
2365 2566 2672 2635 SuSpiraut,
2703 2567 3013 2632 desiderant,
3043 2567 3082 2620 l.

2229 2638 2320 2693 45.
2353 2638 2576 2700 Lucelli,
2607 2638 2967 2692 diminutivum
3003 2655 3036 2690 (ι
3057 2639 3222 2692 lucro.
3255 2667 3324 2678 ——
3349 2637 3594 2703 Fenoris,
3641 2651 3758 2690 usu-

2159 2725 2249 2766 rae.
2289 2707 2336 2760 Ρ
2339 2726 2462 2764 enus
2495 2709 2684 2762 dicitur
2723 2726 2756 2760 a
2795 2708 3061 2776 manipulo
3091 2709 3214 2778 feni,
3263 2711 3382 2778 quia
3417 2711 3547 2764 sicut
3589 2712 3758 2778 fenum

2159 2782 2436 2849 manipulis
2474 2791 2710 2850 augetur,
2745 2781 2818 2834 ita
2862 2782 3030 2851 fenus,
3060 2781 3100 2834 i.
3132 2799 3179 2836 e.
3209 2781 3424 2850 pecunia
3463 2787 3759 2851 augurentu-

2159 2861 2241 2906 tur
2269 2852 2582 2906 colliaendo.
2610 2851 2653 2906 Ι.
2763 2851 2767 2854 ⁴
3307 2859 3316 2864 “

2181 2869 2241 2906 ur
2269 2869 2582 2922 comgenao,
2613 2869 2653 2910 Ι.

1819 2961 2387 3024 COMMENTARIUS.

465 3086 600 3142 diem
615 3083 823 3152 refugit,
851 3081 996 3152 quasi
1013 3079 1238 3134 criminis
1271 3085 1465 3135 testem.
1495 3077 1682 3152 ῥηθείη
1713 3075 1919 3152 adulter
1939 3093 2059 3130 eru-

467 3157 641 3220 bescit,
675 3149 832 3217 'quasi
863 3149 1118 3206 adulterii
1169 3151 1444 3205 consciam.
1504 3151 1680 3203 Poetae
1731 3149 1938 3218 lingunt
1988 3163 2054 3202 ex

465 3227 636 3284 Nocte
667 3225 931 3280 Fraudem
979 3233 1034 3279 et
1083 3223 1410 3277 Mendacium
1443 3221 1740 3291 progenita,
1790 3231 1846 3274 ut
1887 3227 2054 3274 deno-

465 3309 584 3354 tent
627 3310 836 3352 noctem
879 3295 1154 3349 fraudibus
1197 3309 1317 3347 esse
1359 3305 1558 3361 aptam.
1593 3292 1800 3346 Ethnici
1837 3301 2054 3345 noctur-

469 3385 568 3425 nas
609 3369 1065 3438 ,congregationes
1103 3367 1286 3434 primis
1337 3364 1655 3438 Christianis
1705 3363 2050 3438 olijiciehnnt.

470 3434 750 3497 Minucius
773 3438 920 3492 Felix
961 3441 1012 3492 in
1039 3438 1260 3492 Octavio
1289 3452 1302 3490 :
1337 3434 1456 3488 Illic
1483 3445 1596 3504 post
1628 3437 1816 3488 inultus
1847 3437 2046 3506 epulas,

466 3513 552 3566 ubi
579 3511 854 3564 convivium
895 3510 1075 3572 caluit,
1109 3519 1152 3561 et
1179 3508 1382 3561 incesta:
1411 3508 1637 3560 libidinis
1683 3511 1848 3566 terior
1889 3508 2050 3560 ebrie-

465 3593 569 3638 tate
595 3583 805 3645 eirarsit,
836 3583 998 3642 canis,
1033 3581 1116 3650 qui
1152 3580 1455 3632 candelabro
1479 3594 1639 3631 nemus
1673 3587 1772 3650 est,
1794 3580 1946 3650 jactu
1973 3581 2054 3648 of-

467 3655 612 3727 fula:_
631 3654 770 3706 ultra
806 3654 1028 3722 spatium
1046 3649 1204 3727 linere
1232 3669 1332 3719 qua
1353 3651 1547 3701 vinctus
1575 3659 1666 3727 est.
1699 3649 1767 3700 ad
1807 3649 2054 3727 impetum

466 3721 516 3782 et
537 3725 722 3780 saltum
746 3721 1046 3792 praebeatur
1071 3723 1180 3775 :sic
1203 3739 1372 3774 everso
1395 3731 1436 3771 et
1464 3722 1710 3772 exstincto
1733 3721 1936 3792 conscio
1966 3722 2050 3792 tu-

467 3799 624 3860 mine,
651 3790 1031 3860 impudentibus
1068 3793 1281 3844 tembris
1315 3807 1472 3844 nexus
1495 3792 1723 3858 infanda:
1754 3790 2053 3856 cupiditatis

467 3867 724 3920 involvunt
751 3881 836 3934 per
867 3863 1318 3934 inrertumﬁsortis.
1353 3863 1471 3928 Quo
1503 3861 2052 3934 respexitTertullia-

468 3951 572 3991 nus
601 3932 824 4005 Apolog.
857 3949 972 3998 cap.
1009 3937 1037 3987 7
1069 3951 1082 3987 :
1117 3933 1347 4006 Dicimur
1369 3932 1753 4006 sceleratissimi
1791 3935 1854 3984 de.
1881 3949 2057 3985 sacra-
2089 3995 2098 4006 ο

471 4004 1010 4076 νηεηίοίὲηριηιιεὶάίὶ,
1057 4013 1100 4059 et
1140 4005 1326 4075 pabulo
1359 4004 1500 4067 inde,
1547 4013 1596 4056 et
1632 4017 1744 4072 post
1774 4006 2056 4058 convivium

471 4080 682 4140 incesto,
725 4077 864 4148 quod
893 4093 1145 4130 eversores
1185 4077 1433 4128 luminum
1473 4076 1874 4148 canes,ilenones
1917 4078 2055 4130 scili-

469 4161 568 4214 cet,
603 4147 832 4202 tenebras
855 4159 962 4201 tum
983 4159 1029 4201 et
1051 4148 1318 4201 libidinum
1342 4148 1614 4214 impiarum
1645 4147 2056 4201 inuerecundiam

471 4229 764 4290 procurent.
805 4219 870 4272 Et
905 4235 1023 4288 cap.
1065 4221 1096 4274 8
1126 4237 1138 4272 :
1177 4215 1435 4272 Praeterea
1477 4217 1784 4270 candelabra
1813 4229 1860 4272 et
1893 4219 2058 4272 lucer-

471 4309 570 4358 nae,
597 4301 640 4343 et
673 4307 822 4344 canes
863 4293 1045 4360 aliqui,
1089 4301 1134 4344 et
1165 4291 1341 4354 offulto
1369 4305 1482 4358 qua:
1515 4291 1632 4342 illos
1659 4290 1727 4342 ad
1749 4293 2054 4343 eversionem

469 4363 722 4418 luminum
753 4367 1043 4416 extendant.
1087 4362 1232 4414 llanc
1269 4362 1496 4414 tabulam
1528 4373 1576 4412 et
1622 4361 1944 4414 calumniam
1969 4364 2055 4416 vel

469 4449 537 4489 ex
581 4449 644 4488 eo
691 4435 920 4486 maxime
963 4433 1303 4500 depellebant
1343 4433 1652 4498 Christiani,
1695 4433 1836 4500 quod
1885 4433 2052 4486 Deum

469 4519 683 4572 semper
718 4513 1059 4570 prmsentem,
1093 4514 1147 4556 et
1180 4503 1262 4554 cui
1295 4503 1426 4555 nihil
1453 4513 1536 4555 est
1563 4503 1824 4568 clausum,
1857 4505 2054 4572 cogita-

471 4585 614 4634 rent,
645 4582 696 4624 et
717 4575 987 4630 colerent;
1025 4573 1248 4644 quodin
1281 4573 1390 4627 fere
1418 4581 1528 4626 toto
1557 4573 1657 4627 hoc
1693 4572 1893 4644 hymno
1925 4575 2055 4630 I’ru—

470 4645 682 4699 dentius
703 4644 940 4710 exponit,
971 4653 1028 4696 tit
1057 4643 1277 4710 patebit.

543 4717 632 4769 2t.
659 4716 854 4776 0mm,
890 4719 1032 4784 frons
1063 4729 1160 4782 pro
1203 4715 1370 4782 fraus,
1413 4715 1506 4769 sed
1537 4715 1690 4784 longe
1735 4717 1927 4771 melius
1973 4727 2056 4773 est

497 4801 637 4842 Γαιιε.

472 4791 637 4912 rraﬁufi:
667 4857 900 4930 llesiiicit
927 4857 1368 4930 consuetudinem
1395 4858 1506 4911 fere
1529 4861 1766 4914 omnium
1794 4861 2052 4930 gentium,

471 4929 767 4999 prtesertim
799 4927 1216 5000 .ludzeqrum,,et
1239 4929 1362 5000 inde
1383 4927 1832 5000 Christianorum,
1870 4933 2050 4988 vinum

471 4997 630 5055 inane
657 5015 764 5054 nun
797 4997 1010 5053 bibendi
1045 5017 1057 5051 :
1089 5015 1156 5052 ex
1197 5015 1296 5068 qua
1341 4999 1398 5056 S.
1431 5001 1617 5056 Petrus
1652 4997 1834 5058 Actor.
1871 5015 2042 5068 apost.

471 5085 590 5139 cap.
623 5085 658 5124 ιι
691 5085 717 5122 a
741 5085 820 5134 se,
855 5069 921 5123 ab
947 5071 1205 5138 apostolis
1233 5070 1456 5138 aliisque
1479 5083 1695 5127 centum
1731 5075 1918 5138 viginti
1953 5076 2048 5129 ho-

470 5141 724 5205 minibus,
771 5142 822 5194 in
855 5157 990 5206 quos
1031 5141 1261 5210 Spiritus
1306 5153 1520 5196 sanctus
1550 5145 1923 5208 descenderat,
1961 5163 2048 5200 su—

472 5213 766 5280 spicionem
799 5212 1071 5266 ebrietatis
1104 5213 1308 5280 depulit
1335 5232 1345 5266 :
1383 5214 1504 5267 Non
1531 5217 1665 5269 enim
1700 5219 1828 5269 sicut
1861 5235 1944 5270 vos
1972 5234 2045 5271 te-

471 5284 709 5348 stimatis,
735 5283 790 5336 hi
802 5283 943 5356 ebrii
967 5293 1102 5346 sunt,
1134 5301 1248 5337 cum
1277 5287 1340 5338 sit
1371 5287 1496 5338 hora
1532 5287 1634 5340 diei
1661 5291 1829 5340 tertia.
1863 5289 2045 5356 Neque

375 5395 390 5404 .
472 5357 614 5429 enim
645 5355 902 5410 credibile
929 5365 1061 5419 erat,
1098 5365 1174 5429 tot
1198 5357 1356 5410 simul
1391 5357 1668 5423 religiosos
1695 5355 2049 5429 cordatosque

473 5425 616 5497 viros
639 5437 822 5480 contra
853 5427 1314 5490 censuetudinem,
1348 5443 1795 5497 communemque
1835 5425 2046 5486 vivendi

473 5495 712 5566 modum,
747 5503 800 5551 et
823 5498 1182 5565 praescriptam
1219 5497 1412 5566 legem,
1445 5499 1568 5553 vino
1607 5515 1666 5554 se
1693 5495 1816 5555 ante
1857 5500 2044 5557 horam

473 5565 688 5620 tertiam
720 5567 1006 5636 proluisse.
1039 5565 1400 5623 Chumillardo
1442 5580 1495 5625 et
1521 5569 1706 5624 Teolio
1747 5573 1845 5624 alia
1877 5575 2042 5627 inter-

473 5637 703 5713 pretatio
724 5635 957 5704 placuit,
988 5639 1127 5713 quod
1165 5655 1345 5713 sermo
1379 5642 1447 5696 sit
1488 5635 1556 5696 de
1591 5641 1793 5713 poculis
1817 5646 2044 5713 sumptis

471 5705 556 5830 ﬁte
575 5709 652 5836 velt
679 5719 823 5764 nocte
856 5705 1140 5780 superiore.
1175 5711 1289 5767 Non
1323 5713 1508 5782 probo,
1544 5705 1642 5770 nec
1673 5711 1884 5769 videtur
1915 5705 2044 5784 pro-

511 5791 602 5830 are
647 5795 725 5834 so.
1937 5809 1950 5820 ’

511 5791 602 5830 are
624 5791 725 5834 I50.
1937 5809 1950 5820 ·

547 5849 884 5929 ὄλλιξοοξρὶι
934 5863 1149 5922 nugator
1197 5869 1291 5923 pro
1333 5857 1624 5924 libidinoso,
1677 5867 1735 5914 ut
1765 5857 1965 5929 hymno
1997 5862 2050 5928 7,

477 5931 628 5976 vers.
650 5920 757 5997 98;
793 5920 1091 5996 Veneresque
1115 5920 1280 5984 ausas
1309 5920 1620 5986 condomare
1643 5942 1686 5987 et
1720 5920 1973 6002 frangere,
2002 5920 2056 5988 ct

2175 3075 2374 3146 Psych.
2401 3089 2544 3129 vers.
2579 3074 2703 3138 455,
2735 3076 2910 3143 jocus,
2939 3075 3242 3140 petulantia,
3281 3075 3534 3144 voluptas,
3577 3075 3762 3141 cupido

2167 3145 2426 3202 dicuntur
2453 3161 2724 3200 NUGATRIX
2751 3150 2908 3200 acies.
2939 3145 3148 3200 (Iustum
3178 3161 3274 3214 pro
3301 3159 3455 3212 caste,
3485 3157 3537 3200 et
3567 3147 3760 3201 similia

2166 3217 2400 3273 libenter
2445 3227 2668 3285 usurpat
2703 3236 2716 3270 :
2749 3219 2828 3272 sic
2869 3217 3083 3273 duobus
3125 3221 3368 3280 proxime
3416 3219 3762 3286 sequentibus

2165 3293 2413 3342 versibus
2436 3305 2666 3343 set-erum
2701 3298 2757 3342 et
2785 3289 3059 3342 ludicrum.
3104 3289 3270 3342 Paulo
3299 3299 3424 3342 ante
3463 3290 3640 3360 turpia
3669 3305 3762 3359 pro

2165 3361 2316 3415 rebus
2339 3361 2588 3428 turpibus,
2615 3369 2670 3414 et
2699 3377 2824 3414 mox
2853 3361 3028 3428 inepta
3049 3377 3144 3413 sua
3179 3375 3274 3428 pro
3297 3363 3403 3414 suis
3433 3361 3660 3428 ineptiis.

2233 3432 2322 3486 56.
2357 3431 2412 3484 1η
2437 3432 2588 3487 [sane
2613 3431 2828 3484 laudant
2851 3447 2946 3497 pro
2969 3433 3200 3484 colorant
3231 3448 3332 3484 non
3361 3433 3624 3498 intelligo,
3655 3431 3754 3485 nisi

2163 3502 2546 3572 legendumsit
2589 3503 2779 3564 latrant,
2825 3513 2936 3566 aut,
2971 3503 3112 3572 quod
3147 3503 3316 3566 iitagis
3353 3504 3628 3572 congruit,
3663 3504 3757 3556 lar-

2161 3571 2298 3626 vant.
2333 3574 2412 3626 Ad
2461 3574 2754 3642 marginem
2789 3573 3034 3628 editionis
3065 3571 3406 3630 Coloniensis
3437 3571 3650 3643 reperio
3691 3591 3756 3630 ex

2161 3645 2279 3698 cod.
2313 3659 2408 3698 ms.
2449 3644 2594 3697 cultu
2617 3661 2711 3710 pro
2737 3645 2903 3698 vultu.

2234 3714 2322 3768 58..
2378 3714 2535 3768 Praef.
2567 3731 2712 3770 vers.
2745 3717 2814 3770 55
2840 3715 3054 3780 eodem
3087 3731 3250 3772 sensu
3293 3718 3475 3771 studeo
3501 3717 3750 3782 occurrit,

2167 3785 2288 3839 Non
2313 3795 2432 3839 sunt
2459 3787 2552 3838 illa
2579 3787 2694 3848 Dei,
2718 3803 2830 3856 quae
2851 3787 3066 3842 studuit.

2235 3857 2323 3912 59.
2369 3857 2766 3928 Chamillardus
2807 3867 3036 3928 togatum
3081 3875 3177 3926 pro
3215 3862 3395 3928 judice
3441 3860 3578 3912 sumi
3621 3857 3747 3920 vult,

2235 3881 2323 3912 ὓίτ.
2369 3881 2766 3912 υηδςιιιιιίπιιυε
2807 3881 3036 3928 ιοςμιιιιηι
3082 3881 3177 3926 pro
3249 3881 3395 3914 uatt‘e
3441 3881 3578 3912 Sllml
3622 3881 3747 3920 VIIII,

2163 3927 2284 3994 quia
2318 3927 2544 4001 intrude
2573 3939 2752 3996 togata
2775 3931 2989 3993 dicitur,
3021 3931 3170 3984 illum
3197 3881 3412 3995 fbrensis
3436 3933 3624 4001 gloria.
3650 3929 3754 3984 Sed

2162 4015 2348 4067 parum
2373 3999 2504 4051 vidit
2529 4017 2539 4051 :
2573 4017 2692 4054 nam
2726 4003 2942 4069 forensis
2965 4003 3130 4071 gloria
3157 4004 3407 4058 omnibus
3433 3999 3524 4071 qui
3555 4004 3606 4055 in
3633 4001 3750 4054 foro

2163 4079 2450 4142 versantur
2480 4081 2658 4138 potest
2687 4073 2967 4142 applicari,
2995 4083 3046 4126 et
3089 4074 3189 4126 hoc
3231 4075 3348 4128 loco
3373 4085 3622 4128 oratores
3653 4087 3752 4142 po-

2164 4141 2425 4196 tissimum
2453 4143 2741 4214 signiﬁcari
2762 4141 3013 4196 declarat
3043 4159 3234 4200 versus
3261 4146 3351 4211 46,
3377 4145 3466 4214 qui
3512 4144 3638 4199 huic
3658 4141 3742 4198 ire-

2162 4214 2411 4286 spondet,
2446 4211 2722 4286 undique
2747 4231 2956 4277 prorsus
2986 4217 3162 4268 nescii.

2237 4285 2328 4338 40.
2363 4285 2498 4340 Male
2526 4285 2706 4338 ἐπεξίοι·
2729 4286 2932 4340 Widtn.
2967 4295 3020 4339 et
3049 4287 3242 4356 Bong.,
3277 4289 3458 4351 inquo
3479 4302 3646 4352 supra
3677 4287 3760 4338 in-

2161 4357 2346 4410 stitor:
2371 4371 2491 4408 nam
2517 4369 2700 4426 postea
2733 4369 2986 4410 mercator
3015 4357 3150 4411 idem
3185 4361 3508 4412 nominatur.
3545 4357 3566 4410 Ι
3577 4359 3759 4411 nstitor

2163 4427 2362 4480 dicitur
2393 4428 2478 4495 qui
2514 4429 2677 4480 instat
2707 4429 2940 4496 negotio.
2973 4427 3102 4482 Vide
3123 4430 3378 4495 glossam.

2239 4497 2328 4551 42.
2364 4499 2612 4566 SuSpiciu
2648 4501 2774 4553 mihi
2805 4500 3061 4553 nonnulla
3107 4511 3188 4554 est
3215 4503 3282 4554 de
3309 4498 3631 4569 traje’etiunc
3661 4500 3758 4554 ho-

2162 4585 2276 4622 rum
2301 4585 2574 4632 versuum,
2607 4581 2664 4625 ut
2703 4571 2934 4638 primum
2982 4571 3176 4626 debeat
3217 4587 3356 4632 esse,
3405 4572 3560 4625 Hunc
3611 4573 3754 4625 triste

2161 4649 2331 4714 raptat
2367 4641 2658 4714 classicum,
2693 4651 2800 4695 tum
2831 4641 2988 4694 Illum
3009 4642 3225 4710 forensis
3253 4646 3436 4714 gloria.
3467 4644 3580 4697 lloc
3611 4642 3754 4698 enim

2161 4711 2351 4765 ordine
2379 4713 2520 4780 prius
2547 4725 2900 4766 recensentur
2939 4715 3104 4778 miles,
3139 4711 3362 4784 togatus,
3395 4723 3447 4768 et
3477 4723 3752 4774 "terretur,

2087 4786 2141 4845 1)
2169 4794 2222 4835 ut
2247 4795 2428 4850 postea
2461 4786 2648 4836 ordine
2681 4786 2894 4838 inverso
2921 4785 3126 4839 eaedem
3155 4795 3302 4839 artes
3325 4787 3653 4842 indicantur.
3693 4787 3756 4837 At

2165 4869 2256 4907 nos
2279 4853 2474 4923 lucelli,
2500 4873 2557 4907 ac
2589 4857 2798 4924 fenoris,
2827 4864 2930 4909 etc.
2959 4857 3112 4908 Nota!
3141 4867 3317 4922 pocla,
3341 4857 3521 4925 plures
3537 4855 3758 4910 vivendi

2161 4935 2368 4980 certum
2405 4941 2571 4996 genus
2619 4941 2724 4979 non
2767 4927 2986 4994 eligere,
3030 4927 3122 4980 sed
3153 4943 3278 4980 casu
3323 4938 3414 4978 aut.
3447 4928 3756 4981 temeritate

2159 4997 2401 5121 largipelge
2432 5015 2442 5048 :
2545 4999 2688 5050 enim
2717 5006 2802 5052 est
2823 5007 3010 5068 raptat.
3041 4999 3241 5053 Confer
3265 4999 3488 5067 primam
3527 5000 3753 5052 salirent

2179 5083 2192 5120 ι
2240 5107 2251 5122 .
2283 5083 2295 5120 ι
2373 5079 2566 5122 oratu:
3033 5079 3044 5084 '

2240 5107 2251 5122 .
2283 5085 2295 5120 I
2325 5085 2526 5122 noram
2555 5088 2566 5122 ε

2282 5182 2374 5244 Qui
2401 5182 2468 5243 lit,
2497 5181 2754 5244 illeeeenas,
2785 5187 2840 5231 ut
2865 5195 3010 5231 nemo
3031 5194 3174 5244 quam
3199 5181 3292 5230 sibi
3316 5187 3501 5244 sortem

2284 5243 2384 5307 Seu
2405 5245 2528 5294 ratio
2549 5243 2764 5307 dederit,
2793 5257 2882 5294 seu
2907 5257 3012 5294 sors
3032 5243 3290 5307 obiecerit,
3314 5243 3391 5293 illa

2187 5359 2192 5364 ,
2282 5305 2550 5356 Contentus
2570 5305 2738 5356 vivat?

2162 5419 2216 5464 et
2259 5426 2377 5479 qua:
2418 5411 2565 5464 addit
2607 5412 2674 5466 de
2724 5413 2915 5480 milite,
2957 5412 3024 5468 de
3061 5419 3382 5478 mercatore,
3410 5411 3478 5467 de
3514 5411 3756 5482 agricola

2153 5491 2206 5534 et
2235 5483 2303 5536 de
2323 5483 2708 5550 jurisconsulto
2732 5500 2746 5538 :

2281 5593 2554 5656 Agricolam
2577 5593 2742 5647 laudat
2761 5597 2881 5660 juris
2911 5595 3178 5660 legumque
3203 5599 3409 5659 peritus.

2219 5717 2308 5775 45.
2353 5719 2514 5774 Visne
2551 5723 2736 5777 audire
2777 5723 2933 5777 aliam
2973 5723 3330 5784 fmneratoris,
3380 5729 3507 5788 aut,
3561 5730 3619 5776 ut
3657 5719 3750 5776 alii

2159 5791 2417 5866 scribunt,
2455 5795 2768 5850 l‘en'ratoris
2791 5797 3167 5866 etymologiam
3195 5811 3258 5848 ex
3287 5794 3523 5847 Varrune
3542 5795 3565 5846 ’ἔ
3587 5791 3756 5847 eccil-

2162 5863 2264 5938 l:_t_m
2288 5880 2299 5915 :
2328 5863 2606 5918 Fencrator
2634 5883 2664 5918 (ι
2689 5863 2859 5936 [anc-re
2879 5877 2952 5920 est
2973 5863 3382 5938 cognoritinatus,
3406 5868 3554 5933 fenus
3569 5873 3748 5938 autem

2163 5933 2354 5989 dictum
2391 5953 2421 5990 α
2463 5939 2589 6006 feftt,
2626 5947 2671 5991 et
2690 5933 2849 6005 'quasi
2875 5955 2906 5990 (ι
2928 5933 3096 6010 fetura
3133 5937 3357 6010 quadam
3396 5936 3625 6006 pecunia:
3649 5949 3750 6004 pa-

3809 5147 3824 5192 ἑ
