  <div class='ocr_page' id='page_1' title='image "/cluster/home/n/w/nwhite01/storage/ocr_20150623/59/hvd.32044015471626/400.png"; bbox 0 0 4102 6348; ppageno 0'>
   <div class='ocr_carea' id='block_1_1' title="bbox 313 346 415 407">
    <p class='ocr_par' dir='ltr' id='par_1_1' title="bbox 313 346 415 407">
     <span class='ocr_line' id='line_1_1' title="bbox 313 346 415 407; baseline 0.039 -4"><span class='ocrx_word' id='word_1_1' title='bbox 313 346 415 407; x_wconf 76' lang='grc'><strong>789</strong></span> 
     </span>
    </p>
   </div>
   <div class='ocr_carea' id='block_1_2' title="bbox 559 461 1309 539">
    <p class='ocr_par' dir='ltr' id='par_1_2' title="bbox 559 461 1309 539">
     <span class='ocr_line' id='line_1_2' title="bbox 559 461 1309 539; baseline -0.004 -16"><span class='ocrx_word' id='word_1_2' title='bbox 559 466 837 538; x_wconf 86' lang='lat' dir='ltr'><strong>Fandique</strong></span> <span class='ocrx_word' id='word_1_3' title='bbox 861 470 1084 539; x_wconf 75' lang='lat' dir='ltr'><strong>prorsus</strong></span> <span class='ocrx_word' id='word_1_4' title='bbox 1114 461 1309 529; x_wconf 79' lang='lat' dir='ltr'><strong>nescii,</strong></span> 
     </span>
    </p>
   </div>
   <div class='ocr_carea' id='block_1_3' title="bbox 557 557 1244 626">
    <p class='ocr_par' dir='ltr' id='par_1_3' title="bbox 557 557 1244 626">
     <span class='ocr_line' id='line_1_3' title="bbox 557 557 1244 626; baseline -0.003 -10"><span class='ocrx_word' id='word_1_5' title='bbox 557 559 664 618; x_wconf 82' lang='lat' dir='ltr'><strong>Nec</strong></span> <span class='ocrx_word' id='word_1_6' title='bbox 693 567 808 617; x_wconf 88' lang='lat' dir='ltr'><strong>arte</strong></span> <span class='ocrx_word' id='word_1_7' title='bbox 830 557 996 616; x_wconf 90' lang='lat' dir='ltr'><strong>t&#39;ortes</strong></span> <span class='ocrx_word' id='word_1_8' title='bbox 1025 557 1244 626; x_wconf 85' lang='lat' dir='ltr'><strong>bellica,</strong></span> 
     </span>
    </p>
   </div>
   <div class='ocr_carea' id='block_1_4' title="bbox 561 651 1428 724">
    <p class='ocr_par' dir='ltr' id='par_1_4' title="bbox 561 651 1428 724">
     <span class='ocr_line' id='line_1_4' title="bbox 561 651 1428 724; baseline -0.006 -14"><span class='ocrx_word' id='word_1_9' title='bbox 561 654 660 724; x_wconf 86' lang='lat' dir='ltr'><strong>Te,</strong></span> <span class='ocrx_word' id='word_1_10' title='bbox 692 653 926 720; x_wconf 75' lang='lat' dir='ltr'><strong>Christe,</strong></span> <span class='ocrx_word' id='word_1_11' title='bbox 956 652 1131 708; x_wconf 91' lang='lat' dir='ltr'><strong>solum</strong></span> <span class='ocrx_word' id='word_1_12' title='bbox 1160 651 1428 706; x_wconf 84' lang='lat' dir='ltr'><strong>novimus.</strong></span> 
     </span>
    </p>
   </div>
   <div class='ocr_carea' id='block_1_5' title="bbox 487 744 1344 818">
    <p class='ocr_par' dir='ltr' id='par_1_5' title="bbox 487 744 1344 818">
     <span class='ocr_line' id='line_1_5' title="bbox 487 744 1344 818; baseline 0.026 -21"><span class='ocrx_word' id='word_1_13' title='bbox 487 747 564 803; x_wconf 86' lang='lat' dir='ltr'><strong>Te</strong></span> <span class='ocrx_word' id='word_1_14' title='bbox 594 755 773 802; x_wconf 90' lang='lat' dir='ltr'><strong>mente</strong></span> <span class='ocrx_word' id='word_1_15' title='bbox 799 761 957 818; x_wconf 89' lang='lat' dir='ltr'><strong>pura,</strong></span> <span class='ocrx_word' id='word_1_16' title='bbox 987 753 1041 801; x_wconf 89' lang='lat' dir='ltr'><strong>et</strong></span> <span class='ocrx_word' id='word_1_17' title='bbox 1071 744 1344 814; x_wconf 61' lang='lat' dir='ltr'><strong>simPIiCir</strong></span> 
     </span>
    </p>
   </div>
   <div class='ocr_carea' id='block_1_6' title="bbox 311 835 1487 910">
    <p class='ocr_par' dir='ltr' id='par_1_6' title="bbox 311 835 1487 910">
     <span class='ocr_line' id='line_1_6' title="bbox 311 835 1487 910; baseline -0.003 -17"><span class='ocrx_word' id='word_1_18' title='bbox 311 838 378 893; x_wconf 82' lang='lat'><strong>50</strong></span> <span class='ocrx_word' id='word_1_19' title='bbox 565 839 728 910; x_wconf 71' lang='lat' dir='ltr'><strong>25o</strong></span> <span class='ocrx_word' id='word_1_20' title='bbox 755 837 832 893; x_wconf 90' lang='lat' dir='ltr'><strong>Te</strong></span> <span class='ocrx_word' id='word_1_21' title='bbox 861 851 1016 906; x_wconf 85' lang='lat' dir='ltr'><strong>voce,</strong></span> <span class='ocrx_word' id='word_1_22' title='bbox 1047 841 1099 893; x_wconf 90' lang='lat' dir='ltr'><strong>te</strong></span> <span class='ocrx_word' id='word_1_23' title='bbox 1125 839 1284 892; x_wconf 89' lang='lat' dir='ltr'><strong>cantu</strong></span> <span class='ocrx_word' id='word_1_24' title='bbox 1307 835 1398 907; x_wconf 80' lang='lat' dir='ltr'><strong>ple</strong></span> <span class='ocrx_word' id='word_1_25' title='bbox 1478 854 1487 864; x_wconf 63' lang='grc' dir='ltr'>δ</span> 
     </span>
    </p>
   </div>
   <div class='ocr_carea' id='block_1_7' title="bbox 558 929 1249 1001">
    <p class='ocr_par' dir='ltr' id='par_1_7' title="bbox 558 929 1249 1001">
     <span class='ocr_line' id='line_1_7' title="bbox 558 929 1249 1001; baseline -0.001 -17"><span class='ocrx_word' id='word_1_26' title='bbox 558 929 769 1001; x_wconf 80' lang='lat' dir='ltr'><strong>Rogare</strong></span> <span class='ocrx_word' id='word_1_27' title='bbox 796 940 1018 987; x_wconf 85' lang='lat' dir='ltr'><strong>curvato</strong></span> <span class='ocrx_word' id='word_1_28' title='bbox 1045 945 1207 1000; x_wconf 86' lang='lat' dir='ltr'><strong>genu,</strong></span> <span class='ocrx_word' id='word_1_29' title='bbox 1247 941 1249 944; x_wconf 80' lang='lat'>‘</span> 
     </span>
    </p>
   </div>
   <div class='ocr_carea' id='block_1_8' title="bbox 557 1023 1418 1092">
    <p class='ocr_par' dir='ltr' id='par_1_8' title="bbox 557 1023 1418 1092">
     <span class='ocr_line' id='line_1_8' title="bbox 557 1023 1418 1092; baseline -0.003 -12"><span class='ocrx_word' id='word_1_30' title='bbox 557 1025 779 1092; x_wconf 85' lang='lat' dir='ltr'><strong>Fleudo,</strong></span> <span class='ocrx_word' id='word_1_31' title='bbox 802 1034 857 1082; x_wconf 91' lang='lat' dir='ltr'><strong>et</strong></span> <span class='ocrx_word' id='word_1_32' title='bbox 877 1024 1120 1080; x_wconf 89' lang='lat' dir='ltr'><strong>canendo</strong></span> <span class='ocrx_word' id='word_1_33' title='bbox 1142 1023 1418 1080; x_wconf 82' lang='lat' dir='ltr'><strong>discimus.</strong></span> 
     </span>
    </p>
   </div>
   <div class='ocr_carea' id='block_1_9' title="bbox 1382 349 2497 411">
    <p class='ocr_par' dir='ltr' id='par_1_9' title="bbox 1382 349 2497 411">
     <span class='ocr_line' id='line_1_9' title="bbox 1382 349 2497 411; baseline 0.002 -3"><span class='ocrx_word' id='word_1_34' title='bbox 1382 349 1927 410; x_wconf 65' lang='lat' dir='ltr'><strong>CATl-IEMERINON</strong></span> <span class='ocrx_word' id='word_1_35' title='bbox 1967 353 2033 411; x_wconf 88' lang='lat' dir='ltr'><strong>ll.</strong></span> <span class='ocrx_word' id='word_1_36' title='bbox 2078 354 2497 411; x_wconf 81' lang='lat' dir='ltr'><strong>MATUTINUS.</strong></span> 
     </span>
    </p>
   </div>
   <div class='ocr_carea' id='block_1_10' title="bbox 1926 468 3054 542">
    <p class='ocr_par' dir='ltr' id='par_1_10' title="bbox 1926 468 3054 542">
     <span class='ocr_line' id='line_1_10' title="bbox 1926 468 3054 542; baseline 0.002 -19"><span class='ocrx_word' id='word_1_37' title='bbox 1926 469 1984 531; x_wconf 73' lang='grc' dir='ltr'><strong>Α</strong></span> <span class='ocrx_word' id='word_1_38' title='bbox 2192 469 2287 525; x_wconf 80' lang='lat' dir='ltr'><strong>His</strong></span> <span class='ocrx_word' id='word_1_39' title='bbox 2321 484 2418 524; x_wconf 89' lang='lat' dir='ltr'><strong>nos</strong></span> <span class='ocrx_word' id='word_1_40' title='bbox 2448 470 2721 524; x_wconf 89' lang='lat' dir='ltr'><strong>lucramur</strong></span> <span class='ocrx_word' id='word_1_41' title='bbox 2745 468 3054 542; x_wconf 61' lang='lat' dir='ltr'><strong>quiestibns,</strong></span> 
     </span>
    </p>
   </div>
   <div class='ocr_carea' id='block_1_11' title="bbox 3486 345 3592 404">
    <p class='ocr_par' dir='ltr' id='par_1_11' title="bbox 3486 345 3592 404">
     <span class='ocr_line' id='line_1_11' title="bbox 3486 345 3592 404; baseline 0.019 -2"><span class='ocrx_word' id='word_1_42' title='bbox 3486 345 3592 404; x_wconf 82' lang='lat'><strong>790</strong></span> 
     </span>
    </p>
   </div>
   <div class='ocr_carea' id='block_1_12' title="bbox 2261 564 3046 620">
    <p class='ocr_par' dir='ltr' id='par_1_12' title="bbox 2261 564 3046 620">
     <span class='ocr_line' id='line_1_12' title="bbox 2261 564 3046 620; baseline -0.001 -2"><span class='ocrx_word' id='word_1_43' title='bbox 2261 564 2372 618; x_wconf 75' lang='lat' dir='ltr'><strong>liae</strong></span> <span class='ocrx_word' id='word_1_44' title='bbox 2402 572 2516 618; x_wconf 89' lang='lat' dir='ltr'><strong>arte</strong></span> <span class='ocrx_word' id='word_1_45' title='bbox 2547 572 2750 619; x_wconf 86' lang='lat' dir='ltr'><strong>tantum</strong></span> <span class='ocrx_word' id='word_1_46' title='bbox 2778 564 3046 620; x_wconf 83' lang='lat' dir='ltr'><strong>vivimus:</strong></span> 
     </span>
    </p>
   </div>
   <div class='ocr_carea' id='block_1_13' title="bbox 2005 655 2996 721">
    <p class='ocr_par' dir='ltr' id='par_1_13' title="bbox 2005 655 2996 721">
     <span class='ocr_line' id='line_1_13' title="bbox 2005 655 2996 721; baseline 0 -11"><span class='ocrx_word' id='word_1_47' title='bbox 2005 656 2076 711; x_wconf 81' lang='lat'><strong>55</strong></span> <span class='ocrx_word' id='word_1_48' title='bbox 2256 655 2382 710; x_wconf 58' lang='lat' dir='ltr'><strong>Haec</strong></span> <span class='ocrx_word' id='word_1_49' title='bbox 2409 655 2724 710; x_wconf 85' lang='lat' dir='ltr'><strong>inchoamus</strong></span> <span class='ocrx_word' id='word_1_50' title='bbox 2755 671 2996 721; x_wconf 89' lang='lat' dir='ltr'><strong>munera,</strong></span> 
     </span>
    </p>
   </div>
   <div class='ocr_carea' id='block_1_14' title="bbox 2249 747 3046 819">
    <p class='ocr_par' dir='ltr' id='par_1_14' title="bbox 2249 747 3046 819">
     <span class='ocr_line' id='line_1_14' title="bbox 2249 747 3046 819; baseline 0 -17"><span class='ocrx_word' id='word_1_51' title='bbox 2249 747 2384 802; x_wconf 86' lang='lat' dir='ltr'><strong>Cum</strong></span> <span class='ocrx_word' id='word_1_52' title='bbox 2420 748 2499 801; x_wconf 92' lang='lat' dir='ltr'><strong>sol</strong></span> <span class='ocrx_word' id='word_1_53' title='bbox 2523 764 2807 819; x_wconf 84' lang='lat' dir='ltr'><strong>resurgens</strong></span> <span class='ocrx_word' id='word_1_54' title='bbox 2833 749 3046 804; x_wconf 79' lang='lat' dir='ltr'><strong>emicat.</strong></span> 
     </span>
    </p>
   </div>
   <div class='ocr_carea' id='block_1_15' title="bbox 2183 839 3122 911">
    <p class='ocr_par' dir='ltr' id='par_1_15' title="bbox 2183 839 3122 911">
     <span class='ocr_line' id='line_1_15' title="bbox 2183 839 3122 911; baseline -0.001 -15"><span class='ocrx_word' id='word_1_55' title='bbox 2183 841 2339 911; x_wconf 73' lang='lat'><strong>251</strong></span> <span class='ocrx_word' id='word_1_56' title='bbox 2383 839 2602 896; x_wconf 91' lang='lat' dir='ltr'><strong>Intende</strong></span> <span class='ocrx_word' id='word_1_57' title='bbox 2630 842 2826 896; x_wconf 85' lang='lat' dir='ltr'><strong>nostris</strong></span> <span class='ocrx_word' id='word_1_58' title='bbox 2851 841 3122 906; x_wconf 87' lang='lat' dir='ltr'><strong>sensibus,</strong></span> 
     </span>
    </p>
   </div>
   <div class='ocr_carea' id='block_1_16' title="bbox 2257 931 2999 1004">
    <p class='ocr_par' dir='ltr' id='par_1_16' title="bbox 2257 931 2999 1004">
     <span class='ocr_line' id='line_1_16' title="bbox 2257 931 2999 1004; baseline 0.004 -20"><span class='ocrx_word' id='word_1_59' title='bbox 2257 931 2536 1002; x_wconf 84' lang='lat' dir='ltr'><strong>Vitamque</strong></span> <span class='ocrx_word' id='word_1_60' title='bbox 2559 941 2723 988; x_wconf 91' lang='lat' dir='ltr'><strong>totam</strong></span> <span class='ocrx_word' id='word_1_61' title='bbox 2753 933 2958 1004; x_wconf 89' lang='lat' dir='ltr'><strong>dispice</strong></span> <span class='ocrx_word' id='word_1_62' title='bbox 2988 953 2999 987; x_wconf 91' lang='lat'><strong>:</strong></span> 
     </span>
    </p>
   </div>
   <div class='ocr_carea' id='block_1_17' title="bbox 2263 1025 2945 1093">
    <p class='ocr_par' dir='ltr' id='par_1_17' title="bbox 2263 1025 2945 1093">
     <span class='ocr_line' id='line_1_17' title="bbox 2263 1025 2945 1093; baseline 0.001 -13"><span class='ocrx_word' id='word_1_63' title='bbox 2263 1025 2398 1080; x_wconf 90' lang='lat' dir='ltr'><strong>Sunt</strong></span> <span class='ocrx_word' id='word_1_64' title='bbox 2428 1026 2596 1080; x_wconf 89' lang='lat' dir='ltr'><strong>multa</strong></span> <span class='ocrx_word' id='word_1_65' title='bbox 2627 1027 2760 1084; x_wconf 84' lang='lat' dir='ltr'><strong>lucis</strong></span> <span class='ocrx_word' id='word_1_66' title='bbox 2790 1028 2945 1093; x_wconf 81' lang='lat' dir='ltr'><strong>illita,</strong></span> 
     </span>
    </p>
   </div>
   <div class='ocr_carea' id='block_1_18' title="bbox 1611 1113 2278 1174">
    <p class='ocr_par' dir='ltr' id='par_1_18' title="bbox 1611 1113 2278 1174">
     <span class='ocr_line' id='line_1_18' title="bbox 1611 1113 2278 1174; baseline 0.003 -2"><span class='ocrx_word' id='word_1_67' title='bbox 1611 1113 1897 1174; x_wconf 64' lang='lat' dir='ltr'><strong>GLOSStE</strong></span> <span class='ocrx_word' id='word_1_68' title='bbox 1941 1116 2278 1174; x_wconf 81' lang='lat' dir='ltr'><strong>VETERES.</strong></span> 
     </span>
    </p>
   </div>
   <div class='ocr_carea' id='block_1_19' title="bbox 373 1230 1890 1299">
    <p class='ocr_par' dir='ltr' id='par_1_19' title="bbox 373 1230 1890 1299">
     <span class='ocr_line' id='line_1_19' title="bbox 373 1230 1890 1299; baseline -0.005 -8"><span class='ocrx_word' id='word_1_69' title='bbox 373 1235 463 1291; x_wconf 69' lang='grc'><strong>46.</strong></span> <span class='ocrx_word' id='word_1_70' title='bbox 496 1233 684 1298; x_wconf 80' lang='lat' dir='ltr'><strong>Fandi,</strong></span> <span class='ocrx_word' id='word_1_71' title='bbox 716 1233 1001 1299; x_wconf 68' lang='lat' dir='ltr'><strong>rhetorices,</strong></span> <span class='ocrx_word' id='word_1_72' title='bbox 1031 1231 1156 1288; x_wconf 76' lang='lat' dir='ltr'><strong>Vat.</strong></span> <span class='ocrx_word' id='word_1_73' title='bbox 1191 1233 1258 1289; x_wconf 80' lang='grc' dir='ltr'><strong>Α.</strong></span> <span class='ocrx_word' id='word_1_74' title='bbox 1288 1262 1357 1273; x_wconf 89' lang='grc'><strong><em>-</em></strong></span> <span class='ocrx_word' id='word_1_75' title='bbox 1379 1230 1577 1298; x_wconf 80' lang='lat' dir='ltr'><strong>Nescii,</strong></span> <span class='ocrx_word' id='word_1_76' title='bbox 1608 1248 1804 1298; x_wconf 88' lang='lat' dir='ltr'><strong>sumus,</strong></span> <span class='ocrx_word' id='word_1_77' title='bbox 1848 1231 1890 1286; x_wconf 87' lang='lat' dir='ltr'><strong>l.</strong></span> 
     </span>
    </p>
   </div>
   <div class='ocr_carea' id='block_1_20' title="bbox 377 1301 1139 1372">
    <p class='ocr_par' dir='ltr' id='par_1_20' title="bbox 377 1301 1139 1372">
     <span class='ocr_line' id='line_1_20' title="bbox 377 1301 1139 1372; baseline -0.005 -9"><span class='ocrx_word' id='word_1_78' title='bbox 377 1309 466 1363; x_wconf 70' lang='lat'><strong>52.</strong></span> <span class='ocrx_word' id='word_1_79' title='bbox 496 1306 770 1366; x_wconf 80' lang='lat' dir='ltr'><strong>Canendo.</strong></span> <span class='ocrx_word' id='word_1_80' title='bbox 797 1305 1078 1372; x_wconf 89' lang='lat' dir='ltr'><strong>laudando,</strong></span> <span class='ocrx_word' id='word_1_81' title='bbox 1101 1301 1139 1359; x_wconf 85' lang='grc'><strong>1.</strong></span> 
     </span>
    </p>
   </div>
   <div class='ocr_carea' id='block_1_21' title="bbox 377 1375 1890 1449">
    <p class='ocr_par' dir='ltr' id='par_1_21' title="bbox 377 1375 1890 1449">
     <span class='ocr_line' id='line_1_21' title="bbox 377 1375 1890 1449; baseline -0.005 -15"><span class='ocrx_word' id='word_1_82' title='bbox 377 1379 466 1449; x_wconf 61' lang='grc' dir='ltr'><strong>ξε.</strong></span> <span class='ocrx_word' id='word_1_83' title='bbox 500 1379 709 1448; x_wconf 87' lang='lat' dir='ltr'><strong>Dispice</strong></span> <span class='ocrx_word' id='word_1_84' title='bbox 740 1419 755 1444; x_wconf 91' lang='lat'><strong>,</strong></span> <span class='ocrx_word' id='word_1_85' title='bbox 816 1379 1110 1449; x_wconf 79' lang='lat' dir='ltr'><strong>diligenter</strong></span> <span class='ocrx_word' id='word_1_86' title='bbox 1139 1375 1310 1447; x_wconf 78' lang='lat' dir='ltr'><strong>aspic’e</strong></span> <span class='ocrx_word' id='word_1_87' title='bbox 1340 1417 1354 1442; x_wconf 97' lang='lat'><strong>,</strong></span> <span class='ocrx_word' id='word_1_88' title='bbox 1413 1375 1648 1430; x_wconf 78' lang='lat' dir='ltr'><strong>deorsum</strong></span> <span class='ocrx_word' id='word_1_89' title='bbox 1695 1375 1890 1444; x_wconf 81' lang='lat' dir='ltr'><strong>aspice,</strong></span> 
     </span>
    </p>
   </div>
   <div class='ocr_carea' id='block_1_22' title="bbox 305 1447 1152 1523">
    <p class='ocr_par' dir='ltr' id='par_1_22' title="bbox 305 1447 1152 1523">
     <span class='ocr_line' id='line_1_22' title="bbox 305 1447 1152 1523; baseline 0.002 -23"><span class='ocrx_word' id='word_1_90' title='bbox 305 1449 343 1523; x_wconf 84' lang='lat' dir='ltr'><strong>l.</strong></span> <span class='ocrx_word' id='word_1_91' title='bbox 371 1447 652 1520; x_wconf 71' lang='lat' dir='ltr'><strong>Diligenter</strong></span> <span class='ocrx_word' id='word_1_92' title='bbox 683 1447 1053 1517; x_wconf 46' lang='lat' dir='ltr'><strong>inspichVat.</strong></span> <span class='ocrx_word' id='word_1_93' title='bbox 1089 1447 1152 1503; x_wconf 78' lang='grc' dir='ltr'><strong>Α.</strong></span> 
     </span>
    </p>
   </div>
   <div class='ocr_carea' id='block_1_23' title="bbox 2085 1233 3588 1308">
    <p class='ocr_par' dir='ltr' id='par_1_23' title="bbox 2085 1233 3588 1308">
     <span class='ocr_line' id='line_1_23' title="bbox 2085 1233 3588 1308; baseline 0.002 -20"><span class='ocrx_word' id='word_1_94' title='bbox 2085 1233 2173 1308; x_wconf 67' lang='lat'><strong>59.</strong></span> <span class='ocrx_word' id='word_1_95' title='bbox 2209 1233 2384 1308; x_wconf 73' lang='lat' dir='ltr'><strong>Facis,</strong></span> <span class='ocrx_word' id='word_1_96' title='bbox 2438 1237 2686 1308; x_wconf 76' lang='lat' dir='ltr'><strong>peccatis,</strong></span> <span class='ocrx_word' id='word_1_97' title='bbox 2723 1238 2799 1292; x_wconf 81' lang='lat' dir='ltr'><strong>cel</strong></span> <span class='ocrx_word' id='word_1_98' title='bbox 2846 1237 3028 1308; x_wconf 84' lang='lat' dir='ltr'><strong>nigris.</strong></span> <span class='ocrx_word' id='word_1_99' title='bbox 3075 1235 3249 1290; x_wconf 84' lang='lat' dir='ltr'><strong>Fucus</strong></span> <span class='ocrx_word' id='word_1_100' title='bbox 3292 1237 3478 1290; x_wconf 87' lang='lat' dir='ltr'><strong>dicitur</strong></span> <span class='ocrx_word' id='word_1_101' title='bbox 3524 1239 3588 1291; x_wconf 85' lang='lat' dir='ltr'><strong>de</strong></span> 
     </span>
    </p>
   </div>
   <div class='ocr_carea' id='block_1_24' title="bbox 2007 1304 3590 1378">
    <p class='ocr_par' dir='ltr' id='par_1_24' title="bbox 2007 1304 3590 1378">
     <span class='ocr_line' id='line_1_24' title="bbox 2007 1304 3590 1378; baseline 0.001 -20"><span class='ocrx_word' id='word_1_102' title='bbox 2007 1306 2145 1358; x_wconf 88' lang='lat' dir='ltr'><strong>omni</strong></span> <span class='ocrx_word' id='word_1_103' title='bbox 2177 1304 2367 1373; x_wconf 83' lang='lat' dir='ltr'><strong>colore,</strong></span> <span class='ocrx_word' id='word_1_104' title='bbox 2399 1304 2535 1361; x_wconf 84' lang='lat' dir='ltr'><strong>unde</strong></span> <span class='ocrx_word' id='word_1_105' title='bbox 2582 1311 2782 1377; x_wconf 77' lang='lat' dir='ltr'><strong>fucatas</strong></span> <span class='ocrx_word' id='word_1_106' title='bbox 2826 1304 2982 1362; x_wconf 70' lang='lat' dir='ltr'><strong>vestes</strong></span> <span class='ocrx_word' id='word_1_107' title='bbox 3028 1308 3245 1361; x_wconf 80' lang='lat' dir='ltr'><strong>dicimus</strong></span> <span class='ocrx_word' id='word_1_108' title='bbox 3289 1322 3590 1378; x_wconf 78' lang='lat' dir='ltr'><strong>quocunque</strong></span> 
     </span>
    </p>
   </div>
   <div class='ocr_carea' id='block_1_25' title="bbox 2001 1378 3588 1447">
    <p class='ocr_par' dir='ltr' id='par_1_25' title="bbox 2001 1378 3588 1447">
     <span class='ocr_line' id='line_1_25' title="bbox 2001 1378 3588 1447; baseline 0.001 -20"><span class='ocrx_word' id='word_1_109' title='bbox 2001 1378 2154 1430; x_wconf 88' lang='lat' dir='ltr'><strong>modo</strong></span> <span class='ocrx_word' id='word_1_110' title='bbox 2187 1378 2419 1431; x_wconf 88' lang='lat' dir='ltr'><strong>tinctas:</strong></span> <span class='ocrx_word' id='word_1_111' title='bbox 2459 1382 2675 1446; x_wconf 83' lang='lat' dir='ltr'><strong>peccatis</strong></span> <span class='ocrx_word' id='word_1_112' title='bbox 2704 1380 2984 1447; x_wconf 86' lang='lat' dir='ltr'><strong>tenebrosa,</strong></span> <span class='ocrx_word' id='word_1_113' title='bbox 3024 1378 3066 1435; x_wconf 89' lang='grc'><strong>1.</strong></span> <span class='ocrx_word' id='word_1_114' title='bbox 3112 1378 3287 1432; x_wconf 88' lang='lat' dir='ltr'><strong>Fucus</strong></span> <span class='ocrx_word' id='word_1_115' title='bbox 3327 1386 3400 1431; x_wconf 86' lang='lat' dir='ltr'><strong>est</strong></span> <span class='ocrx_word' id='word_1_116' title='bbox 3447 1379 3588 1431; x_wconf 89' lang='lat' dir='ltr'><strong>color</strong></span> 
     </span>
    </p>
   </div>
   <div class='ocr_carea' id='block_1_26' title="bbox 2003 1449 3278 1521">
    <p class='ocr_par' dir='ltr' id='par_1_26' title="bbox 2003 1449 3278 1521">
     <span class='ocr_line' id='line_1_26' title="bbox 2003 1449 3278 1521; baseline 0.002 -21"><span class='ocrx_word' id='word_1_117' title='bbox 2003 1449 2170 1519; x_wconf 80' lang='lat' dir='ltr'><strong>niger,</strong></span> <span class='ocrx_word' id='word_1_118' title='bbox 2200 1449 2289 1502; x_wconf 84' lang='lat' dir='ltr'><strong>sed</strong></span> <span class='ocrx_word' id='word_1_119' title='bbox 2317 1466 2410 1518; x_wconf 92' lang='lat' dir='ltr'><strong>pro</strong></span> <span class='ocrx_word' id='word_1_120' title='bbox 2439 1451 2576 1503; x_wconf 88' lang='lat' dir='ltr'><strong>omni</strong></span> <span class='ocrx_word' id='word_1_121' title='bbox 2603 1451 2771 1505; x_wconf 88' lang='lat' dir='ltr'><strong>colore</strong></span> <span class='ocrx_word' id='word_1_122' title='bbox 2799 1453 3020 1521; x_wconf 82' lang='lat' dir='ltr'><strong>ponitur,</strong></span> <span class='ocrx_word' id='word_1_123' title='bbox 3057 1450 3176 1505; x_wconf 79' lang='lat' dir='ltr'><strong>Vat.</strong></span> <span class='ocrx_word' id='word_1_124' title='bbox 3214 1453 3278 1504; x_wconf 83' lang='lat' dir='ltr'><strong>A.</strong></span> 
     </span>
    </p>
   </div>
   <div class='ocr_carea' id='block_1_27' title="bbox 1643 1547 2204 1620">
    <p class='ocr_par' dir='ltr' id='par_1_27' title="bbox 1643 1547 2204 1620">
     <span class='ocr_line' id='line_1_27' title="bbox 1643 1547 2204 1620; baseline 0 -2"><span class='ocrx_word' id='word_1_125' title='bbox 1643 1547 2204 1620; x_wconf 71' lang='lat' dir='ltr'><strong>COMMENTARIUS.</strong></span> 
     </span>
    </p>
   </div>
   <div class='ocr_carea' id='block_1_28' title="bbox 302 1677 1887 1749">
    <p class='ocr_par' dir='ltr' id='par_1_28' title="bbox 302 1677 1887 1749">
     <span class='ocr_line' id='line_1_28' title="bbox 302 1677 1887 1749; baseline -0.004 -12"><span class='ocrx_word' id='word_1_126' title='bbox 302 1682 476 1737; x_wconf 77' lang='lat' dir='ltr'><strong>rientis</strong></span> <span class='ocrx_word' id='word_1_127' title='bbox 501 1688 651 1749; x_wconf 89' lang='lat' dir='ltr'><strong>atque</strong></span> <span class='ocrx_word' id='word_1_128' title='bbox 678 1680 1000 1733; x_wconf 84' lang='lat' dir='ltr'><strong>increscentis</strong></span> <span class='ocrx_word' id='word_1_129' title='bbox 1025 1694 1040 1730; x_wconf 92' lang='lat'><strong><em>:</em></strong></span> <span class='ocrx_word' id='word_1_130' title='bbox 1073 1688 1119 1732; x_wconf 91' lang='lat' dir='ltr'><strong>et</strong></span> <span class='ocrx_word' id='word_1_131' title='bbox 1141 1679 1329 1732; x_wconf 88' lang='lat' dir='ltr'><strong>idcirco</strong></span> <span class='ocrx_word' id='word_1_132' title='bbox 1356 1687 1403 1731; x_wconf 93' lang='lat' dir='ltr'><strong>et</strong></span> <span class='ocrx_word' id='word_1_133' title='bbox 1436 1677 1514 1732; x_wconf 80' lang='grc' dir='ltr'><strong>Μ.</strong></span> <span class='ocrx_word' id='word_1_134' title='bbox 1541 1677 1689 1742; x_wconf 86' lang='lat' dir='ltr'><strong>Cato,</strong></span> <span class='ocrx_word' id='word_1_135' title='bbox 1715 1688 1757 1731; x_wconf 82' lang='lat' dir='ltr'><strong>et</strong></span> <span class='ocrx_word' id='word_1_136' title='bbox 1786 1694 1887 1731; x_wconf 76' lang='lat' dir='ltr'><strong>ca:-</strong></span> 
     </span>
    </p>
   </div>
   <div class='ocr_carea' id='block_1_29' title="bbox 305 1749 1890 1820">
    <p class='ocr_par' dir='ltr' id='par_1_29' title="bbox 305 1749 1890 1820">
     <span class='ocr_line' id='line_1_29' title="bbox 305 1749 1890 1820; baseline -0.004 -12"><span class='ocrx_word' id='word_1_137' title='bbox 305 1756 399 1810; x_wconf 87' lang='lat' dir='ltr'><strong>teri</strong></span> <span class='ocrx_word' id='word_1_138' title='bbox 433 1754 596 1806; x_wconf 65' lang='lat' dir='ltr'><strong>atlatis</strong></span> <span class='ocrx_word' id='word_1_139' title='bbox 633 1752 743 1820; x_wconf 84' lang='lat' dir='ltr'><strong>ejus</strong></span> <span class='ocrx_word' id='word_1_140' title='bbox 786 1750 1120 1820; x_wconf 77' lang='lat' dir='ltr'><strong>feneratorem</strong></span> <span class='ocrx_word' id='word_1_141' title='bbox 1159 1751 1270 1802; x_wconf 84' lang='lat' dir='ltr'><strong>sine</strong></span> <span class='ocrx_word' id='word_1_142' title='bbox 1306 1766 1334 1801; x_wconf 92' lang='grc' dir='ltr'><strong>ο</strong></span> <span class='ocrx_word' id='word_1_143' title='bbox 1379 1749 1548 1820; x_wconf 88' lang='lat' dir='ltr'><strong>littera</strong></span> <span class='ocrx_word' id='word_1_144' title='bbox 1591 1751 1890 1820; x_wconf 84' lang='lat' dir='ltr'><strong>pronuntia-</strong></span> 
     </span>
    </p>
   </div>
   <div class='ocr_carea' id='block_1_30' title="bbox 302 1795 1970 1891">
    <p class='ocr_par' dir='ltr' id='par_1_30' title="bbox 302 1795 1970 1891">
     <span class='ocr_line' id='line_1_30' title="bbox 302 1795 1970 1891; baseline -0.004 -13"><span class='ocrx_word' id='word_1_145' title='bbox 302 1795 796 1891; x_wconf 53' lang='grc' dir='ltr'><strong>ἓῖἱιὶιξὲἶὲἑιὶῖἲὲιὶὲ</strong></span> <span class='ocrx_word' id='word_1_146' title='bbox 809 1795 1028 1889; x_wconf 46' lang='lat' dir='ltr'><strong>&quot;ratio</strong></span> <span class='ocrx_word' id='word_1_147' title='bbox 1041 1795 1348 1889; x_wconf 49' lang='lat' dir='ltr'><strong>iacias.</strong></span> <span class='ocrx_word' id='word_1_148' title='bbox 1379 1795 1679 1890; x_wconf 47' lang='lat' dir='ltr'><strong>intima:</strong></span> <span class='ocrx_word' id='word_1_149' title='bbox 1691 1795 1882 1873; x_wconf 47' lang='lat' dir='ltr'><strong>iis&quot;.</strong></span> <span class='ocrx_word' id='word_1_150' title='bbox 1920 1795 1970 1854; x_wconf 88' lang='grc' dir='ltr'><strong><em>Β</em></strong></span> 
     </span>
    </p>
   </div>
   <div class='ocr_carea' id='block_1_31' title="bbox 304 1890 1890 1960">
    <p class='ocr_par' dir='ltr' id='par_1_31' title="bbox 304 1890 1890 1960">
     <span class='ocr_line' id='line_1_31' title="bbox 304 1890 1890 1960; baseline -0.006 -8"><span class='ocrx_word' id='word_1_151' title='bbox 304 1890 480 1952; x_wconf 88' lang='lat' dir='ltr'><strong>Geilio</strong></span> <span class='ocrx_word' id='word_1_152' title='bbox 503 1893 596 1948; x_wconf 89' lang='lat' dir='ltr'><strong>lib.</strong></span> <span class='ocrx_word' id='word_1_153' title='bbox 629 1890 739 1956; x_wconf 73' lang='lat' dir='ltr'><strong>xw,</strong></span> <span class='ocrx_word' id='word_1_154' title='bbox 770 1907 893 1960; x_wconf 88' lang='lat' dir='ltr'><strong>cap.</strong></span> <span class='ocrx_word' id='word_1_155' title='bbox 929 1890 1018 1956; x_wconf 71' lang='grc'><strong>12,</strong></span> <span class='ocrx_word' id='word_1_156' title='bbox 1051 1892 1223 1944; x_wconf 80' lang='lat' dir='ltr'><strong>Nonio</strong></span> <span class='ocrx_word' id='word_1_157' title='bbox 1259 1899 1313 1943; x_wconf 88' lang='lat' dir='ltr'><strong>et</strong></span> <span class='ocrx_word' id='word_1_158' title='bbox 1340 1890 1613 1944; x_wconf 87' lang='lat' dir='ltr'><strong>Marcello.</strong></span> <span class='ocrx_word' id='word_1_159' title='bbox 1648 1891 1755 1944; x_wconf 88' lang='lat' dir='ltr'><strong>llac</strong></span> <span class='ocrx_word' id='word_1_160' title='bbox 1798 1905 1890 1944; x_wconf 91' lang='lat' dir='ltr'><strong>ea-</strong></span> 
     </span>
    </p>
   </div>
   <div class='ocr_carea' id='block_1_32' title="bbox 305 1960 1890 2032">
    <p class='ocr_par' dir='ltr' id='par_1_32' title="bbox 305 1960 1890 2032">
     <span class='ocr_line' id='line_1_32' title="bbox 305 1960 1890 2032; baseline -0.006 -11"><span class='ocrx_word' id='word_1_161' title='bbox 305 1968 427 2021; x_wconf 87' lang='lat' dir='ltr'><strong>dem</strong></span> <span class='ocrx_word' id='word_1_162' title='bbox 459 1965 666 2018; x_wconf 88' lang='lat' dir='ltr'><strong>ratione</strong></span> <span class='ocrx_word' id='word_1_163' title='bbox 697 1962 898 2017; x_wconf 61' lang='lat' dir='ltr'><strong>Graecis</strong></span> <span class='ocrx_word' id='word_1_164' title='bbox 931 1970 1113 2032; x_wconf 90' lang='lat' dir='ltr'><strong>partus</strong></span> <span class='ocrx_word' id='word_1_165' title='bbox 1148 1962 1296 2023; x_wconf 82' lang='grc' dir='ltr'><strong>τόκος</strong></span> <span class='ocrx_word' id='word_1_166' title='bbox 1340 1968 1422 2014; x_wconf 87' lang='lat' dir='ltr'><strong>est</strong></span> <span class='ocrx_word' id='word_1_167' title='bbox 1467 1961 1636 2016; x_wconf 81' lang='lat' dir='ltr'><strong>lentis.</strong></span> <span class='ocrx_word' id='word_1_168' title='bbox 1692 1960 1890 2015; x_wconf 87' lang='lat' dir='ltr'><strong>Lucelli</strong></span> 
     </span>
    </p>
   </div>
   <div class='ocr_carea' id='block_1_33' title="bbox 305 2032 860 2092">
    <p class='ocr_par' dir='ltr' id='par_1_33' title="bbox 305 2032 860 2092">
     <span class='ocr_line' id='line_1_33' title="bbox 305 2032 860 2092; baseline -0.009 -2"><span class='ocrx_word' id='word_1_169' title='bbox 305 2052 436 2092; x_wconf 89' lang='lat' dir='ltr'><strong>voce</strong></span> <span class='ocrx_word' id='word_1_170' title='bbox 460 2038 624 2090; x_wconf 78' lang='lat' dir='ltr'><strong>utitur</strong></span> <span class='ocrx_word' id='word_1_171' title='bbox 652 2032 860 2089; x_wconf 84' lang='lat' dir='ltr'><strong>Cicero.</strong></span> 
     </span>
    </p>
   </div>
   <div class='ocr_carea' id='block_1_34' title="bbox 372 2103 1888 2173">
    <p class='ocr_par' dir='ltr' id='par_1_34' title="bbox 372 2103 1888 2173">
     <span class='ocr_line' id='line_1_34' title="bbox 372 2103 1888 2173; baseline -0.004 -12"><span class='ocrx_word' id='word_1_172' title='bbox 372 2110 462 2161; x_wconf 69' lang='lat' dir='ltr'><strong>4ft.</strong></span> <span class='ocrx_word' id='word_1_173' title='bbox 510 2106 724 2172; x_wconf 81' lang='lat' dir='ltr'><strong>Quaerat</strong></span> <span class='ocrx_word' id='word_1_174' title='bbox 765 2104 976 2173; x_wconf 85' lang='lat' dir='ltr'><strong>aliquis,</strong></span> <span class='ocrx_word' id='word_1_175' title='bbox 1015 2119 1078 2158; x_wconf 83' lang='lat' dir='ltr'><strong>ex</strong></span> <span class='ocrx_word' id='word_1_176' title='bbox 1123 2118 1346 2172; x_wconf 90' lang='lat' dir='ltr'><strong>quorum</strong></span> <span class='ocrx_word' id='word_1_177' title='bbox 1385 2118 1615 2172; x_wconf 80' lang='lat' dir='ltr'><strong>persona</strong></span> <span class='ocrx_word' id='word_1_178' title='bbox 1647 2103 1888 2157; x_wconf 89' lang='lat' dir='ltr'><strong>Pruden-</strong></span> 
     </span>
    </p>
   </div>
   <div class='ocr_carea' id='block_1_35' title="bbox 266 2173 1888 2244">
    <p class='ocr_par' dir='ltr' id='par_1_35' title="bbox 266 2173 1888 2244">
     <span class='ocr_line' id='line_1_35' title="bbox 266 2173 1888 2244; baseline -0.003 -14"><span class='ocrx_word' id='word_1_179' title='bbox 266 2233 276 2244; x_wconf 84' lang='lat'>_</span> <span class='ocrx_word' id='word_1_180' title='bbox 304 2179 410 2232; x_wconf 91' lang='lat' dir='ltr'><strong>tius</strong></span> <span class='ocrx_word' id='word_1_181' title='bbox 440 2177 553 2231; x_wconf 74' lang='lat' dir='ltr'><strong>hazc</strong></span> <span class='ocrx_word' id='word_1_182' title='bbox 583 2175 815 2243; x_wconf 78' lang='lat' dir='ltr'><strong>proferat</strong></span> <span class='ocrx_word' id='word_1_183' title='bbox 847 2191 861 2231; x_wconf 73' lang='grc' dir='ltr'>ς</span> <span class='ocrx_word' id='word_1_184' title='bbox 895 2191 1000 2229; x_wconf 92' lang='lat' dir='ltr'><strong>non</strong></span> <span class='ocrx_word' id='word_1_185' title='bbox 1042 2175 1184 2229; x_wconf 90' lang='lat' dir='ltr'><strong>enim</strong></span> <span class='ocrx_word' id='word_1_186' title='bbox 1213 2189 1401 2228; x_wconf 90' lang='lat' dir='ltr'><strong>omnes</strong></span> <span class='ocrx_word' id='word_1_187' title='bbox 1427 2173 1764 2228; x_wconf 89' lang='lat' dir='ltr'><strong>Christianos</strong></span> <span class='ocrx_word' id='word_1_188' title='bbox 1793 2189 1888 2241; x_wconf 90' lang='lat' dir='ltr'><strong>po-</strong></span> 
     </span>
    </p>
   </div>
   <div class='ocr_carea' id='block_1_36' title="bbox 304 2244 1884 2315">
    <p class='ocr_par' dir='ltr' id='par_1_36' title="bbox 304 2244 1884 2315">
     <span class='ocr_line' id='line_1_36' title="bbox 304 2244 1884 2315; baseline -0.004 -13"><span class='ocrx_word' id='word_1_189' title='bbox 304 2255 409 2302; x_wconf 74' lang='lat' dir='ltr'><strong>tcst</strong></span> <span class='ocrx_word' id='word_1_190' title='bbox 437 2244 918 2315; x_wconf 83' lang='lat' dir='ltr'><strong>comprehendere,</strong></span> <span class='ocrx_word' id='word_1_191' title='bbox 954 2247 1007 2298; x_wconf 90' lang='lat' dir='ltr'><strong>in</strong></span> <span class='ocrx_word' id='word_1_192' title='bbox 1036 2247 1229 2314; x_wconf 82' lang='lat' dir='ltr'><strong>quibus</strong></span> <span class='ocrx_word' id='word_1_193' title='bbox 1259 2253 1413 2299; x_wconf 88' lang='lat' dir='ltr'><strong>erant</strong></span> <span class='ocrx_word' id='word_1_194' title='bbox 1446 2245 1663 2313; x_wconf 87' lang='lat' dir='ltr'><strong>milites,</strong></span> <span class='ocrx_word' id='word_1_195' title='bbox 1697 2245 1884 2315; x_wconf 82' lang='lat' dir='ltr'><strong>togati,</strong></span> 
     </span>
    </p>
   </div>
   <div class='ocr_carea' id='block_1_37' title="bbox 307 2315 1884 2386">
    <p class='ocr_par' dir='ltr' id='par_1_37' title="bbox 307 2315 1884 2386">
     <span class='ocr_line' id='line_1_37' title="bbox 307 2315 1884 2386; baseline -0.004 -13"><span class='ocrx_word' id='word_1_196' title='bbox 307 2329 500 2385; x_wconf 63' lang='lat' dir='ltr'><strong>nautae,</strong></span> <span class='ocrx_word' id='word_1_197' title='bbox 534 2316 777 2386; x_wconf 80' lang='lat' dir='ltr'><strong>opiﬁces,</strong></span> <span class='ocrx_word' id='word_1_198' title='bbox 814 2327 1077 2382; x_wconf 88' lang='lat' dir='ltr'><strong>aratores,</strong></span> <span class='ocrx_word' id='word_1_199' title='bbox 1111 2316 1405 2370; x_wconf 83' lang='lat' dir='ltr'><strong>institores.</strong></span> <span class='ocrx_word' id='word_1_200' title='bbox 1443 2315 1606 2384; x_wconf 89' lang='lat' dir='ltr'><strong>Igitur</strong></span> <span class='ocrx_word' id='word_1_201' title='bbox 1635 2315 1775 2382; x_wconf 89' lang='lat' dir='ltr'><strong>quod</strong></span> <span class='ocrx_word' id='word_1_202' title='bbox 1807 2317 1884 2368; x_wconf 85' lang='lat' dir='ltr'><strong>ait</strong></span> 
     </span>
    </p>
   </div>
   <div class='ocr_carea' id='block_1_38' title="bbox 305 2386 1887 2455">
    <p class='ocr_par' dir='ltr' id='par_1_38' title="bbox 305 2386 1887 2455">
     <span class='ocr_line' id='line_1_38' title="bbox 305 2386 1887 2455; baseline -0.003 -11"><span class='ocrx_word' id='word_1_203' title='bbox 305 2390 421 2444; x_wconf 85' lang='lat' dir='ltr'><strong>Hac</strong></span> <span class='ocrx_word' id='word_1_204' title='bbox 447 2398 558 2442; x_wconf 88' lang='lat' dir='ltr'><strong>arte</strong></span> <span class='ocrx_word' id='word_1_205' title='bbox 588 2395 782 2441; x_wconf 84' lang='lat' dir='ltr'><strong>tantum</strong></span> <span class='ocrx_word' id='word_1_206' title='bbox 808 2389 1036 2454; x_wconf 72' lang='lat' dir='ltr'><strong>vicimus,</strong></span> <span class='ocrx_word' id='word_1_207' title='bbox 1081 2402 1273 2455; x_wconf 82' lang='lat' dir='ltr'><strong>nempe</strong></span> <span class='ocrx_word' id='word_1_208' title='bbox 1299 2387 1548 2441; x_wconf 90' lang='lat' dir='ltr'><strong>laudandi</strong></span> <span class='ocrx_word' id='word_1_209' title='bbox 1581 2386 1769 2451; x_wconf 85' lang='lat' dir='ltr'><strong>Deum,</strong></span> <span class='ocrx_word' id='word_1_210' title='bbox 1800 2401 1887 2440; x_wconf 89' lang='lat' dir='ltr'><strong>so-</strong></span> 
     </span>
    </p>
   </div>
   <div class='ocr_carea' id='block_1_39' title="bbox 307 2457 1885 2526">
    <p class='ocr_par' dir='ltr' id='par_1_39' title="bbox 307 2457 1885 2526">
     <span class='ocr_line' id='line_1_39' title="bbox 307 2457 1885 2526; baseline -0.001 -13"><span class='ocrx_word' id='word_1_211' title='bbox 307 2461 414 2514; x_wconf 91' lang='lat' dir='ltr'><strong>lum</strong></span> <span class='ocrx_word' id='word_1_212' title='bbox 448 2460 513 2514; x_wconf 90' lang='lat' dir='ltr'><strong>ad</strong></span> <span class='ocrx_word' id='word_1_213' title='bbox 547 2459 774 2512; x_wconf 85' lang='lat' dir='ltr'><strong>clericos</strong></span> <span class='ocrx_word' id='word_1_214' title='bbox 799 2458 1048 2526; x_wconf 86' lang='lat' dir='ltr'><strong>pertinet,</strong></span> <span class='ocrx_word' id='word_1_215' title='bbox 1078 2466 1131 2513; x_wconf 88' lang='lat' dir='ltr'><strong>et</strong></span> <span class='ocrx_word' id='word_1_216' title='bbox 1161 2457 1388 2513; x_wconf 81' lang='lat' dir='ltr'><strong>fortasse</strong></span> <span class='ocrx_word' id='word_1_217' title='bbox 1419 2460 1579 2513; x_wconf 91' lang='lat' dir='ltr'><strong>etiam</strong></span> <span class='ocrx_word' id='word_1_218' title='bbox 1607 2457 1673 2511; x_wconf 91' lang='lat' dir='ltr'><strong>ad</strong></span> <span class='ocrx_word' id='word_1_219' title='bbox 1697 2472 1885 2512; x_wconf 91' lang='lat' dir='ltr'><strong>eorum</strong></span> 
     </span>
    </p>
   </div>
   <div class='ocr_carea' id='block_1_40' title="bbox 305 2527 1885 2598">
    <p class='ocr_par' dir='ltr' id='par_1_40' title="bbox 305 2527 1885 2598">
     <span class='ocr_line' id='line_1_40' title="bbox 305 2527 1885 2598; baseline -0.002 -14"><span class='ocrx_word' id='word_1_220' title='bbox 305 2532 579 2586; x_wconf 77' lang='lat' dir='ltr'><strong>hominum</strong></span> <span class='ocrx_word' id='word_1_221' title='bbox 612 2529 838 2598; x_wconf 89' lang='lat' dir='ltr'><strong>collegia</strong></span> <span class='ocrx_word' id='word_1_222' title='bbox 890 2539 940 2582; x_wconf 92' lang='lat' dir='ltr'><strong>et</strong></span> <span class='ocrx_word' id='word_1_223' title='bbox 988 2529 1294 2596; x_wconf 54' lang='lat' dir='ltr'><strong>societates,</strong></span> <span class='ocrx_word' id='word_1_224' title='bbox 1337 2530 1386 2582; x_wconf 91' lang='lat' dir='ltr'><strong>iu</strong></span> <span class='ocrx_word' id='word_1_225' title='bbox 1415 2529 1606 2598; x_wconf 79' lang='lat' dir='ltr'><strong>quibus</strong></span> <span class='ocrx_word' id='word_1_226' title='bbox 1651 2527 1885 2598; x_wconf 78' lang='lat' dir='ltr'><strong>religiosi</strong></span> 
     </span>
    </p>
   </div>
   <div class='ocr_carea' id='block_1_41' title="bbox 303 2599 1886 2669">
    <p class='ocr_par' dir='ltr' id='par_1_41' title="bbox 303 2599 1886 2669">
     <span class='ocr_line' id='line_1_41' title="bbox 303 2599 1886 2669; baseline -0.003 -13"><span class='ocrx_word' id='word_1_227' title='bbox 303 2603 519 2656; x_wconf 85' lang='lat' dir='ltr'><strong>ordines</strong></span> <span class='ocrx_word' id='word_1_228' title='bbox 545 2601 653 2669; x_wconf 88' lang='lat' dir='ltr'><strong>jam</strong></span> <span class='ocrx_word' id='word_1_229' title='bbox 685 2611 836 2652; x_wconf 84' lang='lat' dir='ltr'><strong>erant</strong></span> <span class='ocrx_word' id='word_1_230' title='bbox 876 2599 1201 2663; x_wconf 87' lang='lat' dir='ltr'><strong>adumbrati,</strong></span> <span class='ocrx_word' id='word_1_231' title='bbox 1238 2610 1296 2654; x_wconf 92' lang='lat' dir='ltr'><strong>ut</strong></span> <span class='ocrx_word' id='word_1_232' title='bbox 1329 2599 1496 2654; x_wconf 89' lang='lat' dir='ltr'><strong>videri</strong></span> <span class='ocrx_word' id='word_1_233' title='bbox 1540 2608 1718 2669; x_wconf 87' lang='lat' dir='ltr'><strong>potest</strong></span> <span class='ocrx_word' id='word_1_234' title='bbox 1746 2599 1886 2667; x_wconf 90' lang='lat' dir='ltr'><strong>apud</strong></span> 
     </span>
    </p>
   </div>
   <div class='ocr_carea' id='block_1_42' title="bbox 303 2669 1882 2740">
    <p class='ocr_par' dir='ltr' id='par_1_42' title="bbox 303 2669 1882 2740">
     <span class='ocr_line' id='line_1_42' title="bbox 303 2669 1882 2740; baseline -0.003 -12"><span class='ocrx_word' id='word_1_235' title='bbox 303 2676 362 2728; x_wconf 85' lang='lat' dir='ltr'><strong>S.</strong></span> <span class='ocrx_word' id='word_1_236' title='bbox 395 2672 745 2740; x_wconf 79' lang='lat' dir='ltr'><strong>Augustinum</strong></span> <span class='ocrx_word' id='word_1_237' title='bbox 770 2671 862 2724; x_wconf 89' lang='lat' dir='ltr'><strong>lib.</strong></span> <span class='ocrx_word' id='word_1_238' title='bbox 895 2686 910 2724; x_wconf 84' lang='grc' dir='ltr'>ι</span> <span class='ocrx_word' id='word_1_239' title='bbox 937 2669 1004 2724; x_wconf 88' lang='lat' dir='ltr'><strong>de</strong></span> <span class='ocrx_word' id='word_1_240' title='bbox 1035 2669 1269 2724; x_wconf 84' lang='lat' dir='ltr'><strong>Moribus</strong></span> <span class='ocrx_word' id='word_1_241' title='bbox 1299 2672 1551 2725; x_wconf 69' lang='lat' dir='ltr'><strong>Ecclesiae</strong></span> <span class='ocrx_word' id='word_1_242' title='bbox 1582 2671 1882 2735; x_wconf 66' lang='lat' dir='ltr'><strong>catholicae,</strong></span> 
     </span>
    </p>
   </div>
   <div class='ocr_carea' id='block_1_43' title="bbox 304 2740 1886 2812">
    <p class='ocr_par' dir='ltr' id='par_1_43' title="bbox 304 2740 1886 2812">
     <span class='ocr_line' id='line_1_43' title="bbox 304 2740 1886 2812; baseline -0.003 -14"><span class='ocrx_word' id='word_1_243' title='bbox 304 2745 394 2798; x_wconf 88' lang='lat' dir='ltr'><strong>ubi</strong></span> <span class='ocrx_word' id='word_1_244' title='bbox 428 2755 618 2812; x_wconf 68' lang='lat' dir='ltr'><strong>praeter</strong></span> <span class='ocrx_word' id='word_1_245' title='bbox 656 2742 1029 2805; x_wconf 83' lang='lat' dir='ltr'><strong>anachoretas,</strong></span> <span class='ocrx_word' id='word_1_246' title='bbox 1084 2750 1279 2811; x_wconf 67' lang='lat' dir='ltr'><strong>printer</strong></span> <span class='ocrx_word' id='word_1_247' title='bbox 1317 2743 1614 2796; x_wconf 79' lang='lat' dir='ltr'><strong>eoenobitas</strong></span> <span class='ocrx_word' id='word_1_248' title='bbox 1646 2740 1697 2794; x_wconf 92' lang='lat' dir='ltr'><strong>in</strong></span> <span class='ocrx_word' id='word_1_249' title='bbox 1737 2756 1886 2812; x_wconf 86' lang='lat' dir='ltr'><strong>cont-</strong></span> 
     </span>
    </p>
   </div>
   <div class='ocr_carea' id='block_1_44' title="bbox 305 2811 1880 2881">
    <p class='ocr_par' dir='ltr' id='par_1_44' title="bbox 305 2811 1880 2881">
     <span class='ocr_line' id='line_1_44' title="bbox 305 2811 1880 2881; baseline -0.003 -12"><span class='ocrx_word' id='word_1_250' title='bbox 305 2811 518 2869; x_wconf 24' lang='lat' dir='ltr'><strong>mun’em</strong></span> <span class='ocrx_word' id='word_1_251' title='bbox 557 2813 717 2866; x_wconf 81' lang='lat' dir='ltr'><strong>vitam</strong></span> <span class='ocrx_word' id='word_1_252' title='bbox 745 2823 1116 2881; x_wconf 80' lang='lat' dir='ltr'><strong>congregatos,</strong></span> <span class='ocrx_word' id='word_1_253' title='bbox 1165 2813 1403 2867; x_wconf 79' lang='lat' dir='ltr'><strong>viventes</strong></span> <span class='ocrx_word' id='word_1_254' title='bbox 1439 2811 1494 2866; x_wconf 91' lang='lat' dir='ltr'><strong>in</strong></span> <span class='ocrx_word' id='word_1_255' title='bbox 1523 2811 1880 2877; x_wconf 73' lang='lat' dir='ltr'><strong>orationibus,</strong></span> 
     </span>
    </p>
   </div>
   <div class='ocr_carea' id='block_1_45' title="bbox 304 2882 1884 2951">
    <p class='ocr_par' dir='ltr' id='par_1_45' title="bbox 304 2882 1884 2951">
     <span class='ocr_line' id='line_1_45' title="bbox 304 2882 1884 2951; baseline -0.003 -11"><span class='ocrx_word' id='word_1_256' title='bbox 304 2886 358 2940; x_wconf 90' lang='lat' dir='ltr'><strong>in</strong></span> <span class='ocrx_word' id='word_1_257' title='bbox 406 2886 745 2947; x_wconf 84' lang='lat' dir='ltr'><strong>lectionibus,</strong></span> <span class='ocrx_word' id='word_1_258' title='bbox 789 2883 841 2936; x_wconf 90' lang='lat' dir='ltr'><strong>in</strong></span> <span class='ocrx_word' id='word_1_259' title='bbox 882 2882 1360 2950; x_wconf 79' lang='lat' dir='ltr'><strong>diSputationibus,</strong></span> <span class='ocrx_word' id='word_1_260' title='bbox 1412 2895 1608 2951; x_wconf 65' lang='lat' dir='ltr'><strong>praeter</strong></span> <span class='ocrx_word' id='word_1_261' title='bbox 1653 2882 1884 2936; x_wconf 78' lang='lat' dir='ltr'><strong>feminas</strong></span> 
     </span>
    </p>
   </div>
   <div class='ocr_carea' id='block_1_46' title="bbox 307 2953 1882 3023">
    <p class='ocr_par' dir='ltr' id='par_1_46' title="bbox 307 2953 1882 3023">
     <span class='ocr_line' id='line_1_46' title="bbox 307 2953 1882 3023; baseline -0.003 -13"><span class='ocrx_word' id='word_1_262' title='bbox 307 2956 623 3011; x_wconf 81' lang='lat' dir='ltr'><strong>habitaculis</strong></span> <span class='ocrx_word' id='word_1_263' title='bbox 654 2964 984 3023; x_wconf 60' lang='lat' dir='ltr'><strong>segregatas,</strong></span> <span class='ocrx_word' id='word_1_264' title='bbox 1015 2969 1078 3008; x_wconf 89' lang='lat' dir='ltr'><strong>ac</strong></span> <span class='ocrx_word' id='word_1_265' title='bbox 1111 2963 1344 3008; x_wconf 86' lang='lat' dir='ltr'><strong>remotas</strong></span> <span class='ocrx_word' id='word_1_266' title='bbox 1364 2971 1392 3007; x_wconf 88' lang='lat' dir='ltr'><strong>a</strong></span> <span class='ocrx_word' id='word_1_267' title='bbox 1421 2955 1552 3008; x_wconf 86' lang='lat' dir='ltr'><strong>viris</strong></span> <span class='ocrx_word' id='word_1_268' title='bbox 1580 2970 1738 3022; x_wconf 89' lang='lat' dir='ltr'><strong>quam</strong></span> <span class='ocrx_word' id='word_1_269' title='bbox 1763 2953 1882 3006; x_wconf 82' lang='lat' dir='ltr'><strong>lon-</strong></span> 
     </span>
    </p>
   </div>
   <div class='ocr_carea' id='block_1_47' title="bbox 303 3023 1884 3098">
    <p class='ocr_par' dir='ltr' id='par_1_47' title="bbox 303 3023 1884 3098">
     <span class='ocr_line' id='line_1_47' title="bbox 303 3023 1884 3098; baseline -0.004 -16"><span class='ocrx_word' id='word_1_270' title='bbox 303 3029 544 3098; x_wconf 82' lang='lat' dir='ltr'><strong>gissime,</strong></span> <span class='ocrx_word' id='word_1_271' title='bbox 577 3026 819 3098; x_wconf 77' lang='lat' dir='ltr'><strong>adjungit</strong></span> <span class='ocrx_word' id='word_1_272' title='bbox 864 3023 1008 3098; x_wconf 83' lang='lat' dir='ltr'><strong>aliud</strong></span> <span class='ocrx_word' id='word_1_273' title='bbox 1031 3039 1216 3098; x_wconf 74' lang='lat' dir='ltr'><strong>genus</strong></span> <span class='ocrx_word' id='word_1_274' title='bbox 1248 3024 1884 3098; x_wconf 80' lang='lat' dir='ltr'><strong>laudaliileChristiann-</strong></span> 
     </span>
    </p>
   </div>
   <div class='ocr_carea' id='block_1_48' title="bbox 303 3095 1880 3167">
    <p class='ocr_par' dir='ltr' id='par_1_48' title="bbox 303 3095 1880 3167">
     <span class='ocr_line' id='line_1_48' title="bbox 303 3095 1880 3167; baseline -0.002 -14"><span class='ocrx_word' id='word_1_275' title='bbox 303 3095 444 3163; x_wconf 69' lang='lat' dir='ltr'><strong>rum,</strong></span> <span class='ocrx_word' id='word_1_276' title='bbox 480 3100 567 3167; x_wconf 89' lang='lat' dir='ltr'><strong>qui</strong></span> <span class='ocrx_word' id='word_1_277' title='bbox 602 3097 653 3149; x_wconf 90' lang='lat' dir='ltr'><strong>in</strong></span> <span class='ocrx_word' id='word_1_278' title='bbox 686 3096 989 3150; x_wconf 79' lang='lat' dir='ltr'><strong>civitatibus</strong></span> <span class='ocrx_word' id='word_1_279' title='bbox 1014 3095 1231 3164; x_wconf 85' lang='lat' dir='ltr'><strong>degunt,</strong></span> <span class='ocrx_word' id='word_1_280' title='bbox 1276 3110 1302 3148; x_wconf 88' lang='lat' dir='ltr'><strong>a</strong></span> <span class='ocrx_word' id='word_1_281' title='bbox 1333 3095 1534 3165; x_wconf 84' lang='lat' dir='ltr'><strong>vulgari</strong></span> <span class='ocrx_word' id='word_1_282' title='bbox 1567 3097 1669 3148; x_wconf 87' lang='lat' dir='ltr'><strong>vita</strong></span> <span class='ocrx_word' id='word_1_283' title='bbox 1700 3110 1880 3167; x_wconf 70' lang='lat' dir='ltr'><strong>remo-</strong></span> 
     </span>
    </p>
   </div>
   <div class='ocr_carea' id='block_1_49' title="bbox 307 3164 1879 3236">
    <p class='ocr_par' dir='ltr' id='par_1_49' title="bbox 307 3164 1879 3236">
     <span class='ocr_line' id='line_1_49' title="bbox 307 3164 1879 3236; baseline -0.003 -14"><span class='ocrx_word' id='word_1_284' title='bbox 307 3164 520 3231; x_wconf 76' lang='lat' dir='ltr'><strong>tissimi.</strong></span> <span class='ocrx_word' id='word_1_285' title='bbox 554 3168 696 3234; x_wconf 75' lang='lat' dir='ltr'><strong>Vidi,</strong></span> <span class='ocrx_word' id='word_1_286' title='bbox 725 3167 914 3234; x_wconf 89' lang='lat' dir='ltr'><strong>inquit,</strong></span> <span class='ocrx_word' id='word_1_287' title='bbox 954 3182 1046 3236; x_wconf 81' lang='lat' dir='ltr'><strong>ego</strong></span> <span class='ocrx_word' id='word_1_288' title='bbox 1085 3167 1416 3220; x_wconf 75' lang='lat' dir='ltr'><strong>diversorium</strong></span> <span class='ocrx_word' id='word_1_289' title='bbox 1439 3164 1734 3220; x_wconf 81' lang='lat' dir='ltr'><strong>sanctorum</strong></span> <span class='ocrx_word' id='word_1_290' title='bbox 1765 3164 1879 3218; x_wconf 86' lang='lat' dir='ltr'><strong>Me-</strong></span> 
     </span>
    </p>
   </div>
   <div class='ocr_carea' id='block_1_50' title="bbox 304 3237 1884 3307">
    <p class='ocr_par' dir='ltr' id='par_1_50' title="bbox 304 3237 1884 3307">
     <span class='ocr_line' id='line_1_50' title="bbox 304 3237 1884 3307; baseline -0.003 -15"><span class='ocrx_word' id='word_1_291' title='bbox 304 3242 524 3307; x_wconf 84' lang='lat' dir='ltr'><strong>diolani,</strong></span> <span class='ocrx_word' id='word_1_292' title='bbox 560 3255 660 3292; x_wconf 89' lang='lat' dir='ltr'><strong>non</strong></span> <span class='ocrx_word' id='word_1_293' title='bbox 689 3253 965 3306; x_wconf 86' lang='lat' dir='ltr'><strong>paucorum</strong></span> <span class='ocrx_word' id='word_1_294' title='bbox 1005 3238 1284 3302; x_wconf 74' lang='lat' dir='ltr'><strong>horninur»,</strong></span> <span class='ocrx_word' id='word_1_295' title='bbox 1313 3238 1491 3306; x_wconf 82' lang='lat' dir='ltr'><strong>quibus</strong></span> <span class='ocrx_word' id='word_1_296' title='bbox 1524 3253 1654 3289; x_wconf 87' lang='lat' dir='ltr'><strong>unus</strong></span> <span class='ocrx_word' id='word_1_297' title='bbox 1675 3237 1884 3305; x_wconf 84' lang='lat' dir='ltr'><strong>presby-</strong></span> 
     </span>
    </p>
   </div>
   <div class='ocr_carea' id='block_1_51' title="bbox 302 3308 1888 3381">
    <p class='ocr_par' dir='ltr' id='par_1_51' title="bbox 302 3308 1888 3381">
     <span class='ocr_line' id='line_1_51' title="bbox 302 3308 1888 3381; baseline -0.005 -16"><span class='ocrx_word' id='word_1_298' title='bbox 302 3322 379 3365; x_wconf 90' lang='lat' dir='ltr'><strong>ter</strong></span> <span class='ocrx_word' id='word_1_299' title='bbox 418 3321 629 3381; x_wconf 79' lang='lat' dir='ltr'><strong>prteerat</strong></span> <span class='ocrx_word' id='word_1_300' title='bbox 677 3312 752 3362; x_wconf 62' lang='lat' dir='ltr'><strong>vir</strong></span> <span class='ocrx_word' id='word_1_301' title='bbox 791 3311 1014 3381; x_wconf 76' lang='lat' dir='ltr'><strong>optimus</strong></span> <span class='ocrx_word' id='word_1_302' title='bbox 1053 3319 1095 3361; x_wconf 90' lang='lat' dir='ltr'><strong>et</strong></span> <span class='ocrx_word' id='word_1_303' title='bbox 1143 3309 1485 3381; x_wconf 82' lang='lat' dir='ltr'><strong>doctissimus.</strong></span> <span class='ocrx_word' id='word_1_304' title='bbox 1520 3308 1695 3361; x_wconf 79' lang='lat' dir='ltr'><strong>Iionue</strong></span> <span class='ocrx_word' id='word_1_305' title='bbox 1734 3308 1888 3381; x_wconf 82' lang='lat' dir='ltr'><strong>etiam</strong></span> 
     </span>
    </p>
   </div>
   <div class='ocr_carea' id='block_1_52' title="bbox 303 3377 1886 3452">
    <p class='ocr_par' dir='ltr' id='par_1_52' title="bbox 303 3377 1886 3452">
     <span class='ocr_line' id='line_1_52' title="bbox 303 3377 1886 3452; baseline -0.003 -18"><span class='ocrx_word' id='word_1_306' title='bbox 303 3377 461 3452; x_wconf 78' lang='lat' dir='ltr'><strong>plura</strong></span> <span class='ocrx_word' id='word_1_307' title='bbox 503 3381 733 3450; x_wconf 78' lang='lat' dir='ltr'><strong>cognovi,</strong></span> <span class='ocrx_word' id='word_1_308' title='bbox 777 3389 882 3433; x_wconf 90' lang='lat' dir='ltr'><strong>etc.</strong></span> <span class='ocrx_word' id='word_1_309' title='bbox 906 3377 1099 3452; x_wconf 22' lang='lat' dir='ltr'><strong>AlVeque</strong></span> <span class='ocrx_word' id='word_1_310' title='bbox 1142 3378 1238 3432; x_wconf 91' lang='lat' dir='ltr'><strong>hoc</strong></span> <span class='ocrx_word' id='word_1_311' title='bbox 1280 3380 1332 3452; x_wconf 90' lang='lat' dir='ltr'><strong>in</strong></span> <span class='ocrx_word' id='word_1_312' title='bbox 1371 3381 1490 3452; x_wconf 83' lang='lat' dir='ltr'><strong>viris</strong></span> <span class='ocrx_word' id='word_1_313' title='bbox 1521 3389 1753 3452; x_wconf 76' lang='lat' dir='ltr'><strong>tantum,</strong></span> <span class='ocrx_word' id='word_1_314' title='bbox 1790 3378 1886 3452; x_wconf 76' lang='lat' dir='ltr'><strong>sed</strong></span> 
     </span>
    </p>
   </div>
   <div class='ocr_carea' id='block_1_53' title="bbox 303 3449 1882 3518">
    <p class='ocr_par' dir='ltr' id='par_1_53' title="bbox 303 3449 1882 3518">
     <span class='ocr_line' id='line_1_53' title="bbox 303 3449 1882 3518; baseline -0.005 -11"><span class='ocrx_word' id='word_1_315' title='bbox 303 3449 457 3507; x_wconf 72' lang='lat' dir='ltr'><strong>etiam</strong></span> <span class='ocrx_word' id='word_1_316' title='bbox 489 3454 540 3504; x_wconf 92' lang='lat' dir='ltr'><strong>in</strong></span> <span class='ocrx_word' id='word_1_317' title='bbox 566 3449 800 3517; x_wconf 64' lang='lat' dir='ltr'><strong>tentinis;</strong></span> <span class='ocrx_word' id='word_1_318' title='bbox 827 3449 1009 3518; x_wconf 81' lang='lat' dir='ltr'><strong>quibus</strong></span> <span class='ocrx_word' id='word_1_319' title='bbox 1037 3451 1154 3502; x_wconf 87' lang='lat' dir='ltr'><strong>item</strong></span> <span class='ocrx_word' id='word_1_320' title='bbox 1189 3451 1359 3503; x_wconf 79' lang='lat' dir='ltr'><strong>multis</strong></span> <span class='ocrx_word' id='word_1_321' title='bbox 1388 3450 1576 3514; x_wconf 85' lang='lat' dir='ltr'><strong>viduis,</strong></span> <span class='ocrx_word' id='word_1_322' title='bbox 1606 3459 1650 3501; x_wconf 86' lang='lat' dir='ltr'><strong>et</strong></span> <span class='ocrx_word' id='word_1_323' title='bbox 1673 3449 1882 3516; x_wconf 79' lang='lat' dir='ltr'><strong>uirgini-</strong></span> 
     </span>
    </p>
   </div>
   <div class='ocr_carea' id='block_1_54' title="bbox 306 3520 1884 3586">
    <p class='ocr_par' dir='ltr' id='par_1_54' title="bbox 306 3520 1884 3586">
     <span class='ocr_line' id='line_1_54' title="bbox 306 3520 1884 3586; baseline -0.004 -9"><span class='ocrx_word' id='word_1_324' title='bbox 306 3524 399 3577; x_wconf 88' lang='lat' dir='ltr'><strong>bus</strong></span> <span class='ocrx_word' id='word_1_325' title='bbox 421 3525 572 3576; x_wconf 86' lang='lat' dir='ltr'><strong>simul</strong></span> <span class='ocrx_word' id='word_1_326' title='bbox 595 3521 961 3585; x_wconf 80' lang='lat' dir='ltr'><strong>habitantibus,</strong></span> <span class='ocrx_word' id='word_1_327' title='bbox 990 3529 1036 3574; x_wconf 83' lang='lat' dir='ltr'><strong>et</strong></span> <span class='ocrx_word' id='word_1_328' title='bbox 1077 3520 1219 3585; x_wconf 82' lang='lat' dir='ltr'><strong>lana,</strong></span> <span class='ocrx_word' id='word_1_329' title='bbox 1264 3538 1322 3575; x_wconf 89' lang='lat' dir='ltr'><strong>ac</strong></span> <span class='ocrx_word' id='word_1_330' title='bbox 1347 3527 1447 3575; x_wconf 83' lang='lat' dir='ltr'><strong>tela</strong></span> <span class='ocrx_word' id='word_1_331' title='bbox 1483 3523 1668 3574; x_wconf 80' lang='lat' dir='ltr'><strong>victum</strong></span> <span class='ocrx_word' id='word_1_332' title='bbox 1695 3521 1884 3586; x_wconf 68' lang='lat' dir='ltr'><strong>quieri-</strong></span> 
     </span>
    </p>
   </div>
   <div class='ocr_carea' id='block_1_55' title="bbox 305 3591 1886 3663">
    <p class='ocr_par' dir='ltr' id='par_1_55' title="bbox 305 3591 1886 3663">
     <span class='ocr_line' id='line_1_55' title="bbox 305 3591 1886 3663; baseline -0.004 -13"><span class='ocrx_word' id='word_1_333' title='bbox 305 3595 547 3659; x_wconf 84' lang='lat' dir='ltr'><strong>tantibus,</strong></span> <span class='ocrx_word' id='word_1_334' title='bbox 598 3602 820 3663; x_wconf 73' lang='lat' dir='ltr'><strong>prcesunt</strong></span> <span class='ocrx_word' id='word_1_335' title='bbox 867 3591 1084 3660; x_wconf 70' lang='lat' dir='ltr'><strong>singula:</strong></span> <span class='ocrx_word' id='word_1_336' title='bbox 1122 3593 1453 3663; x_wconf 76' lang='lat' dir='ltr'><strong>gravissimw,</strong></span> <span class='ocrx_word' id='word_1_337' title='bbox 1490 3591 1886 3658; x_wconf 62' lang='lat' dir='ltr'><strong>probatissima-</strong></span> 
     </span>
    </p>
   </div>
   <div class='ocr_carea' id='block_1_56' title="bbox 303 3661 1884 3736">
    <p class='ocr_par' dir='ltr' id='par_1_56' title="bbox 303 3661 1884 3736">
     <span class='ocr_line' id='line_1_56' title="bbox 303 3661 1884 3736; baseline -0.001 -17"><span class='ocrx_word' id='word_1_338' title='bbox 303 3683 424 3736; x_wconf 86' lang='lat' dir='ltr'><strong>que.</strong></span> <span class='ocrx_word' id='word_1_339' title='bbox 447 3669 522 3720; x_wconf 86' lang='lat' dir='ltr'><strong>Ac</strong></span> <span class='ocrx_word' id='word_1_340' title='bbox 550 3661 1210 3736; x_wconf 78' lang='lat' dir='ltr'><strong>fortasse.Prudentiusad</strong></span> <span class='ocrx_word' id='word_1_341' title='bbox 1238 3663 1454 3733; x_wconf 85' lang='lat' dir='ltr'><strong>aliquod</strong></span> <span class='ocrx_word' id='word_1_342' title='bbox 1480 3663 1701 3730; x_wconf 85' lang='lat' dir='ltr'><strong>hujusce</strong></span> <span class='ocrx_word' id='word_1_343' title='bbox 1723 3677 1884 3731; x_wconf 79' lang='lat' dir='ltr'><strong>gene-</strong></span> 
     </span>
    </p>
   </div>
   <div class='ocr_carea' id='block_1_57' title="bbox 304 3735 1105 3792">
    <p class='ocr_par' dir='ltr' id='par_1_57' title="bbox 304 3735 1105 3792">
     <span class='ocr_line' id='line_1_57' title="bbox 304 3735 1105 3792; baseline -0.002 -2"><span class='ocrx_word' id='word_1_344' title='bbox 304 3735 384 3792; x_wconf 76' lang='lat' dir='ltr'><strong>ris</strong></span> <span class='ocrx_word' id='word_1_345' title='bbox 409 3735 762 3791; x_wconf 82' lang='lat' dir='ltr'><strong>diversorium</strong></span> <span class='ocrx_word' id='word_1_346' title='bbox 791 3743 1105 3788; x_wconf 84' lang='lat' dir='ltr'><strong>secesserat.</strong></span> 
     </span>
    </p>
   </div>
   <div class='ocr_carea' id='block_1_58' title="bbox 377 3804 1889 3874">
    <p class='ocr_par' dir='ltr' id='par_1_58' title="bbox 377 3804 1889 3874">
     <span class='ocr_line' id='line_1_58' title="bbox 377 3804 1889 3874; baseline -0.001 -13"><span class='ocrx_word' id='word_1_347' title='bbox 377 3808 466 3862; x_wconf 66' lang='grc'><strong>49.</strong></span> <span class='ocrx_word' id='word_1_348' title='bbox 504 3808 597 3860; x_wconf 92' lang='lat' dir='ltr'><strong>llis</strong></span> <span class='ocrx_word' id='word_1_349' title='bbox 626 3814 854 3874; x_wconf 88' lang='lat' dir='ltr'><strong>quatuor</strong></span> <span class='ocrx_word' id='word_1_350' title='bbox 880 3805 1124 3860; x_wconf 84' lang='lat' dir='ltr'><strong>versibus</strong></span> <span class='ocrx_word' id='word_1_351' title='bbox 1149 3804 1404 3874; x_wconf 84' lang='lat' dir='ltr'><strong>praecipui</strong></span> <span class='ocrx_word' id='word_1_352' title='bbox 1435 3806 1571 3862; x_wconf 92' lang='lat' dir='ltr'><strong>ritus</strong></span> <span class='ocrx_word' id='word_1_353' title='bbox 1599 3806 1810 3862; x_wconf 91' lang='lat' dir='ltr'><strong>colendi</strong></span> <span class='ocrx_word' id='word_1_354' title='bbox 1835 3811 1889 3861; x_wconf 88' lang='lat' dir='ltr'><strong>et</strong></span> 
     </span>
    </p>
   </div>
   <div class='ocr_carea' id='block_1_59' title="bbox 305 3877 1884 3948">
    <p class='ocr_par' dir='ltr' id='par_1_59' title="bbox 305 3877 1884 3948">
     <span class='ocr_line' id='line_1_59' title="bbox 305 3877 1884 3948; baseline -0.001 -14"><span class='ocrx_word' id='word_1_355' title='bbox 305 3879 532 3948; x_wconf 84' lang='lat' dir='ltr'><strong>rogandi</strong></span> <span class='ocrx_word' id='word_1_356' title='bbox 576 3879 740 3932; x_wconf 90' lang='lat' dir='ltr'><strong>Deum</strong></span> <span class='ocrx_word' id='word_1_357' title='bbox 787 3878 1146 3938; x_wconf 87' lang='lat' dir='ltr'><strong>continentur,</strong></span> <span class='ocrx_word' id='word_1_358' title='bbox 1195 3877 1396 3945; x_wconf 89' lang='lat' dir='ltr'><strong>primus</strong></span> <span class='ocrx_word' id='word_1_359' title='bbox 1426 3877 1667 3948; x_wconf 89' lang='lat' dir='ltr'><strong>internus</strong></span> <span class='ocrx_word' id='word_1_360' title='bbox 1696 3878 1749 3932; x_wconf 91' lang='lat' dir='ltr'><strong>in</strong></span> <span class='ocrx_word' id='word_1_361' title='bbox 1779 3878 1884 3947; x_wconf 87' lang='lat' dir='ltr'><strong>spi-</strong></span> 
     </span>
    </p>
   </div>
   <div class='ocr_carea' id='block_1_60' title="bbox 307 3947 1890 4017">
    <p class='ocr_par' dir='ltr' id='par_1_60' title="bbox 307 3947 1890 4017">
     <span class='ocr_line' id='line_1_60' title="bbox 307 3947 1890 4017; baseline -0.001 -13"><span class='ocrx_word' id='word_1_362' title='bbox 307 3947 416 4005; x_wconf 84' lang='lat' dir='ltr'><strong>ritu</strong></span> <span class='ocrx_word' id='word_1_363' title='bbox 461 3959 514 4004; x_wconf 89' lang='lat' dir='ltr'><strong>et</strong></span> <span class='ocrx_word' id='word_1_364' title='bbox 540 3951 785 4012; x_wconf 83' lang='lat' dir='ltr'><strong>veritate,</strong></span> <span class='ocrx_word' id='word_1_365' title='bbox 837 3958 1003 4000; x_wconf 80' lang='lat' dir='ltr'><strong>mente</strong></span> <span class='ocrx_word' id='word_1_366' title='bbox 1042 3962 1173 4014; x_wconf 87' lang='lat' dir='ltr'><strong>pura</strong></span> <span class='ocrx_word' id='word_1_367' title='bbox 1217 3955 1264 3998; x_wconf 88' lang='lat' dir='ltr'><strong>et</strong></span> <span class='ocrx_word' id='word_1_368' title='bbox 1304 3947 1542 4017; x_wconf 82' lang='lat' dir='ltr'><strong>simplici,</strong></span> <span class='ocrx_word' id='word_1_369' title='bbox 1584 3951 1716 4002; x_wconf 85' lang='lat' dir='ltr'><strong>alter</strong></span> <span class='ocrx_word' id='word_1_370' title='bbox 1756 3963 1890 4002; x_wconf 85' lang='lat' dir='ltr'><strong>voce</strong></span> 
     </span>
    </p>
   </div>
   <div class='ocr_carea' id='block_1_61' title="bbox 305 4020 1888 4088">
    <p class='ocr_par' dir='ltr' id='par_1_61' title="bbox 305 4020 1888 4088">
     <span class='ocr_line' id='line_1_61' title="bbox 305 4020 1888 4088; baseline -0.003 -12"><span class='ocrx_word' id='word_1_371' title='bbox 305 4023 427 4076; x_wconf 88' lang='lat' dir='ltr'><strong>sine</strong></span> <span class='ocrx_word' id='word_1_372' title='bbox 457 4031 636 4087; x_wconf 89' lang='lat' dir='ltr'><strong>cantu,</strong></span> <span class='ocrx_word' id='word_1_373' title='bbox 669 4029 715 4071; x_wconf 82' lang='lat' dir='ltr'><strong>te</strong></span> <span class='ocrx_word' id='word_1_374' title='bbox 749 4033 884 4081; x_wconf 86' lang='lat' dir='ltr'><strong>voce,</strong></span> <span class='ocrx_word' id='word_1_375' title='bbox 929 4020 1116 4071; x_wconf 89' lang='lat' dir='ltr'><strong>tertius</strong></span> <span class='ocrx_word' id='word_1_376' title='bbox 1143 4026 1293 4070; x_wconf 89' lang='lat' dir='ltr'><strong>cantu</strong></span> <span class='ocrx_word' id='word_1_377' title='bbox 1336 4020 1440 4088; x_wconf 88' lang='lat' dir='ltr'><strong>pio,</strong></span> <span class='ocrx_word' id='word_1_378' title='bbox 1464 4030 1652 4088; x_wconf 87' lang='lat' dir='ltr'><strong>quarto</strong></span> <span class='ocrx_word' id='word_1_379' title='bbox 1682 4029 1888 4073; x_wconf 82' lang='lat' dir='ltr'><strong>curvato</strong></span> 
     </span>
    </p>
   </div>
   <div class='ocr_carea' id='block_1_62' title="bbox 306 4089 1889 4163">
    <p class='ocr_par' dir='ltr' id='par_1_62' title="bbox 306 4089 1889 4163">
     <span class='ocr_line' id='line_1_62' title="bbox 306 4089 1889 4163; baseline -0.001 -17"><span class='ocrx_word' id='word_1_380' title='bbox 306 4109 464 4163; x_wconf 86' lang='lat' dir='ltr'><strong>genu,</strong></span> <span class='ocrx_word' id='word_1_381' title='bbox 487 4094 701 4159; x_wconf 86' lang='lat' dir='ltr'><strong>quintus</strong></span> <span class='ocrx_word' id='word_1_382' title='bbox 721 4090 911 4163; x_wconf 79' lang='lat' dir='ltr'><strong>flendo.</strong></span> <span class='ocrx_word' id='word_1_383' title='bbox 945 4091 1017 4142; x_wconf 88' lang='lat' dir='ltr'><strong>De</strong></span> <span class='ocrx_word' id='word_1_384' title='bbox 1038 4097 1196 4163; x_wconf 79' lang='lat' dir='ltr'><strong>cantu</strong></span> <span class='ocrx_word' id='word_1_385' title='bbox 1217 4089 1579 4163; x_wconf 69' lang='lat' dir='ltr'><strong>ecclesiastico</strong></span> <span class='ocrx_word' id='word_1_386' title='bbox 1612 4091 1889 4163; x_wconf 81' lang='lat' dir='ltr'><strong>moderato</strong></span> 
     </span>
    </p>
   </div>
   <div class='ocr_carea' id='block_1_63' title="bbox 305 4159 1884 4231">
    <p class='ocr_par' dir='ltr' id='par_1_63' title="bbox 305 4159 1884 4231">
     <span class='ocr_line' id='line_1_63' title="bbox 305 4159 1884 4231; baseline -0.003 -14"><span class='ocrx_word' id='word_1_387' title='bbox 305 4159 378 4219; x_wconf 72' lang='lat' dir='ltr'><strong>ab</strong></span> <span class='ocrx_word' id='word_1_388' title='bbox 409 4164 537 4231; x_wconf 82' lang='lat' dir='ltr'><strong>ipsis</strong></span> <span class='ocrx_word' id='word_1_389' title='bbox 568 4162 820 4231; x_wconf 68' lang='lat' dir='ltr'><strong>Ecclesia:</strong></span> <span class='ocrx_word' id='word_1_390' title='bbox 850 4159 1119 4214; x_wconf 89' lang='lat' dir='ltr'><strong>nascentis</strong></span> <span class='ocrx_word' id='word_1_391' title='bbox 1157 4159 1323 4213; x_wconf 90' lang='lat' dir='ltr'><strong>initiis</strong></span> <span class='ocrx_word' id='word_1_392' title='bbox 1348 4161 1499 4229; x_wconf 88' lang='lat' dir='ltr'><strong>plura</strong></span> <span class='ocrx_word' id='word_1_393' title='bbox 1543 4162 1741 4229; x_wconf 89' lang='lat' dir='ltr'><strong>passim</strong></span> <span class='ocrx_word' id='word_1_394' title='bbox 1775 4161 1884 4224; x_wconf 86' lang='lat' dir='ltr'><strong>alii,</strong></span> 
     </span>
    </p>
   </div>
   <div class='ocr_carea' id='block_1_64' title="bbox 306 4230 1891 4301">
    <p class='ocr_par' dir='ltr' id='par_1_64' title="bbox 306 4230 1891 4301">
     <span class='ocr_line' id='line_1_64' title="bbox 306 4230 1891 4301; baseline -0.003 -13"><span class='ocrx_word' id='word_1_395' title='bbox 306 4245 362 4289; x_wconf 89' lang='lat' dir='ltr'><strong>et</strong></span> <span class='ocrx_word' id='word_1_396' title='bbox 391 4230 631 4286; x_wconf 84' lang='lat' dir='ltr'><strong>nonnihil</strong></span> <span class='ocrx_word' id='word_1_397' title='bbox 667 4247 764 4285; x_wconf 88' lang='lat' dir='ltr'><strong>nos</strong></span> <span class='ocrx_word' id='word_1_398' title='bbox 793 4230 848 4284; x_wconf 93' lang='lat' dir='ltr'><strong>in</strong></span> <span class='ocrx_word' id='word_1_399' title='bbox 888 4231 1110 4301; x_wconf 83' lang='lat' dir='ltr'><strong>dissert.</strong></span> <span class='ocrx_word' id='word_1_400' title='bbox 1133 4231 1199 4284; x_wconf 91' lang='lat' dir='ltr'><strong>de</strong></span> <span class='ocrx_word' id='word_1_401' title='bbox 1233 4231 1426 4300; x_wconf 88' lang='lat' dir='ltr'><strong>Hymn.</strong></span> <span class='ocrx_word' id='word_1_402' title='bbox 1469 4231 1740 4301; x_wconf 85' lang='lat' dir='ltr'><strong>eceles.,§</strong></span> <span class='ocrx_word' id='word_1_403' title='bbox 1776 4231 1808 4284; x_wconf 85' lang='lat'><strong>9</strong></span> <span class='ocrx_word' id='word_1_404' title='bbox 1836 4239 1891 4285; x_wconf 88' lang='lat' dir='ltr'><strong>et</strong></span> 
     </span>
    </p>
   </div>
   <div class='ocr_carea' id='block_1_65' title="bbox 307 4300 1884 4374">
    <p class='ocr_par' dir='ltr' id='par_1_65' title="bbox 307 4300 1884 4374">
     <span class='ocr_line' id='line_1_65' title="bbox 307 4300 1884 4374; baseline -0.005 -14"><span class='ocrx_word' id='word_1_405' title='bbox 307 4319 462 4374; x_wconf 88' lang='lat' dir='ltr'><strong>seqq.</strong></span> <span class='ocrx_word' id='word_1_406' title='bbox 501 4305 575 4358; x_wconf 89' lang='lat' dir='ltr'><strong>De</strong></span> <span class='ocrx_word' id='word_1_407' title='bbox 593 4303 720 4357; x_wconf 85' lang='lat' dir='ltr'><strong>ﬂetu</strong></span> <span class='ocrx_word' id='word_1_408' title='bbox 753 4302 890 4355; x_wconf 87' lang='lat' dir='ltr'><strong>inter</strong></span> <span class='ocrx_word' id='word_1_409' title='bbox 907 4300 1167 4374; x_wconf 85' lang='lat' dir='ltr'><strong>orandum</strong></span> <span class='ocrx_word' id='word_1_410' title='bbox 1198 4315 1356 4374; x_wconf 83' lang='lat' dir='ltr'><strong>supra</strong></span> <span class='ocrx_word' id='word_1_411' title='bbox 1385 4302 1450 4374; x_wconf 84' lang='lat' dir='ltr'><strong>ad</strong></span> <span class='ocrx_word' id='word_1_412' title='bbox 1484 4303 1666 4373; x_wconf 91' lang='lat' dir='ltr'><strong>hymn.</strong></span> <span class='ocrx_word' id='word_1_413' title='bbox 1693 4300 1884 4356; x_wconf 29' lang='lat' dir='ltr'><strong>‘l’vers.</strong></span> 
     </span>
    </p>
   </div>
   <div class='ocr_carea' id='block_1_66' title="bbox 310 4372 1889 4441">
    <p class='ocr_par' dir='ltr' id='par_1_66' title="bbox 310 4372 1889 4441">
     <span class='ocr_line' id='line_1_66' title="bbox 310 4372 1889 4441; baseline -0.003 -11"><span class='ocrx_word' id='word_1_414' title='bbox 310 4372 402 4430; x_wconf 72' lang='lat'><strong>82.</strong></span> <span class='ocrx_word' id='word_1_415' title='bbox 433 4374 651 4429; x_wconf 75' lang='lat' dir='ltr'><strong>lnﬂexio</strong></span> <span class='ocrx_word' id='word_1_416' title='bbox 693 4388 926 4440; x_wconf 85' lang='lat' dir='ltr'><strong>genuum</strong></span> <span class='ocrx_word' id='word_1_417' title='bbox 981 4372 1120 4426; x_wconf 88' lang='lat' dir='ltr'><strong>inter</strong></span> <span class='ocrx_word' id='word_1_418' title='bbox 1152 4373 1356 4441; x_wconf 86' lang='lat' dir='ltr'><strong>primos</strong></span> <span class='ocrx_word' id='word_1_419' title='bbox 1387 4372 1724 4426; x_wconf 79' lang='lat' dir='ltr'><strong>ChriStianos</strong></span> <span class='ocrx_word' id='word_1_420' title='bbox 1756 4373 1889 4426; x_wconf 88' lang='lat' dir='ltr'><strong>adeo</strong></span> 
     </span>
    </p>
   </div>
   <div class='ocr_carea' id='block_1_67' title="bbox 308 4443 1887 4513">
    <p class='ocr_par' dir='ltr' id='par_1_67' title="bbox 308 4443 1887 4513">
     <span class='ocr_line' id='line_1_67' title="bbox 308 4443 1887 4513; baseline -0.002 -13"><span class='ocrx_word' id='word_1_421' title='bbox 308 4448 366 4500; x_wconf 89' lang='lat' dir='ltr'><strong>in</strong></span> <span class='ocrx_word' id='word_1_422' title='bbox 392 4460 489 4499; x_wconf 86' lang='lat' dir='ltr'><strong>usu</strong></span> <span class='ocrx_word' id='word_1_423' title='bbox 519 4453 653 4510; x_wconf 88' lang='lat' dir='ltr'><strong>erat,</strong></span> <span class='ocrx_word' id='word_1_424' title='bbox 683 4455 740 4497; x_wconf 90' lang='lat' dir='ltr'><strong>ut</strong></span> <span class='ocrx_word' id='word_1_425' title='bbox 761 4459 858 4513; x_wconf 88' lang='lat' dir='ltr'><strong>pro</strong></span> <span class='ocrx_word' id='word_1_426' title='bbox 888 4443 1133 4498; x_wconf 87' lang='lat' dir='ltr'><strong>oratione</strong></span> <span class='ocrx_word' id='word_1_427' title='bbox 1164 4443 1276 4511; x_wconf 90' lang='lat' dir='ltr'><strong>ipsa</strong></span> <span class='ocrx_word' id='word_1_428' title='bbox 1313 4443 1364 4495; x_wconf 91' lang='lat' dir='ltr'><strong>in</strong></span> <span class='ocrx_word' id='word_1_429' title='bbox 1403 4444 1548 4497; x_wconf 76' lang='lat' dir='ltr'><strong>Aetis</strong></span> <span class='ocrx_word' id='word_1_430' title='bbox 1577 4444 1634 4499; x_wconf 91' lang='lat' dir='ltr'><strong>S.</strong></span> <span class='ocrx_word' id='word_1_431' title='bbox 1669 4443 1887 4497; x_wconf 74' lang='lat' dir='ltr'><strong>Thecla:</strong></span> 
     </span>
    </p>
   </div>
   <div class='ocr_carea' id='block_1_68' title="bbox 307 4513 1883 4588">
    <p class='ocr_par' dir='ltr' id='par_1_68' title="bbox 307 4513 1883 4588">
     <span class='ocr_line' id='line_1_68' title="bbox 307 4513 1883 4588; baseline -0.001 -18"><span class='ocrx_word' id='word_1_432' title='bbox 307 4520 523 4588; x_wconf 69' lang='lat' dir='ltr'><strong>inﬂexio</strong></span> <span class='ocrx_word' id='word_1_433' title='bbox 553 4531 771 4586; x_wconf 83' lang='lat' dir='ltr'><strong>genuum</strong></span> <span class='ocrx_word' id='word_1_434' title='bbox 797 4524 1043 4588; x_wconf 79' lang='lat' dir='ltr'><strong>ponatur.</strong></span> <span class='ocrx_word' id='word_1_435' title='bbox 1075 4513 1544 4588; x_wconf 49' lang='lat' dir='ltr'><strong>BinghamusJil).</strong></span> <span class='ocrx_word' id='word_1_436' title='bbox 1579 4530 1674 4588; x_wconf 78' lang='lat' dir='ltr'><strong>xui</strong></span> <span class='ocrx_word' id='word_1_437' title='bbox 1700 4514 1883 4588; x_wconf 78' lang='lat' dir='ltr'><strong>Antiq.</strong></span> 
     </span>
    </p>
   </div>
   <div class='ocr_carea' id='block_1_69' title="bbox 309 4585 1888 4655">
    <p class='ocr_par' dir='ltr' id='par_1_69' title="bbox 309 4585 1888 4655">
     <span class='ocr_line' id='line_1_69' title="bbox 309 4585 1888 4655; baseline -0.004 -11"><span class='ocrx_word' id='word_1_438' title='bbox 309 4585 687 4655; x_wconf 24' lang='lat' dir='ltr'><strong>ecclesq’cap.</strong></span> <span class='ocrx_word' id='word_1_439' title='bbox 719 4588 770 4649; x_wconf 90' lang='lat'><strong>8,</strong></span> <span class='ocrx_word' id='word_1_440' title='bbox 807 4585 988 4650; x_wconf 87' lang='lat' dir='ltr'><strong>tradit,</strong></span> <span class='ocrx_word' id='word_1_441' title='bbox 1015 4589 1153 4639; x_wconf 90' lang='lat' dir='ltr'><strong>hunc</strong></span> <span class='ocrx_word' id='word_1_442' title='bbox 1179 4587 1337 4638; x_wconf 87' lang='lat' dir='ltr'><strong>ritum</strong></span> <span class='ocrx_word' id='word_1_443' title='bbox 1363 4586 1612 4639; x_wconf 88' lang='lat' dir='ltr'><strong>usitatum</strong></span> <span class='ocrx_word' id='word_1_444' title='bbox 1645 4587 1807 4640; x_wconf 79' lang='lat' dir='ltr'><strong>fuisse</strong></span> <span class='ocrx_word' id='word_1_445' title='bbox 1837 4586 1888 4639; x_wconf 90' lang='lat' dir='ltr'><strong>in</strong></span> 
     </span>
    </p>
   </div>
   <div class='ocr_carea' id='block_1_70' title="bbox 311 4655 1893 4726">
    <p class='ocr_par' dir='ltr' id='par_1_70' title="bbox 311 4655 1893 4726">
     <span class='ocr_line' id='line_1_70' title="bbox 311 4655 1893 4726; baseline -0.004 -11"><span class='ocrx_word' id='word_1_446' title='bbox 311 4662 578 4715; x_wconf 86' lang='lat' dir='ltr'><strong>matutino</strong></span> <span class='ocrx_word' id='word_1_447' title='bbox 604 4665 657 4711; x_wconf 88' lang='lat' dir='ltr'><strong>et</strong></span> <span class='ocrx_word' id='word_1_448' title='bbox 685 4657 990 4726; x_wconf 66' lang='lat' dir='ltr'><strong>vespertino</strong></span> <span class='ocrx_word' id='word_1_449' title='bbox 1021 4655 1317 4710; x_wconf 89' lang='lat' dir='ltr'><strong>ministerio</strong></span> <span class='ocrx_word' id='word_1_450' title='bbox 1341 4656 1531 4711; x_wconf 87' lang='lat' dir='ltr'><strong>diebus</strong></span> <span class='ocrx_word' id='word_1_451' title='bbox 1561 4659 1808 4725; x_wconf 71' lang='lat' dir='ltr'><strong>profestis</strong></span> <span class='ocrx_word' id='word_1_452' title='bbox 1840 4666 1893 4708; x_wconf 81' lang='lat' dir='ltr'><strong>et</strong></span> 
     </span>
    </p>
   </div>
   <div class='ocr_carea' id='block_1_71' title="bbox 310 4728 1890 4796">
    <p class='ocr_par' dir='ltr' id='par_1_71' title="bbox 310 4728 1890 4796">
     <span class='ocr_line' id='line_1_71' title="bbox 310 4728 1890 4796; baseline -0.003 -11"><span class='ocrx_word' id='word_1_453' title='bbox 310 4729 666 4794; x_wconf 83' lang='lat' dir='ltr'><strong>stationariis,</strong></span> <span class='ocrx_word' id='word_1_454' title='bbox 700 4729 810 4780; x_wconf 84' lang='lat' dir='ltr'><strong>sive</strong></span> <span class='ocrx_word' id='word_1_455' title='bbox 836 4729 1042 4796; x_wconf 85' lang='lat' dir='ltr'><strong>jejunio</strong></span> <span class='ocrx_word' id='word_1_456' title='bbox 1082 4728 1412 4781; x_wconf 70' lang='lat' dir='ltr'><strong>constitutis.</strong></span> <span class='ocrx_word' id='word_1_457' title='bbox 1443 4729 1804 4782; x_wconf 84' lang='lat' dir='ltr'><strong>&#39;l‘ertullianus</strong></span> <span class='ocrx_word' id='word_1_458' title='bbox 1839 4728 1890 4780; x_wconf 90' lang='lat' dir='ltr'><strong>in</strong></span> 
     </span>
    </p>
   </div>
   <div class='ocr_carea' id='block_1_72' title="bbox 313 4798 1891 4861">
    <p class='ocr_par' dir='ltr' id='par_1_72' title="bbox 313 4798 1891 4861">
     <span class='ocr_line' id='line_1_72' title="bbox 313 4798 1891 4861; baseline -0.006 -4"><span class='ocrx_word' id='word_1_459' title='bbox 313 4804 424 4857; x_wconf 75' lang='lat' dir='ltr'><strong>[ine</strong></span> <span class='ocrx_word' id='word_1_460' title='bbox 463 4801 584 4854; x_wconf 85' lang='lat' dir='ltr'><strong>libri</strong></span> <span class='ocrx_word' id='word_1_461' title='bbox 615 4799 682 4852; x_wconf 89' lang='lat' dir='ltr'><strong>de</strong></span> <span class='ocrx_word' id='word_1_462' title='bbox 711 4799 964 4852; x_wconf 77' lang='lat' dir='ltr'><strong>Oratione</strong></span> <span class='ocrx_word' id='word_1_463' title='bbox 998 4816 1009 4851; x_wconf 91' lang='lat'><strong>:</strong></span> <span class='ocrx_word' id='word_1_464' title='bbox 1043 4799 1265 4852; x_wconf 84' lang='lat' dir='ltr'><strong>Stationi</strong></span> <span class='ocrx_word' id='word_1_465' title='bbox 1295 4798 1476 4850; x_wconf 80' lang='lat' dir='ltr'><strong>militia</strong></span> <span class='ocrx_word' id='word_1_466' title='bbox 1523 4815 1704 4851; x_wconf 86' lang='lat' dir='ltr'><strong>nomen</strong></span> <span class='ocrx_word' id='word_1_467' title='bbox 1733 4799 1891 4861; x_wconf 87' lang='lat' dir='ltr'><strong>dedit,</strong></span> 
     </span>
    </p>
   </div>
   <div class='ocr_carea' id='block_1_73' title="bbox 311 4868 1895 4938">
    <p class='ocr_par' dir='ltr' id='par_1_73' title="bbox 311 4868 1895 4938">
     <span class='ocr_line' id='line_1_73' title="bbox 311 4868 1895 4938; baseline -0.004 -10"><span class='ocrx_word' id='word_1_468' title='bbox 311 4889 464 4928; x_wconf 76' lang='lat' dir='ltr'><strong>suum</strong></span> <span class='ocrx_word' id='word_1_469' title='bbox 497 4871 681 4923; x_wconf 79' lang='lat' dir='ltr'><strong>oratio.</strong></span> <span class='ocrx_word' id='word_1_470' title='bbox 717 4869 915 4935; x_wconf 83' lang='lat' dir='ltr'><strong>Quarta</strong></span> <span class='ocrx_word' id='word_1_471' title='bbox 952 4870 1137 4938; x_wconf 86' lang='lat' dir='ltr'><strong>quavis</strong></span> <span class='ocrx_word' id='word_1_472' title='bbox 1167 4879 1220 4922; x_wconf 90' lang='lat' dir='ltr'><strong>et</strong></span> <span class='ocrx_word' id='word_1_473' title='bbox 1247 4880 1394 4922; x_wconf 82' lang='lat' dir='ltr'><strong>sexta</strong></span> <span class='ocrx_word' id='word_1_474' title='bbox 1429 4869 1778 4922; x_wconf 85' lang='lat' dir='ltr'><strong>hebdomadis</strong></span> <span class='ocrx_word' id='word_1_475' title='bbox 1806 4868 1895 4921; x_wconf 90' lang='lat' dir='ltr'><strong>dic</strong></span> 
     </span>
    </p>
   </div>
   <div class='ocr_carea' id='block_1_74' title="bbox 312 4938 1892 5008">
    <p class='ocr_par' dir='ltr' id='par_1_74' title="bbox 312 4938 1892 5008">
     <span class='ocr_line' id='line_1_74' title="bbox 312 4938 1892 5008; baseline -0.006 -7"><span class='ocrx_word' id='word_1_476' title='bbox 312 4944 431 5000; x_wconf 82' lang='lat' dir='ltr'><strong>ﬁeri</strong></span> <span class='ocrx_word' id='word_1_477' title='bbox 455 4942 714 4995; x_wconf 83' lang='lat' dir='ltr'><strong>stationes</strong></span> <span class='ocrx_word' id='word_1_478' title='bbox 733 4939 998 5004; x_wconf 86' lang='lat' dir='ltr'><strong>solebant,</strong></span> <span class='ocrx_word' id='word_1_479' title='bbox 1028 4940 1077 4994; x_wconf 88' lang='lat' dir='ltr'><strong>in</strong></span> <span class='ocrx_word' id='word_1_480' title='bbox 1099 4939 1291 5008; x_wconf 78' lang='lat' dir='ltr'><strong>quibus</strong></span> <span class='ocrx_word' id='word_1_481' title='bbox 1309 4938 1573 5007; x_wconf 88' lang='lat' dir='ltr'><strong>jejunium</strong></span> <span class='ocrx_word' id='word_1_482' title='bbox 1597 4940 1751 4992; x_wconf 87' lang='lat' dir='ltr'><strong>simul</strong></span> <span class='ocrx_word' id='word_1_483' title='bbox 1774 4954 1892 4992; x_wconf 91' lang='lat' dir='ltr'><strong>cum</strong></span> 
     </span>
    </p>
   </div>
   <div class='ocr_carea' id='block_1_75' title="bbox 312 5009 1896 5082">
    <p class='ocr_par' dir='ltr' id='par_1_75' title="bbox 312 5009 1896 5082">
     <span class='ocr_line' id='line_1_75' title="bbox 312 5009 1896 5082; baseline -0.005 -12"><span class='ocrx_word' id='word_1_484' title='bbox 312 5014 551 5070; x_wconf 87' lang='lat' dir='ltr'><strong>statione</strong></span> <span class='ocrx_word' id='word_1_485' title='bbox 581 5012 906 5078; x_wconf 81' lang='lat' dir='ltr'><strong>solvebatur,</strong></span> <span class='ocrx_word' id='word_1_486' title='bbox 950 5011 1205 5082; x_wconf 15' lang='lat' dir='ltr'><strong>utidicam</strong></span> <span class='ocrx_word' id='word_1_487' title='bbox 1239 5009 1303 5062; x_wconf 92' lang='lat' dir='ltr'><strong>ad</strong></span> <span class='ocrx_word' id='word_1_488' title='bbox 1347 5012 1598 5082; x_wconf 84' lang='lat' dir='ltr'><strong>hymnum</strong></span> <span class='ocrx_word' id='word_1_489' title='bbox 1631 5009 1728 5065; x_wconf 83' lang='lat' dir='ltr'><strong>SS.</strong></span> <span class='ocrx_word' id='word_1_490' title='bbox 1764 5010 1896 5082; x_wconf 52' lang='lat' dir='ltr'><strong>Erue</strong></span> 
     </span>
    </p>
   </div>
   <div class='ocr_carea' id='block_1_76' title="bbox 313 5080 1890 5141">
    <p class='ocr_par' dir='ltr' id='par_1_76' title="bbox 313 5080 1890 5141">
     <span class='ocr_line' id='line_1_76' title="bbox 313 5080 1890 5141; baseline -0.004 -1"><span class='ocrx_word' id='word_1_491' title='bbox 313 5086 492 5141; x_wconf 86' lang='lat' dir='ltr'><strong>ctuosi</strong></span> <span class='ocrx_word' id='word_1_492' title='bbox 551 5091 606 5138; x_wconf 86' lang='lat' dir='ltr'><strong>et</strong></span> <span class='ocrx_word' id='word_1_493' title='bbox 659 5084 948 5137; x_wconf 87' lang='lat' dir='ltr'><strong>sociorum.</strong></span> <span class='ocrx_word' id='word_1_494' title='bbox 1007 5081 1101 5136; x_wconf 78' lang='lat' dir='ltr'><strong>llis</strong></span> <span class='ocrx_word' id='word_1_495' title='bbox 1151 5083 1313 5136; x_wconf 88' lang='lat' dir='ltr'><strong>etiam</strong></span> <span class='ocrx_word' id='word_1_496' title='bbox 1369 5080 1557 5136; x_wconf 82' lang='lat' dir='ltr'><strong>diebus</strong></span> <span class='ocrx_word' id='word_1_497' title='bbox 1602 5080 1890 5135; x_wconf 73' lang='lat' dir='ltr'><strong>Christiani</strong></span> 
     </span>
    </p>
   </div>
   <div class='ocr_carea' id='block_1_77' title="bbox 313 5152 1894 5224">
    <p class='ocr_par' dir='ltr' id='par_1_77' title="bbox 313 5152 1894 5224">
     <span class='ocr_line' id='line_1_77' title="bbox 313 5152 1894 5224; baseline -0.003 -13"><span class='ocrx_word' id='word_1_498' title='bbox 313 5166 534 5211; x_wconf 88' lang='lat' dir='ltr'><strong>orantes</strong></span> <span class='ocrx_word' id='word_1_499' title='bbox 571 5169 741 5224; x_wconf 86' lang='lat' dir='ltr'><strong>genua</strong></span> <span class='ocrx_word' id='word_1_500' title='bbox 783 5153 1085 5224; x_wconf 84' lang='lat' dir='ltr'><strong>ﬂectebant.</strong></span> <span class='ocrx_word' id='word_1_501' title='bbox 1126 5153 1329 5219; x_wconf 85' lang='lat' dir='ltr'><strong>Quibus</strong></span> <span class='ocrx_word' id='word_1_502' title='bbox 1366 5161 1542 5207; x_wconf 90' lang='lat' dir='ltr'><strong>autem</strong></span> <span class='ocrx_word' id='word_1_503' title='bbox 1571 5152 1758 5206; x_wconf 89' lang='lat' dir='ltr'><strong>diebus</strong></span> <span class='ocrx_word' id='word_1_504' title='bbox 1790 5167 1894 5206; x_wconf 91' lang='lat' dir='ltr'><strong>non</strong></span> 
     </span>
    </p>
   </div>
   <div class='ocr_carea' id='block_1_78' title="bbox 314 5223 1890 5290">
    <p class='ocr_par' dir='ltr' id='par_1_78' title="bbox 314 5223 1890 5290">
     <span class='ocr_line' id='line_1_78' title="bbox 314 5223 1890 5290; baseline -0.005 -6"><span class='ocrx_word' id='word_1_505' title='bbox 314 5223 621 5290; x_wconf 82' lang='lat' dir='ltr'><strong>ﬂecterent,</strong></span> <span class='ocrx_word' id='word_1_506' title='bbox 693 5227 750 5279; x_wconf 75' lang='grc' dir='ltr'><strong>δ.</strong></span> <span class='ocrx_word' id='word_1_507' title='bbox 807 5223 1066 5287; x_wconf 83' lang='lat' dir='ltr'><strong>Justinus,</strong></span> <span class='ocrx_word' id='word_1_508' title='bbox 1127 5224 1238 5276; x_wconf 87' lang='lat' dir='ltr'><strong>sive</strong></span> <span class='ocrx_word' id='word_1_509' title='bbox 1287 5224 1422 5278; x_wconf 86' lang='lat' dir='ltr'><strong>alius</strong></span> <span class='ocrx_word' id='word_1_510' title='bbox 1478 5233 1634 5277; x_wconf 87' lang='lat' dir='ltr'><strong>vetns</strong></span> <span class='ocrx_word' id='word_1_511' title='bbox 1685 5233 1890 5288; x_wconf 85' lang='lat' dir='ltr'><strong>auctor,</strong></span> 
     </span>
    </p>
   </div>
   <div class='ocr_carea' id='block_1_79' title="bbox 313 5293 1894 5369">
    <p class='ocr_par' dir='ltr' id='par_1_79' title="bbox 313 5293 1894 5369">
     <span class='ocr_line' id='line_1_79' title="bbox 313 5293 1894 5369; baseline -0.004 -16"><span class='ocrx_word' id='word_1_512' title='bbox 313 5307 511 5369; x_wconf 70' lang='lat' dir='ltr'><strong>quaest.</strong></span> <span class='ocrx_word' id='word_1_513' title='bbox 529 5298 631 5354; x_wconf 83' lang='grc'><strong>115</strong></span> <span class='ocrx_word' id='word_1_514' title='bbox 660 5297 726 5351; x_wconf 90' lang='lat' dir='ltr'><strong>ad</strong></span> <span class='ocrx_word' id='word_1_515' title='bbox 749 5293 1348 5369; x_wconf 78' lang='lat' dir='ltr'><strong>orthodoxos,ex_plicat</strong></span> <span class='ocrx_word' id='word_1_516' title='bbox 1374 5313 1389 5347; x_wconf 89' lang='lat'><strong>:</strong></span> <span class='ocrx_word' id='word_1_517' title='bbox 1414 5294 1474 5349; x_wconf 91' lang='lat' dir='ltr'><strong>Si</strong></span> <span class='ocrx_word' id='word_1_518' title='bbox 1494 5311 1717 5369; x_wconf 83' lang='lat' dir='ltr'><strong>genuum</strong></span> <span class='ocrx_word' id='word_1_519' title='bbox 1744 5295 1894 5369; x_wconf 47' lang='lat' dir='ltr'><strong>inclig</strong></span> 
     </span>
    </p>
   </div>
   <div class='ocr_carea' id='block_1_80' title="bbox 315 5364 1896 5438">
    <p class='ocr_par' dir='ltr' id='par_1_80' title="bbox 315 5364 1896 5438">
     <span class='ocr_line' id='line_1_80' title="bbox 315 5364 1896 5438; baseline -0.003 -15"><span class='ocrx_word' id='word_1_520' title='bbox 315 5364 462 5423; x_wconf 59' lang='lat' dir='ltr'><strong>statio</strong></span> <span class='ocrx_word' id='word_1_521' title='bbox 490 5370 542 5421; x_wconf 90' lang='lat' dir='ltr'><strong>in</strong></span> <span class='ocrx_word' id='word_1_522' title='bbox 573 5366 950 5438; x_wconf 80' lang='lat' dir='ltr'><strong>precationibus</strong></span> <span class='ocrx_word' id='word_1_523' title='bbox 978 5368 1149 5438; x_wconf 74' lang='lat' dir='ltr'><strong>inagis</strong></span> <span class='ocrx_word' id='word_1_524' title='bbox 1167 5364 1273 5438; x_wconf 85' lang='lat' dir='ltr'><strong>Deo</strong></span> <span class='ocrx_word' id='word_1_525' title='bbox 1303 5364 1642 5438; x_wconf 68' lang='lat' dir='ltr'><strong>commendat,</strong></span> <span class='ocrx_word' id='word_1_526' title='bbox 1669 5381 1821 5438; x_wconf 82' lang='lat' dir='ltr'><strong>quam</strong></span> <span class='ocrx_word' id='word_1_527' title='bbox 1841 5368 1896 5438; x_wconf 84' lang='lat' dir='ltr'><strong>si</strong></span> 
     </span>
    </p>
   </div>
   <div class='ocr_carea' id='block_1_81' title="bbox 311 5435 1898 5509">
    <p class='ocr_par' dir='ltr' id='par_1_81' title="bbox 311 5435 1898 5509">
     <span class='ocr_line' id='line_1_81' title="bbox 311 5435 1898 5509; baseline -0.004 -13"><span class='ocrx_word' id='word_1_528' title='bbox 311 5449 511 5496; x_wconf 77' lang='lat' dir='ltr'><strong>stantes</strong></span> <span class='ocrx_word' id='word_1_529' title='bbox 532 5435 694 5504; x_wconf 80' lang='lat' dir='ltr'><strong>orent,</strong></span> <span class='ocrx_word' id='word_1_530' title='bbox 727 5453 880 5509; x_wconf 79' lang='lat' dir='ltr'><strong>quare</strong></span> <span class='ocrx_word' id='word_1_531' title='bbox 919 5436 1092 5490; x_wconf 84' lang='lat' dir='ltr'><strong>diebus</strong></span> <span class='ocrx_word' id='word_1_532' title='bbox 1119 5437 1406 5500; x_wconf 75' lang='lat' dir='ltr'><strong>dominicis,</strong></span> <span class='ocrx_word' id='word_1_533' title='bbox 1435 5444 1482 5490; x_wconf 87' lang='lat' dir='ltr'><strong>et</strong></span> <span class='ocrx_word' id='word_1_534' title='bbox 1519 5455 1550 5489; x_wconf 87' lang='lat' dir='ltr'><strong>a</strong></span> <span class='ocrx_word' id='word_1_535' title='bbox 1587 5435 1803 5490; x_wconf 70' lang='lat' dir='ltr'><strong>Pascha</strong></span> <span class='ocrx_word' id='word_1_536' title='bbox 1824 5437 1898 5505; x_wconf 80' lang='lat' dir='ltr'><strong>fe-</strong></span> 
     </span>
    </p>
   </div>
   <div class='ocr_carea' id='block_1_82' title="bbox 315 5509 1900 5578">
    <p class='ocr_par' dir='ltr' id='par_1_82' title="bbox 315 5509 1900 5578">
     <span class='ocr_line' id='line_1_82' title="bbox 315 5509 1900 5578; baseline -0.003 -12"><span class='ocrx_word' id='word_1_537' title='bbox 315 5513 411 5566; x_wconf 78' lang='lat' dir='ltr'><strong>riis</strong></span> <span class='ocrx_word' id='word_1_538' title='bbox 423 5513 496 5577; x_wconf 73' lang='lat' dir='ltr'><strong>ad</strong></span> <span class='ocrx_word' id='word_1_539' title='bbox 523 5509 854 5566; x_wconf 84' lang='lat' dir='ltr'><strong>Pentecosten</strong></span> <span class='ocrx_word' id='word_1_540' title='bbox 880 5525 1040 5578; x_wconf 78' lang='lat' dir='ltr'><strong>usque</strong></span> <span class='ocrx_word' id='word_1_541' title='bbox 1063 5518 1324 5577; x_wconf 81' lang='lat' dir='ltr'><strong>precantes</strong></span> <span class='ocrx_word' id='word_1_542' title='bbox 1342 5524 1504 5578; x_wconf 80' lang='lat' dir='ltr'><strong>genua</strong></span> <span class='ocrx_word' id='word_1_543' title='bbox 1530 5525 1631 5561; x_wconf 87' lang='lat' dir='ltr'><strong>non</strong></span> <span class='ocrx_word' id='word_1_544' title='bbox 1656 5509 1900 5576; x_wconf 82' lang='lat' dir='ltr'><strong>ﬂectunt?</strong></span> 
     </span>
    </p>
   </div>
   <div class='ocr_carea' id='block_1_83' title="bbox 316 5579 1900 5647">
    <p class='ocr_par' dir='ltr' id='par_1_83' title="bbox 316 5579 1900 5647">
     <span class='ocr_line' id='line_1_83' title="bbox 316 5579 1900 5647; baseline -0.001 -11"><span class='ocrx_word' id='word_1_545' title='bbox 316 5584 458 5636; x_wconf 81' lang='lat' dir='ltr'><strong>unde</strong></span> <span class='ocrx_word' id='word_1_546' title='bbox 493 5581 611 5636; x_wconf 88' lang='lat' dir='ltr'><strong>talis</strong></span> <span class='ocrx_word' id='word_1_547' title='bbox 651 5582 704 5634; x_wconf 88' lang='lat' dir='ltr'><strong>in</strong></span> <span class='ocrx_word' id='word_1_548' title='bbox 751 5581 1033 5634; x_wconf 78' lang='lat' dir='ltr'><strong>Ecclesium</strong></span> <span class='ocrx_word' id='word_1_549' title='bbox 1074 5579 1303 5647; x_wconf 86' lang='lat' dir='ltr'><strong>provenit</strong></span> <span class='ocrx_word' id='word_1_550' title='bbox 1344 5579 1699 5633; x_wconf 82' lang='lat' dir='ltr'><strong>consuetudo?</strong></span> <span class='ocrx_word' id='word_1_551' title='bbox 1745 5580 1900 5646; x_wconf 69' lang='lat' dir='ltr'><strong>Quaa-</strong></span> 
     </span>
    </p>
   </div>
   <div class='ocr_carea' id='block_1_84' title="bbox 319 5651 1899 5721">
    <p class='ocr_par' dir='ltr' id='par_1_84' title="bbox 319 5651 1899 5721">
     <span class='ocr_line' id='line_1_84' title="bbox 319 5651 1899 5721; baseline -0.003 -12"><span class='ocrx_word' id='word_1_552' title='bbox 319 5654 483 5709; x_wconf 82' lang='lat' dir='ltr'><strong>stioni</strong></span> <span class='ocrx_word' id='word_1_553' title='bbox 516 5651 640 5707; x_wconf 87' lang='lat' dir='ltr'><strong>huic</strong></span> <span class='ocrx_word' id='word_1_554' title='bbox 669 5653 740 5706; x_wconf 89' lang='lat' dir='ltr'><strong>ita</strong></span> <span class='ocrx_word' id='word_1_555' title='bbox 773 5653 1090 5721; x_wconf 87' lang='lat' dir='ltr'><strong>respondet:</strong></span> <span class='ocrx_word' id='word_1_556' title='bbox 1115 5651 1248 5717; x_wconf 81' lang='lat' dir='ltr'><strong>Quia</strong></span> <span class='ocrx_word' id='word_1_557' title='bbox 1270 5666 1465 5720; x_wconf 85' lang='lat' dir='ltr'><strong>semper</strong></span> <span class='ocrx_word' id='word_1_558' title='bbox 1496 5653 1754 5721; x_wconf 82' lang='lat' dir='ltr'><strong>utriusque</strong></span> <span class='ocrx_word' id='word_1_559' title='bbox 1778 5667 1899 5704; x_wconf 89' lang='lat' dir='ltr'><strong>cou-</strong></span> 
     </span>
    </p>
   </div>
   <div class='ocr_carea' id='block_1_85' title="bbox 321 5723 1899 5793">
    <p class='ocr_par' dir='ltr' id='par_1_85' title="bbox 321 5723 1899 5793">
     <span class='ocr_line' id='line_1_85' title="bbox 321 5723 1899 5793; baseline -0.003 -14"><span class='ocrx_word' id='word_1_560' title='bbox 321 5739 526 5779; x_wconf 75' lang='lat' dir='ltr'><strong>sereare</strong></span> <span class='ocrx_word' id='word_1_561' title='bbox 549 5725 844 5778; x_wconf 82' lang='lat' dir='ltr'><strong>memoriam</strong></span> <span class='ocrx_word' id='word_1_562' title='bbox 883 5723 1168 5788; x_wconf 83' lang='lat' dir='ltr'><strong>oportebat,</strong></span> <span class='ocrx_word' id='word_1_563' title='bbox 1200 5731 1247 5776; x_wconf 82' lang='lat' dir='ltr'><strong>et</strong></span> <span class='ocrx_word' id='word_1_564' title='bbox 1277 5723 1453 5793; x_wconf 84' lang='lat' dir='ltr'><strong>lapsus</strong></span> <span class='ocrx_word' id='word_1_565' title='bbox 1480 5725 1641 5776; x_wconf 86' lang='lat' dir='ltr'><strong>nostri</strong></span> <span class='ocrx_word' id='word_1_566' title='bbox 1675 5739 1761 5792; x_wconf 87' lang='lat' dir='ltr'><strong>per</strong></span> <span class='ocrx_word' id='word_1_567' title='bbox 1783 5739 1899 5791; x_wconf 87' lang='lat' dir='ltr'><strong>pec-</strong></span> 
     </span>
    </p>
   </div>
   <div class='ocr_carea' id='block_1_86' title="bbox 324 5794 1900 5876">
    <p class='ocr_par' dir='ltr' id='par_1_86' title="bbox 324 5794 1900 5876">
     <span class='ocr_line' id='line_1_86' title="bbox 324 5794 1900 5876; baseline -0.001 -27"><span class='ocrx_word' id='word_1_568' title='bbox 324 5804 589 5876; x_wconf 47' lang='lat' dir='ltr'><strong>catuml‘et</strong></span> <span class='ocrx_word' id='word_1_569' title='bbox 619 5795 796 5865; x_wconf 72' lang='lat' dir='ltr'><strong>gratia:</strong></span> <span class='ocrx_word' id='word_1_570' title='bbox 834 5794 1043 5863; x_wconf 82' lang='lat' dir='ltr'><strong>Christi,</strong></span> <span class='ocrx_word' id='word_1_571' title='bbox 1078 5810 1164 5865; x_wconf 88' lang='lat' dir='ltr'><strong>per</strong></span> <span class='ocrx_word' id='word_1_572' title='bbox 1199 5811 1407 5876; x_wconf 72' lang='lat' dir='ltr'><strong>quamq</strong></span> <span class='ocrx_word' id='word_1_573' title='bbox 1447 5796 1900 5876; x_wconf 67' lang='lat' dir='ltr'><strong>lapsuresurrex-i-</strong></span> 
     </span>
    </p>
   </div>
   <div class='ocr_carea' id='block_1_87' title="bbox 329 5866 1898 5940">
    <p class='ocr_par' dir='ltr' id='par_1_87' title="bbox 329 5866 1898 5940">
     <span class='ocr_line' id='line_1_87' title="bbox 329 5866 1898 5940; baseline -0.001 -19"><span class='ocrx_word' id='word_1_574' title='bbox 329 5884 463 5923; x_wconf 81' lang='lat' dir='ltr'><strong>mus.</strong></span> <span class='ocrx_word' id='word_1_575' title='bbox 495 5866 782 5936; x_wconf 85' lang='lat' dir='ltr'><strong>Eapropter</strong></span> <span class='ocrx_word' id='word_1_576' title='bbox 804 5882 1024 5940; x_wconf 88' lang='lat' dir='ltr'><strong>genuum</strong></span> <span class='ocrx_word' id='word_1_577' title='bbox 1053 5883 1140 5939; x_wconf 86' lang='lat' dir='ltr'><strong>per</strong></span> <span class='ocrx_word' id='word_1_578' title='bbox 1160 5883 1247 5921; x_wconf 76' lang='lat' dir='ltr'><strong>sex</strong></span> <span class='ocrx_word' id='word_1_579' title='bbox 1264 5867 1369 5924; x_wconf 72' lang='lat' dir='ltr'><strong>dies</strong></span> <span class='ocrx_word' id='word_1_580' title='bbox 1390 5866 1654 5923; x_wconf 84' lang='lat' dir='ltr'><strong>inclinatio</strong></span> <span class='ocrx_word' id='word_1_581' title='bbox 1685 5877 1801 5922; x_wconf 88' lang='lat' dir='ltr'><strong>nota</strong></span> <span class='ocrx_word' id='word_1_582' title='bbox 1825 5875 1898 5921; x_wconf 79' lang='lat' dir='ltr'><strong>est</strong></span> 
     </span>
    </p>
   </div>
   <div class='ocr_carea' id='block_1_88' title="bbox 1919 4552 1974 4613">
    <p class='ocr_par' dir='ltr' id='par_1_88' title="bbox 1919 4552 1974 4613">
     <span class='ocr_line' id='line_1_88' title="bbox 1919 4552 1974 4613; baseline 0 0"><span class='ocrx_word' id='word_1_583' title='bbox 1919 4552 1974 4613; x_wconf 92' lang='lat' dir='ltr'><strong>D</strong></span> 
     </span>
    </p>
   </div>
   <div class='ocr_carea' id='block_1_89' title="bbox 1997 1681 3588 1760">
    <p class='ocr_par' dir='ltr' id='par_1_89' title="bbox 1997 1681 3588 1760">
     <span class='ocr_line' id='line_1_89' title="bbox 1997 1681 3588 1760; baseline 0.008 -28"><span class='ocrx_word' id='word_1_584' title='bbox 1997 1681 2173 1750; x_wconf 81' lang='lat' dir='ltr'><strong>lapsus</strong></span> <span class='ocrx_word' id='word_1_585' title='bbox 2202 1684 2362 1760; x_wconf 68' lang='lat' dir='ltr'><strong>nostri</strong></span> <span class='ocrx_word' id='word_1_586' title='bbox 2386 1683 2453 1760; x_wconf 84' lang='lat' dir='ltr'><strong>in_</strong></span> <span class='ocrx_word' id='word_1_587' title='bbox 2473 1694 2752 1760; x_wconf 84' lang='lat' dir='ltr'><strong>peccatum.</strong></span> <span class='ocrx_word' id='word_1_588' title='bbox 2792 1685 2943 1760; x_wconf 83' lang='lat' dir='ltr'><strong>Quod</strong></span> <span class='ocrx_word' id='word_1_589' title='bbox 2970 1702 3083 1740; x_wconf 89' lang='lat' dir='ltr'><strong>vero</strong></span> <span class='ocrx_word' id='word_1_590' title='bbox 3108 1687 3190 1740; x_wconf 83' lang='lat' dir='ltr'><strong>die</strong></span> <span class='ocrx_word' id='word_1_591' title='bbox 3219 1687 3474 1760; x_wconf 87' lang='lat' dir='ltr'><strong>dominica</strong></span> <span class='ocrx_word' id='word_1_592' title='bbox 3501 1705 3588 1760; x_wconf 86' lang='lat' dir='ltr'><strong>ge-</strong></span> 
     </span>
    </p>
   </div>
   <div class='ocr_carea' id='block_1_90' title="bbox 1971 1753 3585 1828">
    <p class='ocr_par' dir='ltr' id='par_1_90' title="bbox 1971 1753 3585 1828">
     <span class='ocr_line' id='line_1_90' title="bbox 1971 1753 3585 1828; baseline 0.006 -26"><span class='ocrx_word' id='word_1_593' title='bbox 1971 1755 2098 1803; x_wconf 78' lang='lat' dir='ltr'><strong>&#39;nua</strong></span> <span class='ocrx_word' id='word_1_594' title='bbox 2131 1769 2231 1806; x_wconf 91' lang='lat' dir='ltr'><strong>non</strong></span> <span class='ocrx_word' id='word_1_595' title='bbox 2261 1753 2588 1828; x_wconf 67' lang='lat' dir='ltr'><strong>inflectiinus,</strong></span> <span class='ocrx_word' id='word_1_596' title='bbox 2625 1757 2911 1825; x_wconf 82' lang='lat' dir='ltr'><strong>designatio</strong></span> <span class='ocrx_word' id='word_1_597' title='bbox 2953 1767 3024 1812; x_wconf 84' lang='lat' dir='ltr'><strong>cst</strong></span> <span class='ocrx_word' id='word_1_598' title='bbox 3055 1759 3462 1824; x_wconf 86' lang='lat' dir='ltr'><strong>resurrectionis,</strong></span> <span class='ocrx_word' id='word_1_599' title='bbox 3494 1753 3585 1828; x_wconf 74' lang='lat' dir='ltr'><strong>per</strong></span> 
     </span>
    </p>
   </div>
   <div class='ocr_carea' id='block_1_91' title="bbox 1996 1825 3590 1897">
    <p class='ocr_par' dir='ltr' id='par_1_91' title="bbox 1996 1825 3590 1897">
     <span class='ocr_line' id='line_1_91' title="bbox 1996 1825 3590 1897; baseline 0.006 -24"><span class='ocrx_word' id='word_1_600' title='bbox 1996 1826 2370 1897; x_wconf 7' lang='lat' dir='ltr'><strong>quantggratia</strong></span> <span class='ocrx_word' id='word_1_601' title='bbox 2402 1825 2610 1890; x_wconf 87' lang='lat' dir='ltr'><strong>Christi,</strong></span> <span class='ocrx_word' id='word_1_602' title='bbox 2658 1837 2703 1879; x_wconf 88' lang='lat' dir='ltr'><strong>et</strong></span> <span class='ocrx_word' id='word_1_603' title='bbox 2755 1845 2787 1879; x_wconf 84' lang='grc' dir='ltr'><em>α</em></span> <span class='ocrx_word' id='word_1_604' title='bbox 2833 1829 3051 1897; x_wconf 87' lang='lat' dir='ltr'><strong>peccatis</strong></span> <span class='ocrx_word' id='word_1_605' title='bbox 3108 1836 3153 1880; x_wconf 86' lang='lat' dir='ltr'><strong>et</strong></span> <span class='ocrx_word' id='word_1_606' title='bbox 3204 1846 3233 1881; x_wconf 77' lang='grc' dir='ltr'><em>α</em></span> <span class='ocrx_word' id='word_1_607' title='bbox 3275 1825 3590 1897; x_wconf 82' lang='lat' dir='ltr'><strong>mortiﬁcata</strong></span> 
     </span>
    </p>
   </div>
   <div class='ocr_carea' id='block_1_92' title="bbox 1998 1895 3589 1969">
    <p class='ocr_par' dir='ltr' id='par_1_92' title="bbox 1998 1895 3589 1969">
     <span class='ocr_line' id='line_1_92' title="bbox 1998 1895 3589 1969; baseline 0.006 -25"><span class='ocrx_word' id='word_1_608' title='bbox 1998 1908 2116 1969; x_wconf 82' lang='lat' dir='ltr'><strong>cum</strong></span> <span class='ocrx_word' id='word_1_609' title='bbox 2138 1895 2208 1947; x_wconf 86' lang='lat' dir='ltr'><strong>eis</strong></span> <span class='ocrx_word' id='word_1_610' title='bbox 2232 1905 2390 1948; x_wconf 88' lang='lat' dir='ltr'><strong>morte</strong></span> <span class='ocrx_word' id='word_1_611' title='bbox 2413 1896 2608 1950; x_wconf 88' lang='lat' dir='ltr'><strong>liberati</strong></span> <span class='ocrx_word' id='word_1_612' title='bbox 2637 1895 2841 1951; x_wconf 65' lang='lat' dir='ltr'><strong>sumus.</strong></span> <span class='ocrx_word' id='word_1_613' title='bbox 2869 1902 2910 1950; x_wconf 88' lang='grc' dir='ltr'><em>Α</em></span> <span class='ocrx_word' id='word_1_614' title='bbox 2935 1901 3240 1969; x_wconf 78' lang='lat' dir='ltr'><strong>temporibus</strong></span> <span class='ocrx_word' id='word_1_615' title='bbox 3264 1895 3438 1951; x_wconf 81' lang='lat' dir='ltr'><strong>autem</strong></span> <span class='ocrx_word' id='word_1_616' title='bbox 3463 1915 3589 1969; x_wconf 86' lang='lat' dir='ltr'><strong>apo-</strong></span> 
     </span>
    </p>
   </div>
   <div class='ocr_carea' id='block_1_93' title="bbox 1995 1967 3588 2036">
    <p class='ocr_par' dir='ltr' id='par_1_93' title="bbox 1995 1967 3588 2036">
     <span class='ocr_line' id='line_1_93' title="bbox 1995 1967 3588 2036; baseline 0.005 -20"><span class='ocrx_word' id='word_1_617' title='bbox 1995 1967 2245 2036; x_wconf 80' lang='lat' dir='ltr'><strong>stolorum</strong></span> <span class='ocrx_word' id='word_1_618' title='bbox 2293 1969 2605 2020; x_wconf 86' lang='lat' dir='ltr'><strong>consuetudo</strong></span> <span class='ocrx_word' id='word_1_619' title='bbox 2642 1970 2758 2022; x_wconf 87' lang='lat' dir='ltr'><strong>talis</strong></span> <span class='ocrx_word' id='word_1_620' title='bbox 2797 1971 2991 2033; x_wconf 75' lang='lat' dir='ltr'><strong>accepit</strong></span> <span class='ocrx_word' id='word_1_621' title='bbox 3034 1967 3255 2036; x_wconf 86' lang='lat' dir='ltr'><strong>initium,</strong></span> <span class='ocrx_word' id='word_1_622' title='bbox 3303 1972 3473 2036; x_wconf 86' lang='lat' dir='ltr'><strong>prouti</strong></span> <span class='ocrx_word' id='word_1_623' title='bbox 3497 1967 3588 2024; x_wconf 79' lang='lat' dir='ltr'><strong>ait</strong></span> 
     </span>
    </p>
   </div>
   <div class='ocr_carea' id='block_1_94' title="bbox 1995 2034 3586 2109">
    <p class='ocr_par' dir='ltr' id='par_1_94' title="bbox 1995 2034 3586 2109">
     <span class='ocr_line' id='line_1_94' title="bbox 1995 2034 3586 2109; baseline 0.005 -23"><span class='ocrx_word' id='word_1_624' title='bbox 1995 2034 2168 2109; x_wconf 63' lang='lat' dir='ltr'><strong>beatus</strong></span> <span class='ocrx_word' id='word_1_625' title='bbox 2189 2035 2216 2087; x_wconf 89' lang='grc' dir='ltr'><em>Ι</em></span> <span class='ocrx_word' id='word_1_626' title='bbox 2220 2053 2415 2090; x_wconf 77' lang='lat' dir='ltr'><strong>remeas</strong></span> <span class='ocrx_word' id='word_1_627' title='bbox 2432 2049 2627 2109; x_wconf 83' lang='lat' dir='ltr'><strong>martyr</strong></span> <span class='ocrx_word' id='word_1_628' title='bbox 2641 2050 2687 2093; x_wconf 87' lang='lat' dir='ltr'><strong>et</strong></span> <span class='ocrx_word' id='word_1_629' title='bbox 2706 2040 2975 2109; x_wconf 85' lang='lat' dir='ltr'><strong>episcopus</strong></span> <span class='ocrx_word' id='word_1_630' title='bbox 2991 2034 3365 2107; x_wconf 86' lang='lat' dir='ltr'><strong>Lugdunensis,</strong></span> <span class='ocrx_word' id='word_1_631' title='bbox 3390 2042 3439 2092; x_wconf 87' lang='lat' dir='ltr'><strong>in</strong></span> <span class='ocrx_word' id='word_1_632' title='bbox 3456 2040 3586 2094; x_wconf 86' lang='lat' dir='ltr'><strong>libro</strong></span> 
     </span>
    </p>
   </div>
   <div class='ocr_carea' id='block_1_95' title="bbox 1995 2105 3583 2180">
    <p class='ocr_par' dir='ltr' id='par_1_95' title="bbox 1995 2105 3583 2180">
     <span class='ocr_line' id='line_1_95' title="bbox 1995 2105 3583 2180; baseline 0.004 -22"><span class='ocrx_word' id='word_1_633' title='bbox 1995 2107 2058 2180; x_wconf 82' lang='lat' dir='ltr'><strong>de</strong></span> <span class='ocrx_word' id='word_1_634' title='bbox 2081 2105 2334 2160; x_wconf 84' lang='lat' dir='ltr'><strong>Paschate</strong></span> <span class='ocrx_word' id='word_1_635' title='bbox 2357 2124 2375 2161; x_wconf 91' lang='lat'><strong><em>:</em></strong></span> <span class='ocrx_word' id='word_1_636' title='bbox 2400 2109 2484 2161; x_wconf 90' lang='lat' dir='ltr'><strong>ubi</strong></span> <span class='ocrx_word' id='word_1_637' title='bbox 2516 2105 2713 2178; x_wconf 78' lang='lat' dir='ltr'><strong>quoque</strong></span> <span class='ocrx_word' id='word_1_638' title='bbox 2740 2105 3049 2165; x_wconf 79' lang='lat' dir='ltr'><strong>mentionem</strong></span> <span class='ocrx_word' id='word_1_639' title='bbox 3072 2105 3194 2180; x_wconf 69' lang='lat' dir='ltr'><strong>facit</strong></span> <span class='ocrx_word' id='word_1_640' title='bbox 3238 2111 3583 2180; x_wconf 82' lang='lat' dir='ltr'><strong>Pentecostes,</strong></span> 
     </span>
    </p>
   </div>
   <div class='ocr_carea' id='block_1_96' title="bbox 1993 2177 3586 2250">
    <p class='ocr_par' dir='ltr' id='par_1_96' title="bbox 1993 2177 3586 2250">
     <span class='ocr_line' id='line_1_96' title="bbox 1993 2177 3586 2250; baseline 0.006 -23"><span class='ocrx_word' id='word_1_641' title='bbox 1993 2177 2046 2250; x_wconf 83' lang='lat' dir='ltr'><strong>in</strong></span> <span class='ocrx_word' id='word_1_642' title='bbox 2075 2193 2364 2250; x_wconf 86' lang='lat' dir='ltr'><strong>quagenua</strong></span> <span class='ocrx_word' id='word_1_643' title='bbox 2388 2196 2490 2232; x_wconf 89' lang='lat' dir='ltr'><strong>non</strong></span> <span class='ocrx_word' id='word_1_644' title='bbox 2512 2177 3098 2250; x_wconf 83' lang='lat' dir='ltr'><strong>inﬂectimus,quoniam</strong></span> <span class='ocrx_word' id='word_1_645' title='bbox 3122 2183 3235 2249; x_wconf 88' lang='lat' dir='ltr'><strong>pari</strong></span> <span class='ocrx_word' id='word_1_646' title='bbox 3264 2194 3335 2235; x_wconf 90' lang='lat' dir='ltr'><strong>est</strong></span> <span class='ocrx_word' id='word_1_647' title='bbox 3366 2199 3480 2234; x_wconf 86' lang='lat' dir='ltr'><strong>cum</strong></span> <span class='ocrx_word' id='word_1_648' title='bbox 3502 2177 3586 2236; x_wconf 81' lang='lat' dir='ltr'><strong>die</strong></span> 
     </span>
    </p>
   </div>
   <div class='ocr_carea' id='block_1_97' title="bbox 1993 2247 3582 2322">
    <p class='ocr_par' dir='ltr' id='par_1_97' title="bbox 1993 2247 3582 2322">
     <span class='ocr_line' id='line_1_97' title="bbox 1993 2247 3582 2322; baseline 0.005 -23"><span class='ocrx_word' id='word_1_649' title='bbox 1993 2247 2735 2322; x_wconf 69' lang='lat' dir='ltr'><strong>dominico__potesttite,justi:</strong></span> <span class='ocrx_word' id='word_1_650' title='bbox 2780 2247 2910 2316; x_wconf 83' lang='lat' dir='ltr'><strong>eam,</strong></span> <span class='ocrx_word' id='word_1_651' title='bbox 2947 2271 3060 2322; x_wconf 81' lang='lat' dir='ltr'><strong>qute</strong></span> <span class='ocrx_word' id='word_1_652' title='bbox 3097 2247 3160 2306; x_wconf 85' lang='lat' dir='ltr'><strong>de</strong></span> <span class='ocrx_word' id='word_1_653' title='bbox 3194 2254 3292 2306; x_wconf 87' lang='lat' dir='ltr'><strong>ista</strong></span> <span class='ocrx_word' id='word_1_654' title='bbox 3325 2255 3457 2304; x_wconf 85' lang='lat' dir='ltr'><strong>dicta</strong></span> <span class='ocrx_word' id='word_1_655' title='bbox 3488 2263 3582 2320; x_wconf 75' lang='lat' dir='ltr'><strong>est;</strong></span> 
     </span>
    </p>
   </div>
   <div class='ocr_carea' id='block_1_98' title="bbox 1993 2319 3582 2391">
    <p class='ocr_par' dir='ltr' id='par_1_98' title="bbox 1993 2319 3582 2391">
     <span class='ocr_line' id='line_1_98' title="bbox 1993 2319 3582 2391; baseline 0.006 -22"><span class='ocrx_word' id='word_1_656' title='bbox 1993 2334 2224 2373; x_wconf 85' lang='lat' dir='ltr'><strong>causam.</strong></span> <span class='ocrx_word' id='word_1_657' title='bbox 2255 2319 2424 2389; x_wconf 80' lang='lat' dir='ltr'><strong>l-lujus</strong></span> <span class='ocrx_word' id='word_1_658' title='bbox 2457 2319 2598 2377; x_wconf 28' lang='lat' dir='ltr'><strong>i‘itus‘</strong></span> <span class='ocrx_word' id='word_1_659' title='bbox 2616 2325 2842 2391; x_wconf 82' lang='lat' dir='ltr'><strong>vestigia</strong></span> <span class='ocrx_word' id='word_1_660' title='bbox 2879 2319 3089 2378; x_wconf 75' lang='lat' dir='ltr'><strong>exstant</strong></span> <span class='ocrx_word' id='word_1_661' title='bbox 3115 2325 3166 2378; x_wconf 91' lang='lat' dir='ltr'><strong>in</strong></span> <span class='ocrx_word' id='word_1_662' title='bbox 3199 2324 3374 2378; x_wconf 84' lang='lat' dir='ltr'><strong>ollicio</strong></span> <span class='ocrx_word' id='word_1_663' title='bbox 3405 2319 3582 2379; x_wconf 51' lang='lat' dir='ltr'><strong>circle;</strong></span> 
     </span>
    </p>
   </div>
   <div class='ocr_carea' id='block_1_99' title="bbox 1993 2391 3583 2463">
    <p class='ocr_par' dir='ltr' id='par_1_99' title="bbox 1993 2391 3583 2463">
     <span class='ocr_line' id='line_1_99' title="bbox 1993 2391 3583 2463; baseline 0.004 -20"><span class='ocrx_word' id='word_1_664' title='bbox 1993 2391 2240 2463; x_wconf 89' lang='lat' dir='ltr'><strong>sias_t_ico,</strong></span> <span class='ocrx_word' id='word_1_665' title='bbox 2265 2391 2324 2463; x_wconf 82' lang='lat' dir='ltr'><strong>in</strong></span> <span class='ocrx_word' id='word_1_666' title='bbox 2356 2393 2506 2460; x_wconf 86' lang='lat' dir='ltr'><strong>cujus</strong></span> <span class='ocrx_word' id='word_1_667' title='bbox 2537 2393 2643 2448; x_wconf 86' lang='lat' dir='ltr'><strong>ﬁne</strong></span> <span class='ocrx_word' id='word_1_668' title='bbox 2677 2395 2988 2463; x_wconf 72' lang='lat' dir='ltr'><strong>antiphona:</strong></span> <span class='ocrx_word' id='word_1_669' title='bbox 3020 2396 3191 2449; x_wconf 72' lang='lat' dir='ltr'><strong>beatze</strong></span> <span class='ocrx_word' id='word_1_670' title='bbox 3225 2396 3401 2448; x_wconf 83' lang='lat' dir='ltr'><strong>Mariae</strong></span> <span class='ocrx_word' id='word_1_671' title='bbox 3431 2395 3583 2450; x_wconf 71' lang='lat' dir='ltr'><strong>[lexis</strong></span> 
     </span>
    </p>
   </div>
   <div class='ocr_carea' id='block_1_100' title="bbox 1991 2460 3582 2533">
    <p class='ocr_par' dir='ltr' id='par_1_100' title="bbox 1991 2460 3582 2533">
     <span class='ocr_line' id='line_1_100' title="bbox 1991 2460 3582 2533; baseline 0.006 -22"><span class='ocrx_word' id='word_1_672' title='bbox 1991 2460 2216 2530; x_wconf 85' lang='lat' dir='ltr'><strong>genibus</strong></span> <span class='ocrx_word' id='word_1_673' title='bbox 2246 2461 2495 2517; x_wconf 89' lang='lat' dir='ltr'><strong>dicuntur</strong></span> <span class='ocrx_word' id='word_1_674' title='bbox 2518 2460 2870 2533; x_wconf 47' lang='lat' dir='ltr'><strong>prtetertinatn</strong></span> <span class='ocrx_word' id='word_1_675' title='bbox 2896 2467 2947 2520; x_wconf 90' lang='lat' dir='ltr'><strong>in</strong></span> <span class='ocrx_word' id='word_1_676' title='bbox 2975 2466 3164 2520; x_wconf 90' lang='lat' dir='ltr'><strong>diebus</strong></span> <span class='ocrx_word' id='word_1_677' title='bbox 3189 2465 3492 2528; x_wconf 90' lang='lat' dir='ltr'><strong>dominicis,</strong></span> <span class='ocrx_word' id='word_1_678' title='bbox 3524 2473 3582 2520; x_wconf 87' lang='lat' dir='ltr'><strong>et</strong></span> 
     </span>
    </p>
   </div>
   <div class='ocr_carea' id='block_1_101' title="bbox 1993 2534 3582 2605">
    <p class='ocr_par' dir='ltr' id='par_1_101' title="bbox 1993 2534 3582 2605">
     <span class='ocr_line' id='line_1_101' title="bbox 1993 2534 3582 2605; baseline 0.004 -21"><span class='ocrx_word' id='word_1_679' title='bbox 1993 2537 2108 2584; x_wconf 89' lang='lat' dir='ltr'><strong>toto</strong></span> <span class='ocrx_word' id='word_1_680' title='bbox 2141 2534 2678 2605; x_wconf 80' lang='lat' dir='ltr'><strong>lemporepaschali,</strong></span> <span class='ocrx_word' id='word_1_681' title='bbox 2722 2536 2862 2605; x_wconf 68' lang='lat' dir='ltr'><strong>Quod</strong></span> <span class='ocrx_word' id='word_1_682' title='bbox 2897 2536 3036 2590; x_wconf 87' lang='lat' dir='ltr'><strong>idem</strong></span> <span class='ocrx_word' id='word_1_683' title='bbox 3079 2539 3413 2602; x_wconf 88' lang='lat' dir='ltr'><strong>observatur,</strong></span> <span class='ocrx_word' id='word_1_684' title='bbox 3458 2551 3582 2590; x_wconf 89' lang='lat' dir='ltr'><strong>cum</strong></span> 
     </span>
    </p>
   </div>
   <div class='ocr_carea' id='block_1_102' title="bbox 1991 2604 3581 2676">
    <p class='ocr_par' dir='ltr' id='par_1_102' title="bbox 1991 2604 3581 2676">
     <span class='ocr_line' id='line_1_102' title="bbox 1991 2604 3581 2676; baseline 0.005 -21"><span class='ocrx_word' id='word_1_685' title='bbox 1991 2616 2266 2676; x_wconf 67' lang='lat' dir='ltr'><strong>campanae</strong></span> <span class='ocrx_word' id='word_1_686' title='bbox 2297 2604 2474 2658; x_wconf 89' lang='lat' dir='ltr'><strong>sonitu</strong></span> <span class='ocrx_word' id='word_1_687' title='bbox 2522 2604 2795 2676; x_wconf 86' lang='lat' dir='ltr'><strong>deiparam</strong></span> <span class='ocrx_word' id='word_1_688' title='bbox 2829 2605 3066 2661; x_wconf 88' lang='lat' dir='ltr'><strong>saluta&#39;re</strong></span> <span class='ocrx_word' id='word_1_689' title='bbox 3096 2609 3469 2661; x_wconf 71' lang='lat' dir='ltr'><strong>admonemur.</strong></span> <span class='ocrx_word' id='word_1_690' title='bbox 3506 2606 3581 2663; x_wconf 83' lang='lat' dir='ltr'><strong>De</strong></span> 
     </span>
    </p>
   </div>
   <div class='ocr_carea' id='block_1_103' title="bbox 1992 2675 3582 2747">
    <p class='ocr_par' dir='ltr' id='par_1_103' title="bbox 1992 2675 3582 2747">
     <span class='ocr_line' id='line_1_103' title="bbox 1992 2675 3582 2747; baseline 0.004 -22"><span class='ocrx_word' id='word_1_691' title='bbox 1992 2689 2222 2747; x_wconf 70' lang='lat' dir='ltr'><strong>genuum</strong></span> <span class='ocrx_word' id='word_1_692' title='bbox 2250 2675 2593 2747; x_wconf 80' lang='lat' dir='ltr'><strong>inclinatione</strong></span> <span class='ocrx_word' id='word_1_693' title='bbox 2614 2675 2736 2732; x_wconf 88' lang='lat' dir='ltr'><strong>vide</strong></span> <span class='ocrx_word' id='word_1_694' title='bbox 2760 2687 2954 2747; x_wconf 67' lang='lat' dir='ltr'><strong>printer</strong></span> <span class='ocrx_word' id='word_1_695' title='bbox 2969 2679 3103 2732; x_wconf 92' lang='lat' dir='ltr'><strong>alios</strong></span> <span class='ocrx_word' id='word_1_696' title='bbox 3131 2679 3420 2732; x_wconf 69' lang='lat' dir='ltr'><strong>Caesarium</strong></span> <span class='ocrx_word' id='word_1_697' title='bbox 3445 2677 3582 2732; x_wconf 87' lang='lat' dir='ltr'><strong>Are-</strong></span> 
     </span>
    </p>
   </div>
   <div class='ocr_carea' id='block_1_104' title="bbox 1991 2743 3578 2818">
    <p class='ocr_par' dir='ltr' id='par_1_104' title="bbox 1991 2743 3578 2818">
     <span class='ocr_line' id='line_1_104' title="bbox 1991 2743 3578 2818; baseline 0.003 -20"><span class='ocrx_word' id='word_1_698' title='bbox 1991 2743 2272 2818; x_wconf 77' lang='lat' dir='ltr'><strong>latensem,</strong></span> <span class='ocrx_word' id='word_1_699' title='bbox 2298 2745 2515 2800; x_wconf 87' lang='lat' dir='ltr'><strong>homilia</strong></span> <span class='ocrx_word' id='word_1_700' title='bbox 2531 2747 2616 2802; x_wconf 73' lang='grc'><strong>54.</strong></span> <span class='ocrx_word' id='word_1_701' title='bbox 2639 2747 2714 2801; x_wconf 89' lang='lat' dir='ltr'><strong>De</strong></span> <span class='ocrx_word' id='word_1_702' title='bbox 2735 2743 2943 2817; x_wconf 68' lang='lat' dir='ltr'><strong>genibus</strong></span> <span class='ocrx_word' id='word_1_703' title='bbox 2966 2751 3228 2818; x_wconf 81' lang='lat' dir='ltr'><strong>ﬂectendis</strong></span> <span class='ocrx_word' id='word_1_704' title='bbox 3248 2749 3301 2801; x_wconf 88' lang='lat' dir='ltr'><strong>in</strong></span> <span class='ocrx_word' id='word_1_705' title='bbox 3327 2749 3578 2816; x_wconf 87' lang='lat' dir='ltr'><strong>oratione,</strong></span> 
     </span>
    </p>
   </div>
   <div class='ocr_carea' id='block_1_105' title="bbox 1990 2814 3581 2888">
    <p class='ocr_par' dir='ltr' id='par_1_105' title="bbox 1990 2814 3581 2888">
     <span class='ocr_line' id='line_1_105' title="bbox 1990 2814 3581 2888; baseline 0.003 -22"><span class='ocrx_word' id='word_1_706' title='bbox 1990 2814 2079 2882; x_wconf 89' lang='lat' dir='ltr'><strong>qui</strong></span> <span class='ocrx_word' id='word_1_707' title='bbox 2117 2829 2211 2868; x_wconf 87' lang='lat' dir='ltr'><strong>eos</strong></span> <span class='ocrx_word' id='word_1_708' title='bbox 2253 2819 2598 2886; x_wconf 88' lang='lat' dir='ltr'><strong>reprehendit</strong></span> <span class='ocrx_word' id='word_1_709' title='bbox 2631 2814 2751 2888; x_wconf 70' lang='lat' dir='ltr'><strong>qui,</strong></span> <span class='ocrx_word' id='word_1_710' title='bbox 2781 2814 3008 2875; x_wconf 81' lang='lat' dir='ltr'><strong>diacono</strong></span> <span class='ocrx_word' id='word_1_711' title='bbox 3029 2822 3295 2875; x_wconf 87' lang='lat' dir='ltr'><strong>clamante</strong></span> <span class='ocrx_word' id='word_1_712' title='bbox 3326 2838 3336 2868; x_wconf 77' lang='grc' dir='ltr'><strong><em>τ</em></strong></span> <span class='ocrx_word' id='word_1_713' title='bbox 3371 2814 3581 2871; x_wconf 52' lang='lat' dir='ltr'><strong>Flecta-</strong></span> 
     </span>
    </p>
   </div>
   <div class='ocr_carea' id='block_1_106' title="bbox 1989 2889 3576 2958">
    <p class='ocr_par' dir='ltr' id='par_1_106' title="bbox 1989 2889 3576 2958">
     <span class='ocr_line' id='line_1_106' title="bbox 1989 2889 3576 2958; baseline 0.003 -20"><span class='ocrx_word' id='word_1_714' title='bbox 1989 2901 2103 2958; x_wconf 73' lang='lat' dir='ltr'><strong>mus</strong></span> <span class='ocrx_word' id='word_1_715' title='bbox 2125 2897 2398 2954; x_wconf 82' lang='lat' dir='ltr'><strong>genua,&#39;ut</strong></span> <span class='ocrx_word' id='word_1_716' title='bbox 2426 2889 2689 2943; x_wconf 77' lang='lat' dir='ltr'><strong>columine</strong></span> <span class='ocrx_word' id='word_1_717' title='bbox 2717 2901 2911 2945; x_wconf 71' lang='lat' dir='ltr'><strong>erectm</strong></span> <span class='ocrx_word' id='word_1_718' title='bbox 2942 2892 3176 2957; x_wconf 86' lang='lat' dir='ltr'><strong>stabant,</strong></span> <span class='ocrx_word' id='word_1_719' title='bbox 3207 2890 3576 2958; x_wconf 85' lang='lat' dir='ltr'><strong>quod,inquit,</strong></span> 
     </span>
    </p>
   </div>
   <div class='ocr_carea' id='block_1_107' title="bbox 1989 2954 3580 3027">
    <p class='ocr_par' dir='ltr' id='par_1_107' title="bbox 1989 2954 3580 3027">
     <span class='ocr_line' id='line_1_107' title="bbox 1989 2954 3580 3027; baseline 0.003 -18"><span class='ocrx_word' id='word_1_720' title='bbox 1989 2954 2313 3027; x_wconf 83' lang='lat' dir='ltr'><strong>Christianis,</strong></span> <span class='ocrx_word' id='word_1_721' title='bbox 2349 2959 2470 3013; x_wconf 87' lang='lat' dir='ltr'><strong>dum</strong></span> <span class='ocrx_word' id='word_1_722' title='bbox 2507 2961 2561 3014; x_wconf 88' lang='lat' dir='ltr'><strong>in</strong></span> <span class='ocrx_word' id='word_1_723' title='bbox 2596 2962 2805 3014; x_wconf 77' lang='lat' dir='ltr'><strong>ecclesia</strong></span> <span class='ocrx_word' id='word_1_724' title='bbox 2846 2974 3040 3026; x_wconf 85' lang='lat' dir='ltr'><strong>oratur,</strong></span> <span class='ocrx_word' id='word_1_725' title='bbox 3087 2954 3290 3016; x_wconf 82' lang='lat' dir='ltr'><strong>omnino</strong></span> <span class='ocrx_word' id='word_1_726' title='bbox 3331 2979 3422 3013; x_wconf 85' lang='lat' dir='ltr'><strong>nec</strong></span> <span class='ocrx_word' id='word_1_727' title='bbox 3459 2954 3580 3014; x_wconf 70' lang='lat' dir='ltr'><strong>licet</strong></span> 
     </span>
    </p>
   </div>
   <div class='ocr_carea' id='block_1_108' title="bbox 1989 3031 3579 3099">
    <p class='ocr_par' dir='ltr' id='par_1_108' title="bbox 1989 3031 3579 3099">
     <span class='ocr_line' id='line_1_108' title="bbox 1989 3031 3579 3099; baseline 0.005 -20"><span class='ocrx_word' id='word_1_728' title='bbox 1989 3043 2080 3099; x_wconf 81' lang='lat' dir='ltr'><strong>nec</strong></span> <span class='ocrx_word' id='word_1_729' title='bbox 2108 3031 2333 3099; x_wconf 83' lang='lat' dir='ltr'><strong>erpedit.</strong></span> <span class='ocrx_word' id='word_1_730' title='bbox 2374 3031 2506 3085; x_wconf 90' lang='lat' dir='ltr'><strong>Dum</strong></span> <span class='ocrx_word' id='word_1_731' title='bbox 2537 3043 2712 3086; x_wconf 90' lang='lat' dir='ltr'><strong>autem</strong></span> <span class='ocrx_word' id='word_1_732' title='bbox 2736 3032 3022 3086; x_wconf 87' lang='lat' dir='ltr'><strong>Christiani</strong></span> <span class='ocrx_word' id='word_1_733' title='bbox 3051 3043 3255 3087; x_wconf 87' lang='lat' dir='ltr'><strong>stantes</strong></span> <span class='ocrx_word' id='word_1_734' title='bbox 3276 3033 3579 3087; x_wconf 85' lang='lat' dir='ltr'><strong>orationem</strong></span> 
     </span>
    </p>
   </div>
   <div class='ocr_carea' id='block_1_109' title="bbox 1989 3097 3580 3172">
    <p class='ocr_par' dir='ltr' id='par_1_109' title="bbox 1989 3097 3580 3172">
     <span class='ocr_line' id='line_1_109' title="bbox 1989 3097 3580 3172; baseline 0.004 -21"><span class='ocrx_word' id='word_1_735' title='bbox 1989 3097 2305 3172; x_wconf 66' lang='lat' dir='ltr'><strong>fundebant,</strong></span> <span class='ocrx_word' id='word_1_736' title='bbox 2348 3117 2490 3171; x_wconf 59' lang='lat' dir='ltr'><strong>saepe</strong></span> <span class='ocrx_word' id='word_1_737' title='bbox 2521 3118 2708 3155; x_wconf 85' lang='lat' dir='ltr'><strong>manus</strong></span> <span class='ocrx_word' id='word_1_738' title='bbox 2740 3103 2790 3157; x_wconf 87' lang='lat' dir='ltr'><strong>in</strong></span> <span class='ocrx_word' id='word_1_739' title='bbox 2822 3107 2998 3157; x_wconf 81' lang='lat' dir='ltr'><strong>crucis</strong></span> <span class='ocrx_word' id='word_1_740' title='bbox 3037 3107 3260 3158; x_wconf 81' lang='lat' dir='ltr'><strong>fortnam</strong></span> <span class='ocrx_word' id='word_1_741' title='bbox 3308 3103 3580 3172; x_wconf 80' lang='lat' dir='ltr'><strong>expande-</strong></span> 
     </span>
    </p>
   </div>
   <div class='ocr_carea' id='block_1_110' title="bbox 1911 3169 3576 3246">
    <p class='ocr_par' dir='ltr' id='par_1_110' title="bbox 1911 3169 3576 3246">
     <span class='ocr_line' id='line_1_110' title="bbox 1911 3169 3576 3246; baseline 0.002 -22"><span class='ocrx_word' id='word_1_742' title='bbox 1911 3171 1959 3236; x_wconf 85' lang='lat' dir='ltr'><strong>C</strong></span> <span class='ocrx_word' id='word_1_743' title='bbox 1991 3169 2137 3246; x_wconf 63' lang='lat' dir='ltr'><strong>bant,</strong></span> <span class='ocrx_word' id='word_1_744' title='bbox 2163 3187 2320 3246; x_wconf 66' lang='lat' dir='ltr'><strong>quem</strong></span> <span class='ocrx_word' id='word_1_745' title='bbox 2344 3169 2502 3246; x_wconf 83' lang='lat' dir='ltr'><strong>ritum</strong></span> <span class='ocrx_word' id='word_1_746' title='bbox 2527 3187 2789 3241; x_wconf 80' lang='lat' dir='ltr'><strong>exponam</strong></span> <span class='ocrx_word' id='word_1_747' title='bbox 2821 3177 2884 3229; x_wconf 89' lang='lat' dir='ltr'><strong>ad</strong></span> <span class='ocrx_word' id='word_1_748' title='bbox 2921 3175 3174 3246; x_wconf 88' lang='lat' dir='ltr'><strong>hymnum</strong></span> <span class='ocrx_word' id='word_1_749' title='bbox 3193 3177 3249 3230; x_wconf 91' lang='lat' dir='ltr'><strong>S.</strong></span> <span class='ocrx_word' id='word_1_750' title='bbox 3274 3169 3576 3228; x_wconf 77' lang='lat' dir='ltr'><strong>Fructuosi.</strong></span> 
     </span>
    </p>
   </div>
   <div class='ocr_carea' id='block_1_111' title="bbox 2067 3239 3577 3314">
    <p class='ocr_par' dir='ltr' id='par_1_111' title="bbox 2067 3239 3577 3314">
     <span class='ocr_line' id='line_1_111' title="bbox 2067 3239 3577 3314; baseline 0.005 -21"><span class='ocrx_word' id='word_1_751' title='bbox 2067 3239 2154 3314; x_wconf 73' lang='lat'><strong>56.</strong></span> <span class='ocrx_word' id='word_1_752' title='bbox 2183 3241 2473 3314; x_wconf 76' lang='lat' dir='ltr'><strong>Christiani</strong></span> <span class='ocrx_word' id='word_1_753' title='bbox 2500 3239 2711 3298; x_wconf 76' lang='lat' dir='ltr'><strong>veteres</strong></span> <span class='ocrx_word' id='word_1_754' title='bbox 2736 3260 2838 3298; x_wconf 89' lang='lat' dir='ltr'><strong>non</strong></span> <span class='ocrx_word' id='word_1_755' title='bbox 2870 3239 3040 3299; x_wconf 77' lang='lat' dir='ltr'><strong>solum</strong></span> <span class='ocrx_word' id='word_1_756' title='bbox 3077 3248 3281 3300; x_wconf 72' lang='lat' dir='ltr'><strong>oriente.</strong></span> <span class='ocrx_word' id='word_1_757' title='bbox 3311 3247 3423 3299; x_wconf 89' lang='lat' dir='ltr'><strong>sole</strong></span> <span class='ocrx_word' id='word_1_758' title='bbox 3454 3262 3577 3314; x_wconf 83' lang='lat' dir='ltr'><strong>pre-</strong></span> 
     </span>
    </p>
   </div>
   <div class='ocr_carea' id='block_1_112' title="bbox 1994 3312 3577 3377">
    <p class='ocr_par' dir='ltr' id='par_1_112' title="bbox 1994 3312 3577 3377">
     <span class='ocr_line' id='line_1_112' title="bbox 1994 3312 3577 3377; baseline 0.004 -14"><span class='ocrx_word' id='word_1_759' title='bbox 1994 3325 2085 3364; x_wconf 87' lang='lat' dir='ltr'><strong>ces</strong></span> <span class='ocrx_word' id='word_1_760' title='bbox 2119 3313 2227 3367; x_wconf 88' lang='lat' dir='ltr'><strong>Deo</strong></span> <span class='ocrx_word' id='word_1_761' title='bbox 2270 3312 2584 3377; x_wconf 84' lang='lat' dir='ltr'><strong>oll‘erebant,</strong></span> <span class='ocrx_word' id='word_1_762' title='bbox 2621 3315 2714 3368; x_wconf 80' lang='lat' dir='ltr'><strong>sed</strong></span> <span class='ocrx_word' id='word_1_763' title='bbox 2747 3316 2906 3368; x_wconf 84' lang='lat' dir='ltr'><strong>etiam</strong></span> <span class='ocrx_word' id='word_1_764' title='bbox 2955 3329 3170 3369; x_wconf 87' lang='lat' dir='ltr'><strong>orantes</strong></span> <span class='ocrx_word' id='word_1_765' title='bbox 3215 3317 3280 3369; x_wconf 87' lang='lat' dir='ltr'><strong>ad</strong></span> <span class='ocrx_word' id='word_1_766' title='bbox 3311 3312 3577 3370; x_wconf 84' lang='lat' dir='ltr'><strong>orientem</strong></span> 
     </span>
    </p>
   </div>
   <div class='ocr_carea' id='block_1_113' title="bbox 1956 3383 3571 3451">
    <p class='ocr_par' dir='ltr' id='par_1_113' title="bbox 1956 3383 3571 3451">
     <span class='ocr_line' id='line_1_113' title="bbox 1956 3383 3571 3451; baseline 0.004 -17"><span class='ocrx_word' id='word_1_767' title='bbox 1956 3394 1957 3397; x_wconf 78' lang='lat'>‘</span> <span class='ocrx_word' id='word_1_768' title='bbox 1994 3383 2368 3451; x_wconf 76' lang='lat' dir='ltr'><strong>respiciebant.</strong></span> <span class='ocrx_word' id='word_1_769' title='bbox 2419 3383 2476 3438; x_wconf 90' lang='lat' dir='ltr'><strong>S.</strong></span> <span class='ocrx_word' id='word_1_770' title='bbox 2513 3384 2756 3440; x_wconf 80' lang='lat' dir='ltr'><strong>Justinus</strong></span> <span class='ocrx_word' id='word_1_771' title='bbox 2798 3387 2903 3440; x_wconf 90' lang='lat' dir='ltr'><strong>loc.</strong></span> <span class='ocrx_word' id='word_1_772' title='bbox 2952 3387 3066 3449; x_wconf 87' lang='lat' dir='ltr'><strong>cit.,</strong></span> <span class='ocrx_word' id='word_1_773' title='bbox 3098 3389 3393 3451; x_wconf 71' lang='lat' dir='ltr'><strong>qurcstione</strong></span> <span class='ocrx_word' id='word_1_774' title='bbox 3427 3388 3526 3440; x_wconf 83' lang='grc'><strong>118</strong></span> <span class='ocrx_word' id='word_1_775' title='bbox 3557 3405 3571 3440; x_wconf 88' lang='lat'><strong>:</strong></span> 
     </span>
    </p>
   </div>
   <div class='ocr_carea' id='block_1_114' title="bbox 1995 3450 3578 3510">
    <p class='ocr_par' dir='ltr' id='par_1_114' title="bbox 1995 3450 3578 3510">
     <span class='ocr_line' id='line_1_114' title="bbox 1995 3450 3578 3510; baseline 0.004 -6"><span class='ocrx_word' id='word_1_776' title='bbox 1995 3450 2099 3505; x_wconf 84' lang='lat' dir='ltr'><strong>Cur</strong></span> <span class='ocrx_word' id='word_1_777' title='bbox 2143 3469 2256 3506; x_wconf 90' lang='lat' dir='ltr'><strong>cum</strong></span> <span class='ocrx_word' id='word_1_778' title='bbox 2297 3455 2468 3507; x_wconf 86' lang='lat' dir='ltr'><strong>omnia</strong></span> <span class='ocrx_word' id='word_1_779' title='bbox 2497 3456 2608 3508; x_wconf 90' lang='lat' dir='ltr'><strong>loca</strong></span> <span class='ocrx_word' id='word_1_780' title='bbox 2636 3457 2817 3509; x_wconf 89' lang='lat' dir='ltr'><strong>idonea</strong></span> <span class='ocrx_word' id='word_1_781' title='bbox 2859 3459 2958 3510; x_wconf 83' lang='lat' dir='ltr'><strong>sint</strong></span> <span class='ocrx_word' id='word_1_782' title='bbox 3003 3458 3070 3509; x_wconf 90' lang='lat' dir='ltr'><strong>ad</strong></span> <span class='ocrx_word' id='word_1_783' title='bbox 3111 3450 3272 3508; x_wconf 81' lang='lat' dir='ltr'><strong>Deum</strong></span> <span class='ocrx_word' id='word_1_784' title='bbox 3311 3457 3578 3510; x_wconf 88' lang='lat' dir='ltr'><strong>colendum</strong></span> 
     </span>
    </p>
   </div>
   <div class='ocr_carea' id='block_1_115' title="bbox 1995 3525 3579 3597">
    <p class='ocr_par' dir='ltr' id='par_1_115' title="bbox 1995 3525 3579 3597">
     <span class='ocr_line' id='line_1_115' title="bbox 1995 3525 3579 3597; baseline 0.003 -23"><span class='ocrx_word' id='word_1_785' title='bbox 1995 3539 2125 3590; x_wconf 89' lang='lat' dir='ltr'><strong>pura</strong></span> <span class='ocrx_word' id='word_1_786' title='bbox 2159 3535 2342 3591; x_wconf 88' lang='lat' dir='ltr'><strong>mente,</strong></span> <span class='ocrx_word' id='word_1_787' title='bbox 2371 3526 2423 3578; x_wconf 89' lang='lat' dir='ltr'><strong>in</strong></span> <span class='ocrx_word' id='word_1_788' title='bbox 2464 3525 2586 3580; x_wconf 88' lang='lat' dir='ltr'><strong>solis</strong></span> <span class='ocrx_word' id='word_1_789' title='bbox 2616 3528 2821 3581; x_wconf 86' lang='lat' dir='ltr'><strong>orientis</strong></span> <span class='ocrx_word' id='word_1_790' title='bbox 2862 3529 3014 3580; x_wconf 85' lang='lat' dir='ltr'><strong>clima</strong></span> <span class='ocrx_word' id='word_1_791' title='bbox 3051 3529 3255 3580; x_wconf 82' lang='lat' dir='ltr'><strong>intentis</strong></span> <span class='ocrx_word' id='word_1_792' title='bbox 3287 3527 3448 3580; x_wconf 86' lang='lat' dir='ltr'><strong>oculis</strong></span> <span class='ocrx_word' id='word_1_793' title='bbox 3483 3527 3579 3597; x_wconf 81' lang='lat' dir='ltr'><strong>hy-</strong></span> 
     </span>
    </p>
   </div>
   <div class='ocr_carea' id='block_1_116' title="bbox 1995 3597 3579 3666">
    <p class='ocr_par' dir='ltr' id='par_1_116' title="bbox 1995 3597 3579 3666">
     <span class='ocr_line' id='line_1_116' title="bbox 1995 3597 3579 3666; baseline 0.004 -21"><span class='ocrx_word' id='word_1_794' title='bbox 1995 3609 2142 3648; x_wconf 87' lang='lat' dir='ltr'><strong>mnos</strong></span> <span class='ocrx_word' id='word_1_795' title='bbox 2166 3604 2215 3648; x_wconf 85' lang='lat' dir='ltr'><strong>et</strong></span> <span class='ocrx_word' id='word_1_796' title='bbox 2238 3598 2492 3650; x_wconf 84' lang='lat' dir='ltr'><strong>orationes</strong></span> <span class='ocrx_word' id='word_1_797' title='bbox 2523 3597 2822 3664; x_wconf 68' lang='lat' dir='ltr'><strong>o/Terimus?</strong></span> <span class='ocrx_word' id='word_1_798' title='bbox 2849 3607 2893 3650; x_wconf 78' lang='lat' dir='ltr'><strong>et</strong></span> <span class='ocrx_word' id='word_1_799' title='bbox 2921 3601 3005 3663; x_wconf 90' lang='lat' dir='ltr'><strong>qui</strong></span> <span class='ocrx_word' id='word_1_800' title='bbox 3043 3609 3160 3651; x_wconf 86' lang='lat' dir='ltr'><strong>sunt</strong></span> <span class='ocrx_word' id='word_1_801' title='bbox 3188 3600 3271 3666; x_wconf 86' lang='lat' dir='ltr'><strong>qui</strong></span> <span class='ocrx_word' id='word_1_802' title='bbox 3299 3599 3406 3651; x_wconf 75' lang='lat' dir='ltr'><strong>lucc</strong></span> <span class='ocrx_word' id='word_1_803' title='bbox 3435 3598 3579 3651; x_wconf 85' lang='lat' dir='ltr'><strong>nobis</strong></span> 
     </span>
    </p>
   </div>
   <div class='ocr_carea' id='block_1_117' title="bbox 1995 3666 3577 3738">
    <p class='ocr_par' dir='ltr' id='par_1_117' title="bbox 1995 3666 3577 3738">
     <span class='ocr_line' id='line_1_117' title="bbox 1995 3666 3577 3738; baseline 0.003 -21"><span class='ocrx_word' id='word_1_804' title='bbox 1995 3666 2360 3738; x_wconf 74' lang='lat' dir='ltr'><strong>tradiderunt?</strong></span> <span class='ocrx_word' id='word_1_805' title='bbox 2401 3667 2707 3737; x_wconf 74' lang='lat' dir='ltr'><strong>Respondet</strong></span> <span class='ocrx_word' id='word_1_806' title='bbox 2739 3686 2750 3722; x_wconf 90' lang='lat'>:</span> <span class='ocrx_word' id='word_1_807' title='bbox 2784 3667 3220 3724; x_wconf 74' lang='lat' dir='ltr'><strong>Prtestantissima</strong></span> <span class='ocrx_word' id='word_1_808' title='bbox 3256 3684 3468 3738; x_wconf 72' lang='lat' dir='ltr'><strong>quicque</strong></span> <span class='ocrx_word' id='word_1_809' title='bbox 3509 3669 3577 3721; x_wconf 92' lang='lat' dir='ltr'><strong>ad</strong></span> 
     </span>
    </p>
   </div>
   <div class='ocr_carea' id='block_1_118' title="bbox 1993 3735 3578 3811">
    <p class='ocr_par' dir='ltr' id='par_1_118' title="bbox 1993 3735 3578 3811">
     <span class='ocr_line' id='line_1_118' title="bbox 1993 3735 3578 3811; baseline 0.001 -22"><span class='ocrx_word' id='word_1_810' title='bbox 1993 3735 2235 3811; x_wconf 82' lang='lat' dir='ltr'><strong>honorem</strong></span> <span class='ocrx_word' id='word_1_811' title='bbox 2260 3735 2358 3790; x_wconf 87' lang='lat' dir='ltr'><strong>Dei</strong></span> <span class='ocrx_word' id='word_1_812' title='bbox 2381 3735 2695 3793; x_wconf 82' lang='lat' dir='ltr'><strong>destinamus</strong></span> <span class='ocrx_word' id='word_1_813' title='bbox 2723 3756 2739 3793; x_wconf 92' lang='lat'><strong><em>:</em></strong></span> <span class='ocrx_word' id='word_1_814' title='bbox 2762 3743 2929 3795; x_wconf 88' lang='lat' dir='ltr'><strong>oriens</strong></span> <span class='ocrx_word' id='word_1_815' title='bbox 2952 3735 3286 3811; x_wconf 76' lang='lat' dir='ltr'><strong>prazstabilior</strong></span> <span class='ocrx_word' id='word_1_816' title='bbox 3309 3735 3391 3794; x_wconf 77' lang='lat' dir='ltr'><strong>est</strong></span> <span class='ocrx_word' id='word_1_817' title='bbox 3412 3739 3578 3811; x_wconf 76' lang='lat' dir='ltr'><strong>omni-</strong></span> 
     </span>
    </p>
   </div>
   <div class='ocr_carea' id='block_1_119' title="bbox 1993 3805 3579 3881">
    <p class='ocr_par' dir='ltr' id='par_1_119' title="bbox 1993 3805 3579 3881">
     <span class='ocr_line' id='line_1_119' title="bbox 1993 3805 3579 3881; baseline 0.003 -21"><span class='ocrx_word' id='word_1_818' title='bbox 1993 3805 2084 3881; x_wconf 80' lang='lat' dir='ltr'><strong>bus</strong></span> <span class='ocrx_word' id='word_1_819' title='bbox 2115 3811 2380 3881; x_wconf 73' lang='lat' dir='ltr'><strong>creaturis,</strong></span> <span class='ocrx_word' id='word_1_820' title='bbox 2430 3827 2550 3881; x_wconf 87' lang='lat' dir='ltr'><strong>ergo</strong></span> <span class='ocrx_word' id='word_1_821' title='bbox 2592 3811 2786 3865; x_wconf 74' lang='lat' dir='ltr'><strong>vultum</strong></span> <span class='ocrx_word' id='word_1_822' title='bbox 2829 3813 2894 3865; x_wconf 88' lang='lat' dir='ltr'><strong>ad</strong></span> <span class='ocrx_word' id='word_1_823' title='bbox 2932 3805 3170 3866; x_wconf 81' lang='lat' dir='ltr'><strong>orientem</strong></span> <span class='ocrx_word' id='word_1_824' title='bbox 3210 3813 3468 3865; x_wconf 76' lang='lat' dir='ltr'><strong>tertimus.</strong></span> <span class='ocrx_word' id='word_1_825' title='bbox 3501 3810 3579 3864; x_wconf 79' lang='lat' dir='ltr'><strong>De</strong></span> 
     </span>
    </p>
   </div>
   <div class='ocr_carea' id='block_1_120' title="bbox 1993 3879 3578 3955">
    <p class='ocr_par' dir='ltr' id='par_1_120' title="bbox 1993 3879 3578 3955">
     <span class='ocr_line' id='line_1_120' title="bbox 1993 3879 3578 3955; baseline 0.002 -23"><span class='ocrx_word' id='word_1_826' title='bbox 1993 3879 2099 3955; x_wconf 71' lang='lat' dir='ltr'><strong>ritu</strong></span> <span class='ocrx_word' id='word_1_827' title='bbox 2125 3879 2756 3955; x_wconf 75' lang='lat' dir='ltr'><strong>_ad_orientis_regionem</strong></span> <span class='ocrx_word' id='word_1_828' title='bbox 2787 3885 3036 3955; x_wconf 73' lang='lat' dir='ltr'><strong>precandi</strong></span> <span class='ocrx_word' id='word_1_829' title='bbox 3070 3891 3244 3955; x_wconf 80' lang='lat' dir='ltr'><strong>exstat</strong></span> <span class='ocrx_word' id='word_1_830' title='bbox 3269 3882 3578 3955; x_wconf 76' lang='lat' dir='ltr'><strong>dissertatio</strong></span> 
     </span>
    </p>
   </div>
   <div class='ocr_carea' id='block_1_121' title="bbox 1993 3948 3582 4023">
    <p class='ocr_par' dir='ltr' id='par_1_121' title="bbox 1993 3948 3582 4023">
     <span class='ocr_line' id='line_1_121' title="bbox 1993 3948 3582 4023; baseline 0.003 -20"><span class='ocrx_word' id='word_1_831' title='bbox 1993 3948 2182 4023; x_wconf 86' lang='lat' dir='ltr'><strong>Jacobi</strong></span> <span class='ocrx_word' id='word_1_832' title='bbox 2207 3951 2506 4008; x_wconf 85' lang='lat' dir='ltr'><strong>Thomasii.</strong></span> <span class='ocrx_word' id='word_1_833' title='bbox 2543 3948 2710 4007; x_wconf 80' lang='lat' dir='ltr'><strong>Etiam</strong></span> <span class='ocrx_word' id='word_1_834' title='bbox 2759 3948 2950 4023; x_wconf 79' lang='lat' dir='ltr'><strong>templa</strong></span> <span class='ocrx_word' id='word_1_835' title='bbox 2994 3955 3120 4008; x_wconf 90' lang='lat' dir='ltr'><strong>olim</strong></span> <span class='ocrx_word' id='word_1_836' title='bbox 3148 3953 3437 4007; x_wconf 76' lang='lat' dir='ltr'><strong>Christiani</strong></span> <span class='ocrx_word' id='word_1_837' title='bbox 3464 3968 3582 4007; x_wconf 88' lang='lat' dir='ltr'><strong>ver-</strong></span> 
     </span>
    </p>
   </div>
   <div class='ocr_carea' id='block_1_122' title="bbox 1993 4022 2757 4080">
    <p class='ocr_par' dir='ltr' id='par_1_122' title="bbox 1993 4022 2757 4080">
     <span class='ocr_line' id='line_1_122' title="bbox 1993 4022 2757 4080; baseline 0.008 -6"><span class='ocrx_word' id='word_1_838' title='bbox 1993 4035 2085 4076; x_wconf 87' lang='lat' dir='ltr'><strong>sus</strong></span> <span class='ocrx_word' id='word_1_839' title='bbox 2108 4022 2370 4077; x_wconf 90' lang='lat' dir='ltr'><strong>orientem</strong></span> <span class='ocrx_word' id='word_1_840' title='bbox 2393 4026 2757 4080; x_wconf 80' lang='lat' dir='ltr'><strong>exStruebant.</strong></span> 
     </span>
    </p>
   </div>
   <div class='ocr_carea' id='block_1_123' title="bbox 2065 4090 3576 4162">
    <p class='ocr_par' dir='ltr' id='par_1_123' title="bbox 2065 4090 3576 4162">
     <span class='ocr_line' id='line_1_123' title="bbox 2065 4090 3576 4162; baseline 0.001 -17"><span class='ocrx_word' id='word_1_841' title='bbox 2065 4091 2158 4148; x_wconf 84' lang='lat'><strong>58.</strong></span> <span class='ocrx_word' id='word_1_842' title='bbox 2191 4091 2373 4158; x_wconf 80' lang='lat' dir='ltr'><strong>Gold.,</strong></span> <span class='ocrx_word' id='word_1_843' title='bbox 2415 4093 2643 4159; x_wconf 87' lang='lat' dir='ltr'><strong>Widm.,</strong></span> <span class='ocrx_word' id='word_1_844' title='bbox 2674 4096 2870 4160; x_wconf 74' lang='lat' dir='ltr'><strong>Bong.,</strong></span> <span class='ocrx_word' id='word_1_845' title='bbox 2909 4095 3027 4149; x_wconf 86' lang='lat' dir='ltr'><strong>Val.</strong></span> <span class='ocrx_word' id='word_1_846' title='bbox 3061 4110 3196 4148; x_wconf 88' lang='lat' dir='ltr'><strong>unus</strong></span> <span class='ocrx_word' id='word_1_847' title='bbox 3220 4095 3355 4162; x_wconf 88' lang='lat' dir='ltr'><strong>apud</strong></span> <span class='ocrx_word' id='word_1_848' title='bbox 3396 4090 3576 4160; x_wconf 81' lang='lat' dir='ltr'><strong>Teol.,</strong></span> 
     </span>
    </p>
   </div>
   <div class='ocr_carea' id='block_1_124' title="bbox 1993 4161 3577 4235">
    <p class='ocr_par' dir='ltr' id='par_1_124' title="bbox 1993 4161 3577 4235">
     <span class='ocr_line' id='line_1_124' title="bbox 1993 4161 3577 4235; baseline 0.001 -21"><span class='ocrx_word' id='word_1_849' title='bbox 1993 4161 2213 4235; x_wconf 77' lang='lat' dir='ltr'><strong>Weitz.,</strong></span> <span class='ocrx_word' id='word_1_850' title='bbox 2242 4165 2456 4231; x_wconf 87' lang='lat' dir='ltr'><strong>despice.</strong></span> <span class='ocrx_word' id='word_1_851' title='bbox 2482 4164 2660 4234; x_wconf 85' lang='lat' dir='ltr'><strong>Prag.,</strong></span> <span class='ocrx_word' id='word_1_852' title='bbox 2684 4165 2903 4235; x_wconf 82' lang='lat' dir='ltr'><strong>despice,</strong></span> <span class='ocrx_word' id='word_1_853' title='bbox 2928 4167 2991 4218; x_wconf 85' lang='lat' dir='ltr'><strong>ad</strong></span> <span class='ocrx_word' id='word_1_854' title='bbox 3017 4179 3163 4217; x_wconf 91' lang='lat' dir='ltr'><strong>oram</strong></span> <span class='ocrx_word' id='word_1_855' title='bbox 3189 4161 3402 4232; x_wconf 79' lang='lat' dir='ltr'><strong>dispice,</strong></span> <span class='ocrx_word' id='word_1_856' title='bbox 3431 4165 3577 4235; x_wconf 75' lang='lat' dir='ltr'><strong>Rat_.,</strong></span> 
     </span>
    </p>
   </div>
   <div class='ocr_carea' id='block_1_125' title="bbox 1993 4232 3579 4305">
    <p class='ocr_par' dir='ltr' id='par_1_125' title="bbox 1993 4232 3579 4305">
     <span class='ocr_line' id='line_1_125' title="bbox 1993 4232 3579 4305; baseline 0.002 -20"><span class='ocrx_word' id='word_1_857' title='bbox 1993 4232 2212 4305; x_wconf 70' lang='lat' dir='ltr'><strong>despice,</strong></span> <span class='ocrx_word' id='word_1_858' title='bbox 2241 4235 2333 4288; x_wconf 89' lang='lat' dir='ltr'><strong>sed</strong></span> <span class='ocrx_word' id='word_1_859' title='bbox 2365 4232 2664 4288; x_wconf 81' lang='lat' dir='ltr'><strong>correctum</strong></span> <span class='ocrx_word' id='word_1_860' title='bbox 2707 4232 2916 4305; x_wconf 76' lang='lat' dir='ltr'><strong>dispice.</strong></span> <span class='ocrx_word' id='word_1_861' title='bbox 2958 4236 3173 4290; x_wconf 88' lang='lat' dir='ltr'><strong>Juretus</strong></span> <span class='ocrx_word' id='word_1_862' title='bbox 3199 4235 3264 4288; x_wconf 89' lang='lat' dir='ltr'><strong>ad</strong></span> <span class='ocrx_word' id='word_1_863' title='bbox 3296 4235 3388 4288; x_wconf 92' lang='lat' dir='ltr'><strong>lib.</strong></span> <span class='ocrx_word' id='word_1_864' title='bbox 3421 4250 3477 4288; x_wconf 85' lang='grc' dir='ltr'><strong>ιιι</strong></span> <span class='ocrx_word' id='word_1_865' title='bbox 3508 4233 3579 4288; x_wconf 88' lang='lat' dir='ltr'><strong>de</strong></span> 
     </span>
    </p>
   </div>
   <div class='ocr_carea' id='block_1_126' title="bbox 1995 4302 3576 4374">
    <p class='ocr_par' dir='ltr' id='par_1_126' title="bbox 1995 4302 3576 4374">
     <span class='ocr_line' id='line_1_126' title="bbox 1995 4302 3576 4374; baseline 0.002 -20"><span class='ocrx_word' id='word_1_866' title='bbox 1995 4302 2110 4374; x_wconf 67' lang='lat' dir='ltr'><strong>Vita</strong></span> <span class='ocrx_word' id='word_1_867' title='bbox 2142 4302 2280 4357; x_wconf 88' lang='lat' dir='ltr'><strong>beati</strong></span> <span class='ocrx_word' id='word_1_868' title='bbox 2318 4305 2526 4359; x_wconf 84' lang='lat' dir='ltr'><strong>Martini</strong></span> <span class='ocrx_word' id='word_1_869' title='bbox 2557 4302 2840 4360; x_wconf 79' lang='lat' dir='ltr'><strong>restituere</strong></span> <span class='ocrx_word' id='word_1_870' title='bbox 2870 4306 3082 4361; x_wconf 88' lang='lat' dir='ltr'><strong>volebat</strong></span> <span class='ocrx_word' id='word_1_871' title='bbox 3115 4306 3312 4359; x_wconf 85' lang='lat' dir='ltr'><strong>dissice.</strong></span> <span class='ocrx_word' id='word_1_872' title='bbox 3364 4306 3576 4374; x_wconf 81' lang='lat' dir='ltr'><strong>Legen-</strong></span> 
     </span>
    </p>
   </div>
   <div class='ocr_carea' id='block_1_127' title="bbox 1994 4373 3580 4443">
    <p class='ocr_par' dir='ltr' id='par_1_127' title="bbox 1994 4373 3580 4443">
     <span class='ocr_line' id='line_1_127' title="bbox 1994 4373 3580 4443; baseline 0.001 -17"><span class='ocrx_word' id='word_1_873' title='bbox 1994 4373 2120 4427; x_wconf 91' lang='lat' dir='ltr'><strong>dum</strong></span> <span class='ocrx_word' id='word_1_874' title='bbox 2155 4375 2370 4443; x_wconf 81' lang='lat' dir='ltr'><strong>dispice.</strong></span> <span class='ocrx_word' id='word_1_875' title='bbox 2417 4376 2657 4429; x_wconf 85' lang='lat' dir='ltr'><strong>Catullus</strong></span> <span class='ocrx_word' id='word_1_876' title='bbox 2704 4377 2768 4430; x_wconf 91' lang='lat' dir='ltr'><strong>de</strong></span> <span class='ocrx_word' id='word_1_877' title='bbox 2815 4392 2966 4432; x_wconf 90' lang='lat' dir='ltr'><strong>coma</strong></span> <span class='ocrx_word' id='word_1_878' title='bbox 3006 4376 3339 4430; x_wconf 87' lang='lat' dir='ltr'><strong>Berenices:</strong></span> <span class='ocrx_word' id='word_1_879' title='bbox 3389 4373 3580 4429; x_wconf 77' lang='lat' dir='ltr'><strong>Omnia</strong></span> 
     </span>
    </p>
   </div>
   <div class='ocr_carea' id='block_1_128' title="bbox 1995 4446 3580 4515">
    <p class='ocr_par' dir='ltr' id='par_1_128' title="bbox 1995 4446 3580 4515">
     <span class='ocr_line' id='line_1_128' title="bbox 1995 4446 3580 4515; baseline 0.003 -19"><span class='ocrx_word' id='word_1_880' title='bbox 1995 4447 2081 4513; x_wconf 86' lang='lat' dir='ltr'><strong>qui</strong></span> <span class='ocrx_word' id='word_1_881' title='bbox 2111 4447 2282 4514; x_wconf 86' lang='lat' dir='ltr'><strong>magni</strong></span> <span class='ocrx_word' id='word_1_882' title='bbox 2319 4448 2538 4515; x_wconf 72' lang='lat' dir='ltr'><strong>dispexit</strong></span> <span class='ocrx_word' id='word_1_883' title='bbox 2587 4446 2785 4500; x_wconf 88' lang='lat' dir='ltr'><strong>lumina</strong></span> <span class='ocrx_word' id='word_1_884' title='bbox 2827 4450 3035 4514; x_wconf 88' lang='lat' dir='ltr'><strong>mundi,</strong></span> <span class='ocrx_word' id='word_1_885' title='bbox 3082 4462 3240 4515; x_wconf 88' lang='lat' dir='ltr'><strong>quem</strong></span> <span class='ocrx_word' id='word_1_886' title='bbox 3284 4447 3350 4500; x_wconf 88' lang='lat' dir='ltr'><strong>ad</strong></span> <span class='ocrx_word' id='word_1_887' title='bbox 3401 4447 3580 4501; x_wconf 90' lang='lat' dir='ltr'><strong>locum</strong></span> 
     </span>
    </p>
   </div>
   <div class='ocr_carea' id='block_1_129' title="bbox 2000 4516 3581 4587">
    <p class='ocr_par' dir='ltr' id='par_1_129' title="bbox 2000 4516 3581 4587">
     <span class='ocr_line' id='line_1_129' title="bbox 2000 4516 3581 4587; baseline 0.002 -19"><span class='ocrx_word' id='word_1_888' title='bbox 2000 4516 2145 4584; x_wconf 84' lang='lat' dir='ltr'><strong>plura</strong></span> <span class='ocrx_word' id='word_1_889' title='bbox 2171 4520 2410 4587; x_wconf 86' lang='lat' dir='ltr'><strong>congerit</strong></span> <span class='ocrx_word' id='word_1_890' title='bbox 2431 4517 2588 4573; x_wconf 85' lang='lat' dir='ltr'><strong>Joan.</strong></span> <span class='ocrx_word' id='word_1_891' title='bbox 2614 4518 2878 4572; x_wconf 80' lang='lat' dir='ltr'><strong>Antonius</strong></span> <span class='ocrx_word' id='word_1_892' title='bbox 2918 4519 3138 4586; x_wconf 85' lang='lat' dir='ltr'><strong>anpius</strong></span> <span class='ocrx_word' id='word_1_893' title='bbox 3171 4519 3227 4571; x_wconf 89' lang='lat' dir='ltr'><strong>in</strong></span> <span class='ocrx_word' id='word_1_894' title='bbox 3265 4533 3359 4571; x_wconf 91' lang='lat' dir='ltr'><strong>sua</strong></span> <span class='ocrx_word' id='word_1_895' title='bbox 3386 4517 3581 4571; x_wconf 88' lang='lat' dir='ltr'><strong>Catulli</strong></span> 
     </span>
    </p>
   </div>
   <div class='ocr_carea' id='block_1_130' title="bbox 1999 4587 3578 4658">
    <p class='ocr_par' dir='ltr' id='par_1_130' title="bbox 1999 4587 3578 4658">
     <span class='ocr_line' id='line_1_130' title="bbox 1999 4587 3578 4658; baseline 0.001 -18"><span class='ocrx_word' id='word_1_896' title='bbox 1999 4587 2251 4651; x_wconf 88' lang='lat' dir='ltr'><strong>editione,</strong></span> <span class='ocrx_word' id='word_1_897' title='bbox 2298 4605 2417 4658; x_wconf 71' lang='lat' dir='ltr'><strong>quze</strong></span> <span class='ocrx_word' id='word_1_898' title='bbox 2460 4605 2700 4657; x_wconf 84' lang='lat' dir='ltr'><strong>magnam</strong></span> <span class='ocrx_word' id='word_1_899' title='bbox 2747 4601 2951 4657; x_wconf 89' lang='lat' dir='ltr'><strong>partem</strong></span> <span class='ocrx_word' id='word_1_900' title='bbox 2981 4590 3139 4644; x_wconf 88' lang='lat' dir='ltr'><strong>etiam</strong></span> <span class='ocrx_word' id='word_1_901' title='bbox 3173 4589 3224 4642; x_wconf 91' lang='lat' dir='ltr'><strong>in</strong></span> <span class='ocrx_word' id='word_1_902' title='bbox 3268 4588 3454 4644; x_wconf 82' lang='lat' dir='ltr'><strong>lexicis</strong></span> <span class='ocrx_word' id='word_1_903' title='bbox 3490 4589 3578 4658; x_wconf 83' lang='lat' dir='ltr'><strong>iu-</strong></span> 
     </span>
    </p>
   </div>
   <div class='ocr_carea' id='block_1_131' title="bbox 2002 4657 3579 4727">
    <p class='ocr_par' dir='ltr' id='par_1_131' title="bbox 2002 4657 3579 4727">
     <span class='ocr_line' id='line_1_131' title="bbox 2002 4657 3579 4727; baseline 0.003 -19"><span class='ocrx_word' id='word_1_904' title='bbox 2002 4659 2206 4716; x_wconf 73' lang='lat' dir='ltr'><strong>venies.</strong></span> <span class='ocrx_word' id='word_1_905' title='bbox 2245 4658 2466 4727; x_wconf 79' lang='lat' dir='ltr'><strong>Vulpins</strong></span> <span class='ocrx_word' id='word_1_906' title='bbox 2498 4675 2603 4714; x_wconf 93' lang='lat' dir='ltr'><strong>non</strong></span> <span class='ocrx_word' id='word_1_907' title='bbox 2629 4661 2793 4715; x_wconf 88' lang='lat' dir='ltr'><strong>semel</strong></span> <span class='ocrx_word' id='word_1_908' title='bbox 2820 4661 2870 4714; x_wconf 90' lang='lat' dir='ltr'><strong>in</strong></span> <span class='ocrx_word' id='word_1_909' title='bbox 2906 4659 3192 4715; x_wconf 86' lang='lat' dir='ltr'><strong>uberrimis</strong></span> <span class='ocrx_word' id='word_1_910' title='bbox 3238 4661 3350 4716; x_wconf 85' lang='lat' dir='ltr'><strong>suis</strong></span> <span class='ocrx_word' id='word_1_911' title='bbox 3390 4660 3444 4714; x_wconf 87' lang='lat' dir='ltr'><strong>in</strong></span> <span class='ocrx_word' id='word_1_912' title='bbox 3473 4657 3579 4713; x_wconf 87' lang='lat' dir='ltr'><strong>Ca-</strong></span> 
     </span>
    </p>
   </div>
   <div class='ocr_carea' id='block_1_132' title="bbox 2000 4730 3582 4811">
    <p class='ocr_par' dir='ltr' id='par_1_132' title="bbox 2000 4730 3582 4811">
     <span class='ocr_line' id='line_1_132' title="bbox 2000 4730 3582 4811; baseline 0.003 -31"><span class='ocrx_word' id='word_1_913' title='bbox 2000 4730 2184 4811; x_wconf 82' lang='lat' dir='ltr'><strong>tullum</strong></span> <span class='ocrx_word' id='word_1_914' title='bbox 2202 4733 2614 4811; x_wconf 65' lang='lat' dir='ltr'><strong>commentariis</strong></span> <span class='ocrx_word' id='word_1_915' title='bbox 2643 4747 2834 4801; x_wconf 83' lang='lat' dir='ltr'><strong>magno</strong></span> <span class='ocrx_word' id='word_1_916' title='bbox 2864 4747 2983 4786; x_wconf 90' lang='lat' dir='ltr'><strong>eum</strong></span> <span class='ocrx_word' id='word_1_917' title='bbox 3011 4732 3184 4798; x_wconf 84' lang='lat' dir='ltr'><strong>elogio</strong></span> <span class='ocrx_word' id='word_1_918' title='bbox 3208 4741 3378 4799; x_wconf 68' lang='lat' dir='ltr'><strong>poeta:</strong></span> <span class='ocrx_word' id='word_1_919' title='bbox 3409 4730 3582 4786; x_wconf 90' lang='lat' dir='ltr'><strong>nostri</strong></span> 
     </span>
    </p>
   </div>
   <div class='ocr_carea' id='block_1_133' title="bbox 1998 4802 2258 4854">
    <p class='ocr_par' dir='ltr' id='par_1_133' title="bbox 1998 4802 2258 4854">
     <span class='ocr_line' id='line_1_133' title="bbox 1998 4802 2258 4854; baseline 0.008 -2"><span class='ocrx_word' id='word_1_920' title='bbox 1998 4802 2258 4854; x_wconf 85' lang='lat' dir='ltr'><strong>meminit.</strong></span> 
     </span>
    </p>
   </div>
   <div class='ocr_carea' id='block_1_134' title="bbox 2070 4869 3582 4945">
    <p class='ocr_par' dir='ltr' id='par_1_134' title="bbox 2070 4869 3582 4945">
     <span class='ocr_line' id='line_1_134' title="bbox 2070 4869 3582 4945; baseline 0.003 -23"><span class='ocrx_word' id='word_1_921' title='bbox 2070 4869 2158 4924; x_wconf 86' lang='lat'><strong>59.</strong></span> <span class='ocrx_word' id='word_1_922' title='bbox 2181 4871 2345 4945; x_wconf 76' lang='lat' dir='ltr'><strong>Gisel.</strong></span> <span class='ocrx_word' id='word_1_923' title='bbox 2381 4871 2662 4945; x_wconf 78' lang='lat' dir='ltr'><strong>legendum</strong></span> <span class='ocrx_word' id='word_1_924' title='bbox 2693 4871 2966 4926; x_wconf 89' lang='lat' dir='ltr'><strong>contendit</strong></span> <span class='ocrx_word' id='word_1_925' title='bbox 3018 4875 3067 4945; x_wconf 85' lang='lat' dir='ltr'><strong>in</strong></span> <span class='ocrx_word' id='word_1_926' title='bbox 3100 4873 3132 4925; x_wconf 74' lang='grc'>2</span> <span class='ocrx_word' id='word_1_927' title='bbox 3164 4873 3292 4927; x_wconf 86' lang='lat' dir='ltr'><strong>edit.</strong></span> <span class='ocrx_word' id='word_1_928' title='bbox 3329 4872 3484 4945; x_wconf 79' lang='lat' dir='ltr'><strong>fuscis</strong></span> <span class='ocrx_word' id='word_1_929' title='bbox 3513 4887 3582 4945; x_wconf 81' lang='lat' dir='ltr'><strong>ex</strong></span> 
     </span>
    </p>
   </div>
   <div class='ocr_carea' id='block_1_135' title="bbox 1999 4942 3579 5013">
    <p class='ocr_par' dir='ltr' id='par_1_135' title="bbox 1999 4942 3579 5013">
     <span class='ocr_line' id='line_1_135' title="bbox 1999 4942 3579 5013; baseline 0.001 -20"><span class='ocrx_word' id='word_1_930' title='bbox 1999 4943 2360 5013; x_wconf 69' lang='lat' dir='ltr'><strong>vetustissimo</strong></span> <span class='ocrx_word' id='word_1_931' title='bbox 2399 4942 2555 5008; x_wconf 90' lang='lat' dir='ltr'><strong>libro,</strong></span> <span class='ocrx_word' id='word_1_932' title='bbox 2587 4957 2708 4996; x_wconf 84' lang='lat' dir='ltr'><strong>cum</strong></span> <span class='ocrx_word' id='word_1_933' title='bbox 2759 4952 2914 4998; x_wconf 91' lang='lat' dir='ltr'><strong>antea</strong></span> <span class='ocrx_word' id='word_1_934' title='bbox 2963 4944 3122 4998; x_wconf 89' lang='lat' dir='ltr'><strong>etiam</strong></span> <span class='ocrx_word' id='word_1_935' title='bbox 3165 4942 3336 5013; x_wconf 35' lang='lat' dir='ltr'><strong>poeta‘</strong></span> <span class='ocrx_word' id='word_1_936' title='bbox 3364 4943 3579 5008; x_wconf 85' lang='lat' dir='ltr'><strong>dixerit,</strong></span> 
     </span>
    </p>
   </div>
   <div class='ocr_carea' id='block_1_136' title="bbox 2002 5011 3578 5084">
    <p class='ocr_par' dir='ltr' id='par_1_136' title="bbox 2002 5011 3578 5084">
     <span class='ocr_line' id='line_1_136' title="bbox 2002 5011 3578 5084; baseline 0.003 -21"><span class='ocrx_word' id='word_1_937' title='bbox 2002 5011 2152 5084; x_wconf 74' lang='lat' dir='ltr'><strong>Quod</strong></span> <span class='ocrx_word' id='word_1_938' title='bbox 2167 5013 2378 5081; x_wconf 85' lang='lat' dir='ltr'><strong>quisque</strong></span> <span class='ocrx_word' id='word_1_939' title='bbox 2403 5013 2602 5076; x_wconf 72' lang='lat' dir='ltr'><strong>fuscum</strong></span> <span class='ocrx_word' id='word_1_940' title='bbox 2627 5015 2835 5080; x_wconf 83' lang='lat' dir='ltr'><strong>cogitat,</strong></span> <span class='ocrx_word' id='word_1_941' title='bbox 2862 5016 3002 5084; x_wconf 89' lang='lat' dir='ltr'><strong>quod</strong></span> <span class='ocrx_word' id='word_1_942' title='bbox 3024 5011 3291 5080; x_wconf 74' lang='lat' dir='ltr'><strong>Heinsius,</strong></span> <span class='ocrx_word' id='word_1_943' title='bbox 3320 5015 3578 5080; x_wconf 85' lang='lat' dir='ltr'><strong>llymnar.</strong></span> 
     </span>
    </p>
   </div>
   <div class='ocr_carea' id='block_1_137' title="bbox 2000 5081 3584 5154">
    <p class='ocr_par' dir='ltr' id='par_1_137' title="bbox 2000 5081 3584 5154">
     <span class='ocr_line' id='line_1_137' title="bbox 2000 5081 3584 5154; baseline 0.001 -20"><span class='ocrx_word' id='word_1_944' title='bbox 2000 5081 2295 5154; x_wconf 75' lang='lat' dir='ltr'><strong>Thorpasii,</strong></span> <span class='ocrx_word' id='word_1_945' title='bbox 2349 5083 2502 5136; x_wconf 75' lang='lat' dir='ltr'><strong>Alex.</strong></span> <span class='ocrx_word' id='word_1_946' title='bbox 2549 5093 2603 5138; x_wconf 90' lang='lat' dir='ltr'><strong>et</strong></span> <span class='ocrx_word' id='word_1_947' title='bbox 2653 5085 2743 5138; x_wconf 90' lang='lat' dir='ltr'><strong>alii</strong></span> <span class='ocrx_word' id='word_1_948' title='bbox 2775 5081 3094 5154; x_wconf 77' lang='lat' dir='ltr'><strong>approbant.</strong></span> <span class='ocrx_word' id='word_1_949' title='bbox 3127 5085 3472 5139; x_wconf 84' lang='lat' dir='ltr'><strong>Communior</strong></span> <span class='ocrx_word' id='word_1_950' title='bbox 3499 5091 3584 5136; x_wconf 88' lang='lat' dir='ltr'><strong>est</strong></span> 
     </span>
    </p>
   </div>
   <div class='ocr_carea' id='block_1_138' title="bbox 2000 5152 3579 5224">
    <p class='ocr_par' dir='ltr' id='par_1_138' title="bbox 2000 5152 3579 5224">
     <span class='ocr_line' id='line_1_138' title="bbox 2000 5152 3579 5224; baseline -0.001 -18"><span class='ocrx_word' id='word_1_951' title='bbox 2000 5153 2104 5206; x_wconf 87' lang='lat' dir='ltr'><strong>alia</strong></span> <span class='ocrx_word' id='word_1_952' title='bbox 2130 5152 2288 5206; x_wconf 89' lang='lat' dir='ltr'><strong>lectio</strong></span> <span class='ocrx_word' id='word_1_953' title='bbox 2322 5168 2493 5221; x_wconf 87' lang='lat' dir='ltr'><strong>neque</strong></span> <span class='ocrx_word' id='word_1_954' title='bbox 2522 5152 2829 5222; x_wconf 67' lang='lat' dir='ltr'><strong>rejicienda,</strong></span> <span class='ocrx_word' id='word_1_955' title='bbox 2849 5152 3015 5224; x_wconf 71' lang='lat' dir='ltr'><strong>quam</strong></span> <span class='ocrx_word' id='word_1_956' title='bbox 3043 5167 3228 5211; x_wconf 86' lang='lat' dir='ltr'><strong>tenent</strong></span> <span class='ocrx_word' id='word_1_957' title='bbox 3252 5155 3393 5208; x_wconf 85' lang='lat' dir='ltr'><strong>Vatt.</strong></span> <span class='ocrx_word' id='word_1_958' title='bbox 3421 5154 3579 5206; x_wconf 89' lang='lat' dir='ltr'><strong>codd.</strong></span> 
     </span>
    </p>
   </div>
   <div class='ocr_carea' id='block_1_139' title="bbox 2002 5224 3585 5297">
    <p class='ocr_par' dir='ltr' id='par_1_139' title="bbox 2002 5224 3585 5297">
     <span class='ocr_line' id='line_1_139' title="bbox 2002 5224 3585 5297; baseline -0.002 -18"><span class='ocrx_word' id='word_1_959' title='bbox 2002 5224 2227 5297; x_wconf 61' lang='lat' dir='ltr'><strong>optima;</strong></span> <span class='ocrx_word' id='word_1_960' title='bbox 2256 5233 2397 5278; x_wconf 66' lang='lat' dir='ltr'><strong>nota:</strong></span> <span class='ocrx_word' id='word_1_961' title='bbox 2438 5224 2478 5289; x_wconf 89' lang='lat' dir='ltr'><strong>I,</strong></span> <span class='ocrx_word' id='word_1_962' title='bbox 2505 5225 2544 5278; x_wconf 86' lang='lat' dir='ltr'>P</span> <span class='ocrx_word' id='word_1_963' title='bbox 2590 5227 2805 5297; x_wconf 88' lang='lat' dir='ltr'><strong>aliique,</strong></span> <span class='ocrx_word' id='word_1_964' title='bbox 2851 5230 3039 5292; x_wconf 80' lang='lat' dir='ltr'><strong>Aldus,</strong></span> <span class='ocrx_word' id='word_1_965' title='bbox 3079 5227 3357 5286; x_wconf 84' lang='lat' dir='ltr'><strong>Weitziiis,</strong></span> <span class='ocrx_word' id='word_1_966' title='bbox 3403 5238 3585 5297; x_wconf 72' lang='lat' dir='ltr'><strong>corre-</strong></span> 
     </span>
    </p>
   </div>
   <div class='ocr_carea' id='block_1_140' title="bbox 2005 5294 3586 5366">
    <p class='ocr_par' dir='ltr' id='par_1_140' title="bbox 2005 5294 3586 5366">
     <span class='ocr_line' id='line_1_140' title="bbox 2005 5294 3586 5366; baseline -0.004 -16"><span class='ocrx_word' id='word_1_967' title='bbox 2005 5307 2186 5350; x_wconf 87' lang='lat' dir='ltr'><strong>ctores</strong></span> <span class='ocrx_word' id='word_1_968' title='bbox 2214 5295 2532 5366; x_wconf 90' lang='lat' dir='ltr'><strong>hymnorum</strong></span> <span class='ocrx_word' id='word_1_969' title='bbox 2560 5298 2659 5352; x_wconf 88' lang='lat' dir='ltr'><strong>sub</strong></span> <span class='ocrx_word' id='word_1_970' title='bbox 2692 5294 2908 5354; x_wconf 87' lang='lat' dir='ltr'><strong>Urbano</strong></span> <span class='ocrx_word' id='word_1_971' title='bbox 2931 5299 3063 5366; x_wconf 79' lang='lat' dir='ltr'><strong>\‘lll,</strong></span> <span class='ocrx_word' id='word_1_972' title='bbox 3094 5309 3147 5352; x_wconf 89' lang='lat' dir='ltr'><strong>et</strong></span> <span class='ocrx_word' id='word_1_973' title='bbox 3179 5300 3446 5366; x_wconf 72' lang='lat' dir='ltr'><strong>plcra‘quc</strong></span> <span class='ocrx_word' id='word_1_974' title='bbox 3471 5294 3586 5366; x_wconf 85' lang='lat' dir='ltr'><strong>edi-</strong></span> 
     </span>
    </p>
   </div>
   <div class='ocr_carea' id='block_1_141' title="bbox 2010 5365 3584 5440">
    <p class='ocr_par' dir='ltr' id='par_1_141' title="bbox 2010 5365 3584 5440">
     <span class='ocr_line' id='line_1_141' title="bbox 2010 5365 3584 5440; baseline -0.001 -20"><span class='ocrx_word' id='word_1_975' title='bbox 2010 5366 2212 5440; x_wconf 87' lang='lat' dir='ltr'><strong>tione_s_,_</strong></span> <span class='ocrx_word' id='word_1_976' title='bbox 2241 5365 2344 5440; x_wconf 85' lang='lat' dir='ltr'><strong>non</strong></span> <span class='ocrx_word' id='word_1_977' title='bbox 2372 5379 2596 5440; x_wconf 74' lang='lat' dir='ltr'><strong>excepto</strong></span> <span class='ocrx_word' id='word_1_978' title='bbox 2621 5370 2741 5423; x_wconf 84' lang='lat' dir='ltr'><strong>cod.</strong></span> <span class='ocrx_word' id='word_1_979' title='bbox 2774 5370 2952 5438; x_wconf 79' lang='lat' dir='ltr'><strong>Egtn.,</strong></span> <span class='ocrx_word' id='word_1_980' title='bbox 2994 5384 3152 5437; x_wconf 78' lang='lat' dir='ltr'><strong>quem</strong></span> <span class='ocrx_word' id='word_1_981' title='bbox 3179 5365 3337 5440; x_wconf 44' lang='lat' dir='ltr'><strong>ﬁnale</strong></span> <span class='ocrx_word' id='word_1_982' title='bbox 3377 5380 3471 5440; x_wconf 64' lang='lat' dir='ltr'><strong>pro</strong></span> <span class='ocrx_word' id='word_1_983' title='bbox 3501 5365 3584 5440; x_wconf 74' lang='lat' dir='ltr'><strong>{tt-</strong></span> 
     </span>
    </p>
   </div>
   <div class='ocr_carea' id='block_1_142' title="bbox 2007 5434 3582 5510">
    <p class='ocr_par' dir='ltr' id='par_1_142' title="bbox 2007 5434 3582 5510">
     <span class='ocr_line' id='line_1_142' title="bbox 2007 5434 3582 5510; baseline 0.004 -18"><span class='ocrx_word' id='word_1_984' title='bbox 2007 5439 2106 5492; x_wconf 84' lang='lat' dir='ltr'><strong>scis</strong></span> <span class='ocrx_word' id='word_1_985' title='bbox 2146 5437 2404 5494; x_wconf 84' lang='lat' dir='ltr'><strong>Weitzius</strong></span> <span class='ocrx_word' id='word_1_986' title='bbox 2447 5434 2716 5510; x_wconf 82' lang='lat' dir='ltr'><strong>allegavit,</strong></span> <span class='ocrx_word' id='word_1_987' title='bbox 2767 5434 2885 5494; x_wconf 56' lang='lat' dir='ltr'><strong>cu&#39;m</strong></span> <span class='ocrx_word' id='word_1_988' title='bbox 2928 5434 3128 5494; x_wconf 79' lang='lat' dir='ltr'><strong>diserte</strong></span> <span class='ocrx_word' id='word_1_989' title='bbox 3177 5437 3372 5510; x_wconf 79' lang='lat' dir='ltr'><strong>habeat</strong></span> <span class='ocrx_word' id='word_1_990' title='bbox 3426 5434 3582 5510; x_wconf 45' lang='lat' dir='ltr'><strong>{uel};</strong></span> 
     </span>
    </p>
   </div>
   <div class='ocr_carea' id='block_1_143' title="bbox 2004 5507 3586 5579">
    <p class='ocr_par' dir='ltr' id='par_1_143' title="bbox 2004 5507 3586 5579">
     <span class='ocr_line' id='line_1_143' title="bbox 2004 5507 3586 5579; baseline -0.003 -16"><span class='ocrx_word' id='word_1_991' title='bbox 2004 5517 2164 5579; x_wconf 89' lang='lat' dir='ltr'><strong>prout</strong></span> <span class='ocrx_word' id='word_1_992' title='bbox 2187 5510 2435 5565; x_wconf 80' lang='lat' dir='ltr'><strong>Heinsius</strong></span> <span class='ocrx_word' id='word_1_993' title='bbox 2461 5507 2782 5566; x_wconf 77' lang='lat' dir='ltr'><strong>observavit.</strong></span> <span class='ocrx_word' id='word_1_994' title='bbox 2814 5511 2872 5564; x_wconf 91' lang='lat' dir='ltr'><strong>ln</strong></span> <span class='ocrx_word' id='word_1_995' title='bbox 2907 5511 3021 5564; x_wconf 83' lang='lat' dir='ltr'><strong>Vat.</strong></span> <span class='ocrx_word' id='word_1_996' title='bbox 3053 5510 3116 5574; x_wconf 91' lang='lat'><strong>0,</strong></span> <span class='ocrx_word' id='word_1_997' title='bbox 3165 5507 3298 5579; x_wconf 82' lang='lat' dir='ltr'><strong>Sunt</strong></span> <span class='ocrx_word' id='word_1_998' title='bbox 3330 5509 3498 5579; x_wconf 70' lang='lat' dir='ltr'><strong>multa</strong></span> <span class='ocrx_word' id='word_1_999' title='bbox 3520 5507 3586 5579; x_wconf 87' lang='lat' dir='ltr'><strong>il-</strong></span> 
     </span>
    </p>
   </div>
   <div class='ocr_carea' id='block_1_144' title="bbox 2006 5576 3584 5652">
    <p class='ocr_par' dir='ltr' id='par_1_144' title="bbox 2006 5576 3584 5652">
     <span class='ocr_line' id='line_1_144' title="bbox 2006 5576 3584 5652; baseline -0.002 -18"><span class='ocrx_word' id='word_1_1000' title='bbox 2006 5576 2116 5645; x_wconf 78' lang='lat' dir='ltr'><strong>lita,</strong></span> <span class='ocrx_word' id='word_1_1001' title='bbox 2143 5582 2289 5636; x_wconf 88' lang='lat' dir='ltr'><strong>deest</strong></span> <span class='ocrx_word' id='word_1_1002' title='bbox 2325 5583 2455 5652; x_wconf 80' lang='lat' dir='ltr'><strong>fucis</strong></span> <span class='ocrx_word' id='word_1_1003' title='bbox 2482 5590 2571 5636; x_wconf 90' lang='lat' dir='ltr'><strong>aut</strong></span> <span class='ocrx_word' id='word_1_1004' title='bbox 2611 5583 2783 5650; x_wconf 76' lang='lat' dir='ltr'><strong>fascis.</strong></span> <span class='ocrx_word' id='word_1_1005' title='bbox 2831 5580 3048 5635; x_wconf 83' lang='lat' dir='ltr'><strong>Teolius</strong></span> <span class='ocrx_word' id='word_1_1006' title='bbox 3079 5581 3130 5652; x_wconf 87' lang='lat' dir='ltr'><strong>in</strong></span> <span class='ocrx_word' id='word_1_1007' title='bbox 3163 5577 3430 5652; x_wconf 85' lang='lat' dir='ltr'><strong>notisait,</strong></span> <span class='ocrx_word' id='word_1_1008' title='bbox 3463 5576 3584 5652; x_wconf 89' lang='lat' dir='ltr'><strong>_Cel-</strong></span> 
     </span>
    </p>
   </div>
   <div class='ocr_carea' id='block_1_145' title="bbox 2006 5649 3584 5722">
    <p class='ocr_par' dir='ltr' id='par_1_145' title="bbox 2006 5649 3584 5722">
     <span class='ocr_line' id='line_1_145' title="bbox 2006 5649 3584 5722; baseline -0.003 -16"><span class='ocrx_word' id='word_1_1009' title='bbox 2006 5652 2196 5706; x_wconf 89' lang='lat' dir='ltr'><strong>larium</strong></span> <span class='ocrx_word' id='word_1_1010' title='bbox 2254 5649 2373 5722; x_wconf 71' lang='lat' dir='ltr'><strong>pust</strong></span> <span class='ocrx_word' id='word_1_1011' title='bbox 2427 5649 2710 5708; x_wconf 83' lang='lat' dir='ltr'><strong>Weitzium</strong></span> <span class='ocrx_word' id='word_1_1012' title='bbox 2767 5653 2961 5706; x_wconf 85' lang='lat' dir='ltr'><strong>habere</strong></span> <span class='ocrx_word' id='word_1_1013' title='bbox 3025 5651 3156 5720; x_wconf 81' lang='lat' dir='ltr'><strong>fucis</strong></span> <span class='ocrx_word' id='word_1_1014' title='bbox 3200 5651 3373 5704; x_wconf 85' lang='lat' dir='ltr'><strong>inclita</strong></span> <span class='ocrx_word' id='word_1_1015' title='bbox 3416 5649 3584 5722; x_wconf 82' lang='lat' dir='ltr'><strong>(lege</strong></span> 
     </span>
    </p>
   </div>
   <div class='ocr_carea' id='block_1_146' title="bbox 2004 5721 3585 5791">
    <p class='ocr_par' dir='ltr' id='par_1_146' title="bbox 2004 5721 3585 5791">
     <span class='ocr_line' id='line_1_146' title="bbox 2004 5721 3585 5791; baseline -0.002 -15"><span class='ocrx_word' id='word_1_1016' title='bbox 2004 5724 2202 5788; x_wconf 87' lang='lat' dir='ltr'><strong>inlita),</strong></span> <span class='ocrx_word' id='word_1_1017' title='bbox 2234 5721 2331 5778; x_wconf 87' lang='lat' dir='ltr'><strong>nec</strong></span> <span class='ocrx_word' id='word_1_1018' title='bbox 2355 5725 2509 5778; x_wconf 87' lang='lat' dir='ltr'><strong>aliter</strong></span> <span class='ocrx_word' id='word_1_1019' title='bbox 2540 5723 2835 5784; x_wconf 84' lang='lat' dir='ltr'><strong>llcinsium,</strong></span> <span class='ocrx_word' id='word_1_1020' title='bbox 2876 5722 2918 5775; x_wconf 91' lang='lat' dir='ltr'><strong>si</strong></span> <span class='ocrx_word' id='word_1_1021' title='bbox 2956 5723 3219 5789; x_wconf 86' lang='lat' dir='ltr'><strong>attendas,</strong></span> <span class='ocrx_word' id='word_1_1022' title='bbox 3264 5738 3380 5791; x_wconf 71' lang='lat' dir='ltr'><strong>qum</strong></span> <span class='ocrx_word' id='word_1_1023' title='bbox 3421 5721 3585 5774; x_wconf 84' lang='lat' dir='ltr'><strong>habet</strong></span> 
     </span>
    </p>
   </div>
   <div class='ocr_carea' id='block_1_147' title="bbox 2006 5793 3583 5850">
    <p class='ocr_par' dir='ltr' id='par_1_147' title="bbox 2006 5793 3583 5850">
     <span class='ocr_line' id='line_1_147' title="bbox 2006 5793 3583 5850; baseline -0.001 -2"><span class='ocrx_word' id='word_1_1024' title='bbox 2006 5795 2057 5849; x_wconf 91' lang='lat' dir='ltr'><strong>in</strong></span> <span class='ocrx_word' id='word_1_1025' title='bbox 2092 5795 2372 5850; x_wconf 86' lang='lat' dir='ltr'><strong>addcndis.</strong></span> <span class='ocrx_word' id='word_1_1026' title='bbox 2425 5795 2529 5849; x_wconf 85' lang='lat' dir='ltr'><strong>Sed</strong></span> <span class='ocrx_word' id='word_1_1027' title='bbox 2577 5794 2823 5848; x_wconf 88' lang='lat' dir='ltr'><strong>lleinsius</strong></span> <span class='ocrx_word' id='word_1_1028' title='bbox 2871 5795 2923 5848; x_wconf 92' lang='lat' dir='ltr'><strong>in</strong></span> <span class='ocrx_word' id='word_1_1029' title='bbox 2970 5794 3231 5849; x_wconf 88' lang='lat' dir='ltr'><strong>addendis</strong></span> <span class='ocrx_word' id='word_1_1030' title='bbox 3259 5793 3583 5847; x_wconf 85' lang='lat' dir='ltr'><strong>sententiam</strong></span> 
     </span>
    </p>
   </div>
   <div class='ocr_carea' id='block_1_148' title="bbox 2007 5863 3586 5926">
    <p class='ocr_par' dir='ltr' id='par_1_148' title="bbox 2007 5863 3586 5926">
     <span class='ocr_line' id='line_1_148' title="bbox 2007 5863 3586 5926; baseline -0.004 0"><span class='ocrx_word' id='word_1_1031' title='bbox 2007 5881 2112 5926; x_wconf 88' lang='lat' dir='ltr'><strong>non</strong></span> <span class='ocrx_word' id='word_1_1032' title='bbox 2141 5867 2382 5924; x_wconf 85' lang='lat' dir='ltr'><strong>mutavit.</strong></span> <span class='ocrx_word' id='word_1_1033' title='bbox 2411 5866 2534 5923; x_wconf 78' lang='lat' dir='ltr'><strong>ﬂzec</strong></span> <span class='ocrx_word' id='word_1_1034' title='bbox 2552 5873 2675 5923; x_wconf 89' lang='lat' dir='ltr'><strong>sunt</strong></span> <span class='ocrx_word' id='word_1_1035' title='bbox 2704 5868 2865 5923; x_wconf 84' lang='lat' dir='ltr'><strong>verba</strong></span> <span class='ocrx_word' id='word_1_1036' title='bbox 2896 5881 3136 5923; x_wconf 83' lang='lat' dir='ltr'><strong>connexa</strong></span> <span class='ocrx_word' id='word_1_1037' title='bbox 3168 5883 3230 5922; x_wconf 82' lang='lat' dir='ltr'><strong>cx</strong></span> <span class='ocrx_word' id='word_1_1038' title='bbox 3259 5874 3383 5922; x_wconf 86' lang='lat' dir='ltr'><strong>nota</strong></span> <span class='ocrx_word' id='word_1_1039' title='bbox 3409 5875 3463 5922; x_wconf 87' lang='lat' dir='ltr'><strong>ct</strong></span> <span class='ocrx_word' id='word_1_1040' title='bbox 3486 5863 3586 5920; x_wconf 87' lang='lat' dir='ltr'><strong>ad-</strong></span> 
     </span>
    </p>
   </div>
  </div>
