4102 6348
579 409 736 482 253
765 407 949 464 Infecit
981 410 1113 464 atris
1140 410 1389 486 nubibus,

579 502 679 567 Tu,
713 517 826 572 rex,
861 503 943 558 eoi
974 505 1168 559 sideris

582 594 737 649 Vultu
767 611 959 652 sereno
990 597 1254 652 illumiua.

505 685 604 756 Tu,
635 698 835 752 sancte,
873 689 960 760 qui
991 697 1180 744 tetram
1209 689 1378 758 picem

335 775 399 833 70
581 780 826 836 Candore
858 783 1016 852 lingis
1047 783 1240 847 lacteo,

575 871 735 944 254
776 873 1065 941 Ebenoque
1090 875 1402 947 crystallum
1435 873 1583 939 facis,

574 966 774 1021 Delicta
803 977 946 1039 terge
976 969 1158 1024 livida.

503 1058 613 1112 Sub
646 1069 803 1116 nocte
837 1061 1000 1117 Jacob
1023 1063 1219 1118 czerula

575 1151 826 1208 Luctator
852 1154 1026 1209 audax
1055 1156 1228 1226 angeli

328 1238 395 1296 75
581 1245 822 1316 ansque
846 1246 968 1301 dum
1002 1249 1091 1302 lux
1115 1256 1380 1318 surgeret,

1391 288 1930 350 CATHEMERINON
1973 289 2035 343 ll.
2079 287 2490 351 MATUTINUS.

1928 420 1982 479 Δ

3497 295 3598 354 79ι

2258 407 2482 463 Sudavit
2517 408 2688 479 impar
2715 406 2978 478 pralium.

2195 499 2300 555 Sed
2327 516 2450 554 cum
2478 499 2638 570 jubar
2665 500 3013 569 claresceret,

2267 591 2530 661 Lapsante
2560 591 2783 647 claudus
2806 593 3022 662 poplite,

2264 683 2564 752 Femurque
2589 683 2760 738 victus
2788 684 2982 753 debile,

2015 777 2084 833 80
2257 777 2415 848 255
2442 775 2623 847 Culpa:
2653 778 2888 848 vigorem
2919 777 3170 849 perdidit.

2188 867 2416 924 Nutabat
2440 869 2636 940 inguen
2667 871 2931 939 saucium,

2268 962 2398 1029 Quae
2427 963 2669 1032 corporis
2700 978 2822 1033 pars
2852 964 3028 1032 vilior,

2265 1055 2552 1126 Longeque
2580 1055 2680 1111 sub
2707 1057 2885 1112 cordis
2913 1059 3032 1113 loco

2264 1147 2444 1203 Diram
2473 1147 2616 1206 fovet
2639 1147 2944 1205 libidinem.

2013 1243 2082 1300 85
2194 1241 2318 1298 Htec
2347 1258 2444 1300 nos
2472 1242 2668 1300 docent
2692 1242 2972 1315 imagines,

1615 1385 1900 1443 GLOSSIE
1943 1384 2279 1442 VETERES.

517 1525 738 1596 Dehinc,
768 1538 877 1593 post
907 1528 1238 1596 baptismum,
1267 1533 1305 1585 Ι.

513 1595 731 1669 infecit,
752 1593 1024 1669 macularit
1054 1602 1297 1669 peccatis,
1332 1599 1369 1653 Ι.

393 1665 482 1720 67.
513 1667 646 1732 Rex,
672 1665 1080 1725 Christe—Eoi
1108 1671 1322 1734 sideris,
1347 1670 1488 1733 solis,
1513 1671 1598 1738 qui
1627 1671 1688 1722 ab
1714 1668 1904 1723 oriente

321 1740 564 1798 nascitur,
601 1739 638 1792 Ι.

392 1808 480 1884 ἕξ).
515 1807 712 1884 Picetn,
748 1822 973 1882 peccata,
1004 1821 1352 1884 peccatorem,
1385 1811 1426 1865 Ι.

507 1877 771 1955 Candore,
791 1877 1016 1955 justitia,
1047 1883 1088 1938 Ι.
1121 1883 1221 1949 Qui
1251 1883 1314 1937 de
1340 1877 1592 1955 sordidis,
1633 1894 1676 1937 et
1719 1898 1900 1954 pecca-

321 1949 1010 2025 toribusjandidos'reddis,
1046 1963 1088 2007 rt
1109 1957 1306 2025 justos,
1339 1953 1456 2008 Vat.
1485 1954 1548 2006 A.

390 2021 480 2074 7i.
510 2021 820 2094 Ebenoque,
865 2027 1032 2095 arbor,
1054 2021 1334 2093 nigerrima
1383 2025 1530 2094 nigro
1569 2025 1704 2095 ligno
1737 2040 1754 2077 :
1790 2024 1901 2078 ebe-

319 2107 442 2168 num
472 2100 726 2168 estgenus
749 2097 884 2168 nigri
913 2094 1058 2166 ligni,
1085 2097 1162 2148 vel
1188 2095 1398 2168 ebenum
1429 2111 1586 2168 genus
1610 2094 1702 2168 est
1747 2095 1898 2148 arba-

317 2161 560 2237 ris,_quod
575 2161 837 2237 postquam
851 2161 1068 2220 incisum
1090 2166 1262 2234 fuerit,
1279 2175 1324 2217 et
1344 2161 1616 2237 pro'jicittt‘
1637 2166 1688 2218 in
1709 2182 1891 2233 aquas,

317 2181 411 2224 TIS,
426 2181 558 2227 quoa
575 2181 837 2232 postquam
851 2183 1068 2220 incisum
1090 2181 1262 2234 tuerit,
1279 2181 1324 2217 et
1344 2181 1570 2237 ρνομειιι
1637 2183 1688 2218 tn
1709 2182 1891 2233 aquas,

315 2231 501 2308 ibidem
539 2235 761 2308 quadam
793 2238 1146 2308 coagulatione
1172 2237 1412 2301 durescit,
1445 2247 1492 2290 et
1529 2181 1738 2306 c/ﬁcitur
1767 2238 1896 2306 lapis

318 2303 480 2376 niger,
513 2307 649 2358 unde
679 2317 852 2375 postea
881 2303 1012 2376 fiunt
1038 2310 1185 2362 utilia
1229 2303 1578 2360 instrumenta
1603 2308 1670 2360 ad
1699 2303 1894 2359 discre-

317 2373 800 2449 tionem__bonorum
858 2373 1210 2449 malorumque
1252 2395 1541 2442 munerum,
1596 2379 1634 2431 l.
1667 2377 1895 2430 Ebenunt

315 2446 624 2520 genttsuligni
651 2451 804 2518 nigri,
840 2451 975 2520 quod
997 2446 1212 2520 incisum
1238 2451 1448 2502 vertitur
1472 2450 1525 2502 in
1558 2449 1801 2516 lapidem,
1831 2465 1893 2504 ex

313 2531 414 2586 quo
444 2517 628 2571 dicitur
657 2517 818 2575 altare
850 2517 901 2574 in
945 2523 1095 2575 domo
1136 2519 1341 2573 Domini
1389 2522 1571 2586 fuisse,
1632 2520 1716 2573 ubi
1762 2520 1897 2591 ignis

1932 1529 2203 1593 Bsemper
2264 1530 2373 1578 erat
2402 1563 2418 1590 ,
2469 1521 2590 1575 Vat.
2649 1521 2717 1575 A.
2755 1551 2826 1562 —
2863 1520 3186 1593 Crystallum
3228 1561 3244 1588 ,
3304 1521 3597 1592 perspicui-

2011 1605 2186 1660 tatem,
2218 1593 2259 1648 l.

2081 1665 2170 1722 72.
2197 1664 2401 1727 Livida,
2433 1663 2666 1724 sordida,
2693 1662 2734 1717 Ι.

2081 1737 2169 1791 74.
2204 1737 2476 1797 Luctator,
2506 1750 2609 1788 non
2634 1734 2878 1798 brachiis,
2928 1736 3017 1789 sed
3054 1735 3308 1799 oratione,
3353 1743 3409 1789 ut
3450 1734 3596 1790 benc-

2009 1809 2302 1873 diceretei,
2331 1808 2368 1862 l.

2081 1879 2169 1935 75.
2207 1880 2474 1948 Eousque,
2510 1893 2700 1947 usque;
2726 1887 2923 1933 tantum
2953 1878 3213 1951 signiﬁcat
3235 1885 3477 1948 quantum
3507 1893 3596 1933 us-

2047 1968 2127 2014 ue,
2165 1953 2268 2008 lso.

2009 1970 2453 2085 quibfsgudavil,
2483 2021 2794 2088 luctabatur,
2827 2019 3097 2090 laboravit,
3134 2021 3173 2075 l-

2077 2096 2168 2150 77.
2197 2093 2383 2155 Jubar,
2411 2092 2510 2156 sol,
2541 2092 2786 2159 splendor
2815 2091 2935 2156 diei,
2969 2091 3007 2146 Ι.

2081 2164 2165 2220 79.
2200 2165 2418 2228 Femur,
2449 2163 2671 2231 ﬁgurata
2703 2163 2918 2228 locutio,
2953 2162 2993 2218 i.
3025 2179 3070 2218 e.
3100 2164 3288 2217 victum
3314 2163 3522 2220 habens.

2077 2239 2164 2291 8t).
2193 2236 2397 2304 Culpte,
2427 2235 2661 2300 luxurie,
2692 2234 2734 2290 l.

2075 2308 2166 2362 8i.
2201 2309 2420 2376 Inguen,
2459 2305 2798 2376 synecdoche.

2073 2380 2160 2434 8'2.
2196 2375 2346 2446 Qute,
2378 2375 2486 2429 ubi.
2515 2404 2585 2416 —-
2613 2375 2805 2442 Vilior,
2837 2384 2929 2441 est,
2962 2377 2998 2430 l.

2075 2450 2163 2505 85.
2192 2448 2404 2516 Cordis,
2435 2463 2632 2510 sensus,
2670 2447 2709 2500 l.

1668 2692 2216 2751 COMMENTARIUS.

384 2827 470 2882 67.
506 2828 608 2882 Pro
651 2846 740 2883 rea:
771 2830 967 2884 habent
993 2833 1082 2882 tua:
1113 2829 1291 2899 Prag.,
1332 2831 1519 2899 lloug.,
1551 2829 1797 2884 Sicliard.
1833 2830 1883 2883 iit

312 2910 588 2963 contextu,
613 2901 726 2958 Cis.
753 2902 802 2953 in
832 2902 853 2953 l
887 2900 1140 2972 editime,
1161 2902 1300 2967 quod
1329 2902 1380 2956 in
1406 2903 1599 2972 llymn.
1631 2902 1881 2954 'l‘homas.

311 2982 580 3036 repertum
611 2986 712 3025 ιιοει
750 2972 1066 3039 displicebat
1093 2971 1391 3025 Callandio.
1429 2971 1537 3040 Ego
1571 2973 1770 3025 vultum
1799 2973 1884 3026 eoi

309 3040 503 3095 sideris
532 3043 787 3112 intelligo.
845 3041 1238 3096 Cltatnillardus
1264 3043 1417 3096 aliter
1444 3043 1722 3112 distinguit
1746 3063 1755 3092 -.
1783 3042 1881 3108 Tu,

307 3127 400 3166 rex
428 3113 502 3166 eoi
527 3114 725 3175 sideris,
771 3113 924 3166 l’ultu
953 3129 1130 3166 sereno
1159 3112 1416 3167 illumina.
1449 3114 1618 3167 Minus
1645 3117 1781 3167 bene
1814 3115 1885 3166 in.

311 3189 577 3251 tet-pungit
625 3183 789 3238 editio
839 3184 1141 3238 Parmensis
1193 3201 1206 3237 :
1253 3184 1352 3248 Tu,
1392 3200 1502 3248 rex,
1552 3185 1626 3237 eoi
1683 3185 1880 3248 sideris,

1994 2828 2150 2900 stallo
2193 2827 2313 2900 vide
2350 2826 2743 2900 eumdem_lib._
2766 2843 2990 2900 κωφῇ,
3013 2842 3132 2896 cap.
3165 2828 3221 2891 9.,
3253 2836 3307 2900 et
3329 2827 3464 2883 alios
3493 2827 3583 2897 qui

1995 2897 2063 2954 de
2095 2898 2372 2952 fossilibtts
2400 2907 2579 2968 agunt.
2609 2897 2882 2953 Prudentii
2914 2897 3181 2955 sententia
3200 2914 3263 2954 ex
3294 2898 3439 2953 Isaia:
3465 2915 3580 2969 cap.

1996 2985 2032 3033 ι,
2071 2971 2157 3034 18,
2185 2970 2464 3038 desumpta
2490 2982 2592 3025 es'.
3362 2987 3376 2996 ·

2067 3041 2153 3092 7'3.
2191 3041 2293 3095 Pro
2325 3050 2457 3110 terge
2481 3042 2531 3094 iu
2567 3040 2682 3095 Vat.
2716 3043 2755 3094 Λ
2783 3051 2838 3096 et
2867 3041 3020 3095 Alex.
3054 3051 3287 3111 tergens;
3320 3041 3391 3094 ita
3416 3041 3578 3096 etiam

1999 3110 2192 3178 Bong.,
2227 3121 2282 3165 et
2312 3126 2339 3162 a
2367 3111 2598 3167 secunda
2629 3127 2788 3167 manu
2823 3112 2986 3166 Hails.
3031 3110 3238 3181 Reliqui
3278 3122 3433 3180 terge.
3461 3111 3580 3167 Vet.

1995 3182 2118 3234 eod.
2161 3183 2210 3234 in
2245 3183 2373 3235 t-dit.
2421 3182 2730 3243 Coloniens.
2780 3183 3037 3244 mendose
3087 3194 3275 3253 tegens.
3324 3184 3581 3250 Adverle,

314 3246 476 3306 Vultu
498 3246 672 3308 sereno
706 3256 964 3308 illumina.
1005 3246 1352 3309 Correclores
1389 3246 1612 3308 Romani
1649 3254 1747 3309 sub
1792 3246 1887 3308 Ur-
1917 3246 1964 3309 C
1998 3253 2297 3320 promiscae.
2330 3269 2587 3322 usurpare
2621 3253 2966 3307 Prudentium
3004 3246 3218 3321 tergere,
3252 3246 3569 3318 illuminare,

298 3325 451 3379 .bano
498 3326 607 3379 Vlll
650 3328 808 3379 alium
857 3340 1067 3380 versum
1115 3325 1493 3393 subrogarunt,
1548 3324 1624 3378 Tu
1653 3325 1888 3378 veraluz

305 3397 605 3460 cwlestium,
634 3397 774 3465 quod
810 3397 1092 3451 Ricciolius
1121 3398 1194 3451 ait
1220 3398 1321 3451 loc.
1353 3399 1446 3451 cit.
1490 3395 1678 3450 fecisse
1718 3397 1887 3450 Urba-

308 3482 436 3520 num
471 3468 602 3526 Vlll,
645 3471 765 3536 quia
808 3469 976 3536 prima
1013 3470 1062 3521 in
1100 3469 1179 3520 eoi
1226 3469 1540 3536 plerumque
1591 3467 1741 3536 longa
1781 3474 1885 3520 est.

302 3537 491 3606 Neque
512 3539 717 3593 ratione
745 3553 920 3604 neque
946 3539 1205 3606 exemplis
1240 3538 1366 3592 mihi
1415 3537 1570 3592 facile
1601 3543 1882 3607 quisquam

303 3609 669 3680 persuadebit,
707 3613 1018 3678 plerumque
1050 3610 1258 3677 longam
1287 3624 1406 3663 esse
1447 3610 1671 3680 primam
1700 3609 1761 3680 in,
1784 3610 1880 3661 eoi.

302 3679 362 3735 lu
397 3681 564 3746 prima
594 3681 827 3734 editione
859 3681 1176 3750 hymnorum
1222 3689 1584 3734 correctorum
1633 3679 1704 3733 ita
1753 3679 1885 3750 legi-

302 3750 527 3815 tur,vTu
559 3752 649 3804 lux
677 3753 750 3804 eoi
777 3753 981 3816 sideris,
1017 3752 1156 3818 quod
1197 3760 1457 3804 mutatum
1498 3761 1579 3803 est
1625 3752 1675 3803 in
1717 3749 1880 3815 aliud,

298 3821 385 3875 Tu
404 3837 521 3874 uera
548 3826 637 3875 tua:
665 3823 963 3887 cmlestiurn,
995 3822 1219 3875 fortasse
1247 3821 1314 3875 ob
1361 3822 1622 3889 majorem
1664 3821 1876 3875 clarita-

302 3902 432 3947 tem.
469 3892 571 3960 lpsi
602 3902 937 3946 correctores
964 3895 1014 3945 in
1067 3892 1379 3960 praefatione
1423 3892 1878 3958 animadvertunt,

296 3978 362 4019 se
391 3964 541 4033 plura
574 3963 856 4031 reliquisse
891 3979 1009 4030 QIRB
1047 3963 1262 4016 meliora
1309 3963 1421 4016 fieri
1466 3964 1785 4031 potuissent,
1823 3972 1884 4017 ut

296 4033 456 4099 illud,
487 4033 761 4087 Nascendo
791 4035 1008 4100 formam
1031 4033 1300 4103 sumpseris
1330 4049 1346 4086 :
1379 4048 1499 4086 nam
1529 4033 1667 4101 apud
1700 4042 1883 4100 poetas

298 4104 572 4159 nascendo
625 4106 937 4175 frequentius
983 4105 1287 4173 producitur
1318 4146 1331 4167 ,
1387 4119 1541 4175 quam
1584 4105 1878 4172 corripitur.

295 4177 416 4230 Non
449 4177 609 4245 igitur
627 4174 945 4229 mutandum
977 4183 1123 4229 esset
1162 4177 1260 4238 eoi,
1303 4174 1546 4244 quamvis
1584 4187 1766 4245 verum
1795 4188 1882 4229 es-

295 4256 404 4312 set,
437 4244 766 4316 frequentius
793 4262 820 4298 e
861 4246 1111 4314 produci,
1146 4260 1306 4312 quam
1345 4244 1571 4316 corripi.
1615 4244 1878 4300 Caeterum

296 4315 636 4372 correctores
683 4332 788 4370 non
837 4317 934 4370 sibi
979 4315 1364 4380 constiterunt,
1406 4317 1496 4384 qui
1539 4315 1754 4368 dicendo
1783 4331 1880 4384 pro

295 4389 471 4442 dicens
501 4387 847 4453 induxerunt,
873 4403 904 4441 ο
924 4397 1196 4454 correpto,
1229 4387 1494 4441 dominica
1532 4386 1596 4440 ad
1629 4400 1882 4454 vesperae

292 4459 356 4514 in
376 4459 625 4528 passione
649 4459 880 4523 Domini,
914 4457 1141 4512 Dicenda
1179 4457 1467 4511 nationibus
1509 4472 1528 4511 :
1579 4457 1824 4528 Regnavit
1848 4474 1881 4510 a

295 4527 438 4597 ligno
488 4531 644 4591 Deus,
694 4545 813 4584 cum
863 4539 1015 4584 antea
1062 4539 1225 4594 esset,
1257 4527 1477 4590 Dicens,
1507 4529 1559 4581 in
1589 4527 1879 4582 nationibus

293 4599 546 4669 Regnavit
577 4617 609 4652 a
638 4601 773 4671 ligno
804 4599 959 4656 Deus.
990 4600 1094 4655 Sed
1119 4600 1370 4668 quoniam
1401 4599 1720 4654 Prudentius
1734 4613 1876 4671 szepe

296 4683 681 4739 oposwcmum
725 4672 776 4724 in
822 4671 1093 4736 gerundiis
1131 4671 1385 4739 corripit,
1429 4671 1606 4724 obiter
1656 4670 1872 4736 notabo,

295 4757 409 4794 non
435 4756 552 4796 esse
587 4754 690 4794 tatu
723 4749 946 4805 certam,
979 4755 1136 4807 quam
1167 4743 1326 4810 vulgo
1354 4741 1601 4802 traditur,
1635 4755 1751 4793 eam
1786 4756 1874 4796 re-

291 4814 496 4882 gulam,
529 4811 654 4864 illud
685 4829 713 4864 0
748 4813 1076 4882 frequentius
1107 4811 1373 4882 produci,
1408 4812 1556 4882 quasi
1602 4811 1654 4863 id
1686 4819 1874 4864 natura

294 4880 412 4947 ipsa
447 4887 556 4937 liat.
605 4882 822 4937 Servius
850 4885 914 4934 ad
959 4881 1087 4936 illud
1130 4881 1271 4951 Virg.
1309 4880 1437 4936 Ain.
1482 4880 1574 4934 lib.
1615 4895 1684 4944 ιν,
1734 4897 1872 4938 vers.

293 4953 405 5008 415
430 4973 442 5007 :
481 4955 564 5007 lre
589 4954 772 5006 iterum
797 4955 845 5004 in
870 4955 1144 5020 lacrymas,
1169 4955 1352 5006 iterum
1372 4960 1568 5005 tentare
1595 4955 1871 5018 precando,

293 5025 429 5078 dicit
477 5025 730 5093 precando
772 5035 824 5077 et
864 5025 1118 5075 cantando
1158 5039 1221 5076 no
1251 5024 1494 5078 breviare
1529 5021 1868 5076 naturaliter.

300 5096 414 5150 Iloc
436 5097 594 5150 modo
622 5095 974 5148 Terentianus
1002 5111 1014 5146 :
1053 5093 1117 5147 Ut
1152 5096 1264 5146 vitta
1305 5093 1492 5146 dubius
1522 5093 1688 5145 varios
1723 5109 1871 5146 reno-

295 5170 463 5219 t-ando
514 5168 733 5219 dolores.
779 5165 915 5218 Infra
965 5165 1282 5218 Prudentius
1329 5164 1570 5231 corripit,
1604 5161 1874 5217 Luctando

295 5240 538 5291 claudum
573 5248 615 5290 et
642 5235 889 5288 tabidum.
916 5235 1114 5288 Omitto
1141 5234 1432 5288 Catullum.

371 5308 459 5362 69.
494 5308 749 5362 \Vcitz'us
795 5317 847 5358 et
887 5306 1159 5360 Mariettus
1207 5307 1516 5370 observant,
1571 5305 1874 5372 respexisse

298 5389 509 5447 poetam
543 5380 605 5431 ad
640 5378 764 5430 iliud
793 5377 964 5431 Ovidii
995 5376 1086 5430 lib.
1121 5392 1174 5429 ιιι
1208 5377 1272 5430 de
1301 5377 1488 5440 Ponto,
1523 5373 1874 5447 eleg.3:Setl

294 5443 454 5511 neque
480 5459 704 5501 mutatur
747 5448 891 5517 nigra
939 5450 1045 5518 pice
1089 5449 1277 5500 lacteus
1324 5448 1539 5510 humor,
1583 5443 1694 5499 Nec
1740 5447 1874 5515 quod

295 5531 404 5572 erat
433 5524 676 5584 candens,
706 5520 764 5586 ﬁt
792 5519 1116 5584 terebinthus,
1152 5518 1294 5572 ebur.
1704 5559 1727 5575 .

368 5593 457 5644 7t.
493 5591 623 5644 Vide
656 5590 911 5657 Plinium,
953 5589 1045 5643 lib.
1079 5605 1172 5652 xu,
1213 5605 1332 5657 cap.
1357 5588 1410 5645 4.
1444 5587 1676 5657 Utroque
1714 5589 1875 5644 modo

294 5661 492 5715 dicitur
517 5663 698 5714 ebenus
731 5671 783 5714 et
814 5661 1040 5724 ebenum,
1073 5671 1128 5714 et
1156 5661 1408 5715 scribitur
1433 5662 1594 5712 etiam
1626 5658 1868 5713 hebenus.

297 5733 499 5788 Plinius
527 5733 622 5796 ait,
656 5732 761 5784 duo
792 5745 909 5785 esse
939 5732 1095 5786 ebeni
1141 5747 1358 5800 genera,
1389 5731 1480 5784 sed
1512 5729 1702 5784 melius
1723 5731 1874 5786 arbo-

293 5820 439 5883 reum
467 5813 648 5868 trunco
690 5803 838 5858 euodi
881 5803 1091 5868 materia
1137 5804 1273 5873 nigri
1300 5801 1608 5874 splendoris.
1643 5801 1717 5856 De
1748 5817 1867 5874 cry-

1995 3339 2239 3391 purgare,
2273 3324 2496 3388 iit/icere,
2521 3335 2739 3387 noctem,
2767 3337 2905 3376 atras
2929 3325 3103 3388 nubes,
3133 3325 3318 3393 picem,
3342 3323 3577 3389 ebenum,

1993 3403 2050 3446 ut
2072 3393 2356 3463 significet,
2390 3410 2416 3445 a
2452 3393 2796 3462 l)t30|te«'('.1t:t
2822 3396 3014 3449 deleri.
3055 3395 3125 3447 lta
3154 3409 3312 3460 supra
3338 3408 3402 3447 ex
3425 3409 3571 3448 cont-

1994 3465 2222 3518 niunint-i
2245 3465 2474 3519 lectione
2498 3465 2629 3533 fucis
2658 3466 2791 3518 illita
2824 3466 2935 3518 luce
2959 3474 3257 3534 purgentur.

2064 3537 2150 3590 75.
2186 3536 2443 3590 Narratur
2476 3537 2588 3588 luce
2631 3536 2850 3590 historia
2894 3534 3087 3589 Cenes.
3124 3550 3241 3602 cap.
3286 3551 3452 3601 xxxii,
3481 3551 3574 3591 cn-

1983 3604 2074 3675 jus
2097 3607 2256 3660 ctibm
2291 3607 2538 3660 meminit
2564 3606 2730 3661 Oseas
2757 3622 2873 3674 cap.
2910 3622 3000 3660 xu.
3034 3605 3349 3663 Prudentius
3371 3621 3573 3675 anago-

1989 3677 2107 3745 gice
2141 3693 2258 3732 eam
2312 3679 2719 3746 interpretatur.
2755 3682 2810 3730 ὃ.
2843 3678 3156 3732 Ambrosius
3190 3676 3280 3730 lib.
3318 3691 3352 3730 ll
3383 3677 3450 3731 de
3481 3677 3574 3732 Ja-

1990 3748 2109 3814 co-b,
2139 3759 2191 3803 et
2225 3748 2338 3804 Vita
2373 3751 2522 3811 heata
2568 3764 2687 3813 cap.
2736 3751 2788 3818 7,
2840 3750 2892 3803 in
2933 3749 3092 3802 simili
3133 3748 3574 3815 interpretatione

1989 3830 2254 3874 versatur.
2297 3821 2411 3876 llnc
2435 3823 2666 3887 pertinet
2697 3821 2972 3875 Prntlentii
3003 3820 3280 3873 conclusio
3311 3834 3456 3874 vers.
3477 3821 3567 3875 90.

1988 3888 2203 3945 Teolius
2230 3892 2399 3946 edidit
2425 3893 2642 3946 ctera/ea
2670 3906 2764 3960 pro
2790 3892 2999 3958 «eruta,
3034 3891 3136 3944 nisi
3163 3893 3207 3944 si
3252 3891 3389 3945 forte
3417 3907 3567 3946 men-

1990 3961 2116 4032 dum
2146 3972 2228 4017 est
2251 3963 2710 4032 typographicnm.
2746 3962 2939 4016 Retine
2979 3962 3188 4019 aerula.
3236 3961 3374 4016 Infra
3407 3961 3570 4016 etiatn

1990 4029 2179 4100 hymn.
2211 4029 2420 4101 quinto,
2444 4029 2586 4087 vers.
2620 4035 2708 4096 Μ,
2733 4034 2934 4086 ctcrulai
2964 4033 3142 4086 noctis.

2059 4102 2146 4156 74.
2183 4102 2380 4158 Contra
2416 4105 2643 4164 Isonem,
2673 4113 2727 4157 et
2769 4104 3024 4168 brachiis,
3072 4111 3126 4156 et
3173 4103 3418 4157 oratione
3474 4119 3571 4173 pn-

1986 4187 2146 4242 guam
2179 4174 2322 4228 illam
2354 4176 2566 4236 factam,
2599 4174 2836 4242 plerique
2865 4183 3158 4244 exponunt.
3229 4243 3232 4244 ν
3264 4243 3270 4244 ί
3327 4227 3332 4231 _

2059 4245 2143 4297 75.
2172 4245 2338 4298 Aldus
2364 4244 2492 4314 legit
2521 4244 2761 4313 Eousque
2789 4247 2881 4298 tua:
2907 4252 3156 4314 surgeret,
3184 4243 3274 4298 ubi
3307 4244 3566 4300 omittitur
3633 4249 3636 4253 ’

1985 4316 2129 4369 dum.
2166 4313 2440 4370 Fabricius
2468 4327 2679 4382 separat
2708 4314 2808 4370 hoc
2829 4323 2985 4385 pacto
3020 4313 3096 4368 Eo
3121 4315 3444 4385 usquedum.
3485 4315 3569 4370 lso

1984 4386 2090 4440 alio
2123 4385 2300 4440 modo.
2365 4386 2574 4444 Poteris
2622 4387 2782 4441 etiam
2826 4384 3061 4442 Scribere
3103 4384 3184 4438 Eo
3227 4401 3383 4455 usque
3417 4386 3564 4440 dum.

1984 4455 2183 4522 Oxum,
2216 4458 2491 4525 Quousque
2516 4473 2614 4527 pro
2643 4457 2852 4512 diversa
2883 4457 3167 4526 scriptura.
3194 4456 3442 4512 Heinsius
3471 4473 3565 4512 sn-

1989 4529 2299 4596 spicabatur
2324 4527 2437 4597 an
2466 4529 2588 4582 dum
2609 4529 2698 4583 tua:
2726 4538 2975 4597 surgeret.

2056 4599 2148 4672 76.,
2176 4599 2378 4672 Legum
2404 4601 2570 4664 impar
2595 4601 2774 4672 pra:lio
2802 4601 2945 4672 Rat.,
2968 4599 3190 4672 Widtn.,
3211 4600 3400 4668 Bong,
3421 4598 3564 4663 Ald.,

1907 4640 1958 4699 Ι)
1982 4640 2785 4740 Νεὺῖἶ,“ὗὲἷῆἶ’ἰζ”ὅ,”ἰ).”ὶι’ἷιί’ξ.
2802 4640 2950 4735 ζὲἔά
2980 4640 3567 4738 ὃίξέὶἓὲυέᾏῖιὶῖιὶἔῖἑ

1981 4756 2080 4795 suo
2129 4757 2231 4796 ms.
2275 4752 2330 4796 et
2361 4743 2615 4798 Daventr.
2653 4743 2959 4797 emendavit
2985 4741 3242 4809 prmlium,
3278 4741 3418 4810 quod
3445 4755 3570 4796 con-

1983 4812 2215 4867 firmavit
2247 4813 2496 4868 lleinsius
2525 4829 2589 4868 ex
2623 4814 2732 4867 suis
2781 4822 2836 4866 et
2881 4824 3052 4881 poeta:
3092 4813 3254 4884 stylo,
3298 4813 3397 4884 qui
3423 4827 3568 4881 saepe

1979 4898 2098 4937 cum
2116 4884 2403 4939 accusandi
2427 4899 2553 4938 casu
2582 4884 2746 4937 utitur
2770 4884 2934 4938 verbo
2961 4884 3112 4949 sudo,
3140 4892 3195 4937 ut
3216 4883 3562 4946 Claudianus,

1978 4970 2095 5022 qua:
2125 4955 2306 5022 prwlia
2353 4955 2552 5007 sudas?
2589 4953 2838 5007 Proelium
2865 4954 3024 5009 etiam
3058 4955 3172 5008 Vat.
3203 4959 3242 5008 Α
3273 4964 3327 5008 et
3352 4953 3440 5008 alii
3470 4969 3568 5007 an-

1982 5024 2264 5090 tiquissimi
2297 5041 2417 5078 cum
2445 5025 2599 5080 Alex.

2056 5096 2140 5149 78.
2177 5095 2435 5166 Weitzius
2462 5096 2692 5163 coniecit
2732 5106 2785 5150 et
2828 5096 2958 5166 legit
2997 5096 3205 5149 luxante
3249 5111 3312 5150 ex
3369 5093 3564 5166 mendo

1983 5163 2033 5218 in
2069 5166 2228 5220 Cold.
2263 5165 2486 5233 laxante,
2533 5167 2672 5236 quod
2713 5163 3076 5221 exstat'etiam
3115 5167 3177 5236 in,
3210 5166 3325 5218 Vat.
3371 5169 3410 5218 Ι.
3449 5165 3562 5236 ξοδ

1982 5250 2079 5308 cur
2128 5237 2364 5302 lapsante
2412 5235 2719 5307 rejicietur,
2761 5238 2900 5308 quod
2943 5252 3130 5308 omnes
3166 5235 3397 5290 habent?
3447 5235 3560 5289 Vox

1982 5306 2100 5361 hare
2131 5308 2332 5376 Virgilii
2357 5320 2436 5362 est
2465 5306 2516 5364 in
2548 5306 2793 5364 eamdem
2823 5307 3290 5377 significationem.

2055 5381 2139 5433 80.
2165 5379 2342 5431 Dicam
2373 5382 2546 5446 potius
2578 5379 3008 5449 pertinacite,qua
3039 5378 3146 5431 Deo
3171 5377 3388 5443 restitit,
3405 5391 3563 5447 quam

1981 5449 2200 5503 luxuria:
2229 5464 2347 5504 cum
2380 5453 2550 5507 lsone.

1952 5556 1964 5560 -
2057 5521 2145 5575 8i.
2181 5521 2282 5574 Pro
2304 5523 2596 5576 coxendice
2627 5528 2858 5590 posnum
2891 5529 2971 5574 est
3003 5520 3206 5588 inguen.
3235 5517 3448 5575 Nervus
3489 5519 3566 5575 fe-

1985 5592 2151 5645 moris
2185 5601 2379 5658 tactus,
2416 5603 2470 5647 et
2499 5593 2828 5647 emarcuisse
2848 5590 3041 5644 dicitur
3067 5607 3079 5643 :
3110 5606 3302 5661 nempe
3325 5591 3415 5646 ille
3444 5606 3566 5646 ner-

1984 5677 2102 5728 vus,
2135 5663 2222 5731 qui
2254 5664 2382 5733 ligat
2412 5673 2571 5733 caput
2601 5662 2765 5727 ossis,
2789 5663 2930 5731 quod
2963 5662 3012 5716 in
3044 5661 3262 5733 cotylen
3302 5663 3417 5719 sive
3443 5677 3565 5730 ace-

1985 5734 2221 5788 tabulum
2251 5735 2528 5789 inseritur.

2057 5803 2143 5862 85.
2179 5806 2281 5862 Pro
2307 5804 2419 5861 loco
2450 5804 2589 5862 male
2619 5801 2738 5858 luco
2765 5801 2914 5876 Egm.
2957 5813 3012 5861 et
3054 5803 3162 5876 Pal,
