4102 6348
523 321 629 386 ’195

777 447 1058 505 Hominem
1090 448 1326 507 tenebris
1357 450 1613 520 obsitum,

777 542 832 600 Si
862 545 1000 600 forte
1028 559 1133 600 non
1173 543 1328 600 cedat
1367 544 1500 616 Deo,

780 636 929 691 Vires
959 635 1186 692 rebelles
1216 637 1464 707 perdere.

709 727 824 784 Erit
845 736 1022 783 tamen
1061 729 1290 801 beatior,

531 817 600 874 90
779 820 1148 890 lntemperans
1173 823 1474 882 membrum
1505 826 1594 883 cui

778 912 1055 971 Luctando
1078 916 1348 988 claudum,
1381 926 1434 974 et
1459 918 1696 976 tabidum

783 1005 906 1060 Dies
931 1007 1122 1063 oborta
1152 1008 1439 1067 invenerit.
1792 1007 1794 1009 ’

711 1097 949 1155 Tandem
982 1101 1216 1160 facessat
1240 1105 1472 1172 caecitas,

782 1194 945 1264 256
967 1193 1096 1262 Quae
1127 1204 1340 1252 nosmet
1367 1197 1418 1252 in
1451 1211 1690 1268 preceps
1719 1199 1809 1256 diu

487 1357 490 1359 Α
536 1280 607 1339 95
787 1285 992 1356 Lapsos
1019 1289 1254 1346 sinistris
1285 1291 1559 1361 gressibus

789 1380 989 1436 Errore
1007 1368 1181 1438 traxit
1203 1383 1380 1440 devio.

720 1471 844 1527 Hice
867 1473 960 1528 lux
989 1487 1241 1530 serenum
1270 1476 1530 1541 conferat,

788 1565 1065 1639 Parosque
1092 1583 1192 1624 nos
1221 1577 1443 1639 praestet
1470 1571 1593 1626 sibi.

784 1659 928 1717 Nihil
958 1663 1240 1734 loquamur
1276 1664 1585 1732 subdolum,

539 1749 642 1807 100
784 1753 1071 1811 Volvamus
1099 1758 1388 1812 obscurum
1417 1757 1571 1812 nihil.

1603 333 1879 393 AURELII
1921 338 2288 396 PRUDENTII
2326 335 2660 396 CARMINA.

2137 453 2189 519 Α

3712 345 3809 402 796

2400 459 2488 515 Sic
2515 467 2622 513 tota
2648 459 2899 514 decurrat
2927 456 3066 528 dies.

2467 551 2543 607 Ne
2566 551 2742 622 lingua
2772 551 3130 618 mendax,'ne
3153 563 3365 619 manus,

2473 645 2700 700 Oculive
2732 652 2954 714 peccent
2984 643 3202 716 lubrici,

2475 736 2555 793 Ne
2582 752 2722 794 noxa
2748 751 2946 808 corpus
2973 737 3238 809 inquinet.
3321 782 3324 784 .

2221 829 2326 886 105
2398 829 2714 900 Speculator
2738 838 2877 885 astat
2903 830 3161 901 desuper,

2471 923 2574 992 Qui
2603 937 2700 979 nos
2727 924 2916 980 diebus
2943 924 3213 992 omnibus,

2477 1017 2750 1088 Actusque
2777 1026 2995 1074 nostros
3029 1019 3287 1089 prospicit

2475 1109 2521 1164 Α
2543 1109 2664 1165 luce
2691 1109 2862 1179 prima
2889 1109 2943 1164 in
2967 1124 3275 1181 vesperum.

2405 1201 2502 1258 Hic
2534 1203 2706 1267 testis,
2737 1203 2822 1257 hic
2845 1209 2928 1258 est
2956 1202 3176 1268 arbiter,

2483 1296 2582 1352 Hic
2623 1297 2880 1362 intuetur,
2906 1295 3164 1368 quidquid
3191 1303 3295 1363 est,

2477 1391 2719 1446 Humana
2744 1390 2887 1460 quod
2918 1405 3072 1446 mens
3108 1390 3379 1460 concipit:

2481 1483 2633 1538 Hunc
2657 1497 2816 1538 nemo
2839 1483 2972 1537 fallit
2995 1482 3251 1552 iudicem.

2483 1577 2639 1648 257
2669 1576 2756 1630 Ill.
2791 1574 3071 1630 HYMNUS
3109 1573 3291 1630 ANTE
3329 1571 3558 1632 CIBUM.

2409 1668 2453 1724 Ο
2476 1667 2712 1724 Cruciter
2735 1667 2897 1731 bone,
2928 1667 3203 1736 lucisator,

2482 1760 2857 1831 Omniparens,
2889 1761 2996 1830 pie,
3026 1760 3337 1831 verbigena,

2230 1296 2337 1353 110

1841 1849 2132 1929 GLOSSIE
2172 1851 2513 1909 VETERES.

611 1939 704 1995 86.
729 1939 1009 2008 Tenebris,
1035 1945 1271 2011 peccatis,
1299 1943 1341 1999 l.

607 2011 696 2085 8?.
729 2011 785 2085 §i
818 2013 973 2085 forte,
1000 2015 1044 2068 si
1075 2016 1305 2085 fortuito,
1332 2016 1370 2069 Ι.

607 2082 696 2152 89.
730 2083 963 2152 Beatior,
995 2082 1205 2147 sc.'ille,
1237 2086 1276 2139 Ι.

609 2151 697 2224 00.
729 2151 1093 2224 Intemperans
1124 2155 1442 2223 membrum,
1477 2157 1727 2211 indomita
1759 2155 1936 2220 libido,
1970 2156 2010 2210 Ι.

613 2222 702 2278 91.
735 2222 1014 2289 Claudum,
1051 2227 1355 2290 marcidum,
1381 2227 1419 2282 l.

727 2295 872 2370 l_)ies,
903 2298 1147 2370 finiss—
1172 2298 1390 2362 Oborta,
1421 2299 1567 2370 quasi
1594 2309 1786 2365 exorta,
1823 2298 1860 2352 l.

731 2363 996 2440 EatesCat,
1031 2369 1274 2440 discedat,
1308 2363 1542 2440 facessat,
1569 2370 1609 2425 l.

607 2434 698 2507 07.
729 2436 852 2492 [hec
879 2439 994 2504 lux,
1025 2434 1272 2494 Christus.
1307 2434 1374 2480 '—
1398 2434 1680 2504 Sere’nutn,
1708 2443 2056 2507 serenitatem,
2074 2441 2114 2496 l.

610 2504 731 2581 100.
760 2507 1070 2581 Volvamus,
1105 2512 1398 2581 cogitemus,
1431 2513 1471 2580 l,
1503 2512 1622 2568 Vat.
1658 2515 1720 2568 Α.

611 2575 731 2633 101.
759 2579 902 2647 Dies,
931 2575 1064 2649 vita,
1089 2581 1128 2636 Ι.
1167 2575 1184 2581 ”
1389 2575 1395 2578 ⁷
1459 2575 1468 2580 ’
1561 2585 1564 2588 ’

2151 1949 2200 2009 Β

2302 1947 2422 2003 105.
2461 1944 2694 2009 Lubrici,
2727 1943 3010 2012 instabiles,
3035 1943 3075 1998 1.

2302 2020 2424 2074 104.
2466 2017 2638 2081 Noxa,
2671 2015 2860 2085 culpa,
2878 2017 2915 2071 l.
3130 2081 3132 2084 τ

2301 2090 2426 2144 105.
2462 2084 2799 2157 Speculator,
2832 2084 3085 2147 Christus,
3119 2085 3223 2141 lso.

2298 2163 2420 2216 108.
2447 2153 2633 2215 ΑἸυοθ
2663 2159 2852 2228 prima,
2887 2158 3132 2228 infantia.
3171 2187 3241 2197 —-
3280 2153 3335 2210 ln
3378 2167 3690 2224 veSperum,
3738 2170 3813 2208 se-

2227 2242 2446 2297 nectam,
2485 2228 2533 2284 Β

2300 2303 2421 2358 111.
2454 2302 2717 2370 Concipit,
2749 2299 3046 2367 meditatur,
3074 2300 3114 2358 l.

2295 2375 2349 2428 2.
2379 2368 2702 2443 Verbigena,
2726 2372 2872 2427 verbo
2894 2372 3080 2442 genite,
3110 2371 3152 2443 Ι2
3178 2369 3295 2423 Vat.
3322 2369 3383 2424 A.
3421 2368 3590 2443 Verbo
3618 2369 3813 2443 genite:

2225 2456 2424 2499 lattlttttt
2440 2437 2801 2506 masculinum,
2819 2437 2940 2512 quia
2962 2437 3099 2504 solus
3116 2441 3348 2496 Christus
3366 2448 3439 2496 est
3453 2437 3678 2513 genitus,
3695 2437 3809 2495 Vat.

2226 2515 2290 2570 A.
2329 2516 2494 2569 Verbo
2525 2515 2768 2588 genitura.
2799 2513 2916 2568 Vat.
2941 2513 3000 2568 Β.

1903 2673 2461 2731 COMMENTARIUS.

731 2782 1085 2858 Dissyllabum
1114 2798 1194 2844 est
1211 2791 1291 2842 cui
1321 2798 1373 2844 et
1402 2805 1494 2858 pes
1529 2790 1755 2844 iambus.

611 2850 700 2934 97?.
733 2850 1008 2934 Fabricius
1045 2859 1155 2934 ait:
1203 2850 1588 2934 Beatitudinem
1627 2863 1680 2914 in
1723 2862 2027 2914 abstinentia
2072 2870 2119 2915 et

543 2930 776 3001 castitate
797 2932 957 2993 ponit,
981 2930 1164 2999 quibus
1195 2930 1446 2984 luctamur
1478 2941 1655 2985 contra
1677 2935 2120 3001 intemperantiam

543 2994 902 3076 oclibidinem.
938 2994 1042 3053 sed
1073 3017 1174 3054 non
1200 3003 1242 3055 is
1280 3019 1424 3055 verus
1455 3013 1499 3056 et
1529 3005 1739 3074 propius
1761 2994 1922 3076 poeta:
1947 3020 2121 3076 sensus

545 3075 640 3143 est.
677 3068 758 3143 _At
785 3067 947 3143 alium
977 3086 1196 3126 sensum
1233 3087 1338 3126 non
1387 3067 1641 3142 exprimit
1679 3067 1792 3143 ipse
1820 3074 2114 3129 Fabricius.

545 3134 871 3218 Prudentius
900 3139 1149 3218 in__sacra
1197 3143 1396 3198 Littera
1443 3134 1840 3218 interpretanda
1885 3146 2115 3210 insistit,

544 3207 748 3262 scilicet
775 3214 1028 3286 vcrs._;’z_l.
1065 3214 1315 3286 Ortusque
1353 3225 1424 3269 est
1455 3217 1499 3269 ei
1522 3207 1692 3270 statim
1723 3217 1818 3279 sol,
1855 3207 2120 3286 postquam

546 3292 772 3354 egressus
801 3291 874 3334 est
905 3281 1144 3338 Phanuel
1176 3302 1192 3339 :
1223 3281 1332 3354 ipse
1374 3303 1486 3340 vero
1523 3281 1865 3341 claudicnbat.
1899 3281 2116 3342 Noctem

544 3357 602 3426 et
632 3352 883 3426 tenebras
925 3355 1178 3426 intelligit
1229 3352 1528 3426 peccatum,
1583 3360 1712 3412 solis
1766 3367 1940 3412 ortum
1991 3358 2120 3413 Jesu

543 3417 1030 3498 Christigratiam;
1079 3415 1201 3483 hinc
1222 3415 1433 3483 beatum
1465 3415 1621 3484 vocat
1664 3446 1821 3498 quem
1852 3429 2117 3492 Christus,
2151 3415 2200 3479 C

546 3490 796 3572 edomitis
817 3490 1222 3572 cupiditatibus,
1256 3500 1656 3555 illuminavcrit.
1683 3490 1816 3567 'Qua-a
1862 3490 2126 3570 interpre-

551 3569 681 3635 tatio
711 3570 1056 3635 sequentibus
1089 3572 1332 3625 versibus
1363 3573 1595 3626 maxime
1624 3569 2023 3626 eorroboratur.

621 3633 710 3689 95.
740 3633 975 3694 It‘atescat
1006 3650 1098 3694 aut
1127 3642 1329 3711 fatiscat
1356 3642 1481 3709 legit
1513 3643 1615 3710 lso,
1636 3641 1829 3696 Weitz.
1878 3639 1933 3696 ct
1963 3641 2132 3707 Wid.,

551 3704 799 3782 fatescot;
827 3713 918 3764 sed
950 3715 1001 3764 in
1028 3704 1173 3766 Wid.
1208 3727 1389 3782 supra,
1409 3704 1662 3781 facessat.
1692 3714 1805 3767 Gis.
1835 3715 1898 3765 atl
1922 3729 2070 3766 oram
2102 3704 2128 3766 1

549 3775 822 3855 editionis,
857 3781 1087 3855 fatiscas,
1109 3793 1164 3855 ct
1188 3775 1332 3855 mou,
1361 3775 1548 3836 Errare
1575 3785 1777 3837 traxisti
1808 3785 1940 3837 avio.
1971 3783 2138 3855 Geor-7

548 3847 670 3912 gius
701 3847 901 3922 lletnus
923 3847 1132 3908 videtur
1159 3852 1350 3922 legisse
1384 3859 1600 3922 fatescas
1641 3865 1730 3906 aut
1775 3859 2013 3922 facessas,
2047 3853 2138 3921 qui

551 3929 696 3991 vers.
718 3919 788 3991 04
816 3919 1095 3991 legentium
1127 3919 1308 3979 mouet
1340 3919 1529 3977 Errare
1559 3926 1712 3978 traxti
1735 3919 1980 3977 deviouln
2012 3919 2136 3978 Vat.

555 3985 594 4066 l,
631 3985 949 4066 fatiscat_.'ln
974 3994 1127 4064 Prag.
1152 4006 1206 4050 et
1237 3994 1380 4059 Rat.,
1409 3997 1631 4066 fatiscat.
1663 3996 1870 4064 Sequor
1901 3994 2037 4049 Vatt.
2069 3997 2135 4064 A,

552 4056 617 4124 0,
654 4063 972 4120 vetustiores
1009 4056 1232 4132 Heinsii,
1260 4056 1419 4129 Ald.,'
1447 4066 1610 4120 Nebr.
1662 4077 1716 4121 et
1743 4056 1898 4131 alios,
1931 4067 2022 4136 qui
2063 4056 2139 4121 le;

550 4142 679 4197 gtmt
705 4137 943 4201 facessat.

629 4204 718 4258 96.
749 4207 875 4278 Alii,
902 4208 992 4277 qui
1024 4209 1200 4277 legunt
1230 4210 1460 4278 faliscos,
1491 4219 1576 4264 aut
1608 4213 1851 4276 facessas,
1885 4207 1974 4262 hic
2001 4210 2136 4263 scri-

551 4279 686 4333 bunt
730 4277 930 4404 sgnere
991 4282 1192 4334 traxisti
1232 4277 1381 4349 avio,
1440 4289 1531 4334 aut
1584 4281 1739 4333 troxti
1791 4281 1956 4333 devio.
2006 4279 2138 4336 Vide

552 4362 693 4403 vers.
803 4389 816 4402 .
1775 4366 1778 4370 '

552 4362 693 4403 vers.
730 4350 816 4403 95.
1775 4366 1778 4370 '

629 4415 915 4485 102.llat.,
943 4437 1032 4475 nec
1062 4437 1264 4476 manus.
1300 4423 1370 4475 lta
1401 4421 1544 4476 Vatt.
1580 4422 1597 4474 l
1637 4430 1689 4475 et
1718 4420 1780 4476 P.

631 4491 753 4564 105.
802 4490 926 4564 Vat.
958 4496 1076 4564 _A,4
1104 4495 1281 4561 Egm.,
1317 4494 1505 4564 Bong.,
1557 4493 1776 4545 oculine.
1805 4491 1992 4546 Melius
2021 4492 2136 4558 alii,

559 4562 769 4615 oculive.
791 4561 922 4632 _Vat.
956 4562 1014 4626 Ρ,
1053 4579 1141 4615 nec
1165 4574 1385 4632 peccent.

632 4635 756 4686 105.
789 4630 933 4685 Hanc
963 4630 1307 4696 sententiam,
1339 4635 1478 4702 quod
1504 4634 1644 4688 Deus
1673 4634 1870 4699 ubique
1901 4649 2140 4701 praesens

558 4710 720 4758 estet
755 4703 916 4758 corda
964 4704 1221 4770 intuetur,
1262 4704 1546 4759 Christiani
1580 4705 1721 4757 omni
1758 4714 1999 4771 tempore
2030 4720 2139 4773 pra:

2139 4365 2148 4372 '
2244 4351 2426 4405 lardus
2460 4351 2559 4404 hoc
2611 4351 2730 4405 loco
2779 4351 3102 4405 allucinatur
3142 4370 3154 4404 :

2221 2799 2469 2860 gustetur.
2499 2787 2552 2842 In
2575 2788 2763 2843 codice
2792 2787 3044 2860 Ecclesiae
3070 2786 3294 2860 Hispali.
3313 2786 3502 2860 editoa
3529 2787 3808 2860 Dominico

2227 2857 2401 2929 Lopez
2423 2861 2488 2913 tle
2511 2860 2756 2922 Barrera,
2780 2874 2902 2912 can.
2926 2859 2993 2912 65
3028 2873 3091 2912 ex
3125 2859 3190 2911 lat
3215 2858 3489 2927 Carthag.:
3525 2857 3646 2912 Non
3672 2875 3817 2926 opor-

2227 2941 2315 2994 tet,
2333 2932 2540 2983 clericos
2564 2930 2638 2983 val
2670 2930 2828 2983 laicos
2858 2930 3120 3000 religiosos
3148 2938 3265 2982 ante
3296 2945 3494 2982 sacram
3518 2929 3702 2982 horam
3723 2931 3816 2983 diei

2228 3004 2436 3057 tertiam
2458 3002 2587 3054 inire
2605 3001 2853 3064 convivia,
2895 3017 3056 3070 neque
3101 3001 3379 3069 aliquando
3429 3001 3667 3065 clericos,
3717 3003 3810 3055 nisi

2229 3075 2417 3143 hymno
2440 3073 2597 3137 dicto,
2627 3074 2770 3125 edere
2797 3087 2982 3143 panem
3019 3080 3198 3142 etpost
3226 3071 3363 3125 cibos
3388 3072 3582 3141 gratias
3623 3075 3816 3126 auctori

2231 3145 2338 3198 Deo
2361 3145 2575 3213 deferre.
2614 3143 2684 3196 Ita
2721 3142 2986 3197 indicatur
3025 3143 3108 3196 hic
3139 3157 3309 3196 canon
3348 3158 3375 3194 a
3407 3143 3678 3211 Lopezio;
3727 3144 3815 3198 sed

2230 3216 2282 3269 in
2311 3217 2532 3269 Collect.
2569 3229 2714 3267 max.
2749 3213 2960 3284 conc-ill
2990 3214 3138 3281 Hisp.
3165 3213 3423 3283 Sylvcstri
3457 3215 3662 3284 Pueyo,
3697 3231 3813 3284 pag.

2235 3288 2355 3351 150,
2387 3286 2452 3340 ad
2482 3301 2650 3354 marg.
2688 3285 2898 3352 legitur,
2929 3283 3057 3338 Can.
3094 3284 3180 3346 1'2,
3212 3285 3264 3338 d.
3327 3285 3416 3338 44.
3456 3284 3522 3336 In
3572 3283 3736 3338 addit.
3772 3283 3809 3338 ⁷4

2228 3357 2460 3421 Capitul.
2492 3357 2622 3425 Reg.
2651 3357 3000 3424 Franc.,cap.
3028 3356 3096 3409 69
3127 3355 3254 3409 edit.
3298 3354 3468 3409 Paris.
3494 3373 3618 3408 ann.
3653 3357 3809 3412 1077.

2312 3430 2362 3482 1.
2399 3427 2519 3481 Ald.
2557 3429 2784 3496 primum
2807 3427 2935 3480 lucis
2956 3435 3117 3494 sator,
3153 3437 3333 3493 postea
3360 3429 3596 3481 correxit
3626 3426 3815 3480 lucisa-

2241 3510 2341 3562 tor,
2378 3500 2426 3552 in
2460 3499 2578 3553 Rat.
2612 3498 2770 3551 etiam
2808 3514 2838 3552 a
2884 3498 3056 3565 prima
3089 3514 3268 3559 manu,
3300 3499 3427 3551 lucis
3464 3509 3643 3563 sator;
3682 3498 3813 3562 PaL,

2239 3572 2366 3625 lucis
2405 3581 2600 3623 auctor.
2635 3570 2994 3633 Burmannus,
3021 3570 3113 3623 lib.
3148 3584 3202 3622 tv
3227 3567 3490 3637 Propertii
3523 3569 3659 3635 eleg.
3694 3571 3727 3623 5
3751 3570 3814 3622 ad

2239 3657 2384 3696 vers.
2416 3641 2566 3695 Lucis
2604 3649 2650 3693 et
2680 3650 2929 3704 auctores,
2964 3640 3116 3695 allert
3140 3639 3409 3694 Prudentii
3445 3640 3586 3693 hunc
3617 3641 3810 3704 locum,

2241 3724 2294 3767 et
2322 3715 2416 3778 ait,
2451 3714 2502 3766 in
2555 3712 2708 3780 Egm.
2742 3713 2842 3779 legi
2886 3712 3013 3764 lucis
3062 3720 3258 3775 auctor,
3303 3721 3358 3765 et
3404 3711 3469 3764 ad
3521 3712 3814 3780 marginem

2241 3783 2370 3838 lucis
2385 3793 2547 3839 sator.
2576 3777 2712 3836 Vera
2742 3777 2898 3837 lectio
2927 3783 3186 3847 lucisator,
3211 3797 3277 3836 ex
3310 3783 3461 3847 cujus
3489 3777 3814 3834 verbi'nmi-

2191 3905 2194 3908 .
2242 3862 2352 3908 tate
2379 3856 2500 3908 alite
2540 3853 2796 3908 lectiones
2835 3853 2980 3907 falsae
3023 3853 3252 3909 inductas
3289 3863 3432 3906 sunt.
3495 3852 3813 3906 Prudentius

2244 3927 2344 3980 hoc
2374 3925 2720 3990 vocabulum,
2753 3924 2829 3977 uti
2867 3939 2988 3978 mox
3041 3926 3383 3995 omniparens,
3437 3933 3490 3976 et
3527 3922 3815 3995 uerbigena,

2240 4005 2295 4050 et
2326 3996 2470 4065 prius
2498 3997 2733 4066 crucifer,
2785 4011 2848 4050 ex
2893 3996 3146 4062 similium
3182 3993 3501 4049 imitatione
3543 3993 3814 4066 formavit,

2241 4064 2544 4135 quanquam
2577 4064 2901 4131 omniparens
2939 4067 3184 4135 Virgilius
3211 4070 3371 4118 etiam
3399 4079 3525 4119 usus
3565 4077 3646 4119 est
3688 4064 3816 4118 Ain.

2243 4150 2316 4202 vr,
2350 4152 2490 4193 vers.
2543 4137 2669 4193 595.
2701 4137 2759 4193 S.
2798 4138 3026 4205 Prosper
3054 4139 3221 4205 cpigr.
3248 4137 3315 4191 .39
3350 4135 3555 4190 cltinxit
3598 4137 3820 4189 omnite-

2240 4225 2383 4275 nens,
2420 4219 2475 4263 et
2501 4208 2667 4278 cpigr.
2700 4207 2762 4263 61
2800 4211 3153 4262 omnicreator.

2310 4279 2366 4333 2.
2403 4277 2542 4334 Vat.
2578 4281 2643 4345 A,
2679 4279 2992 4346 omnipotens
3053 4294 3148 4348 pro
3181 4281 3520 4350 omniparens.
3573 4277 3817 4330 Chamil-

3205 4359 3361 4414 negat
3399 4350 3540 4403 enim
3593 4363 3817 4404 sensum

2241 4432 2415 4492 poeta:
2441 4435 2561 4476 esse
2608 4432 2667 4476 ut
2709 4421 2978 4494 rerbigeno
3038 4420 3550 4494 intelligatttriverbo
3594 4421 3819 4494 genitus,

2242 4491 2400 4563 atque
2429 4494 2540 4561 ipse
2569 4494 2789 4561 exponit
2820 4491 3022 4546 verbum
3067 4491 3310 4564 genitum.
3362 4493 3436 4546 Du
3477 4491 3718 4564 Cangius
3758 4492 3813 4543 in

2241 4562 2516 4619 Glassario
2541 4566 2739 4626 pariter
2767 4564 3034 4628 afﬁrmat,
3067 4562 3271 4620 lsonem
3320 4564 3461 4617 male
3498 4562 3824 4628 exposuisse

2241 4635 2389 4689 verbo
2417 4637 2666 4705 genitura,
2693 4645 2744 4690 et
2774 4636 2990 4690 adducit
3035 4651 3224 4690 versus
3254 4652 3316 4688 ex
3360 4634 3707 4688 Mantotrecto»
3749 4632 3825 4705 ad

2242 4706 2310 4760 lV
2337 4703 2466 4775 Reg.
2501 4720 2618 4775 cap.
2672 4722 2774 4760 xxv
2805 4721 2868 4761 ex
2923 4706 3213 4761 Grmcismo
3243 4722 3258 4760 :
3302 4705 3592 4759 Communis
3619 4703 3828 4772 generis

559 4773 726 4869 oculis
758 4775 1078 4855 habuerunt,
1111 4787 1164 4869 et
1195 4775 1653 4869 innecclesiastico
1683 4775 1858 4828 otﬁcio
1903 4776 2133 4869 pruden:
2161 4808 2215 4869 Β
2241 4786 2364 4869 sunt
2399 4773 2514 4849 qua:
2539 4773 2814 4862 componis
2845 4779 2906 4869 ait:
2945 4779 3066 4869 illis.
3118 4777 3314 4869 largiris
3341 4789 3650 4869 VERBIGENa,
3681 4776 3826 4842 quod

559 4847 770 4900 tissime
827 4847 1183 4902 inseruerunt.
1247 4847 1409 4902 Plura
1453 4848 1503 4900 in
1545 4861 1663 4901 eam
1697 4861 1807 4900 rem
1837 4857 2134 4916 congerunt

558 4916 1123 4984 Ouzellus,Woverus,
1151 4919 1579 4974 Elmenhorstius
1597 4918 1663 4970 ad
1679 4917 1891 4972 Minucii
1913 4919 2088 4972 locum
2117 4937 2128 4972 :

562 4989 767 5054 Quanto
831 4990 993 5060 magis
1048 4990 1186 5044 Deus
1245 5001 1424 5043 auctor
1477 4990 1705 5043 omnium
1749 5006 1809 5042 ac
1848 4991 2137 5059 speculator

559 5063 861 5126 omnium,a
888 5078 987 5130 quo
1032 5061 1230 5115 nullum
1273 5071 1432 5128 potest
1461 5078 1567 5115 esse
1611 5071 1878 5126 secretum,
1925 5062 2136 5116 tenebris

559 5133 784 5199 interest,
816 5133 1016 5186 interest
1040 5134 1431 5203 cogitationibus
1455 5133 1660 5196 nostris,
1687 5134 1834 5202 quasi
1861 5131 2036 5185 alteris
2058 5143 2135 5186 te-

558 5203 764 5257 nebris?
793 5204 915 5258 llaec
944 5206 1111 5259 nostri
1144 5213 1314 5273 poetae
1344 5204 1506 5258 verba
1540 5203 1605 5257 ab
1645 5203 2021 5271 antiquitatum
2056 5218 2138 5258 cc-

556 5275 979 5331 clesiasticarum
1006 5276 1357 5345 scriptoribus
1385 5275 1632 5345 aliisque,
1661 5276 1787 5328 dum
1832 5276 1931 5329 hoc
1982 5289 2138 5342 argu-

559 5355 800 5401 mentum
859 5355 1107 5414 tractant,
1141 5347 1369 5418 prolerri
1405 5347 1603 5412 solent,
1645 5355 1698 5400 et
1750 5345 1835 5400 vel
1874 5345 2137 5414 imprimis

559 5418 812 5472 emicant.

633 5488 765 5566 107.
791 5491 964 5566 Actus,
992 5509 1070 5557 us,
1105 5504 1203 5561 pro
1241 5490 1450 5546 actione
1480 5489 1679 5560 passim
1710 5495 1942 5566 veteres
1984 5487 2140 5544 Chri-

559 5559 716 5630 stiani
745 5561 1052 5630 scriptores.

632 5628 756 5684 108.
789 5628 1002 5686 'l‘eolius
1029 5635 1094 5689 ad
1124 5649 1296 5702 oram,
1328 5650 1356 5689 e
1385 5635 1497 5688 luce

628 5703 759 5755 Ante
786 5703 975 5758 cibum.
1008 5705 1440 5762 Christianorum
1465 5713 1620 5760 vetus
1673 5703 1759 5758 hic
1791 5716 1908 5759 mos
1937 5709 2041 5767 est,
2080 5711 2142 5757 ut

561 5781 686 5826 ante
711 5773 888 5827 orbum
917 5774 1083 5830 Deum
1133 5789 1309 5833 orent.
1354 5778 1718 5832 Tertullianus
1748 5775 1973 5843 ApOIOB-
2020 5789 2137 5842 fall-

559 5844 657 5899 39:
691 5843 797 5899 Nec
827 5843 968 5916 prius
987 5845 1338 5917 discumbitur,
1371 5866 1520 5920 quant
1551 5849 1712 5905 oratio
1733 5849 1800 5903 ad
1827 5846 1989 5900 Deum
2010 5861 2139 5921 prte-

2239 4844 2443 4904 Christo
2473 4844 2699 4902 convenit
2727 4851 2833 4902 uni.
2868 4850 2972 4903 Sed
3005 4864 3108 4903 non
3144 4844 3493 4902 dubitandum
3537 4844 3663 4913 quin
3699 4859 3827 4898 sen-

2240 4936 2332 4975 sus
2355 4930 2527 4991 poetae
2571 4921 2638 4972 sit
2687 4920 2850 4992 Verbo
2878 4917 3572 4992 genitus,_quandoqnide_m
3614 4913 3824 4992 hymno

2243 4993 2328 5052 H,
2357 4987 2499 5046 vers.
2530 4992 2613 5048 17.
2651 4990 2790 5045 idem
2823 4987 3017 5059 repetit
3055 5007 3067 5043 :
3102 4987 3184 5044 Ea:
3227 5005 3312 5042 ore
3333 4987 3604 5057 quamlibet
3646 4987 3828 5040 Patris

2243 5061 2330 5116 Sis
2359 5072 2522 5124 ortus,
2556 5072 2600 5114 et
2631 5061 2794 5115 Verbo
2815 5063 3004 5127 editus,
3030 5061 3116 5115 ubi
3147 5061 3536 5114 Chamillartlns
3559 5060 3828 5120 interpre-

2243 5143 2384 5186 tatur
2416 5150 2430 5185 :
2464 5131 2526 5184 Et
2548 5133 2949 5201 editus,quando
2985 5133 3141 5185 Pater
3169 5147 3260 5186 nos
3281 5140 3354 5184 est
3377 5130 3644 5183 allocutus.
3668 5128 3829 5201 Qua-

2243 5217 2363 5257 nam
2397 5219 2524 5258 vern
2557 5198 2766 5258 ratione
2794 5203 2957 5258 Filius
2989 5204 3157 5271 possit
3187 5203 3290 5256 dici
3332 5201 3547 5254 Verbum
3574 5198 3724 5253 verbo
3745 5214 3833 5271 ge-

2243 5276 2425 5338 nitum,
2465 5274 2761 5341 tbeologice
2801 5270 3039 5344 explicat
3077 5274 3324 5328 Petavius
3370 5272 3463 5326 lib.
3502 5287 3576 5344 vn,
3603 5284 3725 5338 cap.
3761 5270 3828 5324 8:

2246 5345 2366 5400 Non
2390 5356 2554 5400 tamen
2585 5346 2768 5398 mirum
2821 5341 3036 5409 videtur,
3060 5346 3112 5397 in
3147 5344 3281 5398 hunc
3324 5344 3531 5397 modum
3561 5341 3656 5394 ista
3706 5357 3832 5408 pro-

2249 5419 2495 5482 nuntiari,
2523 5427 2574 5469 ut
2598 5417 2709 5485 ipsa
2743 5416 2912 5469 Patris
2942 5417 3212 5484 sapientia,
3232 5431 3332 5482 qua
3371 5415 3569 5484 sapiens
3607 5420 3706 5476 est,
3733 5429 3834 5485 ap-

2250 5488 2465 5559 pelletur
2512 5483 2849 5549 Fili'us,......
2875 5487 3006 5542 illud
3047 5487 3108 5539 ab
3141 5503 3239 5540 usu
3267 5483 3522 5559 communi
3560 5483 3832 5559 remotius,

2250 5555 2396 5612 idem-
2410 5568 2458 5612 et
2487 5561 2548 5611 de
2575 5560 2707 5631 λογω
2732 5576 2763 5612 a
2792 5559 3038 5614 veteribus
3068 5557 3328 5627 usurpari,
3365 5572 3468 5631 non
3508 5555 3679 5631 solum
3699 5570 3834 5631 qua-

2252 5639 2397 5684 tenus
2425 5624 2694 5695 rationem,
2726 5632 2814 5685 sed
2838 5632 2992 5684 etiam
3020 5624 3264 5699 quatenus
3308 5628 3516 5681 verbum
3546 5624 3833 5699 significat.

2251 5701 2317 5756 Et
2359 5717 2477 5771 cap.
2532 5703 2565 5755 5
2614 5719 2760 5756 num.
2796 5703 2860 5756 5:
2898 5697 3161 5767 Siquidem
3227 5698 3448 5753 Verbum
3496 5713 3720 5771 persona?
3768 5697 3836 5750 de

2258 5770 2434 5827 Verbo
2473 5772 2652 5836 Patre,
2693 5774 2750 5826 id
2789 5783 2883 5838 est,
2930 5774 3126 5826 ratione
3159 5772 3236 5825 uel
3280 5771 3618 5842 intelligentia
3645 5770 3834 5842 oritur.

2256 5845 2510 5902 Wcitzius
2543 5845 2607 5900 ad
2631 5845 2773 5900 hunc
2806 5843 3075 5900 P'udentii
3103 5845 3278 5900 locum
3313 5840 3535 5898 citat'S.
3577 5840 3834 5911 Augusti~
