4102 6348
493 466 649 522 Edite
672 480 900 537 corpore
929 465 1196 536 virgineo:

489 559 595 614 Sed
622 559 767 627 prius
801 559 852 612 in
883 558 1141 614 Genitore
1173 567 1382 627 potens,

238 651 270 705 5
493 654 656 725 258
677 655 856 717 Astra,
881 653 1077 718 solum,
1109 665 1257 708 mare
1277 665 1436 722 quam
1472 651 1683 708 tierent.

426 745 542 800 Hoc
573 745 768 812 nitido,
801 759 1014 814 precor,
1047 745 1238 800 intuitu

497 839 678 894 Flecte
703 839 1036 894 salutiferam
1061 839 1251 895 laciem

497 931 700 986 Fronte
729 945 953 988 serenus
979 949 992 986 :
1023 940 1078 986 et
1103 931 1323 998 irradia,

486 1023 731 1079 Nominis
770 1033 828 1079 ut
866 1025 966 1081 sub
989 1025 1191 1080 honore
1217 1025 1291 1079 tui

239 1116 304 1171 l0
489 1117 596 1172 Has
625 1118 811 1187 epulas
837 1117 996 1179 liceat
1029 1132 1241 1188 copem.

419 1209 496 1265 Te
516 1209 633 1266 sine
651 1209 810 1265 dulce
843 1210 996 1276 nihil,
1027 1210 1284 1266 Domine:

490 1303 600 1358 Nec
628 1303 778 1374 juvat
806 1318 902 1358 ore
934 1303 1060 1373 quid
1087 1311 1360 1374 appetere,

487 1395 681 1450 Pocula
710 1397 762 1450 ui
794 1397 963 1466 prius,
987 1407 1147 1468 atque
1175 1397 1349 1462 cibos,

487 1489 718 1559 Christe,
747 1498 869 1546 tuus
900 1491 1050 1546 favor
1083 1491 1369 1555 imbuerit,

240 1579 309 1635 15
488 1583 678 1636 Omnia
708 1581 1076 1638 sanctiﬁcante
1103 1583 1226 1638 ﬁde.

1302 345 1840 406 CATHEMERINON
1880 346 1968 406 Ill.
2013 347 2195 406 ANTE
2235 351 2465 409 CIBUM.

1859 472 1915 533 Δ

3411 357 3516 413 798

2081 514 2086 521 .
2118 468 2340 524 Fercula
2375 478 2554 526 nostra
2587 469 2753 528 Deum
2792 471 3025 542 sapiant,

2181 559 2425 618 Christus
2449 571 2502 618 et
2530 563 2716 620 inﬁuat
2750 564 2805 620 in
2833 574 3046 635 pateras
3073 580 3086 616 :

2185 661 2359 730 Seria,
2394 663 2623 731 ludicra,
2657 665 2846 732 verba,
2866 669 3041 736 jocos,

2181 763 2419 833 Denique
2445 766 2587 836 quod
2618 781 2825 836 sumus,
2856 779 2947 825 aut
2969 769 3198 840 agimus,

1929 866 2000 922 20
2180 865 2344 920 Trina
2373 881 2608 937 superna
2637 879 2788 941 regat
2819 871 3010 940 pietas.

2105 969 2269 1040 259
2289 967 2387 1023 Hic
2416 969 2546 1024 mihi
2575 970 2717 1026 nulla
2739 987 2878 1028 rosae
2894 973 3096 1046 spolia,

2179 1072 2364 1128 Nullus
2381 1083 2622 1130 aromate
2638 1076 2834 1146 fragrat
2853 1078 2987 1134 odor
3010 1096 3024 1132 :

2101 1163 2104 1165 Α
2186 1175 2293 1231 Sed
2327 1176 2502 1246 liquor
2531 1177 2703 1233 inﬂuit
2727 1180 3051 1248 ambrosius,
3071 1247 3086 1256 κ

2180 1276 2605 1349 Nectareamque
2629 1281 2790 1336 ﬁdem
2815 1281 3021 1338 redolet

1931 1381 2002 1436 25
2183 1381 2355 1436 Fusus
2385 1381 2453 1437 ab
2482 1395 2651 1453 usque
2673 1383 2847 1439 Patris
2871 1384 3100 1454 gremio.

2107 1483 2334 1553 Sperne,
2359 1497 2626 1549 cammna,
2661 1484 2808 1540 leves
2839 1485 3086 1550 hederas,

2184 1585 2411 1657 Cingere
2438 1595 2680 1656 tempora
2711 1587 2862 1658 queis
2885 1588 3042 1645 solita
3087 1603 3165 1656 es,

1538 1674 1826 1730 ϐιοδδίΕ
1867 1677 2210 1735 VETERES.

310 1769 397 1824 H.
437 1767 636 1836 Favor,
679 1769 814 1823 laus.
856 1797 927 1808 —
975 1767 1250 1833 lmbuerit,
1303 1768 1590 1833 benedicat,
1635 1768 1822 1822 sancti.
1854 1774 1901 1834 Β

239 1839 372 1908 ﬁcet,
401 1840 438 1894 I.

315 1911 401 1965 16.
436 1911 682 1975 Fercula,
726 1926 814 1978 per
837 1908 1054 1981 idiquod
1087 1909 1331 1978 continet,
1357 1911 1410 1964 id
1433 1911 1569 1981 quod
1606 1911 1829 1966 contine-

241 1991 343 2046 tur,
371 1999 460 2048 per
485 1983 681 2050 fercula
694 1981 861 2035 cibos.
887 1980 1008 2036 Vat.
1046 1983 1110 2039 A.

315 2054 400 2106 17.
437 2054 673 2116 Pateras,
724 2067 946 2106 mensas.
995 2052 1197 2107 Patena
1241 2062 1313 2107 est
1355 2053 1488 2106 dicta
1519 2053 1815 2124 apatendo.

241 2121 432 2178 Patera
457 2141 594 2190 vero,
621 2126 657 2176 i.
685 2140 728 2177 e.
762 2140 848 2176 vas
869 2133 1046 2191 aptam
1079 2126 1300 2194 receptui
1323 2134 1490 2194 potus,
1527 2124 1564 2177 Ι.

313 2194 398 2247 18.
433 2177 603 2258 δαιτί,
630 2211 821 2247 senum.
860 2177 1066 2247 serium
1094 2205 1166 2247 est
1190 2177 1490 2259 'ltonestas,'
1518 2194 1641 2248 inde
1695 2177 1836 2249 serici

241 2266 530 2334 pluraliter,
576 2266 808 2320 honesta.
850 2295 911 2304 —
941 2263 1190 2333 Ludicra,
1235 2269 1504 2337 juvenum.
1539 2293 1609 2308 -η
1636 2266 1818 2332 locos,

185 2374 187 2376 -
241 2338 518 2400 infantum,
539 2337 577 2391 1.

314 2407 400 2462 19.
431 2407 582 2474 Quod
613 2420 820 2472 sumus,
850 2417 895 2461 et
915 2424 1027 2470 nos,
1056 2417 1102 2461 ct
1142 2418 1284 2462 actus
1313 2418 1511 2462 nostros
1561 2417 1702 2479 regat
1741 2425 1828 2462 su-

242 2495 397 2549 perna
427 2481 608 2549 pietas.
633 2510 703 2520 ——
727 2481 966 2549 Agimus,
992 2481 1232 2550 facimus,
1264 2480 1301 2534 l.

1999 1773 2089 1826 21.
2120 1772 2322 1842 Spolia,
2345 1772 2478 1825 sicut
2509 1773 2706 1842 antiqui
2725 1771 3000 1841 faciebant,
3031 1769 3073 1842 l.

2008 1841 2406 1914 c22._Aromale,
2441 1843 2536 1897 hoc
2565 1859 2743 1898 aroma
2781 1844 2906 1914 facit
2927 1844 2979 1897 in
3026 1841 3275 1912 singulari
3319 1859 3529 1900 numero

1941 1911 2275 1982 nominativo,
2300 1915 2340 1967 Ι.

2008 1987 2099 2042 25.
2134 1986 2472 2052 Ambrosius,
2504 1987 2696 2058 dulcis,
2727 1986 3056 2056 dirinus,pro
3077 1986 3250 2041 divino
3289 1985 3532 2058 ponitur;

1943 2059 2200 2111 ambrosia
2231 2068 2302 2111 est
2329 2059 2467 2111 cibus
2485 2057 2715 2123 deorum,
2740 2058 2776 2111 Ι.

2009 2127 2100 2184 24.
2126 2129 2440 2183 Nectaream
2460 2170 2474 2194 ,
2506 2146 2708 2200 puram,
2744 2131 2784 2184 Ι.

2124 2201 2204 2271 Ab
2226 2215 2416 2268 usque,
2443 2199 2666 2270 abusque
2687 2211 2734 2255 et
2754 2200 2982 2271 adusque
3001 2201 3208 2255 licenter
3229 2200 3468 2267 dicimus,
3484 2199 3527 2256 l.

2008 2271 2098 2326 26.
2131 2269 2409 2343 Cammna,
2431 2269 2672 2327 cantante
2696 2269 2936 2328 dicuntur
2974 2272 3126 2343 quasi
3152 2288 3356 2327 canente
3399 2287 3531 2325 aca-

1940 2342 2126 2396 nendo.
2160 2373 2231 2382 —
2261 2342 2428 2397 Leves
2455 2385 2470 2410 ,
2504 2359 2679 2409 vanas,
2715 2344 2814 2398 lso.

2005 2411 2093 2467 27.
2113 2413 2293 2480 Queis,
2341 2415 2541 2484 quibus,
2572 2415 2670 2470 lso.

1595 2572 2169 2630 COMMENTARIUS.

243 2682 369 2722 num
390 2667 486 2720 lib.
534 2683 582 2720 xi
618 2665 861 2726 Conles.,
913 2681 1031 2738 cap.
1085 2669 1140 2732 7,
1175 2677 1229 2722 et
1274 2666 1331 2722 S.
1387 2668 1710 2738 Cyprianum
1762 2670 1816 2722 in

245 2738 592 2806 Expositione
623 2738 885 2807 Symboli.
915 2735 1307 2792 Chamillardus
1333 2735 1552 2806 putavit,
1581 2754 1674 2792 eos
1720 2738 1820 2794 hoc

247 2809 814 2880 vocabulo-Verbigena
857 2823 981 2863 usos
1016 2809 1198 2871 fuisse,
1234 2809 1393 2878 idque
1421 2810 1644 2864 ltileuter
1675 2810 1821 2863 al‘lir—

247 2883 428 2951 mavil.
458 2885 525 2934 At
555 2896 726 2951 neque
752 2882 1100 2946 Augustinus,
1132 2895 1305 2948 neque
1344 2881 1565 2933 llullnus
1604 2881 1822 2951 Aquile-

247 2950 428 3018 iensis,
460 2951 547 3005 cui
576 2947 665 3004 il'la
697 2952 971 3020 Expositio
1020 2947 1374 3019 adjudieatur,
1427 2947 1712 3020 quidquam
1741 2952 1820 3005 af—

248 3022 423 3078 ferunt
445 3038 550 3090 quo
580 3022 854 3077 Prudentii
887 3023 1082 3076 locutio
1099 3024 1267 3090 possit
1298 3022 1593 3090 explanari,
1625 3022 1818 3077 nedum

247 3109 436 3149 vocem
461 3093 748 3163 Verbigena
779 3102 1060 3163 usurpant.
1092 3093 1324 3158 Lamius,
1350 3103 1532 3147 contra
1560 3093 1823 3148 Clericnm

1926 2685 2085 2723 ruma
2111 2680 2319 2735 DEITAS,
2339 2666 2452 2721 hinc
2472 2665 2748 2722 Prudentii
2767 2668 2926 2723 verba
2947 2683 3065 2723 cum
3092 2668 3206 2722 aliis
3229 2671 3278 2723 in
3295 2667 3528 2722 medium

1927 2739 2162 2810 protulit.
2195 2739 2510 2810 llincmarus
2544 2738 2592 2791 in
2627 2738 2760 2792 libro
2800 2739 2873 2791 De
2912 2756 3014 2793 non
3053 2741 3185 2793 trina
3216 2740 3402 2792 deitate
3435 2755 3526 2792 re-

1925 2807 2174 2877 spondet,
2206 2807 2551 2863 Prudentium
2594 2811 2748 2864 metri
2793 2813 3112 2866 necessitate
3143 2811 3343 2864 dixisse
3391 2810 3526 2863 trina

1926 2885 2107 2954 pietas,
2134 2881 2340 2954 etalibi
2371 2882 2447 2954 (in
2482 2879 2811 2954 ﬁnehymni
2841 2885 2907 2936 de
2933 2899 3068 2935 novin
3097 2880 3528 2954 lumiue_sabbati

1930 2951 2220 3022 paschalis)
2251 2952 2681 3018 numinetripliei,
2709 2952 2794 3005 vel
2847 2953 2982 3008 sicut
3017 2954 3065 3006 iu
3095 2952 3411 3022 quibusdam
3435 2967 3526 3022 eo-

1928 3020 2132 3080 dicibus
2185 3026 2264 3091 leg
2292 3033 2376 3076 tur
2429 3023 2630 3075 nomine
2688 3023 2898 3090 triplici,
2947 3035 2998 3078 et
3046 3020 3231 3079 rursus
3273 3024 3348 3092 (in
3377 3020 3526 3086 praef.

1931 3094 2282 3164 Apotheosis)
2309 3111 2322 3146 :
2351 3093 2443 3146 Est
2479 3096 2578 3146 tria
2616 3111 2813 3148 summa
2844 3094 3002 3160 Deus,
3029 3099 3218 3149 trinum
3247 3095 3522 3163 specimen.

249 3164 542 3221 defendens
568 3164 928 3226 Prudentium,
957 3165 1248 3226 existimat,
1275 3180 1393 3218 cum
1424 3165 1522 3216 hoc
1549 3164 1685 3224 loco,
1713 3173 1824 3218 tum
1930 3168 2072 3232 Quas
2097 3166 2392 3217 locutiones
2421 3166 2682 3232 improbat
2733 3167 2845 3231 ipse
2901 3168 3246 3230 llinomarns;
3280 3165 3528 3219 concedit

250 3237 452 3307 hymno
483 3237 570 3300 11,
602 3247 810 3304 poetam
843 3236 1011 3307 loqui
1061 3237 1128 3289 de
1185 3237 1418 3289 secunda
1452 3237 1823 3303 generatione,

1932 3246 2109 3292 tamen
2143 3238 2210 3288 ab
2244 3239 2468 3289 Aratore
2498 3236 2597 3287 diei
2632 3239 2767 3289 trina
2811 3247 3052 3304 potestas,
3075 3240 3264 3291 trinum
3323 3253 3528 3302 nomen,

251 3285 354 3376 qiia
383 3285 614 3361 Verbum
663 3323 788 3362 caro
832 3285 1027 3360 lactitm
1073 3317 1172 3361 est.
1211 3307 1359 3361 llauc
1405 3285 1713 3376 opinionem
1763 3285 1828 3362 eo
1855 3285 1901 3348 Ο
1938 3324 1965 3362 a
1997 3308 2260 3372 Prospero
2283 3307 2415 3358 trina
2445 3307 2704 3372 majestas,
2738 3321 2765 3358 a
2793 3285 3012 3368 Sedulip
3041 3285 3198 3361 'triua
3245 3307 3401 3375 ﬁdes,
3446 3285 3524 3376 et:

251 3381 455 3451 hymno
481 3379 539 3432 11
566 3394 628 3434 ex
641 3379 889 3451 pendam.

321 3450 376 3505 4.
413 3450 527 3503 Vat.
556 3467 690 3503 unus
718 3449 858 3517 apud
883 3449 1040 3502 Teol.
1072 3465 1280 3503 manens
1312 3465 1408 3518 pro
1430 3459 1628 3518 potens.

326 3521 414 3576 14.
449 3520 662 3576 Similes
690 3536 878 3590 preces
906 3528 1028 3574 ante
1070 3521 1247 3575 cibum
1283 3521 1552 3575 faciendas
1584 3521 1830 3588 prmscri-

251 3594 329 3649 bit
357 3593 614 3658 Origenes
646 3600 774 3645 tom.
808 3592 870 3652 ll,
905 3607 1023 3658 pag.
1057 3593 1146 3655 56,
1182 3593 1274 3646 lib.
1308 3608 1342 3646 ιι
1371 3593 1422 3645 in
1452 3593 1734 3646 Joannem.

327 3664 415 3716 15.
445 3665 495 3717 In
515 3663 715 3733 proleg.
749 3678 897 3717 num.
931 3663 1032 3716 170
1078 3664 1184 3717 dixi
1218 3664 1344 3732 quid
1369 3664 1457 3728 sit,
1493 3665 1675 3716 ()mnia
1715 3680 1832 3718 san.-

251 3736 510 3805 ctiﬁcante
539 3736 657 3802 ﬁde.

326 3807 416 3860 16.
442 3805 766 3859 Prudentius
810 3805 1049 3858 hortatur
1091 3814 1145 3857 ut
1191 3803 1387 3859 fercula
1435 3816 1615 3860 nostra
1666 3807 1831 3859 Deum

249 3879 483 3948 sapiant,
516 3885 571 3930 et
617 3877 825 3948 videtur
855 3875 1094 3948 indicare
1141 3877 1278 3941 quod
1301 3880 1386 3948 ait
1437 3880 1493 3934 S.
1535 3878 1833 3948 Cyprianus

255 3949 348 4004 lib.
377 3947 443 4002 ad
475 3948 734 4001 Donatum
766 3947 817 4000 in
848 3948 983 3999 ﬁne:
1011 3945 1166 3999 Sonat
1194 3947 1419 4016 psalmos
1451 3945 1730 4001 convivium
1753 3965 1836 4001 so-

252 4020 461 4082 brium;
489 4026 538 4072 et
562 4027 615 4070 ut
647 4019 736 4070 tibi
783 4026 936 4070 tenax
965 4019 1207 4070 memoria
1239 4030 1331 4083 est,
1368 4036 1484 4072 voce
1515 4031 1705 4071 canora
1754 4036 1838 4087 aq-

253 4091 466 4160 gredere
486 4090 580 4142 hoc
609 4105 794 4142 munus
825 4105 887 4160 ea:
909 4102 1075 4160 more:
1101 4091 1260 4156 magis
1297 4090 1624 4143 charissimos
1641 4105 1831 4159 pasces,

255 4158 298 4216 si
337 4162 401 4214 sit
430 4160 572 4214 nobis
600 4159 888 4226 spiritualis
909 4158 1124 4219 auditio,
1161 4160 1402 4226 prolect'et
1423 4178 1569 4214 aures
1598 4158 1837 4231 religiosa

255 4232 512 4286 mulcedo.
544 4231 744 4286 Similia
780 4231 975 4284 habent
1002 4231 1090 4283 alii
1124 4231 1220 4285 SS.
1259 4232 1463 4286 Patres.
1514 4235 1568 4285 Β.
1610 4233 1834 4285 Bernar-

253 4304 358 4358 dns
387 4303 478 4357 lib.
511 4318 571 4366 ιι,
603 4318 690 4371 ep.
720 4301 774 4364 2,
805 4301 964 4355 verba
996 4301 1053 4353 S.
1088 4301 1339 4371 Cypriani
1397 4319 1436 4356 a'
1471 4303 1627 4356 nobis
1677 4303 1835 4354 allata

257 4374 544 4443 protulisse
567 4372 763 4427 dicitur
793 4387 824 4426 a
866 4371 1113 4439 Weitzio,
1149 4388 1268 4442 quae
1315 4390 1414 4443 ego
1461 4375 1512 4427 in
1567 4373 1839 4428 Bernardo

256 4446 484 4500 minime
509 4446 740 4499 invenio.

329 4515 418 4571 17.
455 4517 508 4570 In
541 4515 896 4571 Miscellaneis
919 4514 1387 4570 observationibus
1426 4516 1581 4570 editis
1610 4516 1657 4568 in
1695 4519 1839 4569 vele-

259 4601 351 4642 res
376 4598 634 4641 auctores
666 4587 734 4640 ab
759 4586 982 4642 eruditis
1005 4587 1297 4650 Britannis,
1332 4598 1461 4642 tom.
1499 4587 1584 4654 lll,
1620 4587 1724 4640 vol.
1753 4602 1829 4648 Ill,

1943 3379 2093 3444 Quod
2107 3376 2327 3445 simplex
2348 3378 2588 3445 triplicet,
2611 3378 2844 3447 quodque
2865 3390 2935 3432 est
2950 3377 3274 3448 triplicabile,
3299 3375 3526 3445 simplet,

1939 3462 1989 3505 et
2020 3448 2426 3517 eXplicationem
2496 3459 2875 3514 congruentem
2933 3449 3080 3503 addit
3129 3449 3286 3504 :Ilon
3333 3455 3528 3500 tantum

1939 3523 2127 3575 dixisse
2159 3519 2406 3589 snﬁiciat,
2455 3523 2573 3589 quia
2610 3535 2804 3573 ruma!
2853 3536 3116 3574 etia'rarrzn
3172 3519 3525 3589 Prudentius,

1937 3607 2133 3648 Tnmu
2165 3587 2510 3645 roresrneu
2545 3590 2743 3653 Arator,
2773 3607 2970 3647 ramau
3013 3603 3352 3645 smesrneu
3397 3587 3530 3642 Pro-

1937 3681 2073 3731 sper,
2104 3679 2196 3732 pro
2226 3663 2452 3728 personis
2477 3661 2667 3723 Patris,
2700 3673 2744 3714 et
2797 3661 2942 3728 Filii,
2973 3675 3017 3716 et
3064 3663 3289 3731 Spiritus
3341 3661 3525 3732 sancti,

1935 3738 2021 3805 qui
2048 3731 2250 3787 relative
2289 3734 2343 3785 in
2372 3742 2544 3785 sancta
2573 3732 2815 3786 Trinitate
2856 3736 3127 3800 dicuntur,
3161 3731 3522 3786 substantialia

1937 3808 2145 3860 nomina
2220 3805 2490 3873 pietatem,
2546 3813 2884 3872 potestatem,
2941 3805 3274 3875 majestatem
3338 3817 3530 3872 [insue-

1939 3888 2082 3931 runt.
2119 3875 2249 3930 Vide
2277 3890 2414 3930 com.
2440 3891 2581 3931 vers.
2608 3877 2641 3928 2
2661 3876 2947 3947 Psycltom.
3219 3900 3230 3908 -

2007 3949 2094 4000 21.
2124 3947 2446 4014 lliequidem
2471 3957 2583 4001 erat
2613 3943 2948 4002 ethnicorum
2985 3963 3131 4013 mos;
3158 3959 3210 4002 at
3237 3943 3529 4001 Christiani

1937 4029 2149 4073 veteres
2179 4019 2314 4071 adeo
2353 4019 2420 4071 ab
2463 4020 2745 4084 unguentis
2771 4028 2823 4072 et
2881 4019 3136 4072 odoribus
3174 4022 3224 4073 in
3272 4016 3530 4071 conviviis

1939 4090 2278 4143 abstinebant
2328 4099 2383 4140 ut
2425 4089 2473 4142 ltl
2517 4091 2714 4143 ethnici
2769 4090 2895 4152 ipsis
2945 4091 3354 4153 exprol.)rarent,
3387 4086 3528 4154 quod

1939 4160 2102 4230 liquet
2124 4175 2185 4213 ex
2208 4160 2387 4212 verbis
2421 4160 2630 4213 Minucii
2685 4158 2878 4214 Felicis
2925 4179 2934 4211 :
2973 4157 3092 4213 Non
3123 4159 3334 4230 floribus
3369 4163 3532 4230 caput

1940 4229 2156 4297 nectitis,
2183 4246 2285 4304 non
2309 4230 2762 4304 corpiis_orlorib_ns
2793 4234 3071 4304 honestatis
3094 4229 3533 4304 ;’i°eser_t'ati_s_un-

1939 4311 2123 4373 guenta
2166 4299 2449 4370 funeribus.
2499 4301 2626 4373 Vide
2657 4299 2988 4355 Clementem
3043 4301 3328 4373 Alexand.,
3374 4299 3470 4352 lib.
3495 4313 3532 4373 ιι

1943 4369 2377 4444 l-‘ard.ig.'cap.8,
2411 4380 2462 4426 et
2494 4371 2550 4426 S.
2585 4371 3026 4444 Chry:-ostomum
3062 4382 3189 4427 tom.
3227 4372 3289 4434 Il,
3321 4385 3471 4444 conc.
3501 4369 3527 4424 1

1942 4446 2006 4499 de
2039 4443 2259 4497 Lazaro.
2297 4441 2399 4496 Pro
2428 4461 2556 4496 rosie
2583 4441 2738 4504 Prae.
2770 4445 2820 4497 in
2847 4460 3011 4514 marg.
3041 4462 3208 4511 rosea,
3259 4441 3419 4497 male.

2009 4516 2098 4568 '29..
2123 4516 2223 4570 Alii
2251 4516 2435 4583 flagrat
2461 4515 2538 4568 vel
2567 4516 2756 4585 fraglat
2783 4517 3043 4570 scribunt.

2011 4586 2101 4641 21.
2135 4585 2484 4656 υιαηιὺι·οπ.ἰιι
2525 4587 2743 4640 deorum
2778 4587 3044 4646 cibusest,
3069 4587 3144 4640 ita
3164 4596 3318 4656 potus
3340 4599 3527 4639 eorum

251 4672 382 4729 pag.
418 4657 540 4724 520,
589 4660 871 4726 conjicitur
912 4658 1192 4728 legendum
1234 4673 1355 4713 esse
1396 4661 1622 4726 Spiritus
1653 4661 1835 4728 influat
1867 4657 1913 4720 D
1942 4669 2131 4712 nectar.
2198 4655 2368 4711 Verba
2401 4658 2590 4728 quibus
2615 4657 2932 4712 Prudentius
2991 4655 3176 4724 utitur,
3213 4658 3376 4727 liquor
3428 4672 3537 4709 am-

255 4731 311 4783 in
343 4740 576 4798 pateras:
607 4731 699 4784 sed
732 4731 871 4784 nulla
901 4738 984 4784 est
1010 4730 1201 4786 idonea
1233 4732 1369 4784 ratio
1399 4746 1494 4785 cur
1521 4737 1672 4784 vetus
1697 4731 1836 4783 scri-

255 4808 412 4871 ptura
435 4805 731 4856 deseratur.

332 4874 422 4928 18.
451 4872 507 4926 Si
539 4872 734 4940 placet,
770 4873 836 4926 ita
863 4870 1148 4940 distingue,
1190 4880 1246 4924 ut
1277 4870 1432 4924 ludus
1471 4872 1538 4924 sit
1572 4873 1622 4924 in
1674 4871 1841 4924 aetio-

261 4944 531 5011 ne,j0cus
562 4943 614 4996 in
664 4943 874 5006 verbis;
919 4952 973 4997 et
1022 4942 1254 5010 postulat
1303 4951 1475 5009 poeta,
1520 4943 1757 4996 actiones
1788 4951 1843 4996 et

257 5015 424 5068 verba
453 5030 480 5067 a
515 5014 623 5067 Deo
649 5013 805 5080 dirigi
827 5024 932 5066 tam
965 5028 1026 5067 ea
1053 5028 1168 5080 qum
1197 5014 1260 5064 ad
1302 5014 1684 5066 continentiam
1720 5029 1838 5082 per-

259 5085 453 5150 tinent,
488 5100 644 5152 quam
693 5100 810 5152 qua:
859 5085 923 5136 ad
973 5083 1345 5151 eotrapeliam,
1397 5085 1509 5137 sive
1556 5085 1621 5136 ad
1675 5085 1840 5137 animi

258 5157 546 5224 quamdam
563 5155 933 5225 remissionem
954 5169 968 5209 :
989 5156 1054 5207 ile
1080 5169 1182 5222 qua
1205 5155 1394 5207 virtute
1416 5155 1652 5225 theologi
1672 5163 1837 5225 agunt

259 5223 384 5282 cum
418 5227 473 5281 S.
500 5226 703 5279 Thouta
733 5223 842 5280 2-2,
872 5234 1060 5290 qua'st.
1093 5226 1214 5288 168,
1250 5235 1350 5278 art.
1381 5226 1434 5277 ‘2.

332 5299 421 5351 20.
443 5298 690 5352 lleinsius
717 5312 932 5366 superne
952 5312 1044 5362 pro
1066 5311 1282 5364 superna
1311 5297 1526 5365 praefert
1549 5311 1667 5350 cum
1692 5297 1835 5364 Pnt.,

259 5368 402 5433 Alt.,
438 5369 616 5434 Egon,
649 5367 840 5435 quibus
866 5379 1125 5420 consonat
1155 5366 1328 5432 Alcm,
1371 5378 1425 5421 et
1450 5368 1726 5421 ailhzerent
1754 5385 1838 5422 re-

259 5444 532 5493 centiores
571 5439 723 5500 editi,
783 5440 902 5507 quia
951 5453 1170 5507 superne
1207 5439 1466 5507 syllabam
1514 5449 1837 5506 postremam

259 5509 504 5574 corripit.
535 5509 648 5562 Non
669 5509 893 5572 iuﬁcior,
917 5523 1034 5564 eam
1056 5509 1313 5579 syllabam
1332 5521 1666 5564 communem
1693 5525 1835 5575 esse,

256 5580 356 5635 sed
411 5583 615 5633 retineo
665 5596 883 5644 superna
927 5595 1046 5634 eum
1101 5582 1271 5641 lsone,
1309 5580 1835 5644 llinemaro,Gntlie-

255 5651 461 5714 scalco,
479 5651 851 5704 vetustissimis
888 5652 1025 5706 Vatt.
1047 5652 1108 5714 A,
1139 5652 1178 5717 Ι,
1207 5651 1268 5715 0,
1292 5650 1353 5714 Ρ,
1372 5652 1497 5706 Urb.
1520 5651 1662 5716 liat.,
1683 5651 1837 5721 Prag.

257 5721 409 5778 Διά..
429 5721 896 5787 Cis.,Weit.,aliis
915 5723 1197 5792 plerisque.
1224 5723 1425 5776 Eruditi
1467 5723 1701 5776 Britanni
1739 5725 1841 5778 loc.

251 5795 352 5850 cit.
369 5794 706 5862 suspicantur
722 5793 881 5844 deitas
909 5808 1001 5858 pro
1026 5795 1197 5862 pietas.
1227 5793 1363 5848 Nihil
1397 5794 1723 5848 mutandum.
1741 5796 1847 5850 Go-

259 5863 585 5932 tbescalcus,
614 5873 669 5918 ut
691 5863 944 5920 adversus
966 5864 1302 5922 Hiutmarum
1327 5869 1730 5937 probaretrccte
1742 5866 1846 5923 dici

1945 4730 2161 4795 brosius,
2195 4728 2404 4794 redolet,
2441 4733 2605 4798 fusus,
2659 4729 2884 4782 fortass»,
2935 4729 3156 4782 innnunt
3209 4736 3535 4798 unguentum

1945 4801 2292 4866 ambrosium,
2326 4801 2392 4853 de
2421 4816 2524 4868 quo
2555 4800 2722 4853 videri
2749 4807 2925 4868 potest
2962 4798 3315 4854 Faeeiolatus.

2017 4871 2105 4924 “25.
2139 4871 2288 4925 Solet
2311 4869 2550 4938 praeponi
2581 4886 2775 4939 usque:
2827 4869 3072 4938 Virgilius
3099 4879 3276 4926 tamen
3301 4873 3536 4941 abusque

1952 4941 2197 5011 Pachyno
2218 4942 2367 4994 dixit.

2013 5014 2103 5066 26.
2128 5013 2410 5066 Cammnas
2461 5012 2611 5077 quasi
2645 5026 2878 5067 canenas
2921 5028 2949 5066 a
2977 5013 3218 5068 ranendo
3241 5013 3340 5067 dici
3377 5011 3538 5065 tradit

1948 5084 2246 5138 Macrobius
2275 5084 2364 5135 lib.
2399 5097 2434 5135 ιι
2470 5083 2518 5135 in
2547 5085 2730 5139 Somn.
2763 5084 3160 5155 Scipion.,eap.
3190 5085 3243 5138 5.
3279 5085 3455 5155 Poetzc
3477 5097 3538 5155 es

1947 5155 2158 5208 hederis
2188 5169 2400 5223 quoque
2424 5169 2648 5208 coronas
2674 5155 2770 5208 sibi
2803 5151 3162 5224 iniponebant,
3195 5156 3317 5222 quia
3345 5151 3535 5224 Bacchi

1946 5235 2000 5281 et
2031 5227 2290 5294 Apollinis
2326 5225 2470 5292 paria
2498 5225 2852 5280 censebantur
2874 5223 3110 5280 numina.
3163 5224 3411 5278 Horatius
3440 5223 3530 5294 lib.

1945 5314 1982 5365 t,
2013 5292 2168 5352 etlel
2206 5315 2216 5349 :
2255 5295 2338 5351 Me
2366 5298 2843 5351 doctarum/talem
2888 5299 3098 5367 primulo
3147 5295 3394 5367 frontium
3445 5292 3534 5367 Dis

1946 5364 2152 5421 miscent
2181 5369 2398 5438 superis.
2433 5367 2648 5421 Ovidius
2678 5369 2765 5421 lib.
2799 5364 3005 5438 ineleg.
3062 5370 3091 5418 ti
3125 5364 3153 5416 :'
3180 5364 3351 5438 ‘Deme
3379 5364 3534 5438 Ameis

1946 5439 2158 5493 hederas
2181 5432 2418 5492 bace/rica
2442 5450 2598 5504 serta,
2627 5440 2800 5492 comis.
2827 5432 2939 5490 Ista
2960 5432 3145 5490 “decent
3173 5433 3313 5488 (ictos
3363 5433 3534 5504 felicia

1945 5511 2092 5580 signa
2121 5519 2293 5572 poetas
2323 5527 2340 5564 :
2372 5507 2707 5579 Temporibus
2735 5526 2833 5562 non
2885 5519 2955 5580 cst
3004 5515 3120 5580 apta
3149 5521 3338 5580 corona
3386 5505 3532 5580 meis.

1947 5575 2143 5636 Confer
2171 5582 2418 5637 Carolum
2444 5575 2752 5635 Paschalem
2798 5581 2864 5634 de
2922 5577 3166 5643 Coronis,
3214 5575 3343 5648 edit.
3399 5576 3534 5631 lGlO

1953 5666 2070 5722 pag.
2103 5652 2192 5718 60,
2224 5653 2317 5708 lib.
2349 5669 2387 5720 ι,
2413 5669 2534 5723 cap.
2580 5652 2663 5717 18,
2708 5652 2795 5721 qui
2840 5648 2980 5704 hunc
3030 5648 3306 5704 Prudentii
3356 5649 3532 5703 locum

1948 5738 2067 5778 cum
2084 5724 2234 5797 laude
2253 5727 2326 5797 pii
2347 5734 2506 5797 poeta:
2529 5723 2738 5797 allegat.

2017 5798 2106 5848 27.
2141 5795 2218 5849 Ex
2250 5791 2528 5851 hoc’versn
2553 5791 2742 5862 aliquis
2769 5793 3002 5862 colliget,
3033 5791 3375 5848 Prudentium
3411 5805 3531 5862 car-

1951 5865 2182 5923 minibus
2194 5868 2430 5937 profanis
2443 5859 2824 5935 componendis
2848 5859 3127 5937 indulgere
3143 5863 3377 5923 solitum.
3410 5859 3530 5917 Non
