4102 6348
820 432 982 505 260
1000 430 1257 501 Sertaque
1283 427 1505 500 mystica
1534 427 1800 499 dactylico

826 525 1031 579 Texere
1059 522 1216 576 docta
1247 520 1350 589 liga
1374 520 1633 587 strophio,

577 618 645 676 ὅθ
825 617 1003 671 Laude
1031 614 1126 671 Dei
1152 614 1397 670 redimita
1422 629 1624 669 comas.

753 710 905 777 Quod
931 723 1192 780 generosa
1224 716 1401 777 potest
1429 708 1627 773 anima,

823 802 1004 866 Lucis,
1035 810 1090 856 et
1120 800 1337 855 aetheris
1368 800 1632 871 indigena,

825 894 1049 949 Solvere
1070 892 1283 963 dignius
1322 893 1640 963 obsequium
1682 909 1694 945 :

826 987 996 1056 Quam
1022 986 1147 1041 data
1177 1002 1397 1041 munera
1420 987 1463 1040 si
1482 986 1707 1048 recinat,

578 1081 650 1139 35
827 1080 1102 1135 Artiﬁcem
1131 1080 1403 1134 modulata
1434 1079 1630 1133 suum?

757 1173 875 1243 ipse
905 1172 1104 1228 homini
1135 1173 1258 1242 quia
1279 1181 1469 1227 cuncta
1498 1170 1665 1233 dedit,

837 1266 970 1332 Qua:
989 1266 1230 1335 capimus
1257 1264 1569 1319 dominante
1598 1278 1757 1316 manu
1780 1304 1791 1323 ,

837 1360 967 1425 Qua:
997 1360 1172 1430 polus,
1195 1368 1285 1413 aut
1316 1358 1531 1423 humus,
1555 1366 1646 1412 aut
1676 1357 1895 1427 pelagus

834 1457 994 1519 Aere,
1021 1456 1248 1524 gurgite,
1274 1467 1399 1507 rure
1427 1463 1632 1514 creant,

585 1546 656 1603 40
834 1547 960 1603 llaec
978 1547 1104 1602 mihi
1128 1546 1381 1615 subdidit,
1408 1554 1461 1601 et
1491 1545 1591 1601 sibi
1626 1560 1732 1598 me.

766 1639 1003 1695 Callidus
1033 1640 1285 1709 illaqueat
1314 1639 1559 1694 volucres
1600 1662 1611 1672 -

839 1734 945 1789 Aut
967 1733 1168 1804 pedicis
1190 1733 1366 1799 dolus,
1398 1740 1493 1786 aut
1518 1730 1763 1797 maculis,

834 1829 992 1898 261
1022 1827 1156 1882 Illita
1179 1827 1382 1896 glutine
1403 1825 1640 1879 corticeo

814 1920 1022 1974 Vimina
1055 1920 1405 1989 plumigeram
1435 1917 1629 1973 seriem

581 2011 656 2068 ιδ
837 2012 1136 2084 impediunt
1160 2023 1213 2067 et
1239 2011 1389 2067 abire
1417 2019 1618 2067 vetant.

1678 309 1955 368 AURELII
1996 307 2368 370 PRUDENTII
2407 306 2737 367 CARNINA.

2188 435 2244 492 Α

3765 316 3875 371 800

2449 427 2586 482 Ecce
2618 441 2713 496 per
2735 439 2949 496 aequora
2976 426 3291 498 ﬂuctivagos

2520 521 2687 576 Texta
2714 535 2906 591 greges
2938 520 3155 577 sinuosa
3186 523 3444 578 trahunt:

2516 614 2685 669 Piscis
2723 615 2850 669 item
2882 615 3122 684 sequitur
3149 616 3434 685 calamum,

2521 707 2723 773 Raptus
2753 707 3003 763 acumine
3028 707 3300 775 vulniﬁco,

2270 800 2340 857 50
2523 798 2749 853 Credula
2780 799 2995 854 saucius
3017 814 3110 854 ora
3126 800 3270 855 cibo.

2454 890 2649 946 Fundit
2674 906 2802 960 opes
2832 906 2959 960 ager
2987 892 3249 962 ingenuas

2527 983 2685 1037 Dives
2705 982 2988 1037 aristifera:
3011 986 3210 1054 segetis

2524 1076 2641 1144 Hic,
2676 1076 2763 1130 tibi
2790 1075 2927 1132 vitea
2966 1078 3252 1148 pampineo

2529 1167 2752 1223 Brachia
2779 1169 2996 1237 palmite
3028 1169 3321 1238 luxuriant,

2276 1260 2347 1315 55
2528 1260 2679 1315 Pacis
2712 1260 2923 1315 alumna
2946 1262 3031 1315 ubi
3063 1262 3222 1317 bacca
3246 1265 3400 1320 viret.

2458 1354 2583 1409 llaec
2621 1354 2894 1425 opulentia
2925 1353 3262 1411 Christicolis

2525 1447 2725 1509 Servii,
2752 1456 2806 1501 et
2833 1449 3011 1501 omnia
3042 1449 3368 1519 suppeditat.

2528 1539 2681 1594 Absit
2709 1539 2854 1593 enim
2879 1540 3064 1611 procul
3086 1541 3179 1595 illa
3204 1540 3392 1607 fames,

2527 1632 2775 1688 Caedibus
2801 1644 2859 1687 ut
2882 1633 3146 1702 pecudum
3178 1635 3341 1690 libeat

2282 1729 2350 1783 60
2531 1730 2691 1800 262
2718 1728 3051 1798 Sanguineas
3081 1729 3323 1785 lacerare
3353 1729 3538 1800 dapes.

2461 1821 2581 1877 Sint
2605 1822 2718 1875 l’era
2748 1820 2996 1890 gentibus
3020 1819 3294 1875 indomitis

2533 1913 2761 1970 Prandia
2785 1913 2853 1969 de
2880 1928 3013 1969 nece
3033 1914 3438 1985 quadrupedum
3468 1934 3481 1970 :

2536 2007 2644 2062 Nos
2669 2007 2834 2063 oleris
2863 2021 3040 2071 coma,
3071 2021 3168 2063 nos
3196 2007 3386 2077 siliqua

1880 2099 2162 2157 GLOSSHE
2200 2100 2543 2158 VETERES.

660 2201 751 2257 28.
785 2202 1044 2272 Sertaque
1064 2201 1312 2272 mystica,
1332 2215 1540 2263 corona,
1560 2199 1577 2253 Ι
1589 2239 1600 2251 .

659 2274 751 2327 29.
789 2267 1066 2341 Str0pltio,
1093 2267 1299 2344 cingulo
1315 2286 1494 2344 aureo,
1549 2267 1836 2337 strophium
1884 2276 1955 2322 est
1983 2267 2182 2344 cingit-

590 2345 697 2398 lum
722 2357 744 2398 :
772 2339 1007 2413 strophas
1029 2346 1161 2397 enim
1179 2339 1392 2395 'dicitur
1422 2340 1597 2395 Gra'ce
1623 2349 1947 2413 convertere:
1974 2339 2091 2413 hinc
2112 2339 2187 2391 di-

590 2426 725 2468 ctum
753 2410 1056 2485 strophium,
1082 2432 1138 2469 eo
1166 2413 1300 2484 quod
1329 2430 1361 2466 a
1391 2412 1750 2485 posterioribus
1799 2410 1867 2485 ad
1924 2412 2185 2485 anteriora

589 2481 894 2541 convertitur
920 2528 934 2549 ,
983 2486 1023 2541 I.
1069 2481 1488 2556 Strophium‘est
1543 2481 1802 2554 cingulum
1846 2482 1917 2534 ita
1949 2482 2183 2556 dictum,

591 2560 729 2625 quod
754 2576 783 2611 a
804 2557 1011 2613 renibus
1039 2558 1107 2610 ad
1133 2552 1388 2611 anteriora
1414 2552 1743 2617 convertitur,
1793 2552 2002 2621 strophc
2052 2555 2185 2606 enim

591 2639 665 2683 est
686 2631 967 2696 conversio,
998 2629 1113 2683 Vat.
1149 2631 1213 2682 A.

659 2700 747 2755 50.
785 2700 1067 2765 Redimita,
1098 2700 1324 2771 ﬁgurata
1370 2697 1698 2751 constructio.
1732 2726 1800 2735 —
1841 2696 2057 2759 Comas,
2089 2712 2181 2765 per

592 2784 785 2825 comas.
809 2771 850 2825 l.
1072 2780 1073 2783 ‘

664 2813 1080 2906 :,Cenerosa,
1112 2840 1296 2894 nobilis
1316 2858 1345 2891 a
1373 2838 1479 2892 Deo
1503 2848 1694 2905 creata,
1721 2838 1824 2893 lso.

664 2912 757 2968 32.
788 2912 1056 2983 lndigena,
1086 2909 1418 2983 incola._lso.

667 2984 757 3039 3b.
794 2980 945 3048 Data,
970 3000 1044 3037 sc.
1085 2983 1179 3036 sibi
1208 3000 1239 3035 a
1262 2980 1503 3046 Domino,
1531 2980 1571 3033 1.

666 3054 757 3109 35.
790 3055 1087 3116 Artilicem,
1124 3053 1405 3119 Christum,
1433 3052 1472 3105 1.

666 3124 756 3180 36.
784 3126 919 3194 Ipse,
949 3126 1157 3195 artifex,
1184 3124 1223 3178 l.

666 3198 753 3254 39.
787 3198 945 3263 Aere,
980 3198 1032 3249 in
1059 3213 1172 3250 aere
1191 3238 1205 3260 ,
1234 3195 1275 3249 Ι.

670 3266 757 3325 40.
811 3269 937 3338 Haec
985 3268 1134 3334 mihi,
1194 3267 1429 3338 potestati
1467 3264 1687 3338 hominis
1739 3264 1966 3318 subdidit
2016 3265 2186 3318 omnia

595 3347 788 3404 creata,
811 3351 860 3394 et
888 3337 1145 3392 hominem
1174 3337 1400 3392 subdidit
1423 3337 1516 3391 sibi
1542 3378 1558 3403 ,
1590 3337 1627 3390 Ι.

665 3410 759 3465 41.
787 3410 1047 3481 Callidus,
1075 3411 1389 3481 ingeniosus,
1425 3409 1463 3463 Ι.

666 3480 1021 3546 42.1’edicis,
1071 3479 1262 3549 pedica:
1311 3488 1429 3534 sunt
1470 3479 1830 3547 impedimenta
1885 3494 2183 3548 grcssuum;

597 3554 872 3678 pidicalest
902 3554 1108 3623 laqueus
1137 3569 1235 3622 quo
1284 3568 1397 3605 aves
1422 3552 1709 3619 capiuntur.
1735 3581 1805 3589 ——-
1838 3550 2075 3615 Maculis,
2105 3566 2186 3603 re-

598 3634 632 3676 tt
671 3640 751 3678 us.
810 3664 824 3678 .

598 3624 751 3695 tibus,
784 3624 824 3678 Ι.

2361 2199 2451 2252 43.
2485 2195 2721 2262 Glutinc,
2752 2213 2814 2250 ae
2836 2205 3021 2251 cortice
3046 2196 3217 2267 gluten
3256 2196 3487 2266 eﬂicitur,
3526 2196 3565 2252 I.

2360 2267 2454 2341 44.
2486 2268 2718 2341 Ennius,
2745 2268 2986 2341 virgulta,
3020 2268 3069 2322 l.'

2364 2339 2453 2395 46.
2488 2338 2844 2411 Flucdvagos,
2879 2356 2979 2411 per
2998 2342 3188 2409 ﬂuctus
3208 2348 3467 2411 vagantes,
3487 2340 3531 2394 l.

2363 2411 2451 2464 47.
2485 2410 2677 2474 Texta,
2702 2412 2845 2474 retia,
2878 2410 2917 2464 I.

2363 2483 2451 2537 48.
2474 2482 2773 2547 Calamam,
2813 2484 3039 2549 hamum,
3075 2480 3114 2535 Ι.

2365 2553 2451 2607 50.
2477 2553 2729 2625 Credula,
2802 2554 2887 2622 qui
2950 2552 3186 2606 credidit.
3234 2552 3607 2625 —Saucius,
3664 2558 3887 2614 sauciata

2296 2627 2503 2688 habens,
2539 2624 2577 2679 l.
3150 2686 3154 2690 ~

2365 2698 2453 2753 5i.
2483 2697 2763 2764 lugenuas,
2795 2696 3020 2760 innatas,
3055 2696 3270 2757 nobiles,
3291 2696 3327 2751 l.

2363 2767 2453 2822 53.
2483 2769 2596 2830 llic,
2644 2768 2696 2820 in
2726 2768 2822 2821 isto
2845 2769 2975 2831 loco,
3010 2767 3091 2819 ubi
3135 2784 3255 2837 ager
3272 2780 3361 2831 est,
3394 2769 3433 2821 1.

2367 2840 2455 2894 54.
2480 2839 2796 2903 Luxuriam,
2817 2838 3098 2902 abundant,
3128 2839 3165 2892 Ι.

2365 2912 2455 2966 55.
2493 2911 2661 2975 Pacis,
2703 2910 3054 2979 insignepacis
3086 2910 3341 2979 ferebatur
3361 2912 3652 2978 antiquitus
3674 2916 3880 2978 oliraJ.

2364 2983 2452 3036 57.
2479 2980 2694 3058 Quintia,
2729 2996 2787 3033 ea
2838 2983 3241 3058 n_ecessaria..A-—
3270 2981 3610 3058 suppeditat,
3641 2986 3881 3058 subjicit:

2293 3055 2560 3123 suppedito
2588 3052 2662 3105 vel
2679 3053 2973 3119 suppeditor
2994 3052 3617 3123 signiﬁcatsubministra,
3647 3052 3883 3113 rel'auxi-

2295 3124 2416 3189 lior,
2446 3118 2579 3177 unde
2608 3123 2897 3194 suppetium
2923 3118 3107 3176 natura
3134 3118 3151 3187 ζ
3182 3124 3299 3175 inde
3322 3126 3474 3177 etiam
3504 3118 3760 3192 pluralem
3810 3132 3882 3183 le-

2291 3196 2481 3264 gimus,
2512 3204 2566 3248 ut
2619 3204 2789 3248 nostra
2838 3196 2882 3247 ei
2905 3196 3007 3246 sint
3061 3197 3314 3263 suppetia,
3347 3197 3382 3249 i.
3442 3212 3487 3247 c.
3519 3198 3743 3254 auxilia.

2364 3267 2451 3322 58.
2480 3265 2656 3331 Absit,
2678 3266 2824 3333 longe
2853 3282 2884 3317 a
2912 3264 3263 3325 Christicolis,
3301 3266 3341 3319 Ι.

2363 3338 2451 3410 lii.
2479 3336 2635 3401 Fera,
2669 3337 2921 3410 silvatica,
2950 3347 3287 3410 extranea.—-
3318 3336 3622 3406 Indomitis,
3644 3358 3760 3410 qua:
3785 3359 3885 3395 non

2290 3409 2473 3463 habent
2496 3410 2685 3478 jugum
2707 3404 3124 3468 Christianitatis.
3154 3408 3193 3460 l.

2361 3480 2452 3554 63.
2480 3478 2703 3554 Siliqua,
2737 3480 2918 3554 vagina
2958 3479 3249 3554 leguminis.
3294 3478 3651 3554 Demonstrat,
3677 3485 3885 3554 siliquas

2290 3567 2397 3604 esse
2426 3551 2595 3620 folles,
2624 3552 2699 3603 vel
2716 3550 2885 3602 thecas
2916 3566 3022 3603 esse
3065 3551 3293 3603 omnium
3344 3552 3660 3621 leguminum
3685 3596 3699 3619 ,
3755 3550 3886 3608 unde

2303 3621 2511 3694 Virgil.,
2536 3621 2742 3689 Siliqua
2779 3631 3072 3691 quassante,
3100 3624 3139 3675 i.
3170 3639 3215 3676 e.
3249 3634 3547 3687 resonante,
3585 3624 3599 3676 1

1935 3734 2505 3793 COMMENTARIUS.

600 3834 673 3901 ita
701 3831 911 3901 judico,
946 3828 1077 3884 Nam
1111 3830 1311 3901 poesim
1337 3830 1584 3883 universe
1599 3828 1907 3901 alloquitur,
1932 3838 1989 3882 ut
2012 3831 2187 3897 potius

601 3897 909 3958 Deivlaudes
930 3916 1086 3970 quam
1114 3897 1216 3954 alia
1270 3901 1445 3966 inepta
1504 3910 1678 3954 canat.
1724 3897 1836 3954 ’Adi
1892 3901 2183 3970 prolegom.

600 3990 748 4028 num.
778 3973 865 4029 65.
897 3973 1171 4027 Nonuemo
1238 3971 1306 4026 ita
1337 3971 1569 4037 eisplicat
1603 3987 1616 4025 :
1673 3970 1716 4023 Ο
1764 3972 2015 4025 Camceua
2045 3989 2185 4039 mea,

598 4045 754 4100 docta
774 4053 962 4099 texere
994 4054 1134 4098 serta
1182 4043 1427 4113 mystica,
1481 4042 1631 4110 queis
1678 4044 1833 4096 δοὶειίι
1866 4059 1924 4095 es
1973 4043 2188 4111 cingere

600 4126 861 4186 tempora,
894 4131 1044 4186 nunc,
1079 4114 1177 4185 liga
1209 4112 1270 4168 ea
1293 4114 1534 4186 strepltiu
1566 4112 1849 4183 dactylicti.
1891 4113 2019 4168 Nam
2053 4115 2184 4169 alias

599 4185 856 4258 ligaverat
884 4185 1122 4258 Sll‘OphiQ
1150 4185 1394 4258 iambico,
1441 4186 1837 4253 sappltii:o,ctc.

670 4258 783 4313 Hoc
811 4258 927 4312 loco
952 4256 1235 4328 strephium
1266 4256 1499 4325 intellige
1528 4272 1780 4328 coronam
1813 4273 1933 4310 cum
1965 4256 2182 4313 Nebris-

599 4331 745 4385 sensi
774 4347 785 4381 :
819 4338 902 4384 est
927 4326 1070 4383 enim
1098 4328 1396 4396 strotiltium
1448 4326 1703 4397 quidquid
1753 4332 2188 4383 circuutllectitur

600 4409 653 4453 et
679 4400 842 4469 cingit
875 4440 890 4463 ,
941 4408 997 4452 ut
1043 4414 1261 4463 corona,
1332 4398 1622 4467 Cingulum.
1685 4398 1884 4452 Plinius
1936 4398 2027 4453 lih.
2070 4415 2183 4461 XXI,

600 4468 937 4523 Tenuioribus
964 4468 1231 4541 utebantur
1252 4470 1448 4538 antiqui
1470 4471 1688 4541 coronis,
1719 4485 1972 4523 STllOI’lllA
2014 4473 2189 4541 appel-

603 4541 798 4611 (antes.
813 4541 1013 4594 Sensus
1036 4550 1114 4593 est
1146 4556 1159 4592 :
1190 4539 1449 4611 Canusina,
1475 4540 1624 4611 doctu
1681 4550 1847 4593 terere
1901 4539 2054 4593 serta
2084 4558 2192 4611 my-

600 4612 748 4675 stica,
781 4609 884 4679 liga
908 4620 1133 4673 tempora
1162 4610 1391 4676 strOphio
1414 4610 1684 4678 dactylico,
1716 4611 1835 4678 quia
1854 4626 2067 4665 carmen
2093 4609 2194 4666 huc

603 4693 683 4736 est
708 4657 1053 4750 d’atzts'licun'i.
1086 4682 1155 4733 Ita
1194 4657 1303 4733 leti:
1357 4657 1744 4747 interp‘i‘ctatitrI
1775 4657 2193 4745 Chamillardus:
2218 4657 2275 4719 Β

605 4755 703 4806 ηἰςί
746 4754 885 4822 quod
930 4752 1109 4815 addit,
1140 4750 1183 4804 0
1211 4768 1322 4805 mea
1363 4768 1539 4815 musa,
1587 4751 1724 4819 quod
1775 4752 1901 4805 mihi
1937 4769 2041 4806 non
2071 4769 2192 4822 pro-

604 4824 745 4876 bultti
765 4861 779 4874 .

672 4894 761 4949 3i.
817 4895 923 4947 llos
977 4894 1107 4948 duos
1149 4909 1333 4949 versus
1396 4895 1464 4947 ita
1524 4893 1849 4964 interpnngit
1901 4894 2187 4963 Gisclinus,

606 4968 767 5031 Quam
796 4966 918 5018 data
934 4982 1162 5026 munera,
1186 4967 1229 5018 si
1250 4967 1436 5018 recinat
1455 4966 1711 5035 Artiﬁcem
1736 4966 1997 5019 modulata
2010 4983 2156 5019 suunt
2173 5008 2188 5023 .

598 5056 667 5103 qn
709 5047 1073 5105 insequuntur
1108 5038 1313 5100 licius,
1335 5036 1565 5100 Chamil.
1583 5045 1635 5089 el
1653 5037 1764 5089 alii.
1792 5037 1978 5091 Melius
1998 5037 2189 5105 Aldus,

604 5110 765 5171 Quam
817 5111 939 5161 data
1013 5123 1222 5160 munera
1262 5110 1303 5159 si
1376 5106 1568 5158 recinat
1624 5108 1882 5171 Artificem
1922 5109 2189 5162 modulata

602 5197 769 5245 suum,
803 5194 886 5231 aut
909 5221 922 5242 ,
949 5187 1004 5231 ut
1041 5194 1134 5230 nos
1161 5178 1516 5243 distinximus,
1544 5192 1757 5231 sensum
1799 5181 1996 5236 seettti;
2027 5196 2184 5247 quam

599 5252 991 5306 distinetionetu
1013 5251 1226 5303 exhihet
1244 5249 1404 5302 etiam
1428 5248 1577 5303 'l‘col.
1599 5289 1613 5311 ,
1637 5249 1730 5301 sed
1755 5248 1805 5301 in
1827 5258 1969 5303 textu
1988 5251 2187 5304 omissa

603 5334 681 5372 est
717 5325 913 5389 vtrgnlu
949 5329 1068 5391 pust
1098 5320 1308 5385 recinat,
1338 5336 1456 5387 qua:
1489 5322 1539 5372 itt
1567 5328 1687 5371 nuta
1717 5332 1958 5390 apparet.

672 5394 759 5446 56.
794 5394 974 5461 Prag.,
999 5393 1085 5461 qui
1127 5406 1221 5459 pro
1249 5392 1389 5460 quia,
1423 5392 1581 5444 male.

673 5465 762 5517 M.
794 5460 931 5533 Lege
958 5460 1224 5517 Manilium
1257 5462 1351 5516 lib.
1392 5478 1416 5517 v
1439 5461 1506 5517 de
1560 5460 1779 5517 Artibus
1823 5463 2070 5519 volucres
2106 5464 2187 5534 pi-

603 5547 826 5605 spesque
838 5552 908 5605 ica
918 5536 1091 5605 pietttli
1103 5576 1115 5589 .
1437 5590 1440 5592 η

674 5602 763 5657 42.
796 5602 1027 5660 Macatus
1080 5621 1178 5675 pro
1201 5605 1330 5661 retis
1386 5605 1735 5661 foraminibus
1782 5607 2055 5677 usurpavit
2099 5605 2188 5660 Ci-

603 5689 730 5730 cero
751 5692 765 5728 :
790 5678 910 5729 hinc
936 5678 1150 5746 llispani
1174 5677 1357 5731 mullus
1378 5677 1563 5732 dicunt
1589 5679 1727 5747 quod
1746 5677 1907 5732 Nebr.
1933 5679 2197 5743 observa-A

605 5747 700 5800 vit.
725 5747 827 5802 Pro
862 5751 955 5801 reti
977 5751 1261 5818 aliquando
1278 5749 1523 5816 sumitur,
1546 5759 1602 5803 ut
1627 5749 1763 5817 apud
1784 5748 2076 5803 Varronem
2093 5748 2182 5803 lib.

608 5830 663 5877 th
677 5818 743 5876 de
760 5820 837 5876 Re
854 5821 1066 5893 rustica,
1087 5822 1269 5890 cap.“
1289 5864 1301 5887 ,
1319 5832 1370 5876 et
1394 5823 1493 5876 hoc
1510 5824 1627 5878 loco
1645 5823 1783 5892 apud
1810 5819 2200 5894 Prudentium.

2365 3830 2457 3906 44.
2490 3828 2655 3906 Hails.
2686 3830 2842 3885 habet
2870 3829 3215 3900 plumigenain
3257 3847 3353 3897 pro
3394 3834 3737 3906 plumigeram.
3774 3835 3889 3891 Ne-

2292 3901 2462 3956 brissa
2487 3904 2668 3954 seriem
2690 3912 2909 3968 eXpoutt
2936 3916 3080 3958 aves.
3110 3918 3229 3969 qua:
3252 3905 3535 3971 gregatim,
3558 3901 3632 3959 'et
3653 3923 3716 3961 cx
3747 3908 3891 3963 serie

2294 3974 2496 4040 volant,
2531 3972 2865 4041 sicutgrues.
2900 3972 3123 4038 lntelligi
3155 3977 3315 4027 etiam
3369 3986 3548 4043 potest
3599 3980 3882 4032 multitudo

2292 4044 2879 4120 quarutnlibctavium,
2904 4053 2994 4097 aut
3024 4044 3342 4112 simpliciter
3395 4049 3567 4101 series
3597 4048 3888 4120 plumigera

2291 4125 2373 4169 Bst
2402 4130 2572 4183 genus
2594 4115 2894 4169 volucrum.

2360 4186 2451 4241 48.
2484 4185 2722 4240 Calamus
2774 4195 2857 4239 est
2886 4186 3111 4254 arundo,
3137 4202 3238 4255 qua
3272 4188 3500 4243 ll‘nllilUt‘
3532 4192 3726 4257 piscis:
3770 4210 3891 4246 actio

2293 4274 2408 4310 men
2432 4258 2735 4332 vulnificum
2790 4268 2871 4311 cst
2930 4257 3137 4332 hamus.
3189 4256 3700 4332 Prudetttius’saape
3726 4270 3892 4319 utitur

2294 4328 2740 4401 vocabttlorterta,
2769 4339 2826 4383 ut
2852 4338 2988 4381 texta
3021 4329 3178 4394 linea,
3209 4331 3405 4398 spinea,
3435 4328 3725 4401 squamosa.

2368 4399 2732 4453 51.Nelirissa
2816 4400 3197 4472 interpretatur
3251 4399 3518 4470 ingenuas,
3580 4421 3705 4472 quas
3753 4407 3894 4459 decet

2298 4470 2524 4524 homines
2549 4474 2793 4542 ingenuos
2845 4471 3044 4523 esitare.
3081 4470 3183 4525 Sed
3226 4472 3499 4539 ingenuum
3521 4470 3600 4528 est
3629 4478 3893 4542 nativum,

2301 4543 2596 4609 pr0prium,
2634 4556 2738 4594 non
2785 4552 2898 4595 arte
2955 4553 3226 4609 paratum;
3282 4543 3358 4596 sic
3415 4543 3693 4600 Lucretius
3750 4548 3896 4603 lib.t

2299 4613 2503 4685 ingenui
2535 4617 2718 4683 fontes,
2756 4612 3026 4685 Ausonius
3076 4614 3347 4681 ingenuam
3376 4626 3590 4685 aquam,
3612 4616 3896 4673 Juvenalis

2300 4683 2578 4750 ingenuum
2602 4686 2813 4752 taphum
2838 4683 3111 4737 dixerunt.

2368 4757 2455 4807 57.
2481 4755 2649 4823 Aliqui
2669 4758 3101 4826 suppetiasarum
3124 4754 3365 4809 derivant
3381 4771 3409 4809 a
3424 4767 3652 4826 suppeto,
3671 4762 3896 4815 latenter

2297 4836 2432 4895 peto,
2455 4835 2509 4880 et
2534 4827 2801 4896 suppedito
2822 4843 2850 4878 a
2875 4825 3091 4893 subjicio
3138 4826 3369 4894 pedibus.
3396 4828 3528 4882 llittc
3556 4831 3729 4897 glossa
3781 4833 3898 4887 Iso-

2298 4898 2378 4950 nis
2421 4898 2729 4968 suppeditat,
2761 4898 2986 4967 subjicit.
3041 4897 3206 4950 Aldus
3254 4913 3350 4966 pro
3399 4902 3682 4970 suppeditat
3724 4902 3899 4960 habet

2296 4972 2644 5037 suppeditant,
2672 4970 2949 5022 mendose.

2369 5040 2457 5093 58.
2488 5040 2603 5106 Quo
2635 5055 2795 5095 sensu
2840 5039 3157 5093 Prudentius
3208 5039 3323 5093 haec
3382 5042 3446 5095 de
3508 5042 3896 5100 abstinentia:

2299 5111 2547 5233 fantibus
2577 5108 2977 5233 quadrupedum
3012 5111 3336 5178 pronuntiet,
3381 5113 3608 5168 disserui
3674 5115 3724 5167 in
3763 5133 3899 5186 pro-

2319 5197 2403 5233 ca.
2433 5197 2548 5233 can.
2620 5184 2672 5233 ti.

2319 5197 2403 5249 eg.
2433 5197 2548 5249 cap.
2586 5184 2672 5237 16.

2371 5253 2458 5309 62.
2485 5253 2740 5309 Scribant
2777 5253 3147 5323 quadripedum
3197 5252 3377 5307 Hcins.
3434 5264 3488 5310 et
3535 5256 3749 5320 Chatn.,
3795 5259 3901 5316 nisi

2298 5326 2548 5378 mendum
2577 5333 2658 5378 cst
2704 5324 3005 5393 utrobique.

2368 5396 2456 5450 63.
2492 5395 2654 5449 Cibus
2687 5395 2771 5450 hic
2821 5395 3130 5463 designatur
3184 5394 3354 5464 plebis
3403 5397 3617 5453 inﬁmae.
3675 5400 3901 5456 Persius

2297 5474 2395 5519 sat.
2432 5465 2482 5527 3,
2516 5466 2714 5533 siliquis
2752 5477 2796 5521 et
2829 5466 3013 5536 grandi
3043 5478 3189 5533 pasta
3218 5468 3438 5535 polenta.
3494 5470 3677 5524 Horat.
3723 5472 3827 5527 lib.
3862 5490 3897 5536 l.

2296 5539 2451 5611 epist.
2476 5538 2499 5590 1
2522 5576 2537 5601 ,
2562 5539 2677 5591 vivit
2696 5538 2918 5611 siliquis,
2945 5548 2989 5590 et
3018 5554 3148 5611 pane
3173 5539 3415 5591 secundo.
3481 5540 3701 5610 Siliquae
3741 5559 3899 5611 ιιιιω-

2292 5607 2414 5681 dam
2446 5608 3178 5681 suutesculentae,quaedam
3235 5624 3339 5681 non
3399 5627 3412 5663 :
3472 5607 3664 5681 aliquae
3718 5607 3901 5669 cocta:

2294 5679 2523 5733 eduntur
2572 5689 2695 5734 totae
2756 5692 2811 5733 ut
2844 5680 3243 5747 pltaseolorum,
3288 5679 3587 5749 aliquarum
3632 5686 3746 5738 sola
3810 5704 3903 5739 su.

2292 5750 2561 5817 perﬁcies,
2607 5761 2662 5804 ut
2711 5753 2970 5818 pisorum,
3037 5758 3089 5803 et
3138 5750 3323 5805 ciceris
3381 5753 3697 5811 columbini.
3758 5756 3900 5813 Viae

2294 5822 2615 5889 Bccmanuttt
2645 5822 2710 5878 de
2735 5823 2937 5893 Origin.
2969 5822 3094 5890 ling.
3130 5821 3268 5885 l.at.,
3311 5822 3478 5878 verbo
3511 5824 3737 5894 Siliqua.
