4102 6348
249 313 345 369 801

448 422 451 425 ’
502 426 630 483 Feta
652 427 919 501 legumine
938 421 1259 483 multimodo

246 514 319 573 65
501 518 714 578 Pavcrit
736 522 982 579 innocuis
1020 520 1215 591 epulis.

431 613 667 686 Spumea
692 620 920 672 mulctra
947 626 1142 685 gerunt
1168 613 1356 671 niveos

505 704 679 765 Ubere
705 707 775 765 de
800 708 1013 780 gemino
1039 706 1285 778 latices,

506 796 715 869 Perque
740 799 962 869 coagula
988 798 1155 855 densa
1182 797 1359 869 liquor

506 888 560 942 In
588 889 822 945 solidum
847 889 977 957 coit,
1006 897 1062 946 et
1090 886 1265 959 fragili

251 978 320 1033 70
504 978 610 1037 Lac
630 990 874 1040 tenerum
900 980 1166 1054 premitur
1191 978 1428 1038 calatho.

511 1072 670 1146 263
694 1072 1068 1131 Mella‘recens
1093 1074 1223 1130 mihi
1255 1069 1516 1144 Cecropia

507 1162 737 1222 Nectare
757 1165 916 1222 sudat
935 1165 1117 1223 olente
1147 1165 1297 1221 favus
1320 1180 1335 1220 :

508 1254 635 1314 llaec
662 1255 842 1330 opifex
874 1257 991 1329 apis
1021 1258 1173 1315 aerio

503 1345 646 1404 Rere
668 1347 857 1421 liquat,
892 1348 1146 1421 tenuique
1178 1348 1388 1422 thymo,

251 1436 325 1497 75
505 1437 707 1499 Nexilis
737 1442 907 1500 inscia
931 1440 1209 1500 connubii.

1318 304 1857 367 CATHEMERINON
1902 307 1990 365 Ill.
2034 306 2217 366 ANTE
2255 306 2489 367 CIBUM.

1868 430 1921 488 A

3432 315 3539 380 80's

2128 423 2261 480 lliuc
2288 440 2506 496 quoque
2534 424 2777 495 pomiferi
2804 429 3041 486 nemoris

2214 516 2434 573 Munera
2462 517 2609 573 mitia
2642 522 2960 588 proveniunt
2984 540 2996 576 :

2206 607 2382 663 Arbor
2409 625 2543 666 onus
2567 611 2876 668 tremefacta
2906 629 3061 670 suum

2206 700 2442 757 Deciduo
2470 703 2647 773 gravis
2676 704 2845 762 imbre
2877 708 3031 778 pluit,

1952 792 2022 850 80
2206 794 2574 867 Puniceosque
2600 796 2738 867 jacit
2767 800 3033 858 cumulos.

2144 886 2273 953 Quae
2310 895 2552 943 veterum
2578 888 2727 954 tuba,
2754 906 2943 960 quave
2970 892 3082 964 lyra
3114 888 3122 899 ’

2211 980 2450 1041 Flatibus
2475 984 2781 1057 inclyta,vcl
2813 987 3028 1055 fidibus,

2206 1074 2369 1147 264
2406 1075 2595 1131 Divitis
2623 1076 3012 1149 Omnipotentis
3038 1096 3194 1152 opus,

2203 1166 2442 1239 Qumque
2464 1166 2687 1224 fruenda
2721 1178 2903 1240 patent
2926 1170 3129 1229 homini

1952 1256 2023 1314 85
2204 1257 2478 1315 Laudibus
2504 1260 2839 1332 thuiparare
2868 1262 3061 1333 queat?

2135 1349 2236 1417 Te,
2264 1359 2412 1421 pater
2433 1353 2656 1421 optimc,
2682 1367 2839 1409 tusae
2866 1370 3025 1420 novo,

2203 1442 2343 1499 Solis
2374 1451 2430 1500 ct
2457 1442 2631 1500 orbita
2653 1458 2775 1500 cum
2803 1445 2978 1503 media
3003 1456 3104 1516 est,

1569 1528 1859 1588 GLOSSrE
1900 1529 2245 1589 VETERES.

321 1625 414 1698 6b.
437 1625 590 1690 Feta,
614 1625 788 1698 plena,
820 1625 862 1681 1.

325 1696 414 1753 65.
448 1696 681 1768 Ρωθτίι,
714 1713 809 1768 pro
835 1706 1032 1767 pascat,
1064 1697 1105 1752 l.

328 1767 417 1840 66.
450 1767 692 1832 Mulctra,
714 1766 989 1822 'mulctrale
1020 1766 1264 1840 estlocus
1289 1767 1375 1821 ubi
1404 1766 1696 1840 mulgentur
1734 1768 1851 1840 ani-

253 1839 413 1892 malia
442 1840 754 1893 :mulctrum
783 1854 897 1893 t'ero
938 1838 1195 1892 vasculum
1238 1838 1290 1891 in
1330 1855 1429 1906 quo
1470 1837 1779 1907 mulgentur,
1812 1838 1845 1893 Ι.

250 1908 503 2034 (liquare,
529 1925 615 1962 ras
639 1909 688 1962 in
721 1926 819 1979 quo
850 1912 1140 1980 mulgetur;
1169 1910 1458 1977 mulctrale,
1482 1910 1622 1964 locus
1654 1909 1705 1962 in
1726 1926 1846 1979 quo,

301 1994 329 2033 a
362 2020 374 2033 .
455 2021 465 2032 .

301 1988 374 2033 at.
404 1988 465 2033 Τ.

321 2050 409 2103 67.
446 2050 640 2114 Ubere,
667 2067 739 2104 sc.
770 2052 961 2114 ovium,
992 2050 1031 2103 Ι.

321 2120 408 2193 68.
443 2120 696 2193 Coagula,
729 2130 844 2175 sunt
871 2137 990 2174 vasa
1019 2138 1134 2191 qua:
1160 2129 1204 2175 et
1239 2121 1454 2191 calathi,
1487 2122 1572 2176 ubi
1598 2123 1849 2193 coagula-

248 2199 337 2245 ιω·
358 2191 456 2252 lac,
500 2192 600 2246 lso.

323 2262 409 2317 7|.
441 2260 717 2332 Cecropia,
745 2280 775 2315 a
804 2264 914 2316 loco
940 2262 1025 2316 ubi
1052 2262 1335 2318 abundant.
1370 2264 1475 2319 lso.

322 2332 409 2387 72.
442 2333 634 2401 Sudat,
666 2335 847 2402 stillat,
880 2334 920 2387 ι.

2037 1626 2126 1700 75.
2147 1624 2365 1700 'Upiles,
2394 1625 2477 1682 lu'c
2504 1638 2551 1682 et
2578 1628 2899 1700 hacOpi/‘ex,
2929 1629 2965 1683 l.

2034 1697 2124 1752 74.
2157 1696 2366 1766 Liqnat,
2397 1706 2654 1765 extenuat,
2688 1697 2724 1752 Ι.

2031 1767 2120 1821 76.
2155 1768 2306 1834 llinc,
2338 1786 2369 1822 a
2395 1785 2529 1833 rure,
2564 1770 2599 1824 Ι.

2031 1838 2122 1911 78.
2150 1838 2508 1911 Tretnefaeta,
2540 1856 2785 1893 concussa
2817 1842 2893 1893 vel
2912 1854 3174 1911 quassata,
3198 1842 3237 1900 Ι.

2030 1908 2120 1964 79.
2148 1909 2399 1975 Deciduo,
2432 1912 2700 1964 desursum
2730 1908 2962 1978 cadente,
2996 1914 3033 1967 I.

2027 1980 2114 2035 80.
2151 1980 2431 2043 Puniceos,
2457 1984 2784 2046 rubicundos,
2816 1985 2950 2037 unde
2975 1995 3022 2038 et
3051 1986 3187 2039 mala
3219 1986 3414 2041 Punica
3448 1989 3534 2043 dt-

1955 2051 2149 2127 cim_us;
2180 2052 2259 2105 rel
2276 2054 2485 2127 rubeos,
2529 2063 2581 2105 ut
2610 2064 2729 2127 sunt
2759 2056 2895 2107 mala
2918 2067 3155 2127 grauata,
3208 2058 3312 2115 lso.
3340 2089 3409 2099 —
3431 2056 3537 2115 Cu-

1953 2124 2152 2186 tnttlos,
2172 2124 2316 2193 mala
2341 2134 2575 2193 grauata,
2610 2123 2725 2176 Val.
2756 2127 2818 2177 Α.

2025 2194 2113 2247 81.
2143 2192 2421 2259 Veterum,
2456 2196 2761 2264 sapientum,
2794 2196 2895 2249 Iso.

2020 2265 2107 2318 87.
2144 2264 2281 2320 Solis
2304 2274 2354 2319 et
2382 2266 2550 2319 orbita
2581 2282 2700 2319 cum
2731 2265 2926 2331 media,
2961 2268 3125 2321 media
3155 2270 3256 2340 die,
3289 2272 3329 2327 Ι.

1614 2424 2178 2485 COMMENTARIUS.

318 2495 412 2572 65.
435 2497 494 2572 _S.
520 2497 877 2572 Hieronymus
909 2498 1066 2572 epist.
1103 2496 1191 2563 45,
1219 2498 1346 2552 olim
1398 2498 1485 2564 18,
1544 2499 1641 2554 hos
1696 2502 1847 2555 cibos
1878 2504 1925 2563 Β
1951 2497 2438 2572 gias_o_bsm-_retn_ns,
2495 2497 2754 2572 siccantes
2784 2497 2958 2572 cibum
2993 2499 3057 2551 ab
3097 2503 3237 2554 omni
3278 2519 3449 2572 carne,
3490 2517 3537 2560 et

243 2583 375 2623 cum
402 2569 484 2623 his
505 2570 591 2636 qui
611 2571 857 2637 sequenti
894 2569 1111 2636 Stropha
1168 2583 1534 2623 memorantur
1575 2586 1848 2625 comunt-n-

242 2639 344 2695 dat
377 2658 387 2691 :
421 2638 738 2693 Ibicibarius
752 2642 923 2709 panis,
951 2649 996 2693 et
1027 2641 1140 2692 olus
1187 2642 1375 2693 nostris
1413 2643 1646 2694 manibus
1663 2644 1847 2710 irriga-

241 2720 378 2776 tum,
403 2721 446 2763 et
471 2709 550 2764 lac
576 2711 772 2764 delicia:
800 2711 1233 2775 rusticanw,riles
1252 2715 1473 2781 quidem,
1502 2715 1590 2767 sed
1606 2709 1848 2768 innocen-

240 2790 326 2836 tes
356 2783 491 2835 cibos
517 2787 761 2849 pra:benl.

325 2853 413 2907 (ib.
447 2852 704 2908 Nebrissa
734 2853 825 2924 ait,
858 2852 1081 2924 mulctra
1121 2866 1242 2906 esse
1274 2868 1397 2906 vasa
1430 2856 1737 2924 CXt'eploria
1770 2856 1847 2909 la-

240 2923 379 2996 ctis,
405 2939 523 2992 qua:
552 2934 606 2978 et
634 2922 949 2996 mulctralia,
973 2923 1249 2996 dicuntur,
1270 2940 1335 2978 ex
1367 2924 1510 2993 Virg.
1532 2922 1579 2979 tv
1621 2926 1842 2996 Georg.,

240 2995 531 3063 implebunt
557 2994 845 3048 mulctralia
873 3010 1055 3049 vaccas.
1098 2996 1213 3061 Quo
1242 2995 1360 3047 loco
1385 2997 1475 3048 alii
1508 2998 1689 3065 legunt
1716 2994 1847 3050 mul-

242 3068 423 3138 garia,
465 3066 555 3138 alii
588 3066 913 3138 mulctraria,
937 3066 1160 3138 eodem_
1184 3075 1360 3138 tamen
1388 3081 1571 3131 sensu,
1608 3079 1661 3120 ut
1722 3082 1846 3123 vasa

243 3135 337 3191 lac
381 3137 705 3206 excipientis
729 3138 1113 3206 intelligantur.
1143 3135 1198 3189 in
1231 3137 1407 3204 Egm.,
1433 3139 1650 3190 mulctra
1695 3141 1844 3208 gerit,

243 3223 361 3263 non
423 3211 564 3263 male
616 3223 709 3276 pro
756 3211 968 3263 diversa
1013 3210 1274 3277 scriptura
1310 3225 1322 3259 :
1357 3222 1478 3262 nam
1534 3208 1847 3264 femininum

244 3281 417 3335 etiam
443 3288 527 3333 est
556 3280 797 3333 mulctra.

326 3349 414 3403 67.
450 3349 591 3421 Uber
614 3351 775 3405 etiam
806 3359 890 3405 est
924 3365 1204 3419 caprarum
1244 3360 1293 3405 et
1351 3350 1532 3415 houm,
1562 3366 1681 3421 qua:
1730 3351 1848 3405 bina

245 3420 411 3474 ubera
452 3420 666 3475 habent.
694 3424 846 3478 Sues.
872 3436 1033 3475 canes
1062 3430 1115 3475 et
1143 3422 1245 3474 alia
1267 3420 1517 3474 animalia
1570 3420 1743 3488 plures
1775 3424 1851 3478 fe-

246 3502 345 3547 tus
363 3492 538 3563 alunt,
562 3491 788 3563 ideoque
820 3493 1055 3562 pluribus
1084 3492 1336 3546 uberibus
1360 3493 1581 3560 prtedita
1605 3504 1747 3547 sunt.

341 3563 430 3617 68.
450 3562 736 3633 Coagutum
757 3575 839 3617 est
860 3579 887 3618 a
916 3574 1169 3627 coactum,
1203 3563 1324 3630 quia
1356 3564 1517 3629 cogit,
1549 3574 1602 3615 et
1624 3565 1850 3631 densat;

247 3634 385 3690 hinc
414 3634 571 3689 densa
597 3646 751 3689 vocat
777 3635 995 3703 consula
1045 3651 1107 3689 ex
1157 3635 1367 3688 ellecut.
1414 3635 1704 3688 Pevcratns
1751 3636 1846 3701 ait,

249 3710 479 3775 coagula
501 3720 619 3760 esse
649 3722 772 3779 vasa
799 3708 850 3760 in
875 3707 1066 3779 quibus
1107 3707 1203 3779 lac_
1232 3705 1565 3779 coagulatur.
1612 3712 1679 3760 At
1708 3709 1846 3779 apud

246 3784 467 3832 veteres
491 3778 767 3847 coagulum
823 3788 910 3832 est
958 3776 1009 3831 id
1065 3776 1207 3847 quod
1260 3776 1381 3830 laeti
1427 3776 1755 3831 admiscetur
1796 3786 1851 3833 ut

246 3849 588 3915 coaguletur.
619 3849 775 3904 Aliud
805 3858 888 3904 est
912 3849 1163 3901 calathus.

328 3919 415 3973 70.
446 3918 568 3973 'l‘ria
597 3920 682 3973 hic
702 3920 1101 3989 distinguuntur
1127 3920 1281 3972 lactis
1315 3933 1538 3987 genera,
1572 3920 1712 3973 aliud
1772 3920 1851 3973 hi-

247 3990 515 4058 bendum,
540 3990 681 4061 quod
703 3991 943 4045 mulctris
986 3991 1210 4061 geritur,
1252 3990 1395 4061 aliud
1445 3990 1688 4057 densum,
1719 3999 1770 4045 et
1798 3991 1849 4045 in

248 4061 485 4115 solidum
512 4060 754 4116 ccactum
806 4076 835 4116 a
863 4060 1122 4129 coagulis,
1151 4060 1293 4114 aliud
1352 4076 1592 4130 pressum
1615 4061 1847 4115 calatho.

252 4130 507 4187 Calamus
529 4132 773 4187 Grmcum
798 4142 900 4201 est,
934 4132 1124 4186 Latine
1155 4132 1353 4200 ﬁscina,
1413 4146 1512 4201 qua
1569 4132 1648 4185 lac
1681 4132 1849 4202 premi

249 4202 416 4258 solet.
454 4202 771 4259 Distinctum
798 4212 879 4257 est
906 4215 1082 4258 autem
1111 4203 1188 4255 lae
1240 4203 1308 4255 ita
1361 4216 1599 4270 pressum
1631 4217 1659 4255 a
1711 4203 1851 4257 lacte

250 4286 467 4329 coacto.
496 4275 599 4330 Lac
620 4290 858 4344 pressum
885 4284 1011 4344 puto
1030 4273 1287 4327 esseillnd
1305 4274 1446 4326 casei
1473 4275 1637 4327 teneri
1654 4288 1848 4343 genus,

250 4347 399 4413 quod
427 4346 539 4400 Itali
565 4355 754 4401 vocant
780 4345 1135 4415 raviggiuolo;
1185 4344 1253 4398 de
1280 4360 1382 4413 quo
1425 4346 1583 4398 etiam
1608 4344 1850 4415 intelligo

253 4415 467 4486 Virgilii
502 4418 697 4486 locum,
747 4418 929 4484 ecloga
955 4418 1069 4480 l,ct
1090 4417 1246 4480 pressi
1268 4416 1598 4486 copialactis.
1710 4434 1717 4437 ’

331 4485 419 4541 7i.
451 4488 550 4542 Mel
570 4489 803 4544 Atticum
830 4498 913 4544 est
937 4487 1349 4543 celeberrimum
1379 4485 1645 4556 :Cecrops
1669 4498 1848 4542 autem

253 4557 499 4615 Athenas
520 4560 782 4614 condidit.
1072 4582 1073 4589 η

331 4631 419 4684 74.
447 4630 511 4703 _ln
543 4631 709 4703 Bong.
729 4641 819 4703 est
848 4632 1004 4703 liquet
1036 4645 1132 4703 pro
1158 4631 1343 4703 liquat,
1395 4643 1499 4683 non
1528 4638 1694 4703 recte.
1718 4629 1854 4685 Nec-

254 4709 343 4756 tar
356 4701 530 4757 mellis
550 4699 693 4756 olens
708 4699 922 4766 dicitur,
944 4699 1066 4772 quia
1090 4702 1201 4770 ipsa
1226 4702 1380 4756 mella
1396 4699 1630 4753 redolent
1655 4701 1848 4770 thymo.

334 4773 597 4844 75._t\pes
640 4789 754 4844 non
774 4774 1041 4844 indulgere
1074 4773 1344 4825 concubitu
1375 4772 1440 4825 ad
1469 4772 1849 4844 qprocreandos

255 4842 400 4897 fetus
434 4842 705 4914 Virgilius,
741 4842 943 4899 Plinius
972 4844 1169 4911 aliique
1200 4844 1398 4912 passim
1449 4842 1664 4895 docent.
1699 4842 1848 4914 Nunc

257 4914 423 4984 aliqui
450 4913 635 4970 tenent
661 4925 717 4970 et
763 4916 1114 4984 obserwturn
1132 4922 1464 4977 asseverant,
1518 4914 1657 4965 necti
1686 4913 1847 4984 etiam

255 4983 411 5054 apes,
447 4996 502 5040 ut
533 4986 733 5056 prolem
764 4995 1021 5055 generem
1048 5004 1059 5037 :
1089 4983 1423 5053 distinguunt
1444 4998 1572 5051 apes
1602 4983 1845 5056 feminas,

255 5070 382 5125 qua:
406 5054 694 5111 rarissima:
722 5054 868 5119 sunt,
917 5070 1122 5121 mares,
1176 5056 1266 5124 qui
1300 5071 1404 5109 non
1440 5056 1507 5108 ita
1551 5063 1677 5108 sunt
1712 5054 1848 5125 rari,

256 5134 316 5181 et
342 5140 471 5196 apes
496 5142 810 5184 communes
839 5136 971 5183 sexu
1011 5136 1256 5181 carentes
1303 5136 1357 5180 et
1403 5124 1576 5178 mellis
1606 5124 1841 5196 opifices,

257 5195 488 5269 quarum
531 5199 765 5253 maxima
813 5212 937 5269 pars
984 5207 1086 5269 est.
1140 5196 1239 5269 .‘llel
1290 5198 1465 5269 cibum
1516 5196 1642 5269 olim
1685 5195 1849 5269 fuisse

1878 3880 1925 3943 C

1952 2569 2090 2642 omni
2105 2568 2418 2642 jura/entia.
2447 2578 2492 2620 et
2515 2568 2837 2642 uvidioribus‘
2851 2569 3127 2639 quibusque
3148 2575 3331 2640 pontis,
3350 2568 3535 2642 nequid

1951 2640 2232 2717 vinositatis
2265 2639 2338 2691 vel
2386 2642 2615 2703 edamus,
2671 2638 2748 2691 uel
2794 2634 3059 2717 petemus;
3107 2634 3535 2717 lavacri'quo'que

1953 2710 2314 2763 abstinentiam
2340 2719 2699 2778 congruentem
2726 2710 2873 2762 arido
2895 2710 3069 2765 victui.

2022 2781 2109 2834 8|.
2141 2780 2801 2847 Comprehenditcarmen
2856 2780 3125 2836 heroicum
3178 2794 3230 2837 et
3284 2786 3528 2857 lyricum.

1953 2850 2005 2905 in
2037 2867 2142 2920 quo
2174 2862 2402 2919 utroque
2429 2866 2626 2920 genere
2657 2862 2859 2904 veteres
2894 2857 3273 2918 prtestiterant.

2022 2924 2110 2976 82.
2156 2921 2400 2990 l'leriquc
2449 2927 2629 2989 legunt
2668 2922 2887 2991 inclyta,
2938 2922 3258 2989 inclitafvel
3312 2927 3526 2991 incluta,

1953 2995 2093 3060 quod
2129 2994 2347 3060 perinde
2370 3001 2472 3046 est.
2507 2993 2621 3045 Vat.
2646 2993 2687 3045 A
2711 3008 2865 3062 supra
2896 2996 3167 3049 minutiori
3190 2998 3524 3063 charactere,

1952 3065 2141 3127 incita;
2187 3064 2236 3116 in
2272 3063 2389 3116 llat.
2423 3074 2474 3117 et
2514 3064 2662 3131 Egm.
2693 3079 2759 3116 ex
2804 3063 2981 3116 inclita
3010 3076 3308 3120 correctum
3350 3071 3527 3125 incita.

1955 3134 2096 3187 ldctn
2128 3134 2179 3186 in
2202 3134 2358 3187 Gold.
2379 3149 2441 3185 ex
2468 3136 2819 3187 correctione.
2849 3135 3035 3203 Bong.,
3065 3137 3216 3201 Urh.,
3242 3140 3385 3201 Ald.,
3412 3139 3525 3195 Gis.

1953 3215 2004 3256 et
2035 3205 2121 3257 alii
2173 3206 2341 3273 vulg”
2374 3204 2555 3268 incita,
2591 3204 2750 3274 quod
2780 3215 2961 3269 posst-t
3006 3212 3287 3271 sustineri,
3318 3212 3528 3264 eiatnsi

1953 3290 2074 3329 mox
2107 3275 2261 3327 incita
2298 3273 2673 3343 subsequatur.
2721 3273 3032 3329 Gallandius
3071 3280 3302 3345 praetulit
3344 3283 3527 3334 incita.

2147 3345 2394 3399 Heinsius
2421 3346 2605 3398 scribit
2631 3346 2957 3414 wquiperare.
3188 3401 3194 3407 _

2026 3420 2113 3469 86.
2161 3416 2356 3469 Putant
2393 3416 2578 3483 aliqui,
2634 3417 2715 3469 his
2754 3419 2988 3485 quinque
3016 3420 3259 3471 versibus
3291 3419 3533 3475 deuotari

1954 3488 2193 3542 actiones
2241 3489 2554 3556 gratiarum,
2602 3503 2719 3554 qua:
2768 3488 2874 3539 Deo
2921 3489 3034 3541 fieri
3082 3489 3276 3543 debent
3326 3492 3533 3557 quoties

1955 3558 2106 3612 cibus
2150 3560 2406 3619 sumitur,
2456 3572 2647 3623 nempe.
2695 3570 2873 3629 mane,
2920 3559 3141 3612 meridie
3186 3570 3240 3613 et
3288 3576 3530 3629 vespere,

1960 3629 2335 3699 przetermissis
2377 3628 2874 3699 comessationihus,
2900 3645 3018 3696 qua:
3057 3628 3393 3684 Christianos
3434 3635 3533 3685 mi-

1957 3697 2099 3754 nimc
2121 3703 2331 3754 decent.
2366 3700 2444 3753 Ab
2468 3697 2548 3752 his
2573 3713 2730 3768 quam
2759 3698 3067 3760 longissime
3096 3702 3374 3756 dissentio.
3405 3702 3535 3756 Piu-

1956 3770 2169 3825 dentius
2193 3772 2291 3825 hoc
2320 3770 2437 3824 loco
2460 3784 2667 3823 sacram
2693 3768 3023 3835 Scripturam
3043 3780 3097 3825 et
3124 3785 3359 3827 veterum
3380 3774 3534 3827 Chri-

1957 3842 2251 3896 stimorum
2299 3840 2740 3895 consuetudinem
2767 3842 3039 3908 exprimit.
3085 3842 3295 3896 Psaluio
3329 3860 3433 3909 LIV,
3467 3846 3532 3899 l7

1955 3921 2008 3966 ct
2042 3915 2107 3968 18
2133 3930 2147 3966 τ
2174 3912 2284 3983 Ego
2308 3922 2476 3965 autent
2511 3912 2577 3964 ad
2602 3910 2763 3963 Deum
2790 3911 3006 3965 clamavi
3038 3929 3055 3966 :
3077 3925 3123 3965 et
3153 3913 3402 3967 Dominus
3428 3919 3535 3967 sal-

1952 3985 2084 4037 eabit
2119 4000 2213 4037 me.
2251 3983 2484 4053 Vespere,
2528 3994 2572 4034 et
2600 3998 2767 4046 mane,
2806 3993 2852 4035 et
2878 3985 3092 4038 meridie
3122 3986 3339 4037 narrabo
3365 3995 3410 4037 et
3438 4003 3533 4038 an-

1952 4055 2195 4107 nuntiabo
2236 4070 2255 4109 .'
2295 4064 2341 4106 et
2381 4053 2615 4123 exaudiet
2659 4068 2827 4123 vocem
2873 4070 3051 4107 meam.
3100 4054 3222 4109 lltcc
3266 4068 3389 4108 sunt
3433 4057 3530 4108 tria

1956 4134 2195 4193 tempora
2229 4126 2421 4194 quibus
2466 4122 2647 4176 Daniel
2677 4124 2914 4191 quotidie
2942 4124 3131 4178 orabat
3178 4140 3297 4193 cap.
3325 4141 3398 4189 Vl,
3444 4128 3530 4181 10.

1953 4194 2475 4264 Apostoloseisdem
2508 4203 2616 4247 tres
2647 4194 2825 4253 lamas.
2850 4208 2980 4261 quas
3010 4195 3234 4261 tertiam,
3258 4206 3450 4248 sextam
3481 4205 3535 4251 et

1954 4282 2140 4319 nouant
2169 4264 2463 4335 appellant,
2491 4264 2718 4317 orationi
2745 4264 3040 4335 destinasse
3067 4282 3130 4335 ex
3158 4266 3376 4319 Actibus
3398 4282 3531 4333 apo-

1953 4334 2249 4402 stolorum,
2290 4337 2569 4391 Cletncnte
2602 4334 2963 4389 Alexandrino
3002 4345 3054 4389 et
3082 4334 3349 4406 Cypriauo
3387 4337 3536 4390 colli-

1952 4408 2119 4477 gitur.
2163 4406 2427 4477 Totnolll
2473 4407 2869 4460 Anecdotorum
2910 4407 3181 4461 Mutatorii
3223 4408 3425 4473 integer
3453 4418 3537 4462 est

1954 4480 2089 4534 liber
2134 4476 2446 4533 Tertulliani
2500 4479 2567 4532 de
2598 4478 2880 4542 OratiOne,
2934 4478 3018 4531 ubi
3060 4493 3177 4546 cap.
3210 4476 3280 4531 25
3320 4480 3428 4532 ait:
3458 4479 3532 4533 De

1952 4558 2173 4617 tempore
2198 4566 2313 4604 vero
2334 4566 2435 4603 non
2458 4550 2553 4602 erit
2574 4548 2737 4600 otiosa
2754 4549 3063 4603 extrinsecus
3080 4550 3359 4602 obseruatio
3381 4553 3535 4602 etiam

1951 4622 2191 4675 horarum
2217 4621 2581 4693 quarumdam.
2629 4618 2855 4693 latarum
2885 4620 2997 4674 dico
3034 4620 3395 4685 communium,
3425 4637 3538 4689 qua:

1953 4694 2056 4747 diei
2079 4690 2382 4764 interspatia
2424 4692 2626 4760 signant
2660 4690 2841 4764 tertia,
2885 4701 3048 4758 sexta,
3073 4708 3253 4764 ⁸ηρηιι,
3297 4708 3424 4764 quas
3450 4708 3536 4745 so-

1953 4759 2314 4819 leutnicres'in
2353 4759 2638 4830 Scripturis
2660 4762 2883 4831 invenire
2920 4771 3013 4816 est.
3062 4759 3270 4815 Primus
3309 4761 3540 4831 Spiritus

1954 4848 2160 4905 sanctus
2196 4830 2816 4905 congregatisdiscipulis
2854 4833 2989 4905 ItOl’0_
3016 4833 3167 4905 tertia
3210 4830 3412 4905 infusus
3440 4843 3534 4887 est.

1958 4904 2144 4959 Petrus
2184 4902 2405 4975 qua—die
2449 4904 2690 4957 visionem
2734 4902 3111 4975 communitatis
3156 4906 3318 4957 omnis
3351 4904 3403 4957 in
3446 4906 3540 4956 illo

1954 4977 2157 5030 vasculo
2182 4971 2417 5044 expertus
2437 4982 2533 5044 c_st,
2560 4981 2700 5027 sexta
2728 4971 2856 5025 liora
2877 4976 3175 5027 ascenderat
3204 4976 3386 5027 orandi
3413 4990 3535 5043 gra-

1953 5047 2027 5099 tia
2056 5048 2110 5101 in
2131 5042 2419 5115 superiora.
2451 5042 2597 5098 Idem
2624 5060 2755 5115 cum
2788 5043 2990 5098 Joanne
3013 5046 3079 5098 ad
3110 5061 3297 5097 nouam
3325 5044 3375 5096 in
3412 5042 3539 5097 tem-

1992 5118 2099 5171 lum
2134 5110 2326 5179 adibat,
2354 5118 2440 5169 ubi
2479 5114 2818 5184 paralyticum
2847 5116 3055 5169 sanitati
3086 5115 3377 5184 reformavit
3411 5129 3539 5168 ante.
3616 5110 3623 5118 ’

2005 5189 2090 5243 ide
2121 5200 2273 5243 notas
2298 5187 2592 5241 Muratorii.
2645 5186 2720 5239 Es
2769 5185 3081 5241 Tertulliani
3128 5188 3245 5239 loco
3287 5185 3447 5237 alium
3479 5185 3538 5239 S.

257 5255 668 5333 abstinentiam,
699 5255 921 5338 apparet
947 5283 1013 5324 ex
1046 5268 1102 5324 S.
1136 5267 1342 5323 Joanne
1380 5267 1638 5334 Baptista,
1672 5266 1759 5335 qui
1784 5282 1848 5320 eo
1875 5263 1928 5322 D
1954 5260 2141 5338 Isidori
2168 5259 2264 5338 lﬂib.
2298 5274 2347 5312 Vl
2389 5258 2558 5338 0ri_g.,
2611 5271 2729 5338 cap.
2774 5258 2864 5321 l9,
2909 5255 3291 5338 corrigendqu
3328 5258 3534 5338 ttionuit

262 5342 414 5409 pasci
445 5342 633 5395 solitus
654 5350 789 5395 erat.

339 5410 426 5465 76.
464 5413 632 5466 Aldus
661 5412 818 5465 habet
861 5411 983 5476 llic,
1018 5410 1159 5480 quod
1190 5425 1293 5462 non
1326 5410 1546 5462 omnino
1574 5407 1840 5475 displicet.

265 5479 523 5553 llicalius
542 5483 692 5537 cibus
712 5479 1084 5553 jejunantinm,
1112 5497 1319 5553 munera
1342 5482 1487 5533 milia
1513 5480 1769 5553 (lliilllll‘ar,
1797 5491 1852 5533 ut

264 5552 412 5624 milia
450 5570 602 5624 poma
652 5552 789 5622 apud
838 5553 1141 5623 Virgilium)
1188 5552 1446 5605 arborum.
1510 5552 1647 5617 Quin
1688 5552 1850 5624 etiam

265 5620 537 5679 interdum
585 5620 872 5679 Christiani
915 5620 1330 5691 x'eropliugiam,
1377 5623 1481 5679 hoc
1518 5632 1599 5674 est
1640 5620 1850 5675 aridum

266 5696 466 5765 victum
507 5694 851 5759 adhibebant,
906 5697 1016 5765 ipsa
1061 5695 1296 5747 uvidiora
1331 5709 1481 5763 poma
1514 5704 1848 5765 respuentes.

265 5764 630 5820 Tertullianus
657 5782 773 5834 cap.
816 5769 837 5820 1
875 5763 940 5820 de
962 5767 1208 5830 Jejnniis,
1246 5766 1353 5833 jam
1384 5763 1650 5817 hazreticis
1681 5765 1858 5827 impli-

264 5837 429 5910 citus,
450 5839 702 5896 novitatis
729 5848 908 5897 notam
941 5852 973 5893 a
996 5840 1108 5894 suis
1135 5838 1382 5909 depellit,
1426 5835 1568 5910 quod
1598 5835 1857 5907 xeropha-

1958 5346 2044 5386 me
2070 5333 2140 5385 cl.
2172 5324 2574 5385 Giovenazziiis.
2619 5326 2824 5391 Petrus,
2879 5328 2953 5381 ait
2989 5327 3221 5381 Isidorus
3249 5324 3541 5379 Tertullia-

1957 5418 2082 5455 num
2109 5402 2444 5465 exscribens,
2472 5417 2573 5471 qua
2609 5400 2690 5452 die
2721 5398 2964 5451 visionem
2992 5396 3463 5471 contnumicationis
3489 5397 3543 5449 in

1956 5473 2050 5527 illo
2072 5475 2276 5526 vasculo
2292 5467 2526 5543 expertus
2544 5480 2635 5533 est,
2662 5479 2803 5523 sexta
2830 5472 2956 5520 liora
2977 5467 3163 5543 orandi
3178 5468 3348 5543 gratia
3368 5482 3544 5543 ascen:

1958 5545 2125 5598 derat.
2174 5537 2478 5613 Legendunt
2509 5542 2751 5613 visionem
2794 5537 3176 5613 communitatis
3211 5538 3396 5591 omnis.
3435 5538 3541 5593 Sed

1958 5626 2012 5671 et
2041 5633 2103 5670 ex
2141 5608 2343 5670 Isidoro
2372 5611 2645 5669 emendari
2691 5613 2883 5677 poterit
2913 5608 3275 5663 Tertullianns
3305 5627 3318 5664 :
3346 5625 3542 5662 rntnuu

1958 5690 2091 5740 enim
2117 5698 2323 5741 sanctus
2349 5686 2577 5754 Spiritus
2607 5681 2925 5754 congregatis
2945 5680 3223 5754 discipulis
3248 5682 3375 5754 liora
3399 5682 3545 5733 tertia

1959 5769 2032 5811 est
2061 5760 2279 5830 infusus.
2311 5751 2398 5811 lta'
2418 5757 2667 5809 Isidorus.
2705 5751 3104 5807 tu'l‘ertulliano
3129 5766 3256 5823 ergo
3286 5751 3402 5824 lege
3428 5766 3541 5808 rut-

1960 5846 2069 5889 ηυδε
2096 5832 2325 5901 Spiritus
2354 5835 2582 5893 sanctus,
2610 5838 2717 5879 non
2747 5838 2961 5881 rutilus.
