4102 6348
556 289 658 349 803

802 403 881 459 Te
907 418 1118 475 quoque
1148 403 1269 463 luce
1290 401 1388 456 sub
1420 399 1667 466 occidua,
2178 404 2227 464 Α

803 498 1026 553 Sumere
1054 511 1171 550 cum
1204 504 1384 549 monet
1416 495 1545 547 hora
1576 493 1775 559 cibum,

804 591 1011 654 Nostra,
1047 590 1206 653 Deus,
1240 596 1398 643 canet
1422 587 1725 642 harmonia.

737 684 887 751 Quod
920 683 1058 737 calet
1086 682 1279 736 halitus
1310 681 1562 747 interior,

808 775 979 829 Corde
1005 775 1148 845 quod
1178 775 1357 829 abdita
1384 789 1517 829 vena
1552 773 1757 839 tremit,

813 868 991 923 Pulsat
1010 877 1068 922 et
1099 867 1257 922 incita
1286 867 1426 937 quod
1452 881 1701 920 resonam

811 959 970 1030 265
1004 960 1199 1026 Lingua
1230 959 1328 1013 sub
1354 974 1445 1012 ore
1468 957 1645 1012 lalens‘
1669 970 1911 1025 caveam,

812 1055 951 1109 Laus
984 1054 1162 1124 superi
1188 1053 1357 1107 Patris
1385 1064 1501 1108 esto
1529 1053 1677 1108 mihi.

740 1147 847 1203 Nos
880 1147 1039 1217 igitur
1070 1159 1180 1214 tua,
1217 1156 1422 1212 sancte,
1455 1160 1644 1201 manus

823 1240 1037 1308 Cespite
1065 1239 1365 1309 composuit
1392 1237 1625 1305 madido,

828 1334 1068 1402 El'ﬁgiem
1105 1334 1355 1386 meditata
1380 1346 1531 1384 suam
1560 1348 1571 1391 ;

828 1428 999 1497 thue
1030 1426 1169 1481 foret
1202 1436 1313 1480 rata
1345 1424 1620 1491 materies,

820 1521 1013 1587 Flavit,
1043 1530 1095 1574 et
1126 1519 1318 1573 indidit
1344 1534 1437 1572 ore
1461 1518 1715 1571 animam.

681 1616 691 1626 ’
754 1616 901 1671 Tunc
930 1630 1025 1684 per
1047 1628 1261 1667 amcena
1296 1612 1466 1665 vireta
1490 1612 1641 1679 jubet

814 1706 1183 1762 Frondicomis
1208 1704 1449 1757 habitare
1484 1700 1637 1765 locis,

814 1800 920 1854 Ver
943 1799 1031 1852 ubi
1064 1804 1381 1867 perpetuum
1416 1794 1643 1857 redolet,

819 1893 1081 1959 Prataque
1121 1889 1454 1942 multicolora
1490 1888 1625 1938 latex

816 1985 1125 2051 Quadrilluo
1148 1982 1295 2036 celer
1321 1995 1479 2034 amne
1508 1979 1662 2048 rigat.

559 592 629 647 90

564 1054 632 1111 95

568 1522 673 1580 100

566 1987 671 2046 105

1676 283 1953 342 AURELII
1995 282 2360 341 PRUDENTII
2400 284 2726 340 CARMINA.

2244 738 2354 831 ’1ιο

2258 1238 2361 1294 115

2262 1700 2364 1755 190

2188 1796 2233 1855 Β

3739 286 3836 344 804

2432 396 2557 453 Haec
2588 399 2678 453 tibi
2709 412 2848 453 nunc
2877 396 3222 467 famulentur,
3252 399 3345 466 ait,

2498 494 2689 551 Usibus
2720 495 2899 550 omnia
2931 495 3068 549 dedo
3100 494 3203 549 tuis
3230 515 3241 548 :

2506 589 2611 644 Sed
2646 600 2819 644 tamen
2850 604 3036 659 aspera
3070 588 3351 645 mortifero
3422 584 3431 593 ’

2507 681 2698 744 Stipite
2720 697 2941 751 carpere
2966 697 3123 755 poma
3154 691 3295 748 veto,

2500 776 2659 846 266
2682 775 2779 842 Qui
2810 758 2986 830 medio
3013 775 3149 830 viret
3180 774 3232 829 in
3257 790 3496 831 nemore.

2444 866 2537 921 Hie
2563 867 2723 919 draco
2757 867 2988 935 perﬁdus
3020 865 3251 922 indocile

2506 959 2737 1027 Virginis
2762 960 2911 1013 illicit
2940 959 3236 1031 ingenium,

2502 1054 2570 1109 Ut
2590 1054 2791 1107 socium
2824 1054 3131 1109 malesuada
3162 1054 3339 1109 virum

2503 1145 2755 1200 Mandere
2783 1153 3000 1215 cogeret
3027 1160 3093 1201 ex
3122 1145 3321 1214 vetitis,

2504 1238 2619 1307 Ipsa
2653 1237 2764 1307 pari
2795 1238 3031 1307 peritura
3060 1237 3243 1293 modo.

2435 1328 2674 1399 Corpora
2698 1337 2877 1384 mutua
2912 1331 3100 1400 (nosse
3133 1331 3307 1399 nefas)

2517 1424 2640 1477 Post
2670 1424 2855 1492 epulas
2880 1422 3128 1492 inoperta
3159 1423 3363 1493 vident,

2512 1514 2770 1569 Lubricus
2798 1530 2950 1569 error
2980 1524 3031 1569 et
3060 1515 3305 1571 erubuit:

2506 1605 2760 1675 Tegmina
2794 1613 2910 1660 suta
2938 1616 3126 1675 parant
3155 1607 3317 1675 foliis,

2514 1697 2751 1753 Dedecus
2779 1709 2835 1752 ut
2861 1699 3030 1767 pudor
3055 1700 3349 1755 occuleret.

2438 1790 2667 1845 Conscia
2690 1791 2847 1859 culpa
2884 1791 3049 1846 Deum
3082 1793 3323 1861 pavitans

2522 1885 2661 1939 Sede
2695 1886 2777 1954 pia
2815 1887 2998 1953 procul
3030 1886 3276 1956 exigitur.

2518 1978 2718 2033 lnnuba
2748 1978 2944 2033 femina
2971 1996 3087 2049 qm}:
3120 1978 3308 2043 fuerat,

1857 2069 2150 2127 GLOSSIE
2198 2069 2535 2125 VETERES.

638 2180 728 2234 88.
762 2175 1017 2240 Occidua,
1047 2188 1267 2241 vespere,
1303 2171 1342 2223 l.

638 2252 725 2305 90.
764 2238 1069 2309 Harmonia,
1124 2238 1406 2293 inodulatio
1445 2239 1799 2293 suavissimum
1842 2255 2044 2291 carmen
2082 2238 2157 2291 vel

571 2336 820 2393 organum
846 2336 859 2369 :
882 2318 1125 2393 harmono
1144 2312 1319 2365 Gra'ce
1345 2327 1494 2393 cano,
1517 2311 1634 2362 inde
1660 2310 1944 2393 harmonia.
1973 2317 2155 2362 cantus

573 2381 688 2445 cuvm
711 2388 969 2452 laudibus,
992 2388 1025 2437 Ι.
1065 2385 1191 2449 lloc,
1217 2385 1353 2453 quod
1382 2385 1511 2445 vivo,
1544 2381 1744 2450 etquod
1767 2382 1904 2451 loqui
1928 2398 2152 2449 possunt,

571 2465 633 2519 sit
664 2463 774 2515 laus
802 2460 919 2525 Dei,
953 2458 1072 2511 Vat.
1107 2460 1170 2509 A.

647 2534 733 2587 91.
772 2532 999 2593 llalitus,
1033 2529 1262 2598 spiritus,
1299 2526 1336 2579 I.

645 2606 732 2659 95.
768 2603 951 2665 locita,
976 2594 1243 2653 commota.
1278 2627 1350 2638 —-
1380 2597 1667 2663 Resonam,
1698 2610 1959 2659 sonoram,
1991 2594 2031 2649 l.

645 2676 732 2729 95.
769 2676 916 2737 Esto,
942 2675 1024 2735 sit,
1059 2671 1095 2724 l.

644 2747 730 2800 96.
762 2746 966 2807 Manus,
1001 2743 1257 2807 divinitas,
1293 2741 1330 2793 Ι.

646 2818 733 2873 97.
767 2815 1097 2883 Composuit,
1124 2814 1331 2875 creavit,
1366 2812 1403 2864 I.

643 2891 730 2941 93.
767 2880 1007 2953 Ettigietn
1050 2884 1455 2945 similitudinem,
1508 2882 1547 2933 I.
1596 2909 1664 2922 --
1700 2880 1970 2945 Meditata,
2016 2880 2087 2932 sic
2114 2888 2158 2933 et

578 2960 761 3029 Virgil.
797 2961 858 3010 de
876 2952 914 3009 Ἰ
926 2971 1091 3008 unone
1122 2972 1137 3007 :
1164 2953 1392 3007 Inachia:
1418 2963 1609 3023 pestem
1636 2953 1880 3005 meditata
1901 2952 2153 3020 juvencw,

578 3033 693 3085 Val.
725 3033 788 3083 A.

641 3103 731 3156 99.
766 3101 920 3162 Rata,
952 3097 1192 3167 perfecta,
1222 3097 1263 3149 l.

646 3174 765 3225 101.
800 3173 895 3222 l’er
928 3163 1161 3230 a'mtiena,
1200 3170 1251 3221 in
1292 3166 1551 3238 paradiso.
1581 3196 1649 3205 -——
1681 3166 1883 3229 Vireta,
1914 3163 2146 3238 virentia,

574 3244 613 3300 Ι.
647 3222 942 3311 1-⁷’ὺῖίιιηίμιε
969 3222 1069 3293 duo
1095 3222 1341 3312 adjectiba
1385 3247 1666 3307 ponuntur,
1713 3222 1881 3312 unum
1920 3250 2014 3312 pro
2048 3222 2151 3302 ﬁxo
2182 3222 2226 3284 C

573 3308 921 3381 accipiendum
950 3321 1043 3379 est,
1086 3308 1169 3365 sic'
1209 3312 1291 3364 hic
1319 3326 1515 3364 amazna
1560 3324 1647 3379 per
1680 3309 1859 3373 vireta,
1912 3308 1949 3358 i.
1990 3322 2034 3358 e.
2064 3322 2152 3375 per

2259 2167 2597 2219 antmnitatem
2628 2167 2868 2219 virentem
2899 2165 3018 2219 Vat.
3054 2166 3115 2218 A.

2336 2236 2732 2300 105.’Redolet,
2763 2252 2834 2290 sc.
2861 2240 3034 2306 ﬂores,
3070 2237 3110 2289 Ι.

2335 2309 2457 2363 illi.
2488 2308 2839 2373 Multieolora,
2874 2310 3039 2373 varia,
3076 2307 3111 2359 I.
3144 2337 3216 2346 —
3242 2307 3428 2375 Latex,
3462 2312 3598 2379 fons,
3635 2310 3674 2365 Ι.

2334 2380 2456 2455 1οᾂ.
2497 2379 2826 2444 Quadrilluo,
2862 2381 2983 2449 quia
3022 2387 3243 2449 quatuor
3278 2390 3393 2435 sunt
3436 2382 3652 2450 ﬁuntna
3690 2399 3842 2455 pam-

2266 2453 2385 2514 disi,
2422 2450 2461 2505 |.

2340 2522 2461 2576 106.
2492 2520 2600 2585 Ait,
2635 2520 2793 2589 Deus,
2823 2522 2863 2575 l.

2338 2594 2461 2648 107.
2488 2592 2654 2655 Dedo,
2686 2603 2865 2662 sponte
2891 2596 3059 2656 trado,
3089 2592 3127 2646 Ι.

2340 2665 2461 2719 109.
2492 2664 2703 2731 Stipite,
2737 2664 2935 2725 arbore,
2967 2664 3005 2716 Ι.

2340 2738 2460 2790 110.
2496 2736 2744 2803 Nemore,
2776 2735 3025 2806 paradisi,
3064 2736 3102 2789 Ι.

2339 2808 2461 2860 111.
2512 2806 2628 2871 Hie,
2680 2816 2815 2860 tunc.
2848 2835 2916 2845 —-
2947 2806 3202 2872 Perﬁdus,
3251 2809 3466 2875 perderes
3506 2808 3683 2875 fidem,
3712 2808 3751 2862 I.
3776 2838 3842 2850 —-

2268 2878 2526 2945 indocile,
2561 2877 2709 2950 valde
2747 2877 2948 2941 docile;
2997 2878 3050 2929 in
3083 2879 3213 2932 enim
3243 2879 3537 2948 prtvpositio
3567 2881 3841 2950 aliquando

2266 2960 2434 3019 auget,
2469 2959 2523 3001 ut
2552 2948 2817 3017 impulsus,
2844 2950 3092 3016 intonsus,
3130 2950 3243 3003 Vat.
3278 2951 3342 3005 A.

2338 3021 2457 3074 H2.
2490 3020 2664 3083 Illicit,
2698 3020 2903 3088 decipit,
2939 3019 2978 3073 l.

2335 3091 2455 3145 114.
2494 3092 2700 3147 Vctitis.
2737 3092 2919 3157 pomis,
2954 3092 2990 3144 Ι.

2333 3164 2453 3215 119.
2494 3161 2706 3226 l’arant,
2738 3172 3049 3230 prteparant,
3086 3162 3126 3215 1.

2333 3234 2459 3287 122.
2495 3232 2757 3299 Exigitur,
2796 3233 3091 3302 expellitur,
3120 3232 3159 3285 Ι.
3594 3292 3603 3299 ο

2334 3304 2456 3358 125.
2489 3302 2712 3370 lnnuba,
2742 3304 2882 3373 virgo
2912 3304 3052 3369 prius
3073 3304 3126 3357 in
3153 3305 3416 3373 paradiso,
3442 3304 3561 3360 Vat.
3591 3306 3657 3362 Τ.

1880 3414 1883 3417 ἰ
1921 3419 2483 3477 COMMENTARIUS.

645 3530 733 3583 90.
765 3524 888 3579 Vat.
924 3527 961 3576 A
1002 3524 1176 3591 glossa
1225 3521 1453 3589 pertinet
1495 3520 1561 3573 ad
1605 3518 1976 3588 explicandam
2022 3526 2160 3571 stro—

575 3600 731 3665 pham
760 3606 1092 3663 sequentem.
1131 3592 1390 3665 Weitzius
1423 3593 1546 3659 legit
1574 3593 1709 3644 canit
1732 3606 1832 3665 pro
1863 3597 2005 3641 canet
2027 3604 2159 3665 _c_n_m

578 3660 797 3730 Witlttt.,
830 3660 1020 3733 lii-aiis,
1054 3666 1241 3725 Goltl.;
1274 3663 1365 3717 sed
1397 3673 1537 3715 rane!
1575 3662 1745 3715 nostri
1770 3674 1978 3724 omnes,
2011 3660 2159 3725 Ald.,

578 3744 717 3801 (iis,
753 3741 895 3801 Put.,
929 3741 1126 3799 UXGII.,
1164 3736 1371 3796 lleins.,
1406 3734 1519 3786 Pal.

648 3813 739 3865 924.
772 3810 1013 3870 Resonat,
1052 3807 1188 3858 male
1218 3806 1402 3860 Aldus.

650 3884 739 3935 96.
778 3880 875 3931 l’ro
906 3889 1093 3940 stuicte,
1122 3878 1261 3945 quod
1292 3876 1475 3944 optimi
1503 3883 1556 3928 et
1579 3874 1816 3943 plerique
1840 3872 2057 3945 habent,
2086 3873 2163 3927 le-

580 3963 711 4020 gunt
741 3960 918 4004 sancta
946 3944 1151 4020 manus,
1182 3948 1356 4000 minus
1389 3946 1545 4011 bene,
1572 3946 1750 4016 l’rag.,
1777 3944 2161 4012 Rat.,Weitz.,

589 4026 747 4080 Cis.i
780 4023 888 4087 ed.,
924 4021 1064 4074 Vatt.
1087 4017 1127 4087 ι,
1162 4021 1224 4073 o.

649 4098 736 4149 97.
766 4096 867 4146 Pro
897 4095 1001 4146 luto
1035 4094 1209 4161 posuit
1240 4098 1388 4159 poeta
1425 4089 1670 4160 Cespitern
1710 4088 2000 4143 madidum.
2057 4088 2157 4142 Fe-

579 4178 691 4220 snts
730 4164 948 4231 :Cespes
993 4160 1065 4216 est
1116 4172 1250 4215 terra
1293 4164 1343 4215 in
1388 4164 1593 4213 modum
1638 4160 1811 4213 lateris
1854 4176 2003 4225 cmsa,
2039 4174 2158 4212 cum

582 4237 768 4302 herba,
822 4241 934 4289 sive
979 4234 1179 4287 fruetus
1221 4236 1421 4287 recisus
1454 4242 1503 4285 ιιι
1554 4242 1828 4284 truncatus
1874 4241 1972 4284 est.
2009 4231 2160 4296 Apud

583 4308 837 4363 lsitlornm
868 4308 956 4358 lib.
990 4321 1097 4365 xw,
1129 4321 1247 4371 cap.
1273 4306 1324 4370 6,
1350 4308 1516 4373 Orig;
1538 4303 1759 4373 Cespites
1783 4313 1896 4355 sunt
1929 4302 2158 4370 frutices.

588 4381 715 4432 Vide
749 4380 940 4447 l’sych.
992 4392 1131 4432 vers.
1160 4374 1285 4437 904,
1344 4374 1479 4426 Nam
1518 4378 1710 4427 viscera
1756 4376 1874 4427 limo
1924 4373 2160 4442 Efﬁgiata

580 4458 817 4515 premunt
845 4449 1091 4508 animant,
1121 4456 1223 4499 etc.

658 4521 775 4574 100.
812 4520 866 4571 In
896 4518 1133 4583 margine
1164 4515 1279 4569 Vat.
1314 4517 1376 4577 Α,
1414 4515 1513 4567 Ure
1537 4516 1758 4567 animum
1789 4515 1923 4565 dedit
1952 4530 2012 4565 eat
2044 4531 2158 4579 pro-

585 4594 718 4663 prio,
769 4604 924 4657 quem
966 4602 1179 4663 versum
1222 4588 1338 4639 i’ut.
1375 4596 1430 4663 et
1467 4587 1581 4663 Vat,
1624 4589 1666 4663 t)
1704 4586 1900 4663 habent
1930 4586 1988 4663 _in
2014 4594 2157 4663 textu

588 4656 723 4730 ipso,
779 4656 831 4713 et
862 4658 1259 4730 concinnioretn
1300 4656 1513 4730 vulgato
1547 4656 1796 4730 Iloiosius
1839 4656 1987 4730 dicit,
2031 4656 2155 4730 For.

586 4727 726 4786 tasse
761 4732 969 4784 diversa
1001 4738 1081 4781 est
1110 4727 1264 4780 Iccio
1308 4728 1546 4795 ejusdem
1591 4728 1823 4779 auctoris
1868 4743 1927 4778 t-x
1954 4727 2156 4795 duplici

2272 3515 2410 3590 rudi,
2459 3525 2550 3569 aut
2598 3529 2692 3582 pro
2733 3514 2952 3590 indocili
2982 3517 3243 3573 bonarum
3275 3520 3491 3584 artium,
3534 3535 3657 3590 quae
3687 3522 3739 3577 in
3766 3521 3844 3577 fe-

2266 3588 2542 3661 minainon
2572 3586 2935 3661 reperiuntur,
2969 3596 3101 3661 teste
3128 3590 3436 3645 Aristotele.
3468 3586 3577 3659 Ego
3609 3591 3844 3661 intelligo

2267 3658 2390 3712 Ev:e
2422 3658 2693 3727 ingenium
2734 3659 2969 3712 indocile
3006 3659 3098 3713 Dei
3135 3672 3401 3728 praecepto
3447 3658 3552 3717 non
3596 3658 3843 3718 vescendi

2268 3745 2424 3797 pomo
2450 3730 2639 3793 vetito,
2674 3745 2780 3798 quo
2807 3728 2977 3784 Adam
3008 3740 3063 3783 et
3094 3733 3201 3785 Eva
3234 3731 3476 3789 obstricti
3510 3742 3685 3788 erant.
3713 3736 3843 3789 Nam

2266 3800 2708 3873 praeceptumNe
2734 3803 2963 3873 comedas
2988 3802 3201 3869 ponitur
3224 3803 3277 3857 in
3301 3803 3556 3869 singulari
3581 3820 3677 3873 per
3699 3806 3843 3860 enal-

2264 3872 2417 3940 lagen
2447 3887 2541 3939 pro
2569 3870 2648 3925 Ne
2674 3872 2972 3938 comedetis,
3001 3873 3077 3926 uti
3097 3873 3442 3942 Septuaginta
3467 3870 3846 3931 habent.Non-

2267 3943 2391 3994 nulli
2424 3943 2621 3997 docent
2654 3944 2814 3997 Evam
2847 3955 2973 3997 ante
3002 3943 3103 3997 hoc
3136 3956 3459 4012 prteceptum
3504 3945 3669 4004 fuisse
3714 3963 3842 4003 con-

2265 4013 2451 4077 ditam,
2484 4014 2729 4080 quamvis
2756 4015 2871 4082 ejus
2902 4015 3152 4068 formatio
3184 4026 3363 4083 postea
3387 4017 3671 4073 referatur.
3702 4057 3706 4060 ρ

2337 4084 2463 4139 1-12.
2496 4086 2597 4139 l’ro
2624 4084 2769 4138 illicit
2801 4086 2957 4140 habet
2980 4087 3139 4141 allicit
3164 4086 3320 4155 Prag.

2338 4157 2459 4228 116.
2482 4156 2666 4228 _Aldus
2698 4156 2765 4209 ita
2809 4158 3174 4226 interpungit:
3209 4158 3435 4228 Corpora
3474 4169 3653 4212 mutua
3702 4179 3846 4218 nosse

2264 4227 2425 4293 nefas.
2474 4225 2598 4281 Post
2639 4228 2813 4297 epulas
2845 4225 3074 4297 inoperta
3117 4230 3283 4282 vident
3313 4225 3574 4284 ‘Lubricus
3614 4248 3761 4285 error
3799 4246 3843 4288 et

2264 4297 2486 4368 erubuit.
2530 4299 2716 4351 Melius
2760 4298 2904 4364 Rat.,
2960 4302 3046 4353 ubi
3098 4301 3291 4368 legitur
3332 4303 3462 4355 videt
3494 4317 3591 4368 pro
3631 4303 3842 4360 rident:

2265 4364 2393 4421 I’ost
2423 4370 2598 4437 epulas
2625 4374 2853 4437 inoperta
2885 4371 3013 4423 videt
3036 4364 3288 4425 Lubi‘icus
3315 4388 3475 4435 error,
3494 4364 3552 4425 ἐι
3586 4375 3809 4428 erubuit.

2340 4439 2457 4492 12:2.
2488 4441 2654 4512 Aldus
2695 4442 2851 4512 male,
2874 4444 2991 4494 sede
3019 4444 3247 4512 prapria.

2336 4512 2458 4583 125.
2493 4511 2655 4564 Recte
2703 4511 2868 4566 Nebr.
2898 4511 3170 4583 explicat,
3222 4516 3467 4568 innabant
3512 4515 3618 4568 dici
3655 4517 3841 4577 Evam,

2263 4582 2385 4656 quia
2416 4583 2617 4635 nubere
2654 4591 2742 4656 est
2788 4582 2978 4656 minori
3031 4586 3336 4639 conditione
3384 4601 3442 4639 se
3485 4588 3699 4656 conjugi
3747 4599 3844 4639 suo

2264 4655 2411 4727 dare,
2445 4661 2499 4707 et
2521 4654 2756 4727 nondum
2792 4654 2863 4727 illi
2889 4656 3088 4711 dictum
3118 4656 3307 4715 fuerat.
3347 4658 3451 4711 Sub
3480 4654 3729 4727 potestate
3753 4658 3843 4708 viri

2264 4725 2383 4787 eris,
2426 4736 2471 4777 et
2512 4724 2619 4795 ipse
2664 4725 3010 4781 dominabitur
3038 4728 3146 4782 tibi.
3190 4728 3320 4782 Vide
3362 4744 3428 4781 an
3475 4724 3642 4795 prosit
3683 4732 3845 4782 etiam

585 4806 819 4857 editione
850 4814 1069 4877 operum
1115 4808 1254 4851 nata.
1295 4799 1516 4877 Alltnlit
1543 4800 1604 4851 ad
1658 4798 1794 4877 Cen.
1848 4813 1968 4864 cap.
1997 4814 2051 4877 tt,
2104 4799 2155 4852 7.
2186 4816 2237 4877 ι)
2267 4797 2476 4876 [impria
2505 4795 2823 4877 signiﬁcatio
2852 4800 3115 4877 nubendi:
3165 4814 3285 4859 nam
3318 4800 3615 4877 nubereest
3637 4802 3842 4861 velare,

586 4875 803 4942 Reliqua
833 4888 949 4939 quae
982 4873 1066 4924 hic
1092 4885 1261 4922 narrat
1297 4872 1481 4942 eodem
1509 4870 1624 4942 loco
1657 4871 1832 4935 legi-re
1864 4870 2084 4942 poteris.

657 4940 777 4998 101.
814 4943 927 4996 Vat.
963 4944 1002 4994 A
1038 4957 1131 5009 pro
1169 4953 1284 4991 tunc
1329 4941 1483 4992 habet
1516 4941 1669 4999 hune,
1719 4956 1891 4991 nnnus
1918 4940 2073 5004 ilOJt‘,
2106 4950 2159 4995 et

584 5018 773 5069 directa
798 5014 932 5067 male
959 5028 1051 5079 pro
1078 5012 1258 5077 rireta,
1295 5012 1429 5079 quod
1463 5022 1543 5063 est
1574 5027 1751 5077 supra.
1785 5013 1987 5065 Closur
2017 5014 2158 5078 ejus-

488 5134 493 5137 .
583 5088 701 5140 detn
731 5098 781 5139 et
816 5087 982 5137 lsonis
1006 5099 1108 5135 non
1140 5084 1365 5149 placent.
1393 5080 1619 5135 Viretutn
1643 5094 1721 5135 est
1747 5098 1937 5136 nomen
1970 5083 2153 5146 ﬁxum,

582 5174 673 5210 seu
709 5156 1119 5215 substantivum,
1155 5169 1259 5206 non
1292 5155 1632 5219 atljectivom.
1681 5152 1927 5214 Virgilius
1958 5155 2045 5207 lib.
2081 5169 2152 5219 vr,

584 5230 838 5281 Uevenere
864 5226 1001 5279 iocos
1031 5228 1195 5288 la'tos,
1240 5234 1287 5277 et
1310 5242 1506 5277 antwna
1536 5227 1708 5278 vireta.
1746 5224 2051 5277 [’aradisum
2084 5225 2155 5275 si-

582 5300 691 5352 nnli
721 5298 880 5353 modo
907 5296 1159 5350 describit
1184 5310 1336 5365 poeta
1366 5298 1548 5366 itymn.
1586 5299 1618 5350 5
1649 5312 1787 5348 vers.
1822 5298 1936 5361 115,
1968 5307 2019 5348 et
2049 5295 2154 5348 lla-

582 5389 627 5423 tn
654 5382 738 5424 't‘t.
773 5386 914 5425 vers.
948 5368 1073 5423 856.

654 5443 774 5495 107.
825 5440 902 5495 Ad
949 5455 1094 5494 oram
1146 5437 1264 5492 Vat.
1299 5439 1365 5503 A,
1412 5436 1603 5491 nisibus
1648 5452 1745 5506 pro
1775 5438 1968 5502 usibus,
2014 5436 2152 5506 quod

580 5513 799 5566 etnnino
827 5512 1185 5565 retinendum.
1218 5576 1219 5579 η

654 5583 773 5637 “tl.
807 5583 951 5645 Rat.,
975 5584 1165 5635 medico
1192 5597 1286 5651 pro
1308 5581 1496 5643 medio,
1523 5580 1614 5633 sed
1639 5582 1881 5633 abrasum
1914 5589 1994 5651 est
2023 5596 2069 5643 ε,
2102 5588 2155 5633 et

580 5665 726 5708 recte
753 5672 764 5706 :
792 5669 909 5705 nam
936 5653 1067 5705 Gen.
1094 5650 1213 5720 capi.
1242 5669 1296 5717 tt,
1334 5654 1395 5704 9:
1420 5652 1633 5721 Liqntun
1665 5653 1811 5702 etiam
1846 5652 1958 5703 rita:
1979 5650 2031 5703 in
2054 5666 2157 5701 me-

577 5726 663 5777 dio
691 5724 918 5794 paradisi
945 5725 1236 5791 lignumque
1262 5724 1483 5776 scicntiw
1509 5725 1623 5774 boui
1653 5733 1693 5774 et
1726 5724 1866 5773 ntali.

650 5796 773 5849 111.
800 5794 1052 5851 Nebrissa
1080 5795 1300 5847 indocile
1330 5797 1519 5861 accipit
1551 5808 1634 5846 aut
1686 5814 1777 5861 pio
1822 5794 2052 5846 iniecto.
2101 5800 2156 5845 et

2266 4868 2499 4931 operire,
2524 4879 2577 4919 et
2607 4868 2793 4921 nubere
2822 4880 2909 4922 aut
2940 4871 3061 4922 nubi
3090 4880 3169 4923 est
3198 4873 3467 4937 preprium
3498 4872 3841 4931 l'tmiinarmn,

2265 4953 2382 5011 qua:
2411 4948 2571 5007 caput
2593 4948 2647 5011 et
2676 4954 2859 5011 genus,
2895 4942 3238 4995 matrimonio
3266 4942 3601 5009 copulandae,
3630 4944 3845 5011 operic-

2263 5007 2413 5074 bant,
2445 5019 2502 5062 ut
2527 5010 2778 5075 pudorem
2812 5010 3001 5065 llameo
3029 5007 3353 5066 occulerent.
3377 5015 3623 5066 Lucanus
3649 5007 3743 5068 lib.
3766 5030 3801 5066 ιι
3829 5028 3844 5066 :

2266 5076 2388 5131 Non
2419 5082 2654 5133 tnnidum
2682 5092 2850 5148 nupta:
2878 5085 3047 5136 liviter
3078 5094 3270 5136 tertura
3300 5086 3539 5149 pudorem
3574 5083 3735 5137 Lutea
3755 5086 3847 5136 dc-

2264 5149 2441 5221 inissos
2466 5154 2693 5204 velarunt
2719 5154 2904 5220 [Iamea
2932 5154 3114 5207 vultus.
3145 5156 3244 5207 Alii
3268 5157 3556 5221 ﬂammeum
3578 5157 3843 5210 scribunt.

2264 5220 2370 5275 Eva
2420 5224 2609 5289 igitur,
2656 5224 2898 5289 (tuamxis
2940 5241 3072 5278 uxor
3120 5220 3324 5279 Adamo
3364 5242 3391 5279 a
3433 5228 3537 5285 Deo
3578 5228 3723 5289 data,
3776 5241 3848 5279 eo

2262 5308 2420 5345 sensu
2451 5304 2609 5365 nupta
2641 5309 2744 5365 non
2774 5304 2908 5358 erat,
2936 5311 3106 5365 neque
3136 5299 3325 5365 llameo
3352 5298 3417 5350 ad
3452 5296 3712 5363 pudorem
3753 5313 3848 5350 oe-

2263 5365 2569 5417 cultandum
2601 5364 2889 5433 indigebat.
2929 5368 2979 5419 ln
3025 5364 3193 5419 Sacris
3222 5364 3433 5422 Litteris
3473 5367 3557 5421 hic
3599 5370 3736 5425 ritus
3764 5370 3849 5421 in-

2262 5437 2440 5507 nititur
2470 5438 2603 5487 tien.
2629 5450 2746 5504 cap.
2780 5452 2921 5507 xxtv,
2971 5438 3061 5499 05,
3112 5438 3197 5490 ubi
3230 5438 3493 5501 Rebecca,
3546 5450 3850 5507 conspecto

2260 5506 2424 5569 Isaae,
2454 5506 2633 5557 tollens
2655 5510 2755 5559 cito
2785 5506 3020 5573 pallium,
3048 5512 3244 5577 operuit
3267 5525 3319 5561 se
3433 5510 3531 5573 Qui
3554 5506 3851 5562 introduxit

2260 5593 2372 5629 eam
2402 5579 2453 5629 in
2480 5578 2861 5631 tabernaculum
2891 5580 3038 5633 Sara:
3061 5581 3234 5633 matris
3261 5597 3383 5645 suat,
3422 5592 3462 5633 et
3506 5582 3701 5646 accepi:
3737 5596 3854 5637 eam

2262 5663 2493 5701 umorem.
2520 5649 2827 5717 Obttnhero,
2864 5666 2954 5703 seu
2979 5652 3155 5705 velare
3186 5664 3343 5719 caput
3386 5656 3435 5705 in
3469 5653 3687 5705 feminis
3716 5654 3855 5704 sub-

2258 5720 2507 5785 joctionis
2538 5732 2617 5772 est
2645 5721 2851 5788 signum
2896 5738 2959 5774 ex
3002 5723 3017 5774 Ι
3060 5723 3125 5775 ad
3158 5723 3397 5775 Corinth.
3445 5737 3564 5789 cap.
3601 5738 3679 5786 χι,
3733 5722 3767 5775 5
3801 5732 3861 5776 et

2262 5806 2412 5858 seqq.
2443 5810 2454 5843 :
2485 5790 2665 5843 Omnis
2694 5803 2864 5845 autem
2890 5794 3072 5848 mulier
3095 5809 3246 5847 orans
3267 5802 3353 5847 aut
3374 5792 3718 5866 proyltetans,
3746 5810 3863 5847 non
