2051 3174
138 164 192 193 805

266 221 345 258 267
356 221 482 258 Coujugis
495 222 594 258 excipit
608 222 746 259 imperium
756 245 763 259 ,

267 268 379 298 Fwdera
395 270 479 298 tristia
492 271 565 305 jussa
583 271 644 305 pati.

227 318 328 345 Auctor
341 322 367 345 et
379 317 436 348 ipse
448 316 502 344 doli
513 317 621 345 coluber

261 364 388 392 Plcctitur
403 364 552 398 improbus,
569 369 598 391 ut
612 365 708 393 mulier

265 411 339 440 Colla
353 412 488 448 trilinguia
502 412 575 440 calce
591 416 678 439 terat:

262 457 307 485 Sic
320 456 437 485 Coluber
453 457 582 485 muliebre
593 457 680 485 solum

263 502 395 538 Suscipit,
407 508 487 538 atque
500 503 585 531 virum
601 503 707 531 mulier.

228 550 275 577 His
290 550 402 578 ducibus
416 550 512 577 vitiosa
526 550 623 578 dehinc

263 596 344 632 268
369 596 515 624 Posteritas
530 596 584 623 ruit
598 597 625 623 in
640 595 753 629 facinus,

266 642 385 677 Dumque
400 642 480 670 rudes
494 642 616 670 intitatur
631 650 705 675 avos,

263 689 366 724 Fasque
382 688 510 724 nefasque
525 689 603 716 simul
618 690 782 724 glomerans,

262 736 343 771 lmpia
358 735 470 763 crimina
483 741 570 763 morte
585 736 646 763 luit.

227 783 296 811 Ecce
310 783 383 811 venit
398 789 466 809 nova
480 783 634 817 progenies,

260 830 374 859 Emere
389 829 511 865 proditus
524 830 593 858 alter
607 829 699 864 homo,

140 269 192 298 125

140 504 191 531 150

140 736 191 764 155

670 165 937 195 CATHEMERINON
956 166 999 196 ΙΙΙ.
1022 168 1114 198 ANTE
1134 163 1267 198 CIBUMI
1317 157 1319 159 I

947 227 974 258 Α
1108 226 1165 254 Non
1182 226 1279 261 luteus,
1295 225 1367 254 velut
1382 226 1524 263 inerprnn',

1111 273 1163 301 Sed
1178 274 1246 302 Deus
1262 274 1319 309 ipse
1331 282 1428 311 gerens
1443 274 1596 310 hominem,

1109 319 1304 356 Corporeisque
1319 328 1414 349 carens
1428 321 1509 349 vitiis.

1077 365 1121 393 Fit
1135 372 1198 393 caro
1211 366 1298 394 vivida
1314 374 1403 395 sermo
1414 366 1512 402 Patris,

1108 411 1222 439 Numine
1235 420 1314 447 quem
1330 413 1456 442 rutilante
1471 414 1560 450 gravis

1111 457 1169 485 Non
1183 450 1310 492 thalamo,
1321 467 1407 494 neque
1420 460 1481 495 jurc
1495 461 1561 494 tori,

1108 504 1163 532 Nec
1177 504 1326 539 genialibus
1343 505 1475 534 illecebris

1109 552 1268 580 lntemerata
1285 553 1372 587 puella
1390 554 1468 588 parit.

1111 598 1191 633 269
1202 598 1257 626 Hoc
1270 598 1360 625 odiutn
1375 604 1451 627 vetus
1466 599 1531 627 illud
1544 605 1601 629 erat
1610 621 1619 635 ,

1112 645 1167 672 Hoc
1181 650 1239 673 erat
1249 646 1359 680 aspidis,
1375 652 1455 682 atque
1470 647 1586 678 hominis

984 319 1036 347 H0

984 552 1037 581 “5

1117 692 1293 727 Digladiabile
1307 693 1449 721 discidium
1458 717 1465 729 ,

1115 738 1191 772 Quod
1207 739 1286 766 tnodo
1301 747 1400 767 cernua
1417 740 1539 769 femineis

1115 783 1213 817 Vipera
1228 785 1374 818 proteritur
1390 785 1511 819 pedibus.

1078 829 1164 858 Edere
1178 837 1293 865 namque
1308 830 1392 860 Deum
1408 832 1503 861 merita

991 783 1042 814 l50

792 877 934 906 ϐιοδδῶ
956 878 1126 907 VETERES.

173 921 235 948 128.
251 923 338 953 calce,
357 924 487 954 calcuneo,
500 923 519 949 Ι.

174 956 235 983 129.
262 957 386 985 Muliebre
410 960 511 989 solum,
534 959 648 991 plantam
674 962 784 990 veretur,
802 958 821 984 l.
840 958 932 986 Solum

136 992 189 1018 dici
204 997 297 1025 potest,
314 994 438 1028 quidquid
458 994 553 1028 aliquid
569 994 692 1027 sustinet,
708 994 745 1020 sic
763 997 830 1020 terra
849 994 933 1020 solum

135 1032 176 1065 est
191 1027 320 1054 hominum
334 1034 356 1054 et
372 1027 531 1061 animalium,
550 1037 594 1055 aer
608 1030 706 1062 avium,
724 1037 794 1056 mare
808 1029 931 1065 piscium,

135 1062 236 1104 solum,
284 1072 306 1090 e.
320 1064 449 1104 plantam,
466 1066 523 1091 Vat.
537 1065 570 1091 Α.

172 1098 234 1125 150.
251 1098 424 1133 Sttscipit,sc.
440 1098 516 1135 super
529 1108 565 1132 se,
579 1100 664 1133 timet,
678 1099 698 1127 l.
714 1099 806 1134 Timet,
823 1101 882 1128 Vat.
899 1101 930 1128 Α.

136 1132 262 1160 Timeam.
280 1134 356 1168 Prag.

175 1169 237 1206 ﬁt.
251 1169 435 1206 llis_ducibus,
447 1170 552 1197 colubra
566 1175 589 1198 et
602 1170 718 1206 muliere,
735 1171 767 1198 1.-

174 1205 233 1232 155.
251 1204 350 1237 ltudes,
366 1214 454 1238 novos,
470 1206 528 1235 Vat.
545 1206 576 1234 Τ.
595 1222 629 1226 -
645 1204 778 1240 Imitatur,
795 1206 877 1234 Evam
897 1208 934 1234 vi-

139 1239 229 1267 delicet
244 1245 268 1266 et
284 1241 366 1268 Attum
374 1261 381 1273 ,
394 1241 414 1268 l.

949 925 974 955 Β
1023 923 1084 951 157.
1101 923 1237 957 Proditus,
1252 925 1413 959 manifestus,
1431 925 1450 953 Ι.

1023 959 1085 998 1
1103 959 1254 998 llontinetn,
1271 960 1437 998 substantiam
1451 970 1535 989 veram
1548 962 1666 998 hominis,
1680 964 1701 994 Ι.

1025 994 1085 1022 Ml.
1104 994 1208 1025 Vivida.
1224 996 1316 1029 uiuens,
1334 996 1385 1023 lso.

1024 1031 1084 1057 l/s‘l.
1101 1032 1195 1063 Quom,
1212 1039 1362 1065 sermonem,
1380 1031 1432 1059 lso.

1025 1065 1084 1093 Ml.
1103 1067 1267 1099 ﬂuuialibus,
1284 1067 1450 1100 voluptuosis.
1464 1068 1484 1096 Ι.

1103 1101 1288 1142 υξμιξιάξειιλῑιυη
1304 1102 1405 1137 plenum
1419 1104 1521 1142 gladiis,
1536 1105 1724 1142 periculosum,
1738 1108 1781 1139 di-

985 1136 1096 1170 visibile;
1113 1138 1265 1170 digladiari;
1281 1136 1333 1164 iJe.
1348 1136 1472 1173 pugnare,
1488 1139 1507 1166 Ι.

1025 1173 1084 1199 149.
1102 1173 1216 1206 Cornua,
1231 1180 1318 1206 curva,
1333 1174 1406 1207 quasi
1419 1183 1523 1202 cernens
1538 1180 1641 1207 terram.
1655 1178 1674 1207 Ι.

1026 1182 1084 1199 Ill}.
1102 1182 1216 1214 uerituu,
1231 1182 1318 1213 curva,
1333 1182 1405 1235 Ἱκαδι
1419 1183 1523 1202 cernens
1538 1182 1641 1215 terram,

1026 1208 1086 1236 151.
1105 1207 1210 1242 Merita,
1228 1208 1323 1243 digna,
1353 1228 1359 1235 .

812 1287 1097 1318 COMMENTARlUS.

138 1337 219 1362 velato
232 1335 326 1369 capite,
338 1335 457 1369 deturpat
467 1340 543 1370 caput
556 1343 632 1362 suum
693 1335 740 1362 Vir
755 1336 859 1370 quidem
876 1344 928 1363 non

138 1371 210 1397 debet
225 1371 306 1397 velare
319 1375 395 1404 caput
406 1378 491 1404 suum,
507 1372 628 1405 quoniam
641 1371 734 1406 imago,
750 1376 772 1397 et
786 1372 868 1405 gloria
880 1370 928 1398 Dei

138 1411 185 1439 est,
202 1407 293 1433 mulier
307 1411 389 1433 autent
404 1406 489 1441 gloria
504 1406 549 1433 viri
561 1411 607 1433 est.
620 1405 680 1433 Non
694 1405 761 1433 enim
771 1408 809 1434 uir
827 1415 859 1433 es:
873 1415 928 1433 mu-

138 1441 210 1475 liere,
231 1442 276 1468 sed
297 1440 389 1468 mulier
405 1440 436 1468 ea:
448 1442 511 1468 viro.
538 1441 592 1468 Hac
607 1443 711 1468 ratione
731 1443 771 1469 vir
786 1443 861 1470 uxori
880 1451 929 1469 nu-

138 1476 204 1504 bere
217 1485 270 1504 nott
287 1482 360 1504 recte
372 1477 480 1509 dicitur,
494 1477 544 1504 nisi
560 1485 620 1504 cum
635 1478 773 1505 irridetur.
789 1477 869 1505 Uxori
882 1486 928 1505 nu-

140 1512 196 1539 bsre
210 1513 269 1539 nolo
284 1520 356 1545 metu,
372 1512 460 1540 aiebat
472 1512 609 1540 Martialis.

192 1548 238 1581 28,
256 1548 315 1575 129.
334 1547 425 1575 Solum
447 1556 495 1582 pro
517 1548 594 1582 pede,
611 1555 659 1575 seu
681 1548 733 1575 ima
757 1548 830 1582 pedis
855 1553 930 1583 parte

139 1583 265 1618 frequens
279 1588 328 1611 est.
343 1584 440 1619 Hymn.
454 1584 481 1610 S.
495 1584 604 1618 Agnetis
618 1591 688 1610 vers.
705 1583 773 1611 H6:
791 1583 869 1611 Nunc
881 1585 931 1610 uir-

140 1618 221 1655 ginali
240 1619 396 1655 perdomitus
409 1619 463 1646 solo
479 1619 513 1646 de
523 1620 658 1655 dracone;
672 1623 700 1646 et
711 1619 858 1655 Lucretius,
874 1628 932 1655 per-

139 1651 202 1689 agro
230 1651 286 1682 loca
313 1653 410 1681 nullius
438 1659 498 1681 ante
522 1654 593 1681 Trita
617 1656 682 1681 toto.
705 1655 800 1682 Cicero
823 1651 931 1682 Tuscul.
947 1651 970 1683 C

140 1697 201 1725 pag.
217 1690 271 1717 246
285 1691 311 1717 in
326 1690 406 1724 epist.
427 1690 589 1717 Anacharsis
607 1690 639 1716 ad
662 1689 819 1718 Hannonem
841 1700 846 1716 :
868 1690 933 1717 Mitti

140 1727 248 1753 amictus
263 1730 298 1752 est
315 1725 465 1760 Scythicum
477 1730 590 1761 tegmen,
607 1725 805 1752 calceamentum
819 1726 933 1753 solorum

139 1761 251 1794 callum,
266 1761 348 1787 cubile
363 1765 442 1787 terra.
457 1763 476 1787 A
488 1760 548 1788 solo
564 1761 639 1795 pedis
656 1760 727 1787 solea
747 1761 828 1794 dicta,
842 1767 869 1796 et
885 1761 932 1788 Hi-

141 1797 280 1830 spanicum
305 1797 391 1829 sueta,
413 1797 519 1831 aliaque
543 1796 639 1823 similia
664 1796 774 1823 aliarum
799 1798 929 1832 gentium.

142 1832 234 1860 Potest
250 1833 329 1859 etiam
345 1832 462 1859 dubitari
482 1839 516 1859 an
535 1831 587 1858 ltuc
608 1833 740 1866 pertineat
759 1831 829 1866 quod
847 1832 931 1859 Latini

142 1868 232 1901 aiunt,
257 1872 352 1894 vertere
376 1868 475 1899 solum,
503 1867 552 1894 soli
575 1867 688 1894 vertendi
715 1875 809 1900 causa;
836 1868 933 1896 dicitur

138 1904 225 1935 enim,
239 1911 289 1937 quo
304 1911 343 1930 me
357 1908 462 1936 uertant,
476 1911 526 1936 quo
536 1911 562 1930 se
576 1908 664 1936 verm,
677 1911 728 1938 quo
742 1911 769 1929 se
782 1909 890 1936 vertent,
907 1909 933 1931 et

141 1939 251 1974 proprie
266 1938 347 1973 pedes
360 1938 413 1966 alio
424 1946 454 1966 se
469 1943 589 1970 vertunt,
609 1946 663 1965 non
677 1943 759 1971 terra,
774 1946 833 1965 cunt
855 1941 889 1974 ab
901 1946 933 1966 ea

139 1973 203 2009 quis
222 1973 332 2001 recedit.
349 1974 443 2001 Cicero
462 1979 549 2000 tattten
569 1974 646 2000 aliter
670 1974 793 2008 intelligit
809 1981 856 2007 pro
868 1973 932 2002 Cor.

139 2017 205 2045 pag.
217 2009 269 2037 69:
289 2010 338 2042 Qui
357 2009 464 2036 civitatis
483 2010 593 2044 alicujus
615 2009 698 2035 solum
719 2010 826 2036 civitatis
847 2015 933 2036 muta-

141 2044 213 2073 tione
226 2045 378 2073 vertissent:
393 2044 463 2078 apud
479 2053 558 2079 quem
574 2049 678 2071 vertere
691 2045 776 2071 solutn
789 2049 817 2072 et
831 2050 934 2073 mutare

140 2081 230 2109 solum
247 2080 316 2108 idem
327 2085 378 2107 est.
394 2080 440 2107 llis
454 2080 575 2107 versibus
586 2085 612 2106 et
627 2081 801 2115 sequentibus
823 2081 933 2115 insigni-

141 2121 186 2144 ter
197 2116 366 2150 comprobari
381 2116 522 2143 lectionem
540 2115 667 2149 Vulgata.
686 2114 750 2148 Ipsa
764 2114 933 2142 conterat’ca—

142 2156 191 2187 put
217 2156 303 2183 tuum,
327 2155 354 2178 et
375 2151 405 2178 Β.
433 2151 547 2184 Virginis
561 2151 772 2187 conceptionem
796 2152 854 2177 sine
876 2151 934 2178 labe

142 2185 248 2222 peccati
263 2187 410 2220 originalis,
423 2186 495 2221 quod
509 2194 541 2213 ex
557 2186 606 2213 SS.
624 2185 732 2212 Patrum
756 2186 887 2213 sententia
908 2187 934 2214 in

141 2221 270 2257 serpente
283 2227 324 2249 est
341 2222 484 2249 indicatum
495 2242 502 2254 ,
517 2221 696 2249 demonstravi
712 2229 770 2256 cap.
786 2223 817 2248 l0
833 2222 933 2257 proleg.

143 2258 315 2292 thuoniam
326 2258 352 2284 in
369 2257 486 2292 Hispano
498 2263 575 2292 poeta
592 2257 648 2283 luet:
664 2258 847 2291 interpretatio
866 2258 936 2284 inter

142 2298 251 2321 veteres
270 2292 387 2320 maxime
407 2294 507 2327 elucet,
524 2293 705 2320 IeSlllllllnllllll
722 2293 935 2320 recentissimum

143 2336 196 2364 pro
210 2329 304 2356 cadent
319 2329 450 2355 sententia
461 2336 494 2355 ex
511 2328 634 2362 Hispania
649 2330 758 2363 petitum
774 2328 896 2355 indicabo
911 2331 935 2356 in

145 2363 269 2391 Oratione
286 2365 349 2399 regii
359 2363 537 2399 theologorum
554 2369 629 2390 coetus
648 2371 694 2397 pro
708 2366 800 2390 tuendo
815 2365 938 2390 immacu-

145 2401 209 2428 lata'
232 2398 335 2435 uirginis
351 2398 442 2425 Maria:
461 2399 637 2432 Cortceptiouis
661 2401 779 2434 mysterio
799 2400 833 2425 ad
855 2399 936 2426 Caro-

144 2436 201 2463 lunt
217 2434 353 2470 [Νίσυρον
366 2435 487 2461 hodierno
502 2434 579 2469 hujus
600 2434 630 2461 S.
646 2435 760 2469 mystcrii
778 2435 863 2466 cultu,
881 2436 939 2468 pia-

143 2479 194 2506 que
206 2472 236 2498 de
250 2471 295 2498 illo
310 2470 436 2497 sententia
449 2471 482 2496 ad
496 2470 642 2496 ulteriorem
654 2470 811 2506 cctjtjtudims
829 2471 938 2503 gradum

144 2504 237 2534 θηετὶιο
253 2505 453 2541 provehendam;
469 2513 527 2541 qua:
542 2505 611 2532 edita
627 2509 667 2532 cst
685 2504 779 2532 Malriti
800 2513 843 2531 an.
858 2506 937 2538 1778,

145 2543 204 2576 regi
219 2542 350 2569 catholico
364 2541 461 2568 Carolo
481 2540 513 2567 Ill
533 2540 566 2567 ab
590 2541 792 2575 archiepiscopo
807 2541 937 2568 Toletano

145 2578 292 2606 Francisco
303 2577 419 2604 Antonio
435 2577 588 2603 Lorenzana
599 2581 765 2603 consecrata.

188 2613 293 2641 150.1“
318 2613 395 2647 Prag.
418 2612 504 2639 fuerat
527 2612 599 2645 prius
621 2612 800 2647 suspiciatque,
818 2615 845 2638 et
860 2619 939 2645 supra

145 2650 251 2684 glossa,
264 2649 359 2676 tintcat.
372 2646 487 2681 Widtn.,
500 2647 687 2682 smpiciatth;
701 2646 794 2679 Gold.,
805 2647 936 2681 Suspicit,

147 2689 236 2712 utque.

266 2719 340 2747 Adde
359 2720 456 2754 glossa‘.
479 2718 625 2750 Adamum,
643 2725 722 2752 quem
747 2718 801 2745 Eva
820 2718 939 2745 mandere

146 2761 265 2790 coegerat
279 2764 309 2782 es:
319 2753 411 2782 vetitis.
427 2754 598 2787 Prudentius,
611 2754 672 2790 dum
688 2754 727 2780 his
740 2753 847 2790 ducibus
860 2761 937 2781 ruere

149 2789 333 2827 posteritatem
348 2791 374 2817 in
396 2790 552 2827 facim:s,_et
571 2789 652 2827 rudes
666 2796 732 2816 avos
753 2789 849 2827 imitari
864 2790 937 2827 al'lir-

148 2824 221 2859 ittat,
239 2835 291 2854 non
316 2828 397 2853 sentit
419 2833 479 2853 cum
505 2825 663 2859 Pelagianis,
688 2832 800 2859 quorum
823 2824 936 2851 haercsin

149 2864 262 2896 exponit
275 2864 302 2890 8.
320 2862 434 2895 Prosper
447 2863 565 2888 carmine
579 2861 612 2888 de
634 2861 745 2895 Ingratis
766 2867 836 2888 vt-rs.
856 2860 891 2887 20
911 2865 938 2887 et

150 2906 229 2932 seqq.
252 2899 393 2925 Peccatum
417 2897 545 2931 originale
563 2897 642 2929 claris
669 2896 754 2923 verbis
774 2896 938 2932 Prudentius

150 2931 284 2969 explicuit
298 2932 445 2969 Apotheos.
465 2939 537 2959 vers.
560 2932 609 2960 911
635 2937 662 2959 et
675 2939 750 2966 seqq.
766 2931 800 2959 Et
814 2932 938 2965 observa,

981 1335 1153 1375 [.aurentium
1170 1334 1287 1375 Bel-tium
1314 1335 1360 1362 lib.
1378 1343 1424 1362 xttt
1435 1335 1469 1363 de
1479 1337 1611 1375 :l'heot‘og.
1625 1339 1705 1372 disc.,
1721 1348 1779 1375 cap.

980 1371 1014 1404 2,
1029 1370 1143 1405 probare
1155 1370 1286 1407 originale
1301 1375 1438 1405 peccatum
1452 1372 1485 1398 ad
1499 1373 1560 1400 lidei
1575 1370 1711 1407 pertinere
1722 1370 1781 1405 init-

982 1407 1117 1447 tlantenta,
1134 1413 1167 1432 ex
1182 1406 1316 1447 Prudentii
1333 1406 1455 1447 versibus
1470 1406 1636 1442 Apoth.'909
1652 1416 1678 1438 ct
1690 1420 1779 1447 scqq.,

983 1441 1047 1468 Haec
1063 1442 1145 1475 prima
1159 1445 1197 1468 est
1213 1447 1306 1467 natura
1321 1442 1424 1468 animm.

1020 1476 1080 1504 155.
1097 1477 1183 1504 Simili
1206 1476 1295 1511 phrasi
1314 1477 1417 1505 Statius
1438 1477 1484 1505 lib.
1502 1486 1545 1511 Ill,
1567 1480 1628 1508 silv.
1648 1482 1680 1513 3,
1703 1485 1782 1511 rudes

983 1513 1102 1550 papulas,
1116 1515 1192 1547 atque
1205 1520 1284 1539 aurea
1299 1521 1377 1550 regna
1392 1513 1501 1550 colebas.
1518 1515 1596 1550 Saepe
1619 1517 1779 1546 Prudentius

984 1548 1075 1575 rudem
1090 1555 1137 1583 pro
1150 1555 1218 1583 novo
1229 1552 1256 1575 et
1268 1549 1370 1576 recenti
1385 1549 1494 1583 accipit.
1564 1548 1570 1550 ⁷
1659 1573 1665 1580 ,

1022 1584 1084 1622 156.
1099 1584 1139 1610 Ex
1153 1582 1255 1622 Virgilii
1269 1584 1361 1619 ecloga
1373 1584 1405 1618 4,
1417 1582 1477 1611 Jam
1491 1593 1556 1612 nova
1570 1589 1703 1622 progenies
1717 1590 1781 1617 ctelo

987 1620 1129 1646 demittitur
1142 1619 1205 1645 alta.

1025 1655 1083 1693 137ἶ
1098 1654 1220 1693 Christus
1229 1653 1326 1681 dicitur
1335 1655 1463 1693 secundus
1476 1657 1553 1693 homo
1562 1661 1590 1683 et
1602 1665 1682 1685 novus
1695 1659 1780 1693 ltomo,

986 1691 1024 1717 uti
1045 1691 1129 1717 Adam
1145 1690 1243 1723 primus
1262 1694 1289 1717 et
1304 1694 1373 1717 uetus
1389 1691 1475 1718 homo.
1490 1691 1519 1718 S.
1542 1691 1616 1719 Paul.
1638 1693 1647 1719 Ι
1670 1694 1703 1721 ad
1718 1690 1780 1722 Cor;

985 1733 1045 1760 cap.
1063 1733 1116 1752 xv:
1134 1724 1240 1762 Primus
1261 1724 1336 1762 homo
1358 1726 1389 1752 de
1415 1731 1481 1753 terra
1506 1733 1631 1762 terrenus,
1654 1731 1780 1757 secundus

987 1761 1063 1787 homo
1078 1761 1109 1787 de
1120 1762 1182 1787 caelo
1195 1760 1312 1787 molestis.

1021 1794 1083 1835 t38.
1101 1797 1169 1823 Editi
1193 1803 1288 1835 omnes
1310 1800 1337 1824 et
1361 1796 1482 1832 plerique
1507 1805 1584 1835 mss,
1600 1799 1682 1833 prius.
1706 1800 1781 1835 ltat.,

986 1833 1084 1866 primus
1093 1839 1149 1870 pro
1172 1831 1242 1870 prius
1264 1831 1506 1870 contraumetijtm.
1531 1831 1623 1861 Melius
1647 1835 1729 1870 prior,
1752 1831 1782 1864 ut

985 1867 1146 1902 respondeat
1166 1867 1286 1901 Apostoli
1309 1867 1415 1900 verbis,
1436 1867 1542 1895 Primus
1561 1869 1636 1896 homo
1647 1867 1687 1897 'de
1708 1867 1777 1899 terra

986 1903 1194 1940 ten-enustUrb.
1211 1903 1342 1940 ita‘prigr,
1356 1911 1435 1940 quem
1451 1904 1536 1931 solum
1549 1906 1624 1939 sequi
1637 1905 1724 1940 juvat.

1022 1939 1083 1965 “'2.
1109 1939 1189 1971 Quem
1211 1937 1273 1972 legit
1295 1938 1355 1966 Rat.
1372 1938 1483 1973 Weitz.,
1500 1937 1605 1967 Tbuati.
1624 1937 1645 1967 εἰ
1663 1943 1780 1971 secunda

985 1974 1234 2014 mattu,_{;_is.,__lso.
1253 1975 1335 2014 Quam
1351 1974 1537 2014 habet-"eius:
1557 1984 1617 2014 cum
1637 1978 1696 2014 suis
1710 1980 1781 2014 optl-

986 2009 1048 2046 mis,
1073 2010 1147 2042 Ald.,
1166 2009 1224 2036 Vat.
1250 2011 1287 2043 A,
1314 2010 1391 2044 l’rag.
1417 2010 1552 2046 Vaticanis
1577 2009 1736 2046 plerisque;
1753 2019 1781 2041 et

985 2044 1044 2072 aliis
1058 2054 1064 2071 :
1080 2046 1182 2072 scilicet
1195 2053 1272 2079 quant
1287 2053 1399 2071 carnem.
1421 2044 1503 2080 Magis
1524 2044 1611 2080 placet
1629 2044 1705 2082 quam
1723 2044 1780 2076 ser-

986 2088 1009 2105 m
1014 2088 1086 2106 onem
1091 2100 1097 2107 .

1024 2115 1086 2143 114.
1097 2115 1215 2142 Genialis
1230 2122 1301 2149 saepe
1311 2115 1496 2152 conjugalibus
1507 2116 1587 2152 rebus
1603 2117 1738 2152 tribuitur,
1753 2124 1781 2147 ut

988 2150 1065 2189 lactus
1080 2151 1202 2189 gguiatis,
1216 2155 1285 2176 torus
1301 2151 1409 2189 genialis
1428 2151 1497 2189 apud
1520 2151 1658 2189 Horatium
1670 2174 1676 2185 ,
1696 2150 1781 2189 Virgi-

987 2186 1067 2219 lium,
1083 2186 1230 2214 Martialem
1251 2191 1277 2212 et
1298 2186 1375 2213 alios.
1390 2186 1492 2213 Genius
1506 2195 1519 2213 ιι
1537 2188 1671 2215 veteribus
1694 2186 1777 2218 habe-

987 2222 1065 2249 batur
1081 2223 1161 2254 Deus,
1174 2222 1219 2256 qui
1236 2221 1370 2248 hominem
1389 2222 1513 2283 (genitum
1534 2224 1646 2257 suscipit
1669 2225 1701 2251 a'c
1723 2229 1780 2253 tue-

987 2261 1041 2283 tur.
1066 2258 1191 2283 chiules
1216 2264 1279 2283 vero
1300 2257 1365 2283 deos
1410 2258 1515 2283 ixerunt
1538 2266 1645 2283 artuum.
1662 2264 1775 2283 las-mm,

987 2261 1041 2294 tur.
1066 2258 1191 2284 chiules
1216 2264 1279 2294 vero
1300 2257 1365 2294 deos
1389 2257 1515 2284 dixerunt
1538 2266 1645 2292 aquam,
1662 2264 1777 2294 terram,

988 2292 1074 2328 ignetn
1084 2315 1090 2327 ,
1104 2300 1204 2320 aerem.
1218 2293 1254 2319 Ea
1266 2293 1336 2320 enim
1348 2297 1409 2320 sunt
1423 2294 1525 2320 sentina
1538 2302 1638 2321 rerum.

1026 2329 1087 2356 148.
1104 2329 1229 2368 Plerique
1251 2328 1372 2355 scribunt
1388 2328 1614 2368 ldiscitli.utit_.‘Gis.
1632 2331 1781 2368 dissidium,

990 2372 1042 2391 non
1059 2365 1138 2392 male.
1153 2364 1205 2392 Sed
1221 2368 1331 2397 prmstat
1345 2364 1460 2397 retinere
1475 2364 1623 2398 discidium,
1643 2364 1695 2393 non
1711 2374 1725 2393 ιι
1741 2364 1781 2395 dii

989 2405 1015 2427 et
1030 2401 1110 2434 ett-da,
1130 2399 1199 2434 quod
1218 2399 1366 2426 Becmanus
1388 2404 1476 2433 putat,
1497 2408 1557 2426 nam
1579 2406 1641 2428 tunc
1657 2402 1666 2428 i
1681 2410 1777 2430 secun-

988 2436 1051 2462 dum
1069 2440 1138 2462 esset
1162 2436 1283 2468 longum,
1300 2434 1346 2460 sed
1362 2442 1376 2460 a
1399 2434 1515 2461 discindit
1530 2436 1554 2462 lll
1582 2437 1716 2469 praeterito
1739 2440 1781 2465 di-

988 2471 1069 2503 seidi,
1084 2471 1153 2498 sicut
1166 2470 1307 2496 exscidium
1320 2469 1353 2496 ab
1368 2470 1499 2497 exscinde.
1516 2470 1637 2499 Gifanius
1652 2472 1708 2500 lttd.
1727 2474 1779 2500 Lu-

989 2511 1072 2535 cret.,
1089 2506 1171 2533 verbo
1195 2505 1354 2537 Discidium,
1374 2506 1411 2532 alt
1436 2506 1572 2533 discidium
1596 2515 1655 2534 esse
1680 2509 1778 2540 anitni,

991 2541 1125 2568 discidium
1149 2547 1279 2575 corporis,
1295 2545 1322 2567 et
1347 2540 1414 2567 hanc
1438 2549 1531 2569 vocem
1550 2543 1686 2569 discidium
1709 2544 1780 2577 apud

992 2584 1085 2612 omnes
1100 2577 1186 2603 bonos
1199 2576 1346 2612 scriptores
1361 2578 1539 2611 depravatanr
1546 2585 1615 2609 esse,
1633 2576 1762 2606 tiatulltitn
1772 2600 1779 2612 ,

993 2611 1132 2644 Plautum,
1154 2611 1305 2645 Tibullum,
1329 2611 1503 2646 Terentium,
1527 2613 1683 2640 (lucronem
1700 2611 1778 2641 mini?

993 2655 1065 2674 muttt
1085 2648 1199 2682 septies,
1220 2646 1247 2673 in
1264 2647 1345 2675 Pand.
1370 2647 1502 2679 Florent.,
1519 2653 1547 2675 et
1567 2649 1636 2682 apud
1660 2649 1780 2677 Tacitum

992 2683 1123 2723 mansisse
1146 2683 1285 2717 integram.
1310 2683 1388 2710 Plura
1409 2688 1546 2710 auctorum
1571 2684 1627 2711 loco
1654 2683 1711 2719 ipse
1735 2692 1780 2712 re-

992 2719 1089 2745 stituit.

1028 2753 1088 2781 151.
1106 2754 1136 2781 Β.
1154 2754 1286 2789 Virginem
1302 2754 1432 2780 meruisse
1447 2753 1529 2781 Deum
1544 2753 1624 2781 edere
1640 2755 1715 2782 inulti
1730 2755 1778 2784 SS.

991 2789 1083 2816 Patres
1097 2788 1247 2822 allirmaitt,
1264 2795 1291 2816 ut
1306 2788 1478 2823 Augustinus.
1497 2789 1668 2823 Ambrosius,
1686 2791 1781 2819 lliero-

990 2832 1086 2860 nymus
1103 2826 1244 2860 pluresque
1260 2825 1314 2851 alti.
1331 2825 1397 2851 ltinc
1418 2824 1533 2858 tlteologl
1556 2831 1678 2859 quierunt
1693 2836 1725 2853 an
1747 2827 1778 2853 Β.

989 2859 1069 2895 Virgo
1085 2862 1212 2888 meruerit
1226 2861 1315 2887 merito
1334 2859 1438 2894 proprio
1457 2860 1526 2886 dicto
1540 2868 1600 2888 esse
1615 2867 1699 2888 mater
1714 2863 1778 2896 Dei,

990 2896 1049 2933 vel,
1066 2902 1097 2933 ut
1110 2897 1254 2930 loquuntur
1275 2896 1338 2928 ipsi,
1350 2895 1541 2933 mutet-nitatem
1555 2896 1662 2933 DeiaEt
1682 2895 1781 2933 proba-

989 2931 1035 2959 bili
1048 2932 1114 2960 satis
1126 2933 1230 2960 ratione
1243 2932 1316 2959 tttulti
1330 2932 1478 2965 atlittttant,
1493 2932 1555 2967 quia
1570 2932 1672 2961 eisdem
1682 2931 1781 2962 verbis
