4102 6348
504 396 599 459 807

752 510 941 569 Omnia
977 507 1127 579 virgo
1154 518 1356 561 venena
1384 502 1566 559 domat
1592 520 1606 557 :
2112 503 2166 566 Α

756 601 1035 659 Tractibus
1060 596 1247 668 anguis
1278 595 1604 667 inexplicitis

758 694 915 749 Virus
944 690 1148 747 inerme
1179 689 1328 760 piger
1359 688 1614 755 revomit,

756 785 1009 843 Gramine
1038 781 1291 839 concolor
1320 780 1373 836 in
1404 780 1585 837 viridi.

687 880 817 946 Quae
847 876 1030 933 feritas
1058 873 1218 931 modo
1247 889 1352 930 non
1381 872 1642 943 trepidat,
1730 934 1733 937 _

760 966 969 1025 Territa
998 964 1066 1023 de
1094 980 1255 1038 grege
1280 964 1601 1021 candldulo?

761 1055 1243 1132 2701mpavidas
1275 1056 1433 1128 lupus
1463 1055 1601 1112 inter
1628 1068 1758 1112 oves

1608 383 1889 445 AURELII
1928 379 2294 442 PBUDENTII
2331 375 2657 436 CARMlNA.

3664 362 3769 424 808

2440 490 2629 547 Tristis
2658 484 2993 551 obambulat,
3028 493 3081 541 et
3110 482 3353 539 rabidum

2441 583 2724 653 Sanguinis
2754 581 3039 635 immemor
3061 592 3123 634 os
3151 575 3389 635 cohibet.

2326 734 2343 753 ο
2365 678 2544 747 Agnus
2572 676 2714 730 enim
2747 660 2867 727 vice
2902 670 3127 726 miriﬁca

2439 770 2577 825 Ecce
2604 766 2847 823 leonibus
2874 765 3167 835 imperitat,

2444 862 2601 934 27],
2634 858 3032 929 Exagitansque
3073 868 3251 914 truces
3281 856 3491 928 aquilas

2442 955 2545 1010 Per
2571 968 2699 1025 vaga
2728 952 2907 1008 nubila
2926 992 2941 1021 ,
2971 968 3173 1025 perque
3198 961 3353 1009 notos

2456 1050 2644 1107 Sidere
2670 1046 2821 1120 lapsa
2852 1047 3100 1105 columba
3124 1047 3292 1120 luget.

2198 588 2298 643 160

2201 1052 2310 1108 165

1810 1164 2097 1226 GLOSSA'I
2142 1163 2475 1224 VETERES.

590 1274 715 1332 155.
747 1267 1090 1343 lnesplicltis,
1120 1262 1592 1343 innumerabilibus,
1621 1261 1660 1319 ι.

591 1345 714 1402 181.
746 1334 978 1405 ιιιθτῐιιθ,
1007 1334 1247 1407 noenum,
1278 1334 1395 1391 Vat.
1420 1336 1485 1392 A.

593 1414 719 1472 156.
752 1414 898 1479 Non,
924 1422 1113 1473 nonne,
1139 1407 1177 1461 I.

592 1485 719 1544 162.
750 1473 1039 1549 Leonibus,
1069 1480 1262 1535 leonem
1288 1483 1431 1533 vocat
1469 1474 1730 1532 diabolum
1755 1473 1817 1531 ob
1853 1473 2101 1545 ferocita-

2212 1259 2711 1401 ιενίιᾰὸξεὲὶηίωω
2736 1369 2750 1395 .
2784 1342 3089 1400 pmmem
3110 1368 3127 1399 ο
3161 1326 3201 1391 ι,
3232 1356 3302 1371 ...
3332 1327 3589 1401 Aquilal,
3622 1327 3790 1384 aerias

2204 1408 2476 1472 potestates
2497 1440 2512 1469 ,
2538 1399 2655 1456 Vat.
2688 1399 2754 1455 Α.

1886 1583 2441 1642 COMMENTARIUS.

526 1692 624 1752 SS.
664 1690 849 1745 Patres
899 1680 1377 1757 probant',__jus_tos
1422 1680 1579 1757 bonis
1627 1678 1896 1757 operibus_
1932 1678 2095 1732 vitam

525 1749 782 1821 iternam
814 1749 1039 1821 me'reri,
1069 1762 1123 1809 et
1161 1749 1381 1808 Mariam
1422 1749 1691 1820 Virginem
1732 1749 2009 1821 meruisse,
2044 1758 2101 1802 ut

528 1820 702 1890 mater
746 1830 839 1885 Dei
872 1820 1196 1883 efﬁceretur.
1228 1822 1357 1890 Quae
1396 1823 1575 1877 omnia
1616 1821 1829 1891 egregie
1874 1820 2109 1888 diSputat

528 1914 584 1961 et
626 1904 859 1959 illustrat
903 1896 1219 1953 Franciscus
1264 1893 1466 1949 Suarez
1513 1901 1644 1947 tom.
1678 1892 1731 1957 Ι,
1780 1892 1832 1945 in
1866 1893 1899 1945 5
1945 1901 2105 1959 part.,

526 1982 719 2047 quaest.
751 1973 815 2039 2,
840 1970 1043 2047 dispnt.
1075 1967 1161 2031 10,
1194 1974 1329 2021 sect.
1366 1966 1394 2017 7
1436 1974 1489 2020 et
1531 1964 1594 2031 8,
1628 1962 1719 2033 qui
1760 1962 1998 2015 meritum
2046 1961 2111 2014 de

534 2040 1040 2116 congruo_admittit.
1084 2108 1131 2116 __
1254 2108 1265 2116 _
1342 2106 1353 2116 _
1433 2107 1444 2116 _
1721 2114 1728 2116 Α
1991 2104 2025 2116 __

604 2104 726 2172 {'55.
761 2114 919 2167 Poeta
950 2108 1203 2179 graphice
1235 2106 1473 2177 depingit
1518 2114 1855 2179 serpentem,
1882 2104 2114 2179 qunlisa

534 2184 835 2261 pictoribus
884 2174 1244 2261 in'_ttiysterio
1286 2174 1661 2261 Conceptionis
1713 2174 2111 2261 soleteiﬁngi,

534 2244 778 2312 iractibus
818 2244 1148 2318 inexplicitis,
1181 2248 1283 2303 hoc
1310 2256 1422 2313 est,
1455 2249 1509 2301 itt
1540 2248 1710 2315 spiras
1740 2256 1794 2301 et
1826 2244 1993 2299 nodos
2025 2260 2116 2298 co-

538 2337 691 2384 actus
716 2335 771 2380 et
800 2322 1109 2392 implicitus.

607 2396 730 2453 154.
763 2388 892 2449 Non
925 2392 1081 2446 video
1126 2388 1265 2443 unde
1308 2388 1423 2442 haec
1464 2388 1780 2458 signiﬁcatio
1824 2388 1972 2440 nocui
2021 2400 2116 2455 pro

538 2468 721 2523 inermi
756 2467 809 2521 in
854 2463 1031 2533 glossa
1059 2460 1173 2513 Vat.
1212 2463 1252 2533 ᾼ
1299 2459 1369 2533 sit
1411 2457 1608 2533 tracta;
1644 2457 1865 2533 lllSl‘lllc
1905 2471 2121 2526 quoque

538 2539 687 2594 dicas
726 2537 779 2589 in
824 2528 1056 2604 augere,
1097 2539 1155 2585 ut
1193 2530 1432 2599 ejusdem
1469 2528 1587 2583 Vat.
1632 2533 1677 2583 Α
1725 2529 1899 2604 glossa
1953 2543 2114 2604 supra

538 2611 713 2665 aiebat
749 2601 981 2661 versi?»
1025 2606 1092 2658 At
1137 2617 1295 2656 verus
1343 2612 1424 2654 est
1474 2616 1693 2664 sensus,
1745 2602 1933 2652 inerme
1974 2601 2120 2653 virus

538 2679 675 2745 dici,
718 2677 858 2747 quod
906 2675 1104 2747 attinet
1147 2673 1213 2726 ad
1265 2672 1324 2747 l5.
1366 2671 1668 2747 Virginem,
1721 2686 1842 2738 qum
1886 2670 2121 2747 viperam

538 2740 792 2807 cern'ua'm
822 2746 1045 2816 pedibus
1092 2744 1434 2816 proterit,net_
1457 2742 1640 2816 omnia
1664 2756 1870 2816 venena
1901 2740 2119 2816 domat,

538 2821 746 2877 scilicet
785 2811 835 2872 a'
863 2811 1372 2887 peccato'originali
1420 2812 1694 2865 immunis.
1754 2811 1890 2865 Hinc
1939 2812 2125 2880 anguis

539 2893 704 2964 piger,
733 2890 790 2964 id
808 2886 891 2943 est
918 2886 1129 2964 debilis.

613 2952 737 3017 iss.
766 2959 967 3028 Anguis
994 2955 1190 3028 dicitur
1216 2953 1454 3028 concolor
1473 2953 1525 3006 in
1554 2953 1783 3028 gramine
1804 2952 1971 3028 viridi,
2003 2953 2126 3028 quia

540 3034 777 3089 colubris
808 3022 908 3084 hoc
944 3025 1218 3094 epitheton
1248 3025 1424 3077 viridis
1464 3022 1604 3093 apud
1654 3022 1965 3089 Horatium,
2004 3023 2126 3079 Vir-

541 3104 726 3174 gilium
760 3102 1007 3174 aliosque
1039 3096 1236 3174 passim
1263 3105 1453 3174 pnetas
1483 3094 1751 3174 tribuitn‘r.

636 3162 775 3230 157.7
816 3162 1053 3240 Crepem‘
1081 3166 1417 3240 candidnlum
1474 3174 1640 3240 vpcat
1680 3162 2019 3240 Christianos
2060 3181 2127 3220 ex
2155 3171 2202 3235 ο

542 3259 695 3301 more
743 3235 990 3298 sumendi
1032 3247 1209 3292 vestes
1253 3236 1422 3300 albas,
1454 3235 1577 3291 cum
1628 3235 1893 3305 baptismo
1935 3236 2123 3290 ablue-

543 3324 751 3380 rentur,
784 3310 935 3384 quasi
961 3308 1235 3384 candidati
1258 3316 1438 3384 essent
1464 3308 1585 3384 vita;
1615 3306 1953 3384 Christiania,
1978 3318 2030 3361 et
2057 3308 2122 3360 ad

543 3378 745 3442 animai
763 3378 1893 3454 puritatemAsiguilicandam.nSimilipltrasi
1922 3381 2123 3454 hymno

548 3459 575 3513 1
610 3447 829 3521 Perisi.,
859 3466 1000 3521 vers.
1031 3450 1096 3505 67
1124 3447 1139 3503 ξ
1170 3447 1402 3504 Christus
1432 3448 1538 3503 illic
1569 3450 1857 3521 candidatis
1892 3447 2127 3518 privsidet

547 3518 867 3584 cohortibus.
892 3520 1143 3591 Quamvis
1166 3530 1346 3591 autem
1380 3522 1542 3573 omnis
1572 3520 1679 3573 dies
1708 3518 1919 3591 Domini
1942 3521 2037 3586 sit,
2072 3529 2128 3573 ut

545 3600 621 3655 ait
662 3590 1029 3653 Tertullianus
1052 3591 1119 3646 de
1163 3590 1437 3660 Baptismo
1476 3606 1595 3659 cap.
1639 3592 1728 3658 19,
1760 3590 1922 3644 omnis
1965 3591 2124 3657 hora,

546 3686 693 3724 omne
727 3678 920 3737 tempus
949 3662 1124 3737 habile
1146 3663 1429 3737 baptismo;
1458 3663 1501 3715 si
1532 3662 1594 3714 de
1624 3661 2129 3737 solemnitateinter-

545 3750 653 3807 est,
691 3740 751 3793 de
791 3732 953 3806 gratia
997 3733 1125 3807 nihil
1171 3734 1355 3801 refert,
1410 3740 1587 3807 tamen
1634 3741 1843 3807 tempus
1874 3732 2131 3807 ,solemne

552 3801 867 3864 conferendi
920 3803 1244 3873 baptismum
1291 3812 1445 3856 erant
1501 3802 1881 3871 quinquaginta
1938 3801 2051 3856 dies
2099 3818 2129 3857 a

552 3879 761 3935 Pascha
806 3877 871 3931 ad
916 3876 1302 3939 Pentecosten,
1336 3883 1393 3926 ut
1438 3889 1503 3928 ex
1544 3874 1772 3939 eogloco
1815 3873 2129 3927 Tertulliani

551 3950 865 4019 colligitur:
899 3946 1046 4019 Diem
1073 3937 1321 4019 baptismo
1358 3937 1720 4019 solemnior'ent
1768 3940 1971 4019 Pascha
2001 3961 2133 4019 pra:-

552 4029 655 4075 stat
671 4014 832 4085 ,vcunt
856 4027 901 4073 et
929 4014 1132 4071 Pascha
1164 4015 1397 4079 Domini,
1423 4016 1477 4069 in
1497 4032 1651 4085 quam
1679 4014 1940 4083 tingimur,
1968 4015 2133 4068 adiat-

554 4094 819 4175 pleta.e_st.
872 4087 1130 4175 Baptizati
1156 4101 1275 4175 ,ρας
1324 4088 1611 4175 octo-dies
1658 4085 1909 4175 candido
1938 4089 2132 4175 vestitu

554 4153 897 4219 incedebant.
941 4153 1022 4215 Ah
1066 4153 1199 4212 albis
1243 4157 1633 4228 haptizatorum
1676 4153 1912 4210 vcstibtis
1958 4158 2133 4225 septi-

554 4249 767 4291 manam
808 4249 857 4287 rx
900 4235 1058 4286 ALBIS
1102 4228 1437 4298 appellarunt
1472 4240 1681 4284 veteres
1721 4242 1836 4281 eam
1879 4243 1997 4295 qua:
2039 4243 2131 4293 pa-

551 4305 790 4361 scltalem
823 4306 1066 4373 proxime
1096 4300 1355 4373 sequitur.
1382 4300 1532 4354 Nunc
1562 4314 1754 4373 nomen
1775 4299 1941 4373 laesit
1970 4298 2136 4373 domi-

554 4377 686 4431 nicre
711 4376 765 4430 in
797 4368 957 4429 Albis.
990 4372 1044 4425 In
1073 4368 1321 4425 omnibus
1356 4381 1531 4425 tamen
1564 4369 1711 4424 feriis
1741 4368 1858 4438 ejus
1883 4370 2135 4436 septima-

554 4462 640 4502 na:
677 4445 941 4515 paschalis
986 4441 1149 4515 plura
1180 4442 1402 4515 exhibet
1441 4440 1681 4515 ofﬁcium
1712 4439 2131 4515 ecclesiasticum

556 4518 623 4571 ad
656 4510 999 4585 baptismum,
1020 4512 1333 4585 pertinentia
1358 4521 1470 4585 ,7ltl.
1510 4510 1791 4585 in_lty_mno
1817 4510 2025 4585 sabbati
2067 4511 2133 4585 ad

555 4580 844 4656 vesperas:
879 4584 957 4656 Ad
985 4584 1154 4656 regias
1195 4583 1314 4656 agni
1360 4584 1515 4656 dapes
1559 4580 1729 4656 stolis
1759 4581 1932 4656 amicti
1963 4583 2140 4656 candi-

558 4650 671 4711 dis:
696 4657 755 4712 S.
788 4650 1083 4709 lldelhnsus
1126 4652 1193 4706 de
1229 4650 1547 4720 Cognitione
1591 4650 1838 4721 baptismi
1882 4666 1998 4719 cap.
2036 4651 2139 4706 140

557 4728 719 4782 habet
746 4726 1026 4779 orationem
1067 4733 1272 4793 propter
1310 4724 1450 4776 albas
1486 4721 1760 4785 tollendas,
1791 4730 1846 4775 et
1886 4737 2005 4790 cap.
2040 4724 2140 4793 142

556 4814 839 4853 sermonem
865 4791 1133 4849 dicendum
1164 4791 1230 4846 ad
1257 4793 1476 4861 infantes
1512 4795 1566 4847 in
1594 4794 1674 4845 die
1714 4794 1860 4847 tertia
1889 4802 2002 4863 post
2034 4791 2141 4845 Pa-

555 4868 681 4923 scha
708 4877 913 4939 propter
940 4867 1081 4919 albas
1109 4866 1410 4939 tollendas._
1424 4864 1673 4939 Fortasse
1705 4864 1941 4939 respexit
1978 4864 2139 4918 etiam

559 4935 880 4996 Prudentius
920 4939 987 4990 ad
1029 4936 1328 5006 symbolum
1373 4936 1799 4991 Christianorum
1837 4935 2134 5004 justorum,

557 5011 698 5079 quod
727 5016 843 5063 erat
870 5008 1055 5079 niveus
1084 5021 1272 5079 agnus,
1303 5017 1392 5062 aut
1419 5006 1646 5062 candida
1674 5008 1812 5079 ovis,
1847 5006 1913 5079 and
1943 5006 2137 5079 auium

554 5076 1324 5148 candorem.signiﬁcandutn_,
1352 5092 1416 5133 es
1447 5094 1565 5148 cap.
1604 5094 1707 5131 xxv
1740 5076 1962 5143 lllattlt.,
1994 5076 2140 5131 Sicut

556 5163 730 5224 pastor
759 5141 990 5224 segregitt
1014 5163 1144 5224 oves
1183 5147 1247 5199 ab
1268 5141 1458 5224 haedis.
1483 5141 1541 5224 β’.
1576 5148 1840 5224 Paulinus
1877 5141 2037 5224 epist.
2075 5150 2140 5201 1-3

555 5217 624 5277 ad
657 5217 921 5278 Severum
937 5220 1003 5277 de
1032 5220 1237 5289 pictura
1267 5217 1319 5272 in
1350 5220 1557 5286 abside,
1584 5221 1665 5273 vel
1692 5219 1875 5274 absida
1908 5220 2041 5273 basil
2064 5235 2141 5272 cae

556 5294 791 5364 (dubitat
817 5292 959 5347 enim
1007 5288 1279 5357 Paulinus,
1310 5288 1552 5364 absidane
1592 5306 1660 5364 an
1693 5290 1867 5343 abside
2041 5291 2142 5364 tle-

558 5359 705 5436 hem)
724 5384 734 5417 :
756 5364 842 5418 Bis
863 5363 1301 5436 gemintenpecudis
1322 5361 1530 5436 discors
1542 5362 1687 5436 agnis
1705 5378 1861 5436 genus
1884 5360 2015 5412 hwdi
2029 5359 2142 5413 Cir-

556 5431 809 5491 cumstant
831 5431 1017 5489 solium
1034 5450 1053 5488 :
1076 5433 1225 5487 lwvos
1246 5434 1488 5486 avertitur
1510 5432 1681 5484 haedos
1708 5431 1913 5495 Pastor,
1940 5440 1983 5483 et
2009 5447 2141 5483 eme-

554 5508 681 5561 ritos
702 5508 877 5562 dextra
905 5506 1257 5575 complectitur
1278 5520 1457 5573 agnos.
1484 5502 1898 5575 Antiquissitnus
1929 5518 2141 5575 quoque

556 5589 640 5635 est
686 5594 803 5633 mos
845 5572 1185 5647 exprimendi
1232 5576 1282 5628 itt
1316 5572 1501 5647 sacris
1544 5572 1803 5647 calicibus
1834 5574 2140 5647 parabnlam

557 5649 785 5720 pastoris
811 5643 963 5720 ovem
996 5648 1233 5720 humeris
1256 5644 1369 5720 suis
1393 5645 1461 5699 ad
1486 5645 1631 5720 ov_i:e
1663 5643 1965 5720 reducentis
1976 5682 1985 5694 .
2016 5644 2143 5720 Ter-

556 5714 831 5784 iullianus,
861 5714 957 5775 lib.
983 5718 1051 5773 de
1082 5717 1369 5785 Pudicitia,
1395 5732 1515 5786 cap.
1547 5717 1599 5785 7,
1628 5729 1926 5785 quanquam
1948 5714 2055 5783 jam
2088 5717 2140 5769 in

556 5791 786 5859 haeream
816 5792 1021 5859 lapsus,
1048 5789 1226 5843 verbis
1251 5788 1547 5842 illustribus
1570 5803 1681 5843 rem
1718 5787 1854 5840 hanc
1880 5796 2138 5841 testatur:

557 5856 846 5919 Procedant
870 5856 1004 5934 ipsa:
1044 5860 1258 5931 pictum
1283 5858 1508 5915 calicum
1550 5868 1860 5927 vestrorum,
1892 5858 1936 5914 si
1982 5858 2057 5914 vet
2086 5860 2140 5914 in

2206 1678 2313 1731 illis
2362 1675 2636 1744 perlucebit
2686 1676 3039 1745 interpretatio
3088 1674 3294 1743 pecudis
3340 1674 3509 1739 illius,
3560 1684 3798 1729 utrumne

2213 1746 2502 1803 Chrisziano
2544 1764 2609 1799 an
2649 1747 2849 1799 ethnico
2896 1749 3146 1813 peccatori
3191 1748 3253 1799 de
3295 1748 3612 1801 restitutione
3651 1748 3801 1799 colli-

2139 1788 2187 1848 Β
2214 1788 2846 1887 $37612.Ei'toT'cLi
2888 1788 3802 1887 hié'si"f6.-12'phil-3351363161.}.

2216 1899 2342 1957 stor,
2377 1905 2525 1960 quem
2556 1891 2609 1942 in
2640 1889 2797 1942 calice
2834 1890 3158 1960 depingis....
3184 1890 3245 1940 de
3270 1904 3367 1954 quo
3398 1889 3526 1941 nihil
3565 1890 3802 1941 libentius

2218 1959 2395 2027 bibas,
2436 1976 2587 2027 quam
2635 1976 2771 2013 ovem
2822 1959 3129 2026 ptenitcntice
3174 1960 3429 2014 secundae.
3482 1960 3805 2014 Prudentius

2224 2047 2379 2086 versu
2408 2046 2551 2099 seq.,
2580 2031 2865 2099 impavidus
2893 2047 3004 2085 oves
3028 2029 3359 2085 Christianos
3386 2032 3642 2098 appellat.

2296 2103 2415 2156 158.
2454 2100 2628 2172 Lupus
2670 2102 2770 2155 hoc
2801 2102 2917 2157 loco
2958 2110 3039 2153 est
3068 2101 3331 2172 diabolus.
3360 2102 3582 2156 Teoiius
3627 2102 3677 2154 id
3724 2116 3808 2155 re-

2218 2173 2321 2227 fert
2349 2174 2413 2226 ad
2456 2171 2581 2243 cap.
2618 2188 2671 2226 χι
2714 2173 2863 2227 Isaia:
2902 2187 3041 2227 vers.
3071 2171 3140 2226 6:
3176 2171 3441 2226 Hubitabit
3496 2172 3651 2243 lupus
3688 2189 3803 2225 cum

2222 2261 2376 2314 agno,
2405 2254 2508 2298 etc.
2543 2242 2656 2297 Non
2689 2246 2975 2298 assentior.

2298 2317 2417 2369 159.
2455 2314 2633 2385 Prag.,
2664 2315 2934 2382 rapidum,
2960 2314 3135 2368 minus
3163 2315 3317 2370 bene.

2296 2387 2415 2440 160.
2451 2387 2599 2452 Ald.,
2624 2388 2855 2452 sanguis,
2891 2386 3165 2439 mendose.

2300 2457 2424 2511 161.
2457 2454 2587 2510 Cum
2614 2472 2780 2525 agnus
2812 2455 3072 2523 taschalis
3103 2460 3152 2510 in
3179 2456 3346 2511 veteri
3369 2455 3483 2525 lege
3512 2465 3670 2526 typus
3700 2455 3809 2508 luc-

2224 2527 2294 2582 rit
2320 2527 2555 2593 Christi,
2589 2530 2677 2597 qui
2722 2529 2880 2581 etiam
2926 2544 2953 2580 a
2996 2530 3055 2581 S.
3091 2526 3301 2581 Joanne
3350 2528 3584 2595 Bapti~ta
3628 2528 3809 2581 AGNL‘S

2227 2597 2324 2653 DEI
2364 2607 2581 2652 vocatus
2614 2599 2739 2663 t'ttit,
2766 2601 2886 2669 agni
2921 2599 3085 2667 ﬁgura
3116 2608 3327 2652 veteres
3356 2598 3653 2669 Christiani
3707 2614 3811 2650 sae-

2227 2669 2445 2737 pissime
2473 2669 2743 2723 Christum
2771 2668 3162 2737 expritnebant.
3194 2669 3423 2723 Jacobus
3468 2668 3678 2731 Bosius,
3713 2669 3808 2721 lib.

2226 2755 2278 2793 vr
2306 2740 2371 2794 de
2397 2741 2569 2795 Cruce
2609 2741 2994 2806 triumphante,
3036 2756 3153 2807 cap.
3188 2742 3287 2803 l2,
3324 2740 3629 2807 huiusmodi
3672 2742 3815 2792 anti-

2229 2826 2389 2880 quam
2424 2812 2707 2880 imaginem
2736 2810 2887 2864 allert
2926 2813 3044 2880 agni
3078 2811 3177 2864 sub
3217 2824 3378 2865 cruce
3409 2811 3524 2878 rupi
3561 2811 3815 2865 insisten-

2232 2884 2318 2947 tis,
2358 2881 2443 2952 qui
2472 2882 2648 2936 fontes
2692 2883 2923 2951 quinque
2951 2883 3016 2935 ad
3056 2882 3378 2951 designanda
3428 2883 3665 2951 quinque
3698 2884 3816 2933 vul-

2232 2966 2359 3007 nera
2400 2952 2596 3006 Christi
2638 2954 2829 3006 emittit
2855 2998 2869 3023 ,
2902 2970 3063 3006 tntuttt
3107 2969 3169 3009 ex
3216 2966 3447 3020 pectore,
3478 2966 3530 3007 et
3573 2952 3817 3020 singulos

2232 3038 2297 3078 ex
2331 3024 2548 3090 singulis
2588 3032 2816 3093 quatuor
2858 3025 3101 3091 pedibus.
3146 3024 3205 3079 S.
3236 3024 3512 3083 Paulinus,
3545 3025 3711 3090 epist.
3754 3025 3817 3076 l2

2233 3095 2299 3147 ad
2343 3096 2601 3148 Severum
2638 3112 2649 3146 :
2692 3094 2811 3149 Stat
2852 3095 3083 3149 Christus
3130 3096 3272 3161 Agna
3296 3112 3315 3149 :
3347 3112 3439 3147 vos
3478 3094 3651 3148 Patris
3690 3097 3819 3147 calo

2233 3174 2426 3218 tonat:
2469 3163 2533 3218 Et
2580 3181 2667 3233 per
2710 3167 2993 3219 columbam
3042 3166 3265 3234 Spiritus
3317 3178 3520 3218 sanctus
3566 3165 3705 3233 ﬂuit.
3755 3167 3822 3218 Et

2236 3246 2419 3305 postea
2454 3253 2466 3287 :
2516 3236 2623 3289 Sub
2669 3252 2819 3289 cruce
2857 3239 3133 3303 sanguinea
3174 3239 3315 3289 niveo
3350 3248 3446 3289 stat
3490 3235 3724 3289 Christus
3766 3239 3822 3287 in

2230 3307 2396 3375 Agna.
2428 3306 2558 3361 Vide
2587 3307 2883 3375 Aringltum
2918 3308 3011 3361 lib.
3034 3324 3081 3360 vr
3113 3307 3271 3361 Rom.
3296 3308 3533 3370 Subter.,
3568 3322 3685 3374 cap.
3722 3308 3821 3369 2t),

2232 3379 2320 3431 ubi
2348 3394 2411 3431 ex
2437 3378 2823 3433 consuetudine
2848 3380 3137 3446 primoruut
3162 3377 3589 3432 Christianorum
3619 3380 3825 3443 repetit

2233 3463 2437 3502 morem
2486 3448 2740 3503 Ecclesia:
2792 3449 3044 3502 Romamn
3087 3449 3404 3504 conlicicndi
3445 3449 3565 3515 agni
3618 3449 3823 3516 imagi—

2235 3533 2335 3643 nes
2366 3534 2551 3573 ct'rcas
2579 3520 2746 3573 instar
2775 3521 3185 3585 nutttismatum;
3219 3522 3358 3590 quod
3385 3523 3492 3590 jatn
3528 3520 3827 3575 Panvinius

2272 3600 2515 3643 uouerat.

2272 3602 2468 3644 0.08m
2477 3600 2515 3643 ι.

2308 3662 2433 3715 165.
2475 3662 2705 3729 Spiritus
2732 3673 2949 3717 sanctus
2978 3663 3245 3717 columbis:
3274 3665 3456 3732 specie
3479 3679 3637 3729 super
3660 3663 3830 3717 Citri-

2237 3740 2379 3786 stum
2421 3732 2746 3804 baptizatum
2776 3734 3022 3803 apparuit
3047 3733 3230 3787 Matth.
3276 3749 3394 3804 cap.
3448 3751 3524 3789 ιιι.
3560 3735 3683 3791 lude
3729 3736 3832 3802 pia

2236 3803 2571 3857 consuetudo
2596 3804 2832 3858 ﬁdelium
2860 3846 2873 3868 ,
2903 3809 3282 3874 apponentium
3313 3807 3581 3860 columbas
3622 3821 3834 3861 aureas

2238 3882 2292 3928 et
2316 3882 2617 3946 argenteas
2645 3880 2696 3927 in
2725 3876 2942 3944 ﬁguram
2980 3874 3208 3944 Spiritus
3237 3878 3400 3930 san'cti
3430 3893 3587 3946 super
3607 3878 3836 3932 lavacra

2238 3953 2292 4000 et
2330 3946 2518 4015 altaria
2546 3988 2559 4007 ,
2589 3945 2656 3999 de
2702 3960 2805 4014 qua
2846 3948 3127 4001 concilium
3172 3945 3837 4015 Constantinoitolitanum

2239 4030 2381 4069 anno
2403 4014 2530 4077 536,
2560 4018 2771 4070 actione
2802 4018 2855 4070 5.
2874 4016 3073 4071 Verum
3094 4017 3253 4072 etiam
3280 4014 3563 4073 Christiani
3591 4019 3692 4087 ipsi
3718 4022 3841 4075 hoc

2239 4088 2482 4156 symbolo
2510 4089 3049 4153 reprzesentabantur.
3098 4089 3352 4142 Paulinus
3382 4091 3483 4145 loc.
3516 4094 3602 4143 cit.
3638 4108 3653 4141 :
3685 4090 3839 4143 Cru-

2238 4173 2347 4211 cem
2372 4173 2559 4231 corona
2579 4157 2749 4211 lucido
2777 4160 2931 4231 cingit
2949 4161 3117 4231 globo,
3145 4160 3467 4231 Cuicorona:
3484 4171 3600 4214 sunt
3625 4176 3844 4215 corona

2239 4228 2460 4300 apostoli
2488 4270 2501 4293 ,
2535 4231 2759 4292 Quorum
2789 4228 2963 4300 ﬁgura
2992 4242 3061 4285 est
3095 4233 3147 4284 in
3175 4230 3523 4285 columbarum
3546 4234 3719 4285 choro.
3768 4236 3846 4286 Et

2242 4298 2629 4373 pluribusnaltis
2658 4298 3058 4373 prmtermiSsis:
3096 4301 3205 4355 Nos
3227 4319 3423 4370 quoque
3444 4304 3675 4373 perﬁcies
3708 4306 3845 4367 pla-

2241 4371 2365 4422 citas
2412 4370 2529 4442 tibi,
2572 4369 2768 4423 Christe
2793 4410 2808 4436 ,
2840 4372 3097 4426 columbas
3121 4415 3135 4439 ,
3168 4373 3228 4427 Si
3254 4369 3412 4442 vigeat
3443 4369 3581 4441 puris
3608 4390 3713 4441 pus:
3744 4385 3847 4427 tua

2241 4441 2547 4513 pectoribus.
2576 4442 2811 4509 llespicit
2835 4442 3032 4497 Christi
3059 4441 3377 4511 praeceptum
3400 4446 3585 4497 Matth.
3616 4462 3738 4513 cap.
3766 4462 3802 4498 ς
3832 4466 3847 4501 :

2168 4555 2219 4614 Β
2246 4509 2421 4614 ρτιοιε
2445 4513 2702 4614 ἑᾶηιριίςεδ
2732 4514 2909 4614 ..εἰσιέι
2939 4509 3204 4614 columba.
3232 4509 3666 4614 Pegocolumbsm
3688 4509 3809 4614 nisi
3833 4550 3850 4557 -

2272 4598 2295 4614 α.
2326 4597 2409 4614 η...
2485 4596 2544 4614 ι...
2569 4598 2693 4614 ..ραι
2723 4598 2854 4614 οη...
2883 4599 3005 4614 .....-.
3072 4602 3135 4614 ,η
3180 4600 3277 4614 ......
3549 4598 3619 4614 η...
3660 4604 3671 4613 .
3749 4602 3850 4614 .--η

2249 4591 2409 4637 tatem
2445 4583 2694 4637 Ecclesia:
2722 4583 3042 4649 signiﬁcari,
3071 4588 3137 4640 de
3178 4600 3280 4651 qua
3312 4585 3511 4640 dictum
3547 4598 3623 4639 est
3660 4604 3672 4637 :
3711 4586 3852 4640 Una

2242 4660 2314 4705 est
2343 4653 2575 4726 columba
2604 4670 2715 4706 mea
2746 4654 2972 4721 (Cantic.
3007 4671 3125 4725 cap.
3170 4660 3266 4725 VI),
3300 4657 3455 4711 docet
3483 4658 3539 4713 S.
3571 4659 3852 4726 Augusti-

2247 4740 2346 4796 nus
2377 4726 2436 4796 in
2476 4724 2617 4778 ltttnc
2649 4725 2865 4787 locum;
2917 4724 3167 4796 idemQue
3206 4724 3364 4780 tradit
3412 4729 3464 4781 in
3502 4724 3690 4796 pSattn'.
3722 4745 3853 4795 LIV,

2243 4795 2547 4848 columbam
2592 4811 2687 4864 pro
2733 4797 2887 4863 signo
2941 4795 3243 4852 dilectionis
3276 4802 3422 4866 poni.
3467 4795 3858 4856 Tertulliasms

2244 4866 2365 4918 adv.
2400 4866 2605 4921 Valent.
2644 4867 2695 4920 in
2744 4867 2914 4935 princ.
2940 4870 3167 4933 scribit,
3197 4870 3481 4923 columbam
3507 4871 3715 4923 solitam
3749 4876 3861 4927 de-

2244 4947 2528 4991 monstrare
2568 4938 2846 5005 Christum,
2878 4941 3017 5008 quod
3044 4939 3235 4994 Petrus
3262 4941 3479 4994 Lazzeri
3510 4942 3728 4994 dissert.
3780 4946 3859 4997 de

2244 5010 2447 5062 critica:
2500 5009 2716 5078 Ilegulis
2767 5011 2821 5062 in
2870 5026 2981 5064 rem
3017 5021 3255 5064 nostram
3308 5013 3714 5079 interpretatur.
3770 5015 3861 5070 De

2242 5080 2459 5133 Christo
2485 5082 2647 5150 etiam
2681 5080 2983 5149 intelligunt
3005 5083 3169 5150 aliqui
3202 5083 3342 5150 quod
3370 5088 3447 5135 ait
3471 5084 3863 5139 Tertullamts

2244 5164 2361 5218 cap.
2397 5152 2467 5203 5:
2524 5149 2728 5203 Nostra:
2767 5153 3010 5206 columba:
3056 5149 3235 5205 domus
3293 5154 3513 5220 simplex
3542 5195 3556 5219 ,
3590 5156 3639 5205 in
3685 5158 3863 5210 editis

2243 5236 2459 5288 semper,
2484 5232 2531 5273 et
2559 5222 2772 5290 apertis,
2806 5233 2851 5275 et
2874 5224 2939 5274 ad
2979 5225 3164 5276 lucem.
3195 5224 3449 5277 Sedulius
3472 5226 3539 5278 de
3570 5223 3804 5278 (ὶΙιΓί-ιςι
3846 5249 3859 5282 ;

2246 5293 2373 5346 Sola
2403 5293 2635 5345 columba
2665 5293 2828 5359 redit,
2860 5310 2973 5357 qua:
3002 5304 3164 5347 totum
3193 5296 3375 5347 circuit
3400 5297 3570 5349 orbem
3600 5311 3617 5347 :
3655 5295 3860 5349 Disce-

2245 5363 2367 5415 dant
2398 5370 2552 5426 corvi,
2580 5363 2692 5416 sola
2720 5364 2949 5416 columba
2976 5368 3127 5418 redit.
3162 5366 3426 5419 Lauretus
3451 5368 3501 5419 itt
3534 5367 3680 5419 Silva
3709 5370 3865 5420 all:-

2243 5435 2536 5507 goriarum,
2576 5435 2735 5487 verbo
2769 5434 3037 5507 Columba,
3074 5436 3170 5490 SS.
3206 5437 3393 5507 Patres
3425 5437 3627 5490 indiCat
3661 5443 3753 5507 qui
3802 5458 3864 5494 Ill

2244 5505 2488 5557 columba
2520 5520 2726 5557 ramum
2759 5506 2913 5560 oliva:
2945 5518 3197 5575 portante
3232 5506 3428 5560 Christi
3462 5518 3647 5577 typum
3676 5505 3873 5577 agn..-

2246 5585 2470 5637 verunt,
2505 5577 2577 5628 uti
2617 5577 2779 5629 etiam
2816 5579 2944 5630 iram
2978 5578 3176 5632 Christi
3223 5578 3272 5631 itt
3306 5580 3379 5631 ira
3416 5579 3688 5632 colnmhze
3713 5618 3727 5642 ,
3788 5586 3871 5636 «te

2244 5661 2345 5714 qua
2375 5661 2518 5720 smpe
2550 5650 2751 5699 mentio
2782 5648 2988 5701 oecurit
3021 5650 3071 5701 in
3104 5650 3271 5703 sacris
3301 5649 3544 5702 Litteris.
3572 5650 3727 5703 Patet
3757 5655 3874 5720 igi-

2246 5726 2331 5769 tur
2351 5717 2619 5770 Christum
2650 5721 2812 5771 etiam
2840 5733 2985 5772 reete
3008 5735 3035 5772 a
3062 5720 3349 5773 Prudentio
3370 5720 3473 5773 dici
3501 5717 3825 5774 Columme
3847 5742 3869 5776 :

2244 5798 2297 5843 et
2326 5787 2552 5841 fortasse
2593 5790 2796 5858 antiqui
2838 5806 3221 5859 nonnunquam
3252 5807 3312 5844 ea
3343 5793 3529 5859 specie
3558 5791 3670 5844 Cltr
3695 5805 3873 5848 stum

2246 5871 2631 5933 expresserunt
2660 5878 2672 5916 :
2726 5874 2781 5917 ut
2812 5877 2935 5918 eum
2975 5864 3035 5921 S.
3068 5862 3302 5920 Basilius
3345 5862 3729 5927 eucharistiam
3763 5880 3883 5923 cu~
