4102 6348
345 332 444 388 sis
1403 323 1948 397 cmmusmnox"
1975 342 2060 396 1v.
2107 342 2272 400 rosr
2313 343 2532 399 CIBUM.

1938 456 2082 519 Αδῦ

581 452 707 520 Quae
740 455 920 522 templi
945 457 1058 510 vice
1080 467 1393 513 consecrata
1429 458 1626 521 rident,

589 540 870 610 Postquam
903 545 1259 599 combiberint
1292 546 1454 599 Deum
1485 547 1752 602 medullis.

515 632 616 685 Sed
641 633 685 686 si
711 634 836 701 quid
871 634 1004 698 vitii,
1029 635 1206 688 dolive
1239 637 1383 690 nasci

340 720 408 773 20
493 775 496 778 .
592 723 726 777 lnter
757 728 959 778 viscera
984 727 1092 794 jam
1123 727 1292 779 dicata
1323 728 1520 791 sensit,

586 815 694 869 Cen
726 831 975 883 syurcmn
1008 819 1202 889 refugit
1225 820 1370 874 celer
1400 820 1674 874 sacellum.

513 908 667 976 277
697 907 912 962 Tctrum
949 911 1133 979 llagrat
1162 910 1302 965 enim
1335 926 1531 979 vapore
1562 927 1745 966 crasso

589 996 788 1051 llorror
817 999 1064 1053 conscius
1091 1008 1355 1054 aestuante
1382 1001 1562 1069 culpa,

583 1084 960 1158 Ofl'ensumque
990 1091 1187 1144 bonum
1221 1092 1368 1162 niger
1401 1093 1626 1162 repellit.

336 1178 404 1232 25
516 1179 620 1234 Nec
651 1181 795 1234 solus
825 1181 1014 1250 pudor,
1045 1184 1366 1239 innocensve
1397 1195 1575 1238 votum

582 1269 858 1340 Templum
892 1251 1214 1328 constiiuunt
1246 1291 1483 1344 perenne
1512 1274 1725 1332 Christo

469 1430 476 1436 '
581 1361 635 1413 ln
669 1361 845 1415 cordis
877 1364 1037 1418 medii
1067 1365 1184 1418 sinu
1214 1380 1274 1419 ac
1305 1381 1536 1421 recessu.

510 1453 614 1507 Sed
647 1471 712 1509 ne
741 1456 954 1524 crapula
989 1455 1215 1522 ferveat,
1250 1458 1547 1513 cavendum
1575 1469 1675 1528 est,

581 1545 709 1610 Qua:
740 1547 922 1602 sedem
955 1547 1076 1603 ﬁdei
1108 1550 1238 1604 cibis
1265 1549 1512 1604 refertam

331 1636 403 1694 50
584 1637 758 1709 Usque
786 1640 851 1694 ad
880 1643 1183 1710 congeriem
1214 1652 1452 1714 coarctat,
1479 1647 1638 1697 intus.

507 1729 687 1786 Parcis
715 1733 943 1787 victibus
971 1734 1226 1801 expedita
1249 1735 1416 1789 'corda

575 1822 808 1877 Infusum
843 1824 1030 1878 melius
1063 1825 1226 1878 Deum
1254 1834 1552 1894 receptant,

578 1913 673 1968 Hic
700 1923 880 1981 pastus
908 1915 1100 1970 anima:
1125 1925 1227 1981 est,
1255 1931 1518 1985 saporque
1545 1931 1718 1971 verus.

503 2006 609 2072 sed
633 2019 732 2061 nos
766 2016 820 2061 tu
851 2007 1064 2076 gemino
1093 2007 1278 2063 fovens
1309 2015 1516 2076 paratu,

1939 1825 1986 1883 B

2095 232 2251 246 .-._._.,

3483 351 3586 406 8H

2265 459 2445 519 Artus,
2480 444 2638 526 atque
2667 459 2867 511 animas
2899 467 3122 528 utroque
3153 471 3301 531 pastu

2270 545 2586 611 Conlirmas,
2621 548 2797 615 Pater,
2830 565 2891 603 ac
2922 551 3100 619 vigore
3129 555 3382 622 comples.

2191 636 2276 690 Sic
2302 637 2424 689 olim
2457 648 2539 690 tua
2571 640 2862 705 prmi-luens
2893 651 3124 709 potestas

2271 730 2431 798 278
2463 729 2604 783 lnter
2633 732 2940 785 raucisonos
2968 733 3128 787 situm
3160 735 3334 790 leones

2277 819 2479 887 "lapsis
2511 821 2734 890 dapibus
2762 822 2929 875 virum
2963 825 3174 881 refovit.

2018 907 2085 961 40
2195 909 2343 962 Illum
2373 909 2524 963 fusile
2555 925 2748 965 numen
2778 925 3165 981 exsecrantem,

2265 997 2331 1053 Et
2361 1015 2582 1054 curvare
2613 1011 2768 1070 caput
2797 1004 2896 1058 sub
2923 1005 3152 1073 expolita

2260 1099 2402 1155 zEris
2437 1103 2654 1156 materia
2689 1103 2837 1158 nefas
2865 1115 3158 1174 putantem,

2191 1202 2346 1256 Plebs
2378 1202 2510 1257 dira:
2538 1204 2847 1276 Babylonis,
2881 1220 2942 1260 ac
2971 1216 3227 1276 tyrannus

2262 1300 2415 1355 Morti
2440 1301 2811 1370 subdiderant,
2847 1304 2976 1360 feris
3008 1307 3271 1373 dicarant,

2017 1399 2083 1452 15
2259 1399 2426 1454 Saevis
2459 1403 2698 1470 protinus
2732 1404 3013 1464 haustibus
3040 1406 3351 1464 vorandum.

2189 1499 2233 1552 0
2259 1512 2472 1570 semper
2503 1501 2690 1569 pietas,
2721 1503 2956 1572 fidesque
2984 1506 3119 1558 tuta!

2261 1600 2526 1656 Lambunt
2551 1601 2801 1658 indomiti.
2824 1579 2994 1658 virum
3023 1604 3240 1672 leones,‘

2261 1699 2629 1771 lntactumque
2662 1702 2774 1768 Dei,
2805 1711 3042 1758 tremunt
3067 1707 3357 1763 alumnum.

2189 1801 2379 1858 Ast-ant
2408 1801 2673 1865 cominus,
2704 1802 2930 1870 etjubas
2959 1815 3261 1874 reponunt:

2013 1905 2080 1960 50
2260 1908 2580 1964 Mansuescit
2607 1908 2801 1973 rabies,
2828 1909 3072 1980 fameque
3098 1911 3288 1968 blanda

2261 2009 2499 2063 Praedam
2527 2009 2750 2064 rictibus
2777 2011 2944 2066 ambit
2967 2012 3274 2074 incruentis.

1603 2097 1889 2153 GLOSSrE
1930 2096 2275 2154 VETERES.

397 2193 482 2244 17.
523 2191 673 2258 Quae,
699 2193 818 2261 quia
844 2191 905 2244 de
934 2190 1039 2261 illis
1072 2191 1319 2256 scriptum
1347 2205 1418 2243 est
1453 2208 1470 2246 :
1502 2189 1597 2244 Vos
1629 2191 1742 2246 estis
1771 2199 1898 2242 tem-

325 2263 465 2314 nlum
495 2261 587 2314 Dei
613 2260 727 2321 viri,
759 2261 797 2315 Ι.
824 2291 890 2301 ——
917 2260 1130 2322 liidcut,
1162 2261 1406 2325 gaudent,
1436 2261 1472 2314 Ι.

397 2333 484 2385 18.
526 2330 790 2396 Medullia,
813 2332 1132 2402 pt’a’t‘ordiis,
1155 2331 1254 2384 lso.

397 2401 484 2453 20.
530 2402 734 2466 lliCaIa,
765 2401 954 2456 scilicet
975 2402 1091 2465 sibi,
1120 2401 1156 2453 I.

394 2473 485 2525 21.
527 2471 810 2540 Spurcum,
841 2488 1072 2541 spurcus,
1101 2489 1164 2533 a,
1215 2485 1336 2536 um;
1383 2471 1501 2525 inde
1529 2471 1792 2540 spurcitia.
1827 2497 1895 2508 —

324 2543 609 2606 Sacellum,
640 2552 694 2593 ut
725 2543 952 2605 doctrix,
982 2541 1018 2595 Ι.

391 2610 481 2665 22.
525 2612 762 2676 Tetrum,
795 2628 887 2682 pro
917 2622 1062 2677 tetre,
1086 2626 1265 2666 nomen
1289 2626 1382 2682 pro
1405 2609 1658 2674 adverbio,
1692 2607 1730 2662 1.

391 2684 481 2736 21.
526 2682 779 2750 Repellit,
810 2701 841 2735 α
869 2700 939 2744 se,
975 2684 1012 2736 l.

391 2754 483 2807 25.
523 2752 800 2819 lnuoccns,
824 2770 855 2807 a
877 2754 1114 2823 pueritia,
1144 2752 1184 2806 1.

389 2823 480 2878 27.
526 2823 653 2877 Sinu
683 2837 743 2877 ac
773 2821 1007 2886 recessu,
1042 2823 1249 2876 introitu
1276 2830 1322 2876 et
1348 2823 1504 2885 exim,
1536 2821 1575 2874 l.

391 2894 481 2950 ΞΒ.
527 2895 778 2962 (irapula,
810 2905 1092 2966 apostoma,
1115 2894 1150 2948 i.
1179 2910 1223 2947 e.
1254 2893 1542 2962 indigestio,
1577 2891 1616 2944 l.

2082 2189 2170 2240 51.
2219 2187 2498 2254 Expedita,
2533 2188 2693 2240 libera
2721 2189 2798 2241 vel
2817 2198 3022 2257 parata,
3054 2189 3094 2244 1.

2081 2259 2168 2333 57.
2212 2258 2538 2333 Przecluens,
2559 2258 2726 2333 clara,
2741 2257 3011 2333 excellens,
3031 2259 3151 2333 oleo
3173 2259 3345 2333 (ii-tere
3368 2264 3587 2333 glorior,-

2009 2338 2052 2380 σε
2084 2329 2205 2405 clue
2231 2327 2443 2405 encello,
2473 2338 2518 2380 et
2545 2327 2786 2396 splendeo
2806 2370 2820 2395 ,
2867 2336 2916 2382 et
2937 2327 3148 2398 glorior,
3185 2331 3226 2384 1.
3268 2327 3585 2405 Prépotens,

2008 2399 2213 2451 nobilis.
2247 2399 2360 2452 Vat.
2387 2399 2452 2451 A.

2077 2469 2167 2522 58.
2213 2469 2561 2538 ltaucisonos,
2593 2468 2740 2536 dure,
2770 2478 2819 2523 et
2845 2468 3136 2524 terribiliter
3160 2479 3421 2538 sonantes,
3453 2473 3488 2527 Ι.

2085 2541 2173 2592 39.
2225 2537 2733 2607 iitum,Danielem,
2765 2539 2804 2592 1.

2072 2610 2159 2661 ll.
2207 2608 2377 2674 Feris,
2411 2608 2663 2672 leonibus,
2697 2609 2800 2662 lso.

2014 2692 2016 2694 ·
2071 2677 2158 2731 49.
2202 2679 2474 2740 Coruinus,
2495 2677 3048 2748 juxta—Reponitur.
3085 2683 3229 2734 mites
3255 2681 3436 2748 electi,
3471 2685 3512 2738 1.

2070 2748 2156 2801 51.
2205 2749 2460 2816 ﬂii-tibus,
2487 2764 2663 2816 IUNGO,
2683 2765 2740 2803 os
2760 2749 2956 2819 aperio,
2978 2751 3096 2804 hinc
3119 2752 3276 2806 rictus
3300 2754 3460 2807 nimia
3486 2758 3586 2810 oris

2001 2819 2195 2892 apertio
2215 2864 2241 2892 ,_
2264 2819 2378 2870 Vat.
2407 2821 2565 2892 λέ·
2587 2820 2796 2892 Ambit,
2829 2820 3089 2884 circumit,
3123 2824 3224 2875 lso.
3260 2823 3582 2892 Circumstat,

2005 2890 2349 2957 amplectitur,
2380 2889 2655 2952 desiderat,
2687 2888 2804 2942 Vat.
2841 2894 2903 2942 Α.

1665 2997 2226 3058 COMMENTARIUS.

321 3097 589 3154 rontendit
618 3138 632 3159 ,
677 3097 1016 3166 prmeessisse
1042 3097 1183 3150 aliud
1215 3096 1501 3151 concilium
1525 3095 1696 3148 Toleti
1747 3109 1888 3146 anno

318 3169 446 3235 596,
501 3168 840 3222 collectorcm
895 3176 1130 3220 actorum
1172 3167 1381 3220 concilii
1433 3167 1697 3228 Toletani,
1747 3179 1890 3217 anno

317 3239 426 3293 400
469 3239 753 3302 celebrati,
801 3237 1046 3291 ﬂoruisse
1073 3238 1268 3291 smctilo
1301 3251 1330 3288 v
1358 3245 1612 3299 exeunte,
1654 3235 1886 3299 regulam

318 3309 446 3364 ﬁdei
475 3312 525 3363 in
558 3311 656 3363 hoc
678 3308 903 3362 concilio
933 3307 1093 3362 fuisse
1124 3308 1333 3370 factam,
1367 3321 1537 3374 neque
1566 3305 1885 3363 additionem

2067 3094 2159 3148 28.
2204 3093 2422 3163 Proprie
2471 3095 2686 3165 crapula
2734 3102 2818 3149 est
2849 3094 3008 3149 dolor
3055 3097 3245 3164 capitis
3300 3113 3366 3154 ex
3419 3102 3585 3158 nimio

1998 3165 2211 3226 haustu,
2245 3167 2450 3234 origine
2479 3163 2683 3234 Grates.

2066 3235 2155 3287 52.
2200 3233 2348 3293 Ald.,
2380 3250 2494 3287 eum
2521 3250 2617 3303 pro
2652 3233 2838 3298 Deum,
2869 3248 2973 3288 non
3002 3235 3161 3289 male.

2068 3305 2162 3379 iiii.
2205 3305 2422 3379 Dubitat
2450 3305 2842 3379 Chamillardus
2888 3318 2956 3379 an
2989 3305 3075 3379 bic
3114 3317 3296 3374 pastus
3321 3319 3374 3363 et
3419 3326 3581 3379 sapor

318 3380 558 3460 iliaque
582 3393 700 3460 esse
721 3377 1132 3460 Supposititiam,
1157 3373 1490 3460 cumpmnes
1517 3375 1731 3460 codices
1757 3390 1886 3429 inss.
1919 3387 1964 3450 ρ
1999 3375 2376 3460 intelligendus
2422 3375 2494 3460 sit
2539 3375 2606 3460 de
2633 3373 2732 3456 SS.
2784 3373 3144 3460 epehari‘stia',
3191 3391 3257 3431 an
3307 3379 3373 3433 de
3402 3373 3580 3438 divina

315 3446 550 3518 librique
583 3449 821 3516 impressi
849 3450 916 3501 ita
946 3447 1266 3513 habeant,et
1289 3449 1339 3501 in
1371 3463 1434 3502 eo
1462 3446 1691 3518 concilio
1716 3456 1890 3500 actum

314 3517 479 3574 fuerit
521 3519 774 3572 adversus
805 3519 1262 3584 Priscillianistas,
1305 3520 1443 3572 circa
1473 3517 1727 3586 Spiritum
1777 3532 1900 3569 san-

317 3601 464 3643 ctum
496 3599 758 3643 errantes.
784 3591 913 3656 Qua:
941 3591 1244 3643 confirmari
1274 3597 1494 3658 possent
1514 3604 1580 3642 ex
1620 3587 1702 3640 his
1727 3596 1900 3656 poetze

319 3661 542 3728 liispani
562 3660 890 3713 carminibus
909 3701 923 3724 ,
954 3661 1145 3728 quibus
1177 3660 1448 3728 processio
1471 3659 1700 3727 Spiritus
1729 3659 1898 3712 sancti

316 3730 660 3798 exprimitur,
693 3729 843 3799 quasi
875 3731 1112 3799 regulam
1147 3731 1266 3784 fidei
1295 3771 1309 3792 ,
1342 3731 1561 3799 ejusque
1584 3728 1897 3796 particulam

316 3801 422 3862 Qui
449 3817 511 3854 ea:
547 3798 734 3864 Patre,
768 3798 1008 3870 Filioque
1038 3801 1263 3868 procedit
1294 3798 1402 3869 pra:
1425 3798 1594 3853 oeulis
1623 3799 1894 3852 habuerit.

313 3870 678 3926 Nihilominus
707 3885 924 3934 censeo,
959 3885 1069 3923 rem
1105 3887 1208 3923 non
1243 3873 1460 3938 liquere,
1488 3880 1538 3922 et
1568 3870 1896 3923 mentionem

313 3941 515 3996 Leonis
562 3955 708 4008 papae
735 3980 751 4005 ,
790 3956 909 4010 quin
956 3946 1005 3993 in
1053 3942 1206 3994 titulo
1236 3941 1436 4008 regula:
1468 3939 1589 3993 ﬁdei
1645 3941 1898 4010 occurrit,

313 4021 506 4079 aperte
528 4007 786 4073 indicare,
809 4007 936 4064 eam
963 4013 1114 4079 longe
1142 4007 1489 4079 posteriorem
1521 4025 1640 4063 esse
1669 4007 1900 4062 concilio

314 4081 580 4134 Toletano
625 4081 751 4134 anni
786 4082 891 4133 400
918 4123 932 4144 ,
965 4082 1048 4133 vel
1098 4089 1246 4134 certe
1286 4080 1629 4133 collectorcm
1658 4089 1899 4143 actorum

316 4155 632 4220 ignorasse,
665 4151 730 4204 ad
755 4149 1021 4218 quodnam
1056 4159 1264 4218 tempus
1293 4159 1433 4202 esset
1457 4150 1754 4204 referenda.

395 4223 480 4274 l7.
521 4221 707 4274 Parili.
735 4259 749 4282 ,
774 4217 887 4272 lucc
927 4221 1119 4290 templi.
1166 4217 1424 4274 Przeclare
1479 4220 1733 4273 describit
1769 4217 1901 4271 Pru-

318 4291 554 4349 dentius.
581 4292 740 4360 quale
767 4289 1033 4359 templum
1053 4291 1160 4345 Deo
1201 4291 1252 4344 in
1285 4290 1470 4343 intimo
1492 4290 1652 4343 corde
1676 4289 1745 4344 sit
1772 4304 1901 4342 con-

317 4361 665 4414 stiluendum.

391 4431 484 4485 ‘20.
529 4431 746 4494 Weiu...
780 4429 934 4484 Gold.
970 4442 1022 4483 ct
1044 4429 1187 4484 Wid.
1217 4447 1372 4498 supra
1403 4429 1615 4494 Parrh.,
1644 4431 1776 4482 intra
1801 4444 1900 4498 pro

320 4502 470 4554 inter.
506 4501 658 4566 Prag.
682 4513 736 4555 et
759 4499 903 4568 Rat.,
932 4503 1130 4570 pariter
1158 4497 1307 4554 intra.
1341 4502 1488 4570 Ald.,
1515 4497 1654 4564 Gis.,
1688 4497 1895 4566 Ileitis.,

325 4571 442 4623 Vat.
469 4572 532 4631 A,
566 4573 711 4624 inter.
1245 4627 1254 4636 ,

393 4641 484 4694 21.
528 4641 718 4695 Nescio
740 4642 861 4710 quid
896 4641 963 4694 sit
990 4642 1040 4694 in
1073 4643 1246 4711 glossa
1262 4643 1461 4694 doctrix
1491 4640 1894 4711 post_sacellum.

392 4711 481 4764 22.
525 4711 669 4774 Ald.,
705 4709 858 4780 Prag.
907 4727 935 4763 a
964 4709 1194 4765 secunda
1232 4728 1412 4778 manu,
1443 4709 1501 4765 et
1529 4709 1787 4765 Boherius
1813 4711 1895 4780 al-

326 4789 448 4850 ter,
499 4785 696 4849 fragrat
748 4779 842 4848 pro
885 4783 1092 4850 ﬂagrat.
1126 4781 1259 4834 Olim
1311 4783 1610 4848 promiscue
1661 4779 1898 4833 nonnulli

322 4928 558 4974 notatur.

263 4994 266 4995 ⁷
397 4989 484 5043 ‘23.
527 4990 768 5044 Conscius
798 4991 1062 5044 interdum
1096 4989 1340 5043 stimulos
1367 4988 1707 5043 conscientize
1737 4988 1898 5042 deno-

323 5068 422 5124 tat,
456 5069 510 5114 ut
539 5062 674 5128 apud
709 5063 762 5115 S.
799 5063 1014 5112 l'aulnm
1047 5063 1060 5112 l
1093 5060 1216 5114 Cor.
1253 5075 1325 5123 Iv,
1357 5059 1389 5111 4
1419 5077 1427 5111 :
1459 5059 1608 5112 Nihil
1637 5058 1899 5111 mihicon-

323 5132 462 5183 scius
490 5147 632 5200 sum;
672 5140 725 5184 et
774 5131 910 5200 apud
945 5132 1214 5184 lloratium
1258 5147 1272 5200 ς
1318 5129 1416 5186 llic
1459 5144 1634 5194 murus
1680 5128 1900 5200 alteneus

323 5211 432 5253 esto
470 5199 560 5251 Nil
589 5199 820 5254 conscire
845 5199 961 5264 sibi,
995 5201 1138 5252 nulla
1179 5199 1450 5267 pallescere
1478 5200 1651 5266 culpa,
1686 5208 1738 5250 ut
1769 5199 1901 5252 alios

325 5283 667 5338 prarteream.

397 5341 483 5392 25.
529 5342 670 5397 ΛΜ..
705 5340 838 5403 αῖς..
892 5339 1005 5393 Vat.
1042 5339 1082 5406 l,
1119 5337 1337 5403 Weitz.,
1366 5338 1542 5406 Prag.,
1583 5336 1792 5400 Parrb.,
1824 5338 1902 5391 ia-

325 5426 624 5478 uocemque.
664 5411 778 5462 Vni.
812 5413 873 5470 Α,
909 5411 1058 5463 Alex.
1093 5419 1146 5465 et
1184 5424 1319 5477 pene
1357 5422 1543 5462 Omnes
1576 5408 1736 5474 Vatt.,
1773 5411 1898 5461 item

327 5482 644 5534 vetustiores
679 5480 896 5544 Ileinsii,
937 5481 1252 5533 innocensve.

395 5551 485 5601 Υ.
535 5551 778 5603 necessus
804 5565 902 5602 non
929 5560 1012 5603 est
1033 5556 1231 5614 exitus,
1259 5563 1430 5617 neque
1457 5549 1597 5603 sinus
1625 5547 1894 5618 introitus,

327 5632 382 5673 ut
419 5619 581 5674 habet
605 5621 799 5686 glossa.
829 5622 1018 5674 Cicero
1048 5636 1142 5687 pro
1173 5621 1421 5674 Marcello
1446 5636 1458 5672 :
1484 5618 1613 5672 Cum
1639 5621 1691 5670 in
1717 5619 1899 5671 animis

327 5689 588 5741 hominum
615 5698 767 5741 tantm
797 5689 998 5742 latebra:
1028 5692 1147 5757 sint,
1180 5691 1304 5743 tanti
1329 5703 1572 5744 recessus.
1607 5687 1713 5741 lloc
1741 5702 1900 5742 sensu

333 5761 492 5810 cordia
523 5761 663 5812 sinus
690 5766 734 5810 et
766 5769 1006 5812 recessus.

1927 4745 1979 4805 D

322 4848 629 4906 scribebant
656 4851 829 4921 {ragro
855 4848 906 4905 et
932 4848 1267 4922 flagro,quod
1294 4851 1344 4903 in
1373 4850 1530 4904 codd.
1549 4864 1672 4902 mss.
1700 4849 1897 4918 passim
1995 4849 2173 4922 justus
2199 4849 2302 4922 iter
2335 4848 2407 4898 rel

2003 3445 2380 3518 providentia._
2422 3445 2728 3518 Simplicius
2791 3444 2920 3497 dicit
2983 3443 3237 3518 Spiritum
3294 3461 3534 3505 sanctum
3566 3495 3580 3518 ,

2003 3517 2114 3569 sive
2147 3517 2334 3581 Deum,
2369 3515 2418 3568 in
2449 3515 2614 3569 corde
2641 3523 2936 3582 receptum,
2966 3515 3275 3582 significari.

2071 3585 2158 3639 54.
2208 3586 2357 3654 Egm.
2391 3585 2532 3652 apud
2561 3585 2750 3640 Weitz.
2774 3625 2788 3650 ,
2835 3585 2948 3653 forte
2979 3599 3075 3651 pro
3113 3586 3308 3653 fovens.
3353 3589 3580 3656 Quidam

2005 3656 2120 3709 Vat.
2155 3657 2295 3724 apud
2326 3657 2501 3718 'l'eol.,
2535 3657 2692 3720 foves.

2075 3729 2165 3781 ὃς.
2212 3726 2425 3793 Parrh.,
2458 3727 2677 3779 animos.

2071 3797 2161 3850 36.
2205 3796 2272 3850 V.
2304 3799 2342 3850 Α
2364 3837 2377 3858 ,
2412 3798 2722 3864 conﬁrmans
2757 3811 2853 3869 pro
2882 3798 3173 3865 conﬁrmas.
3206 3797 3260 3852 In
3291 3799 3441 3869 i‘rag.
3463 3841 3478 3865 ,
3505 3813 3582 3857 at-

2001 3883 2098 3936 que
2130 3882 2226 3935 pro
2251 3883 2310 3918 ac
2335 3883 2362 3918 a
2392 3883 2550 3920 uianu
2577 3867 2833 3931 secunda,
2861 3881 3160 3935 perperam.

2075 3939 2162 3990 '57.
2206 3936 2419 3999 Parrh.,
2464 3941 2742 4004 pra-nitens
2776 3951 2872 3999 pro
2915 3937 3214 4002 praecluens.
3249 3939 3422 3993 Verbo
3465 3941 3582 3998 clue

2003 4022 2108 4059 non
2171 4009 2342 4058 Stilllm
2395 4009 2721 4074 antiqu-ores
2772 4006 2941 4060 Latini
2994 4009 3071 4061 usi
3122 4017 3283 4074 sunt,
3335 4011 3578 4073 Ennius,

2003 4077 2220 4130 Plautus
2248 4116 2260 4137 ,
2320 4078 2612 4138 Lucretius,
2646 4091 2828 4128 verum
2859 4077 3015 4130 etiam
3046 4075 3254 4130 Cicero.
3301 4077 3577 4135 Lucretius

2005 4149 2119 4199 clno
2145 4189 2159 4211 ,
2204 4165 2253 4198 es
2280 4187 2292 4209 ,
2336 4147 2546 4199 mihihei
2574 4187 2586 4204 ,
2637 4144 2954 4198 Prudentius
2982 4148 3130 4206 cluo.
3176 4148 3250 4210 is,
3284 4157 3342 4200 ut
3368 4150 3484 4204 aliis
3527 4154 3576 4204 in

2006 4217 2135 4269 locis
2183 4225 2331 4284 potes
2361 4218 2664 4268 observare.
2719 4214 2810 4268 Est
2837 4216 2978 4286 enim
3011 4231 3074 4270 ex
3108 4216 3188 4268 his
3218 4217 3422 4280 verbis,
3459 4236 3577 4286 qua:

2003 4287 2072 4338 ad
2113 4286 2399 4340 secundani
2447 4297 2496 4337 et
2531 4287 2740 4338 tertiam
2774 4285 3199 4352 conjngationem
3240 4302 3390 4354 teque
3421 4285 3580 4353 perti-

2005 4367 2150 4416 nent.
2201 4359 2243 4410 A
2275 4357 2390 4409 cluo
2432 4365 2514 4409 est
2543 4355 2790 4422 inclytus,
2827 4355 2908 4408 vel
2940 4355 3144 4411 inclitus
3172 4397 3184 4414 .
3218 4357 3299 4409 vel
3331 4359 3575 4412 inclutus.

2075 4428 2164 4480 58.
2210 4427 2333 4480 [an
2374 4427 2591 4479 historia
2622 4437 2873 4497 narratur
2887 4439 3013 4497 cap.
3048 4441 3134 4477 xiv
3167 4427 3403 4497 Danielis
3429 4444 3443 4483 :
3473 4443 3574 4497 qiia

2006 4498 2336 4565 providentia
2365 4507 2418 4550 et
2449 4495 2813 4550 misericordia
2846 4495 3020 4548 divina
3051 4509 3173 4564 erga
3195 4495 3370 4564 justos
3399 4495 3577 4556 decla-

2004 4577 2168 4621 rallll‘.

2075 4635 2162 4692 4⁸5,
2209 4637 2544 4697 Parrhasius,
2576 4645 2622 4689 et
2647 4646 2916 4703 tyrannus.

2079 4710 2164 4762 44.
2214 4707 2546 4771 Parrhasius,
2578 4708 2832 4758 dicarunt.

2076 4780 2164 4832 18.
2210 4778 2298 4832 Sic
2331 4780 2381 4829 in
2419 4777 2710 4829 [)ittochaeo
2742 4774 3144 4845 tetrasticbo9,
3180 4775 3342 4831 Tutus
3369 4778 3476 4845 agit
3502 4780 3578 4832 vir

2445 4863 2536 4914 per
2574 4861 2711 4896 mare
2755 4860 3014 4913 magnum.
3063 4844 3160 4904 Ubi
3193 4847 3309 4914 plus
3354 4844 3576 4914 periculi

2005 4927 2107 4982 est,
2143 4918 2210 4969 ibi
2247 4917 2364 4984 plus
2391 4915 2570 4968 auxilii
2599 4914 2756 4980 iustis
2800 4928 2836 4967 a.
2873 4914 2984 4968 Deo
3011 4914 3272 4981 conierri,
3323 4929 3576 4978 constans

2005 4996 2087 5040 est
2110 4987 2393 5039 sententia.

2080 5057 2169 5110 50.
2213 5056 2322 5108 Gis.
2355 5056 2588 5122 reposuit
2619 5053 2780 5119 fames
2799 5069 2894 5119 pro
2918 5055 3071 5119 fariis.
3119 5054 3300 5122 Neque
3331 5055 3577 5121 displicet

2009 5127 2120 5179 luce
2172 5127 2357 5186 lectio;
2403 5124 2495 5178 sed
2528 5125 2712 5191 optimi
2758 5139 2884 5176 mss.
2919 5137 2969 5176 et
2999 5124 3130 5178 editi
3175 5123 3570 5192 legentium,

2007 5195 2146 5264 quod
2170 5237 2182 5259 ,
2231 5210 2350 5249 cum
2388 5211 2490 5247 nun
2521 5195 2808 5247 abhorreat
2830 5234 2854 5264 ,ί
2881 5194 3214 5264 retinendum
3243 5199 3341 5245 est.
3373 5191 3428 5254 lu
3456 5191 3571 5249 Vat.

2005 5262 2056 5320 0
2081 5266 2328 5319 mendum
2368 5274 2451 5318 est
2499 5269 2654 5332 fama.
2702 5263 2966 5316 Nebrissa:
3015 5263 3149 5332 falso
3189 5262 3478 5328 imputatur
3518 5266 3569 5318 in

2006 5337 2134 5390 edit.
2183 5330 2504 5388 Colonieus.
2560 5334 2681 5386 anni
2735 5334 2890 5396 1701,
2941 5330 3080 5400 quad
3127 5332 3404 5398 agnoverit
3443 5334 3573 5388 alios

2007 5407 2204 5460 habere
2232 5406 2487 5472 famesque
2509 5404 2716 5456 blanda.
3157 5469 3169 5472 _
3411 5451 3421 5472 ﬁ.

2081 5476 2166 5529 5L
2212 5469 2609 5536 l’lails.,'Gold..
2630 5474 2888 5537 Bung.,et
2914 5485 2944 5522 a
2975 5469 3204 5524 secunda
3229 5485 3386 5528 manu
3401 5471 3573 5538 Wid.,

2007 5547 2153 5609 A'ld.,
2186 5545 2358 5598 lambit
2387 5560 2482 5611 pro
2504 5543 2678 5595 ambit.
2715 5537 3159 5611 lu'Rat._videtur
3181 5539 3342 5597 fuisse
3371 5537 3571 5607 lambit,

2007 5617 2100 5672 sed
2141 5608 2334 5669 abraso
2365 5608 2534 5681 primo
2577 5613 2884 5681 charactere
2914 5608 3109 5681 factum
3140 5611 3313 5674 ambit.
3341 5612 3450 5668 lloc
3483 5629 3575 5668 ve-

2009 5702 2123 5740 rum
2169 5695 2247 5739 est
2284 5701 2297 5738 :
2333 5679 2599 5750 nunquam
2629 5680 2768 5733 enim
2802 5679 3124 5734 Prudentius
3163 5681 3391 5736 litteram
3422 5701 3445 5736 s
3475 5683 3574 5736 eli-

2007 5760 2103 5818 sit,
2151 5762 2308 5821 prout
2350 5767 2480 5818 opus
2507 5758 2647 5808 erat.
2698 5760 2751 5801 ut.
2782 5763 2901 5802 cum
2942 5750 3143 5802 rictibus
3186 5751 3358 5804 lambit
3391 5768 3541 5814 versu
