4102 6348
529 325 632 384 815

700 449 803 508 Sed
833 463 954 508 cum
983 451 1226 509 tenderet
1253 453 1320 509 ad
1346 463 1576 525 superna
1603 459 1828 527 palmas,

771 545 932 616 279
960 544 1354 616 Expertumque
1375 547 1474 602 sibi
1504 548 1667 604 Deum
1699 562 1928 622 rogaret,

767 635 991 690 Clausus
1011 636 1227 705 jugiter,
1262 637 1609 710 indigensque
1629 641 1772 697 victu
1798 661 1812 699 :

523 727 592 781 55
706 727 886 782 lussus
916 727 1131 782 nuntius
1153 729 1403 784 advolare
1432 731 1609 797 terris,

766 819 864 886 Qui
891 827 1100 888 pastum
1129 819 1328 877 latnulo
1355 822 1508 879 daret
1533 824 1778 894 probato,

765 908 976 979 Raptim
1003 910 1182 971 desilit
1205 913 1536 983 obsequente
1560 915 1776 970 mundo.

699 1001 881 1055 Cernit
908 1001 1046 1057 forte
1072 1005 1254 1072 procul
1281 1005 1445 1074 dapes
1469 1008 1754 1076 inemptas,

765 1092 910 1158 Quas
937 1095 1266 1149 messoribus
1295 1096 1538 1152 Habacuc
1569 1100 1827 1170 pr0pheta

515 1187 584 1238 lii)
763 1187 972 1256 Agresti
1006 1187 1176 1242 bonus
1201 1189 1482 1246 exhibebat
1505 1200 1638 1248 arte.

693 1277 862 1344 Hujus
889 1279 1107 1335 caesarie
1135 1295 1294 1336 manu
1319 1281 1603 1352 prehensa,

768 1370 970 1434 Plenis,
999 1372 1138 1427 sicut
1163 1383 1301 1440 erat,
1325 1390 1540 1444 gravem
1566 1378 1816 1434 canistris

766 1461 1095 1530 Suspensum
1123 1465 1282 1534 rapit,
1315 1475 1370 1520 et
1399 1466 1543 1522 vehit
1569 1484 1661 1537 per
1689 1484 1868 1525 auras.

695 1552 828 1606 Tum
860 1563 1044 1622 raptus
1073 1555 1233 1624 simul
1261 1556 1395 1625 ipse,
1423 1559 1808 1632 prandiumque

519 1641 586 1699 65
765 1644 973 1700 Sensim
1006 1645 1196 1700 labitur
1222 1647 1273 1701 in
1306 1649 1476 1702 lacum
1507 1649 1742 1716 leonum,

762 1737 1010 1806 Et,-quas
1042 1748 1167 1794 tunc
1199 1741 1385 1809 epulas
1407 1743 1647 1811 gerebat,
1677 1743 1852 1800 ollert.

1624 343 1902 403 AURELll
1938 346 2303 405 pnnnsuru
2339 330 2681 408 cannma.‘

2126 471 2180 532 Δ

3661 357 3776 428 810

2383 467 2572 522 Sumas
2606 467 2776 533 hctus,
2809 469 2904 534 ait,
2936 468 3211 542 libensque
3240 485 3450 542 carpas,

2444 559 2574 626 Qum
2601 575 2840 616 summus
2871 562 3046 628 Pater,
3075 565 3402 636 angelusque
3431 565 3628 623 Christi

2451 651 2613 721 280
2642 651 2853 708 Mittunt
2882 653 2984 708 liba
3017 654 3111 709 tibi
3141 656 3240 711 sub
3270 656 3371 712 hoc
3395 658 3613 727 periclo.

2207 738 2274 791 70
2383 739 2473 794 llis
2501 743 2748 810 sumptis,
2779 745 3031 802 Danielus
3057 748 3309 802 excitavit

2449 831 2506 886 In
2537 834 2730 889 ctelum
2762 835 2969 903 faciem,
2999 839 3224 910 ciboque
3256 840 3409 895 fortis

2345 988 2352 992 _
2446 925 2613 980 Amen
2641 928 2892 996 reddidit,
2925 931 3171 987 halleluia
3195 932 3350 987 dixit.

2375 1014 2468 1071 Sic
2493 1032 2590 1072 nos
2621 1021 2932 1076 muneribus
2966 1023 3067 1077 tuis
3095 1022 3303 1091 refecti,

2348 1115 2352 1119 ‘
2443 1107 2687 1178 Largitor
2713 1111 2853 1167 Deus
2880 1114 3120 1169 omnium
3150 1116 3433 1182 bonorum,

2199 1198 2269 1253 75
2449 1196 2639 1254 Grates
2668 1202 2960 1270 reddimus,
2990 1215 3044 1260 et
3070 1221 3340 1264 sacramus
3367 1208 3611 1280 hymnos.

2373 1288 2454 1345 Tu
2484 1306 2602 1360 nos,
2634 1295 2874 1351 tristifico
2904 1299 3050 1353 velut
3077 1308 3324 1370 tyranno,

2447 1384 2624 1439 Mundi
2654 1388 2862 1442 scilicet
2891 1389 3201 1460 impotentis
3227 1403 3346 1447 actu

2446 1473 2756 1539 Conclusos,
2787 1479 2948 1547 regis,
2979 1489 3033 1534 et
3061 1480 3225 1536 feram
3255 1483 3503 1551 repellis;

2299 1621 2302 1624 ,
2373 1567 2530 1639 281
2553 1567 2681 1633 Qua:
2703 1568 3104 1644 circumfremit,
3131 1586 3193 1626 ac
3220 1586 3410 1628 vorare
3439 1584 3630 1639 tentat,

2199 1657 2269 1713 80
2449 1657 2671 1714 Insanos
2693 1675 2893 1716 acuens
2920 1659 3102 1717 lurore
3129 1661 3336 1729 dentes,

2443 1750 2552 1805 Cur
2580 1761 2650 1815 te,
2677 1767 2884 1807 summe
2910 1753 3068 1818 Deus,
3096 1769 3374 1823 precemur
3399 1771 3582 1826 unum.

1809 1874 2098 1932 GLOSSzE
2139 1876 2476 1935 VETERES.

716 1989 1046 2067 Expertum,
1074 1996 1246 2067 notum
1265 2027 1282 2053 ,
1308 2003 1455 2067 quem
1486 1990 1752 2067 probatum
1779 1991 2013 2057 habebat,
2044 1991 2085 2048 1.
2121 1997 2171 2058 Β
2272 1997 2357 2067 67.
2403 1994 2618 2067 Sumas,
2649 2011 2739 2064 pro
2760 1996 3216 2064 sume—Carpus,
3243 2011 3337 2067 pro
3361 2013 3531 2065 carpe,
3562 1997 3665 2052 lso.

585 2062 672 2113 57.
716 2053 932 2125 Mundo,
955 2075 1089 2124 aere,
1125 2061 1162 2110 Ι.
1192 2053 1413 2112 Αεγεύει
1437 2053 1584 2121 nube,
1614 2059 1736 2114 Rat.

582 2131 673 2185 538.
718 2133 1018 2200 lncmptas,
1047 2129 1167 2183 viles
1199 2145 1216 2187 ;
1247 2144 1329 2182 res
1356 2128 1487 2182 enim
1519 2131 1630 2184 uilis
1670 2147 1782 2200 qua:
1823 2131 2048 2186 abundat
2075 2171 2091 2197 ,

518 2215 620 2253 nou
651 2201 848 2264 emitur,
877 2199 989 2253 Vat.
1015 2199 1080 2253 A.

583 2270 671 2326 60.
715 2270 946 2339 Agresti,
979 2271 1186 2334 rustica,
1219 2271 1262 2327 Ι.

582 2341 671 2413 tit.
714 2340 1005 2413 lfrehensa,
1032 2339 1421 2413 comprehensa,
1449 2341 1492 2396 1.

581 2412 670 2466 65.
714 2411 950 2476 Sensim,
975 2411 1175 2478 leniter,
1205 2411 1313 2467 Iso.

2401 2065 2552 2146 Eilis,
2583 2067 3010 2146 prandium—lict:
3039 2065 3259 2136 periclo,
3293 2068 3516 2125 leonum.
3539 2069 3586 2146 .l.

2272 2136 2359 2189 70.
2405 2136 2688 2200 Excitavit,
2716 2137 2940 2199 elevavit,
2971 2137 3007 2190 1.

2273 2206 2362 2278 Eb.
2403 2206 2677 2278 Hymnos,
2693 2206 2892 2278 laudes,
2924 2207 2961 2260 Ι.

2274 2275 2362 2348 77.
2404 2275 2732 2348 l_mpotentis,
2755 2277 2903 2348 valde
2932 2278 3165 2346 potentis,
3199 2278 3410 2348 furoris,
3447 2279 3565 2332 Vat.
3598 2281 3664 2334 Α.

2281 2346 2366 2400 78.
2407 2345 2621 2415 Ferant,
2653 2345 2939 2415 diabolum,
2959 2349 2999 2403 ι.

1857 2526 2417 2585 COMMENTARIUS.

509 2653 655 2701 recte
683 2643 1019 2715 procederet.
1048 2642 1367 2715 Gallandius
1382 2639 1560 2715 edidit
1584 2640 1780 2715 lambit,
1803 2649 1860 2695 et
1882 2642 2084 2695 subno-

509 2716 641 2770 tavit
665 2711 797 2770 {Sic
830 2715 992 2768 Aldus
1015 2731 1126 2768 cum
1157 2715 1296 2768 aliis.
1328 2711 1724 2767 Chamillardus.
1758 2726 1914 2766 AllBlT
1939 2723 2090 2781 typo-

510 2787 662 2841 thetae
683 2786 829 2849 vitio,
860 2794 915 2837 ut
944 2786 1156 2838 videtur.
1186 2784 1491 2837 Abhorrent
1519 2785 1738 2850 poeticae
1768 2796 1944 2837 aures.

514 2860 518 2861 “
580 2859 670 2912 52.
715 2855 869 2908 Ratio
889 2856 1075 2908 orandi
1110 2855 1275 2907 Deum
1305 2855 1546 2908 extensis
1574 2851 1846 2916 manibus;
1890 2851 1955 2907 de
1983 2868 2088 2922 qua

511 2928 576 2981 ad
602 2929 857 2996 hymnum
888 2925 946 2979 S.
974 2923 1277 2996 Fructuosi.

582 2991 672 3051 51.
717 2995 896 3063 Pr.ig.,
930 2996 1072 3058 llat.,
1117 2991 1334 3056 Weits.,
1377 2993 1518 3055 Gis.,
1546 2993 1705 3063 rictu.
1744 2991 1895 3055 Ahl.,
1921 2993 1986 3046 ν.
2019 2994 2084 3056 Λ,

510 3067 657 3128 Pnt.,
681 3061 881 3129 Uxori.,
916 3064 1093 3132 Egm.,
1130 3065 1264 3128 Alt.,
1299 3063 1435 3128 PaL,
1462 3061 1645 3117 Heius.
1668 3071 1732 3132 et
1761 3063 1874 3126 alii,
1903 3066 2086 3116 victus.

585 3138 674 3190 57.
717 3134 930 3204 Parrh.,
962 3131 1176 3189 dissilit.
1228 3136 1284 3187 S.
1339 3134 1574 3188 Isidorus
1623 3131 1731 3204 lib.
1762 3147 1798 3186 tt
1833 3134 2088 3204 Etymol.,

511 3223 628 3277 cap.
661 3204 731 3261 ‘29
755 3221 769 3258 :
797 3203 1022 3277 Mundus
1049 3206 1190 3277 estis
1217 3205 1305 3274 qui
1329 3213 1526 3277 constat
1552 3203 1764 3277 excreta
1789 3243 1804 3266 ,
1841 3203 2086 3277 et’terra,

512 3289 561 3332 et
581 3273 716 3330 'mari
757 3276 1045 3344 cunctisque
1088 3273 1358 3328 sideribus.
1412 3273 1542 3328 Vide
1584 3273 1825 3342 ejusdem
1865 3288 1984 3342 cap.
2033 3273 2086 3339 1,

511 3349 604 3402 lib.
636 3363 750 3410 xm,
783 3357 834 3399 et
860 3355 1011 3401 notas
1037 3346 1251 3401 Grialis.

581 3420 668 3474 58.
715 3416 928 3478 Parrh.,
960 3432 1188 3470 cernens.
1222 3417 1276 3470 In
1314 3415 1434 3470 Vat.
1467 3415 1511 3469 A
1538 3414 1732 3484 legitur
1765 3414 1964 3482 ineptas
1989 3427 2089 3478 pro

511 3491 778 3558 inemptas.
815 3487 940 3558 rSetl
989 3503 1055 3558 ex
1094 3486 1210 3558 ejus
1253 3485 1756 3558 glossacorrigitur
1811 3484 2084 3558 mendum.

2193 2659 2341 2695 amen
2379 2639 2819 2711 responsionibus
2856 2641 3095 2698 adhiberi
3123 2642 3326 2698 solebat
3363 2644 3416 2698 in
3447 2643 3626 2700 Veteri
3667 2646 3774 2699 Te.

2194 2720 2481 2780 stamento,
2522 2712 2674 2782 quasi
2715 2721 2866 2778 certe,
2899 2729 3031 2782 uere,
3065 2715 3158 2766 hoc
3184 2715 3298 2777 erit,
3343 2716 3548 2770 veritas.
3587 2716 3668 2768 vel
3702 2718 3778 2772 ita

2193 2780 2553 2855 ﬁat._DeuterI
2578 2783 2873 2855 xxvltplﬁz
2899 2780 2963 2837 Et
2989 2784 3309 2850 respondebit
3337 2786 3497 2838 untnis
3528 2788 3777 2855 papulas,

2195 2862 2240 2925 et
2259 2853 2419 2925 dicet,
2455 2855 2632 2908 Amen.
2663 2853 2720 2908 lu
2755 2854 2995 2925 Ecclesia
3017 2855 3317 2908 Christiana
3348 2857 3524 2908 Statim
3553 2853 3622 2907 ab
3653 2857 3778 2925 ipso

2195 2924 2349 2977 initio
2377 2925 2489 2978 haec
2517 2924 2848 2979 consuetudo
2871 2924 3126 2979 reddendi
3153 2941 3296 2978 amen
3327 2935 3445 2992 post
3468 2924 3775 2983 orationem

2198 2994 2492 3049 sacerdotis
2542 2996 2749 3049 videtur
2787 2994 2998 3049 inducta
3021 3011 3035 3048 :
3061 3011 3179 3048 nam
3213 2995 3492 3063 Aposmlns
3527 2996 3541 3048 l
3572 2998 3640 3048 ad
3667 2997 3777 3051 Co-

2194 3063 2358 3137 rinth.
2393 3079 2511 3128 cap.
2547 3081 2654 3137 xiv,
2682 3066 2749 3119 l5
2777 3073 2830 3119 et
2859 3081 2997 3133 seq.,
3025 3065 3099 3137 ait
3123 3084 3135 3117 :
3166 3065 3300 3130 Quid
3321 3083 3440 3137 ergo
3463 3076 3533 3118 est
3558 3067 3779 3137 :_0rabo

2194 3135 2376 3200 spiritu
2397 3176 2411 3200 ,
2443 3136 2596 3187 orabo
2631 3144 2678 3187 et
2722 3147 2916 3201 mente,
2953 3135 3170 3204 psallam
3211 3135 3394 3204 spiritu
3417 3177 3432 3201 ,
3476 3135 3697 3200 psallam
3729 3148 3779 3191 et

2194 3216 2376 3277 mente.
2415 3206 2671 3277 Caeterum
2721 3207 2764 3259 si
2813 3205 3123 3277 benedia'eris
3169 3207 3393 3276 spiritu,
3433 3207 3521 3276 qui
3567 3209 3778 3277 supplet

2193 3276 2362 3326 locum
2406 3276 2596 3339 idiottc,
2630 3276 2879 3342 quomodo
2904 3277 3032 3330 dicet
3061 3276 3212 3330 Ausa
3233 3318 3247 3340 ,
3275 3292 3425 3344 super
3453 3287 3591 3329 tuam
3623 3276 3778 3330 bene-

2194 3344 2505 3398 dictionem?
2541 3347 2784 3406 quoniam
2809 3348 2932 3414 quid
2955 3348 3114 3411 dicas,
3143 3347 3318 3400 nescit.
3360 3347 3599 3400 Justinus
3630 3363 3778 3401 mar-

2194 3423 2278 3483 tyr
2308 3414 2358 3468 in
2391 3415 2546 3479 Apol.
2579 3415 2634 3477 ‘2,
2663 3416 2795 3474 sive.
2828 3426 2883 3469 ut
2919 3417 3010 3470 alii
3041 3417 3240 3479 volunt,
3283 3421 3296 3470 l
3335 3437 3345 3468 :
3377 3416 3474 3470 Ubi
3515 3418 3603 3470 ille
3653 3421 3774 3481 (au-

2195 3483 2388 3558 tistqes)
2427 3501 2596 3558 preces
2625 3495 2670 3539 et
2699 3484 3056 3558 eucharistiam
3081 3487 3314 3551 absolvit,
3344 3498 3472 3540 totus
3502 3489 3589 3558 qui
3621 3494 3776 3543 adest

521 3550 725 3613 Alluilit
762 3557 827 3610 ad
859 3557 1062 3626 Virgilii
1112 3550 1283 3610 locum
1334 3556 1552 3625 dapibus
1603 3550 1800 3607 mensas
1846 3555 2087 3626 onerabat
2118 3555 2162 3616 C
2195 3550 2448 3626 populus,
2481 3555 2650 3626 fausta
2695 3556 3057 3626 approbatione
3098 3558 3342 3612 acclamaz
3385 3550 3556 3612 dicens
3588 3561 3774 3616 Anax.

508 3630 745 3696 inemptis
769 3668 784 3693 ,
839 3627 976 3694 quod
1024 3629 1222 3693 pariter
1251 3627 1318 3680 de
1349 3626 1602 3696 agricola
1629 3625 1827 3677 dictum
1867 3634 1950 3676 est
1991 3625 2083 3696 lib.

509 3715 561 3753 ιν
595 3695 789 3769 Georg.
820 3697 1070 3769 Horatius
1099 3711 1310 3769 quoque
1339 3695 1404 3749 de
1445 3695 1691 3748 laudibus
1717 3701 1842 3746 vita:
1871 3695 2085 3748 rusticas

510 3770 669 3838 epod.
693 3765 761 3828 ἓξ
784 3781 924 3822 vers.
955 3767 1047 3831 48,
1092 3765 1534 3838 Dupesinemptas
1569 3774 1801 3838 apparet.

583 3839 672 3894 59.
715 3839 903 3892 Mirum
955 3833 1208 3906 quantum
1251 3833 1818 3906 discrepentrcodiees
1863 3833 1915 3886 in
1945 3849 2076 3888 voce

513 3909 759 3964 Habacnc
788 3903 1075 3962 exoranda.
1128 3906 1229 3959 Alii
1271 3906 1470 3959 Abacuc
1494 3944 1509 3968 ,
1537 3903 1627 3957 alii
1676 3904 1908 3956 Abbacuc
1933 3945 1948 3966 ,
1990 3907 2086 3958 alii

512 3980 771 4034 Abbacum
797 4018 812 4042 ,
841 3977 930 4030 alii
971 3978 1286 4038 Ambacum,
1317 3976 1404 4029 alii
1430 3975 1701 4029 Ambacnc.
1740 3974 1811 4027 De
1837 3989 1941 4040 quo
1983 3991 2081 4028 no-

511 4052 654 4104 mine
683 4050 804 4103 vide
833 4047 1061 4100 indicem
1102 4047 1392 4101 secundum
1436 4045 1694 4107 Ricciolii,
1729 4043 1817 4097 ubi
1848 4043 2084 4099 Pruden-

509 4122 642 4174 tium
681 4120 939 4173 adversus
978 4117 1303 4172 Ludovicunt
1343 4116 1616 4170 Camillum
1656 4115 1894 4169 defendit
1941 4116 2082 4183 quod

509 4191 560 4245 in
604 4191 704 4260 hoc
728 4191 925 4260 hymno
949 4205 981 4241 a
1014 4191 1241 4260 primum
1271 4186 1588 4260 produxerit
1629 4184 2080 4260 juxta__Syriacam

509 4207 560 4245 tn
604 4202 704 4244 hoc
728 4202 925 4260 hymno
949 4205 981 4241 a
1014 4204 1241 4254 prtmum
1271 4202 1588 4256 prouuxertt
1629 4202 1774 4251 puta
1805 4202 2080 4307 aq'rtacam

506 4272 596 4315 aut
623 4258 888 4315 Persicam
941 4259 1192 4313 radicem.
1237 4259 1490 4325 Quamvis
1536 4266 1714 4310 autem
1766 4255 2008 4309 llamcuc
2051 4270 2081 4309 a

507 4330 796 4386 Prndentio
818 4329 1080 4397 propheta
1107 4337 1349 4391 vocetur,
1379 4344 1483 4382 non
1509 4337 1660 4382 certo
1690 4326 1812 4380 inde
1841 4326 2080 4397 colligas,

502 4403 750 4476 eumdem
781 4396 900 4476 esse
921 4396 1197 4476 ’Habacuc,
1228 4400 1379 4476 cujus
1411 4406 1585 4476 esstat
1615 4397 1911 4476 prophetia:
1945 4396 2082 4476 Lege

504 4471 642 4525 hanc
689 4470 1037 4538 qumtionem
1088 4470 1140 4522 in
1191 4467 1493 4538 praeloquiis
1539 4467 1726 4520 Jacobi
1767 4465 2031 4519 Bonlrerii
2061 4505 2076 4532 ,

503 4551 638 4594 sect.
664 4542 750 4593 11.
1293 4573 1298 4578 ~

577 4609 666 4662 6i.
708 4607 934 4672 Widm.,
965 4608 1111 4676 cujus
1135 4607 1344 4661 caesarie
1371 4621 1400 4660 a
1428 4606 1598 4673 prima
1623 4619 1803 4676 manu.

575 4680 665 4732 6‘2.
704 4679 830 4733 Haec
861 4673 1094 4746 phrasis,
1118 4677 1247 4729 sicut
1275 4687 1406 4739 erat,
1437 4677 1632 4746 stylum
1659 4673 2078 4746 ecclesiasticum

505 4750 718 4804 videtur
743 4745 986 4803 redulere
1013 4765 1025 4799 :
1052 4747 1148 4800 sed
1180 4746 1246 4800 ab
1267 4746 1484 4815 optimis
1520 4745 1907 4813 antiquissimis
1940 4746 2081 4801 Lati-

505 4820 688 4876 nitatis
718 4821 1021 4872 auctoribus
1049 4827 1135 4872 est
1155 4829 1430 4882 usurpata.

2191 3627 2249 3679 S.
2287 3625 2539 3697 Paulinus
2571 3625 2739 3679 Natali
2772 3625 2832 3680 11
2864 3645 2876 3680 :
2903 3627 3128 3695 Cumque
3159 3629 3319 3682 sacris
3347 3628 3434 3697 pia
3461 3629 3608 3681 turba
3641 3631 3777 3696 ferat

2229 3695 2482 3750 astoribus
2506 3699 2682 3759 Anna,
2713 3707 2814 3750 etc.
2845 3699 2917 3752 De.
2948 3713 3079 3751 voce
3102 3699 3311 3752 alleluia
3336 3695 3518 3753 confer
3556 3698 3777 3754 Riccio-

2217 3768 2321 3818 ium
2366 3767 2416 3819 in
2449 3768 2558 3820 ind.
2605 3768 2872 3832 secundo;
2916 3784 3085 3837 neque
3131 3781 3303 3823 tamen
3344 3769 3391 3822 ei
3427 3770 3770 3823 assentiaris.

2191 3837 2331 3902 quod
2365 3837 2533 3899 dicit,
2568 3838 2879 3902 imitandum
2926 3855 3031 3892 non
3056 3854 3174 3892 esse
3206 3838 3578 3901 Prudentium,
3626 3841 3718 3907 qui
3745 3857 3776 3893 e

2193 3906 2244 3958 in
2301 3909 2400 3959 hoc
2451 3923 2603 3961 versu
2654 3910 2938 3974 corripuit;
2979 3909 3117 3977 quod
3167 3910 3369 3978 pariter,
3413 3909 3479 3960 ab
3523 3906 3774 3963 Urie’ntio

2190 3985 2495 4042 correptum
2544 3985 2645 4030 est.
2693 3979 2750 4032 S.
2803 3979 3038 4032 Justinus
3083 3977 3271 4047 quaest.
3314 3977 3382 4032 50
3426 3978 3490 4030 ad
3533 3978 3771 4034 Orthod.

2192 4054 2438 4110 testatur,
2485 4047 2814 4103 Christianos
2835 4089 2850 4114 ,
2893 4063 3010 4102 cum
3043 4048 3226 4103 laudes
3253 4059 3306 4103 et
3337 4049 3559 4118 hymnos
3601 4064 3776 4103 cane-

2190 4125 2308 4186 rent
2335 4158 2347 4175 ,
2390 4119 2498 4184 jam
2533 4129 2657 4170 tunc
2689 4119 2763 4171 uti
2791 4119 2888 4172 hac
2912 4133 3039 4173 voce
3059 4120 3275 4172 alleluia
3299 4129 3349 4172 et
3375 4134 3585 4178 osanna,
3621 4119 3774 4186 quod

2189 4185 2320 4258 olim
2349 4203 2377 4239 a
2409 4189 2584 4254 pueris
2606 4188 2821 4242 factum.
2861 4189 2992 4243 Vide
3019 4191 3075 4242 S.
3109 4190 3488 4258 Hieronymum
3522 4188 3571 4240 in
3596 4185 3767 4252 epist.

2187 4255 2252 4326 ad
2279 4256 2596 4322 Marci-llam,
2629 4259 2684 4312 S.
2717 4260 3063 4326 Augustinum
3091 4260 3142 4314 in
3175 4255 3362 4325 psalm.
3387 4273 3488 4316 CVI.
3523 4268 3572 4311 el
3607 4267 3773 4312 notas

2187 4323 2406 4395 Lansa‘.
2446 4328 2511 4380 ad
2543 4341 2663 4380 can.
2706 4328 2760 4382 11
2796 4323 3002 4382 ὸοιιρὶΙι
3024 4345 3073 4381 Iv
3102 4323 3304 4385 Tolet.:
3336 4329 3406 4382 I)e
3442 4343 3539 4381 non
3570 4329 3772 4382 decan-

2186 4403 2341 4468 tanido
2370 4397 2420 4450 in
2452 4397 2855 4468 Quadragesima
2883 4399 3112 4454 alleluia.
3313 4416 3320 4423 '

2258 4465 2347 4539 74.
2389 4467 2442 4539 ln
2471 4465 2709 4539 oratitnie
2741 4471 2796 4524 S.
2825 4472 2978 4523 Rosa:
3002 4469 3220 4539 virginis
3247 4468 3478 4522 Limana:
3514 4467 3599 4521 hic
3641 4484 3770 4522 rer-

2185 4549 2278 4588 sus
2308 4538 2591 4591 includitur
2619 4540 2834 4593 mutatis
2868 4539 3045 4593 verbis
3067 4537 3366 4592 {Bonorum
3397 4539 3621 4591 omnium
3655 4541 3767 4592 lar-

2183 4605 2318 4677 gitgr
2338 4608 2655 4677 omnipotens
2675 4605 2830 4663 Deus.

2259 4675 2344 4747 77.
2386 4674 2952 4747 Cauchiuscastigabat
2967 4688 3114 4732 antro
3128 4679 3400 4734 Conclusos
3415 4679 3563 4747 regis,
3580 4687 3768 4742 acute,

2184 4745 2278 4798 sed
2317 4757 2502 4800 contra
2544 4763 2672 4802 mss.
2707 4745 2958 4804 Nebrissa
2984 4762 3153 4803 actum
3184 4745 3559 4817 interpretatur
3587 4748 3733 4800 actio
3754 4779 3768 4789 -

2185 4830 2273 4868 nes
2302 4817 2486 4889 mundi
2525 4818 2729 4873 scilicet
2769 4819 2993 4873 nimium
3037 4820 3299 4889 potentis,
3360 4827 3414 4872 et
3441 4819 3718 4871 smvientis
3752 4838 3766 4870 :

574 4888 1018 4978 είδο..¹³τυι¹θηιίιιε
1049 4889 1110 4970 in.
1133 4887 1234 4942 ιιοο
1255 4883 2079 4978 θερεουοξεξξῐηεπξὲἐῖίξίεὲξιρ
2110 4916 2162 4978 n
2189 4887 2658 4978 ξιὲεηηὲιεκξὲιξιξίιρ
2673 4898 2783 4978 es}.
2795 4883 3071 4978 fruetus}
3096 4883 3352 4978 Pelices
3364 4890 3739 4978 9ῗῗ¹¹1ἶ⁸ἑ¹ἔῖ⁶ίέἷῗ
3749 4900 3770 4978 5

500 4963 708 5018 inducit
743 4973 838 5027 per
879 4959 1149 5027 prolepsin
1185 4956 1456 5011 :nondum
1497 4956 1641 5009 enim
1679 4954 1909 5027 Verbum
1959 4971 2084 5010 caro

501 5036 697 5087 factum
743 5024 934 5093 luerat,
965 5024 1053 5099 qui
1090 5037 1182 5099 est
1209 5027 1558 5099 Christus,_ut
1585 5028 1786 5099 notavit
1811 5024 2082 5082 Nebrissa.

498 5102 738 5158 Clericus
761 5101 812 5153 in
832 5099 944 5167 Vita
965 5096 1238 5152 l‘rudentii
1260 5096 1502 5152 nonnihil
1521 5097 1798 5151 cavillatur
1818 5099 1958 5151 circa
1987 5099 2084 5152 hu-

495 5171 731 5244 iusmodi
756 5170 1076 5244 locutiones.

573 5242 659 5298 69.
704 5241 854 5304 Ald.,
895 5237 1152 5294 mendose
1177 5277 1193 5301 ,
1225 5237 1485 5290 libatibus.
1527 5234 1775 5291 Nebrissa
1825 5237 2079 5290 mendum

501 5313 859 5379 transcripsut,
891 5320 946 5364 et
972 5310 1360 5377 interpretatus
1389 5316 1492 5370 est,
1537 5307 1707 5376 gustui
1737 5315 1844 5364 tuo.
1879 5304 2080 5361 Sensus

500 5393 555 5438 et
581 5397 796 5436 carmen
829 5380 930 5432 liba
961 5379 1049 5432 tibi
1087 5379 1348 5446 exposcit.

573 5454 661 5506 70.
707 5450 1015 5527 Danielem,
1064 5445 1184 5501 cibo
1230 5453 1483 5527 sumpto,
1518 5445 1627 5500 Deo
1668 5445 2081 5527 gratiasegisse

503 5536 811 5590 expressum
834 5521 1048 5590 quidem
1073 5533 1177 5571 non
1208 5528 1292 5574 est
1313 5515 1369 5590 in
1399 5530 1549 5570 sacra
1582 5515 1793 5583 pagina.
1826 5515 1895 5590 A_t
1923 5525 2076 5582 poeta

502 5594 556 5648 id
577 5586 786 5658 colligit
813 5586 875 5644 ex
907 5589 1193 5658 gratiarum
1221 5589 1452 5650 actione,
1478 5602 1597 5655 quae
1629 5586 1900 5654 praecessit
1931 5598 2070 5639 vers.

499 5663 572 5720 56
599 5673 652 5719 et
686 5663 773 5714 57.

572 5735 657 5787 71.
700 5729 910 5792 Parrb.,
939 5728 1143 5798 ciboque
1173 5729 1396 5795 functus.

573 5804 658 5856 7'2.
705 5799 914 5860 Parrin,
951 5793 1335 5868 Ettie'que'dixit,
1368 5798 1508 5865 quod
1540 5798 1785 5862 vitiosum
1816 5803 1912 5850 est.
1950 5793 2062 5849 Vox

2187 4964 2278 5007 aut
2308 4971 2404 5024 pro
2432 4972 2565 5028 vago
2592 4967 2646 5010 et
2673 4959 2877 5012 incerto
2900 4975 3076 5014 rerum
3103 4962 3448 5013 humanarum
3475 4967 3643 5020 motu,
3668 4966 3770 5012 aut

2189 5039 2287 5096 pro
2317 5040 2382 5079 eo
2409 5029 2547 5094 quod
2574 5039 2732 5096 agunt
2759 5028 3020 5085 homines.
3044 5029 3154 5084 Hoc
3182 5044 3342 5084 sensu
3367 5029 3500 5082 alias
3523 5041 3650 5081 usus
3676 5038 3768 5081 est

2187 5092 2526 5150 Prudentius.
2597 5111 2600 5115 '

2259 5165 2347 5220 79.
2369 5163 2500 5220 Cum
2525 5169 2692 5222 lacum
2716 5168 2926 5224 leonum
2944 5169 3286 5237 descripserit
3303 5178 3582 5237 poeta,suo
3604 5183 3766 5226 more

2185 5247 2353 5289 sacra:
2385 5238 2575 5291 littera:
2606 5237 2902 5300 inhit-rens,
2944 5239 3213 5294 diabolum
3257 5248 3502 5308 tauquam
3544 5239 3764 5294 leonem

2187 5314 2533 5378 repraesentat
2555 5321 2626 5378 ex,
2646 5309 2800 5375 epist.
2827 5310 2846 5362 1
2875 5308 3015 5363 Petri
3043 5325 3160 5378 cap.
3188 5326 3238 5372 v,
3265 5310 3317 5378 8.

2264 5375 2352 5428 81.
2397 5377 2540 5440 Ald.,
2586 5376 2769 5439 Nebr..
2821 5378 2973 5443 “81.,
3015 5375 3249 5443 Widm.,
3294 5377 3481 5443 Gold.,
3526 5389 3645 5432 tunc
3684 5389 3764 5435 te.

2189 5441 2381 5516 Baiis,
2432 5462 2563 5500 nunc
2593 5457 2660 5500 te.
2705 5446 2840 5510 Gis.,
2873 5441 3088 5516 Wéitz.,
3134 5441 3249 5502 cum
3300 5458 3365 5501 te.
3423 5441 3632 5514 Parrh.,
3666 5467 3767 5504 nec

2187 5521 2253 5565 te.
2285 5512 2404 5586 Vat.
2431 5517 2495 5583 A,
2533 5517 2712 5586 Prag.,
2747 5518 2888 5583 Put.,
2918 5512 3149 5582 Tltuan.,
3181 5519 3406 5572 Torrcu.
3435 5519 3542 5574 duo
3571 5512 3663 5572 cur
3681 5528 3762 5586 te,

2185 5584 2324 5658 quod
2351 5584 2518 5648 placet
2544 5584 2780 5658 lleinsio,
2801 5592 2922 5657 quia
2947 5590 3015 5643 ita
3039 5590 3341 5658 frequenter
3361 5590 3592 5644 occurrit
3615 5584 3765 5656 apud

2181 5654 2512 5708 Ciceronem.
2548 5654 2793 5711 Horatios
2820 5654 2910 5713 lib.
2937 5675 2973 5724 ι,
3005 5676 3089 5727 ep.
3114 5654 3168 5727 8,
3199 5658 3402 5712 Irascar
3428 5661 3629 5726 amicis,
3652 5654 3767 5714 Cur

2180 5728 2477 5796 ntefunesto
2505 5738 2771 5796 properent
2810 5747 2980 5784 arcere
3011 5740 3230 5783 reterno.
3283 5729 3445 5784 Aldus
3476 5731 3530 5785 in
3569 5746 3764 5786 emen-

2170 5793 2326 5861 datis,
2363 5793 2552 5851 sumnie
2580 5793 2757 5852 Deum.
