4102 6348
361 364 457 421 81⁸9

533 480 817 546 Vexamur,
848 480 1160 550 premimur,
1186 482 1343 535 malis
1370 490 1634 541 rotantur;

595 571 856 637 Oderunt,
885 573 1140 639 lacerant,
1173 573 1413 640 trahunt,
1443 574 1741 637 lacessunt;

596 667 787 726 Juncta'
811 680 893 727 est
917 671 1192 742 suppliciis
1217 672 1348 727 ﬁdes
1379 671 1591 741 iniquis.

524 760 633 817 Nec
664 763 793 817 delit
820 772 997 820 tamen
1028 765 1201 819 anxiis
1231 763 1434 819 medela
1461 782 1474 817 :

592 854 721 910 Nam
749 856 1034 926 languente
1064 858 1225 912 trucis
1252 857 1421 912 leonis
1450 858 1545 922 ira,

594 946 799 1015 lllapsa‘.
826 948 1305 1019 superingeruntur
1336 964 1495 1004 escaz.

521 1037 665 1105 Quas
692 1038 737 1092 si
762 1040 882 1109 quis
911 1040 1157 1095 sitienter
1186 1040 1482 1095 hauriendo

590 1126 706 1183 Non
734 1140 888 1199 gustu
918 1131 1085 1198 tenui,
1116 1130 1209 1185 sed
1236 1146 1332 1186 ore
1359 1132 1536 1201 pleno,

596 1220 823 1277 lnternis
848 1223 974 1277 velit
1004 1222 1278 1291 implicare
1305 1225 1483 1287 venis;

519 1312 615 1367 Hie
644 1321 830 1368 sancto
857 1315 1077 1369 satiatus
1105 1330 1168 1371 ex
1200 1316 1479 1385 propheta,

588 1406 861 1463 Justorum
892 1408 1067 1479 capiet
1094 1409 1244 1465 cibos
1271 1410 1529 1477 virorum,

583 1497 684 1564 Qui
712 1499 943 1553 fructum
969 1500 1187 1555 domino
1213 1509 1419 1556 metunt
1448 1503 1691 1571 perenni.

516 1587 673 1659 282
696 1588 778 1643 Nil
808 1598 892 1665 est
915 1589 1145 1657 dulcius,
1175 1606 1239 1647 ac
1269 1592 1437 1662 magis
1466 1607 1740 1663 saporum,

587 1676 693 1744 Nil,
719 1678 859 1746 quod
890 1679 1008 1748 plus
1036 1680 1304 1738 hominem
1331 1682 1521 1753 juvare
1549 1682 1739 1754 possit,

353 761 418 816 85

344 1222 410 1275 90

341 1674 410 1729 95

941 360 1477 419 CATHEMERINON
1522 363 1582 415 v.
1629 363 1715 417 nr:
1756 328 1935 417 novo
1976 363 2235 418 LUMINE
2298 365 2669 422 passurus
2707 364 3014 424 sanam.

1952 482 2004 539 Δ

3499 368 3601 425 818

2278 483 2445 548 Quam
2473 484 2608 536 vatis
2640 484 2721 552 pia
2755 484 3092 551 prmcinentis
3123 499 3265 539 orsa.

2212 573 2302 626 llis
2333 575 2577 644 sumptis,
2610 575 2735 630 licet
2765 575 3001 631 insolens
3032 585 3260 645 potestas

2280 666 2506 721 Pravnm
2532 668 2751 737 judicet,
2785 670 3085 740 irrogetque
3115 679 3372 733 mortem;

2279 760 2493 829 lmpasti
2524 762 2648 818 licet
2677 764 2882 819 irruant
2910 765 3111 820 leones.

2034 851 2137 907 100
2209 850 2317 906 Nos
2349 867 2562 921 semper
2591 854 2865 909 dominum
2899 856 3109 911 Patrem
3142 857 3369 912 fatentes

2276 942 2330 995 ln
2363 952 2434 1009 te,
2464 942 2677 999 Christe
2705 944 2867 1012 Deus,
2897 946 3180 1016 loquemur
3206 963 3391 1013 unum,

2276 1035 2702 1108 Constanterque
2729 1048 2871 1094 tuam
2898 1053 3113 1096 crucem
3139 1040 3392 1096 feremus.

2111 1191 2168 1247 V.
2213 1192 2493 1249 HYMNUS
2532 1194 2618 1249 DE
2656 1193 3134 1321 ἓῖἔὲΑῐῦἇΜιΝΕ
3172 1192 3546 1251 PASCHALIS

2208 1401 2457 1457 Inventor
2482 1400 2648 1468 rutili,
2678 1400 2783 1455 dux
2815 1400 2976 1470 bone,
3005 1402 3240 1472 luminis,

2276 1494 2376 1560 Qui
2403 1494 2563 1549 certis
2586 1494 2793 1548 vicibus
2823 1502 3061 1562 tempora
3086 1492 3304 1559 dividis,

2278 1585 2439 1657 283
2462 1585 2637 1639 Merso
2665 1584 2802 1649 sole,
2831 1584 2995 1639 chaos
3025 1584 3224 1653 ingruit
3251 1582 3523 1640 horridum

2276 1676 2481 1733 Lumen
2508 1678 2673 1735 redde
2703 1677 2829 1747 tuis,
2856 1676 3067 1734 Christe
3117 1677 3382 1733 ﬁdelibus.

1639 1769 1929 1830 GLOSSJE
1969 1768 2309 1826 VETERES.

410 1879 497 1933 82.
531 1878 807 1945 Rotamur,
833 1883 1099 1949 volvimur,
1129 1886 1167 1939 Ι.

410 1950 501 2022 87.
530 1949 723 2022 Super,
750 1953 986 2022 desuper,
1012 1954 1051 2009 Ι.

408 2021 501 2074 95.
529 2020 745 2085 luvare,
772 2020 1042 2090 delectare,
1066 2024 1185 2079 Vat.
1214 2027 1279 2080 A.

409 2090 496 2147 96.
526 2091 726 2159 Quam,
759 2096 1035 2165 prophetia
1061 2105 1107 2150 et
1134 2098 1323 2168 scripta
1351 2096 1554 2164 divina,
1586 2097 1621 2153 Ι.
1648 2127 1717 2139 -
1752 2100 1910 2164 Orsa,

1949 1887 1997 1947 B
2023 1884 2181 1946 dicta,
2206 1882 2246 1946 1,
2270 1882 2389 1937 Vat.
2413 1883 2478 1938 A.

2096 1955 2185 2025 97.
2214 1952 2475 2025 insolens,
2500 1956 2737 2025 superba,
2764 1953 2804 2009 Ι.

2097 2022 2467 2095 98.ᾉΡηινυιη,
2493 2022 2664 2093 prave.
2681 2055 2752 2064 —
2774 2025 2999 2095 lrroget,
3024 2026 3232 2094 inferat,
3258 2026 3374 2081 Vat.
3400 2028 3467 2083 A.

2096 2095 2148 2148 ὅ.
2182 2093 2382 2161 Chaos,
2401 2095 2633 2164 confusio
2653 2096 2833 2162 noctis,
2858 2093 3185 2165 profunditas
3205 2098 3541 2164 tenebrarum,
3559 2094 3593 2154 Ι.

1682 2210 2252 2268 COMMENTARIUS.

408 2302 498 2377 82.
542 2301 722 2358 Placet
751 2304 1109 2377 interpunctio
1132 2305 1277 2377 Aldi,
1316 2308 1595 2377 premimur
1624 2308 1797 2373 malis,
1826 2306 1915 2360 alii

342 2375 636 2442 premimur,
661 2374 812 2427 malis
842 2385 1089 2428 rotamur.
1125 2376 1281 2431 Alex.
1307 2374 1429 2432 cum
1461 2378 1599 2432 Aldo
1628 2377 1772 2431 facit.
1812 2377 1917 2432 Sed

341 2446 482 2519 Vatt.
512 2444 554 2509 l,
583 2444 648 2509 Ο,
683 2445 723 2498 Ρ
751 2460 870 2519 cum
896 2446 1261 2519 aliis_.Simile
1284 2457 1369 2519 est
1394 2447 1520 2500 illud
1552 2448 1690 2519 apud
1721 2448 1777 2502 S.
1802 2452 1913 2501 Au-

339 2518 608 2585 gustinum
649 2529 767 2585 cap.
793 2516 865 2570 26
895 2516 1225 2573 Enchiridii:
1266 2518 1481 2573 Jacebat
1521 2516 1792 2583 in'malis,
1841 2520 1917 2573 rel

340 2588 492 2641 etiam
520 2587 829 2659 solvebatur,
869 2596 921 2659 et
953 2588 1017 2641 de
1058 2590 1205 2643 malis
1243 2591 1296 2643 in
1337 2592 1472 2644 mala
1504 2590 1918 2659 praecipitabatur

339 2660 495 2712 totius
518 2658 728 2711 humani
757 2658 952 2728 generis
980 2675 1146 2714 massa
1168 2660 1432 2715 damnata.
1480 2662 1660 2731 Itaque
1689 2661 1917 2730 praeit-ro

328 2731 489 2791 malis
515 2737 767 2784 rotamur.

411 2799 503 2853 84.
545 2798 790 2869 Nebrissa
822 2800 894 2853 ita
926 2799 1172 2869 exponit:
1197 2801 1327 2869 ﬁdes
1345 2804 1430 2863 sit,
1457 2803 1532 2856 uel
1554 2803 1647 2856 erit
1666 2802 1914 2855 adhibita.

340 2870 505 2926 Gisel.
530 2868 739 2942 videtur
761 2868 1113 2935 intellexisse,
1137 2868 1288 2925 crevit
1312 2873 1437 2940 ﬁdes
1464 2874 1745 2942 suppliciis.
1779 2871 1921 2927 Cha-

342 2940 637 3065 milllagdus,
664 2941 790 3009 ﬁdes
813 2943 1006 3013 objecta
1031 2950 1106 2995 est
1132 2944 1396 3013 suppliciis
1423 2940 1630 3013 iniquis.
1666 2944 1719 2998 Id
1749 2944 1917 3010 magis

344 3028 439 3065 nro
520 3052 532 3065 .

364 3028 532 3066 ll'ODO.

344 3028 678 3149 ιπὲἓῗύεβι
700 3096 798 3153 pro
818 3083 1011 3151 deficit,
1039 3082 1120 3139 vel
1151 3084 1309 3138 deest.
1339 3084 1639 3153 Lucretius,
1664 3084 1916 3155 Virgilius

343 3164 397 3209 et
420 3154 529 3208 alii.

414 3225 500 3280 86.
543 3223 695 3289 Put.,
730 3223 973 3291 Thuan.,
1006 3225 1124 3279 Vat.
1159 3225 1233 3290 A,
1285 3227 1414 3277 truci
1460 3228 1558 3279 ira.
1620 3226 1723 3280 Alii
1763 3226 1921 3278 trucis

347 3296 506 3367 leonis
536 3295 884 3367 ira._Parrlt.,
907 3311 1026 3367 nam
1053 3296 1299 3367 languens
1331 3298 1486 3349 trucis
1512 3314 1542 3349 a
1568 3298 1724 3349 leonis
1750 3297 1847 3348 ira.

2024 2320 2146 2360 nem
2178 2319 2298 2374 quae
2328 2304 2508 2379 verior
2534 2312 2644 2379 est,
2684 2303 2918 2379 Hunout
2948 2315 3222 2379 peritotam
3250 2312 3497 2379 possimus
3524 2312 3602 2363 di—

2025 2391 2137 2449 cere
2157 2386 2373 2449 noctein.
2409 2374 2711 2449 Brissonius
2742 2376 2792 2429 in
2822 2375 2916 2449 lib.
2941 2374 3008 2449 de
3032 2374 3301 2449 Spectac.,
3329 2394 3448 2449 pag.
3472 2380 3601 2448 351,

2025 2447 2143 2517 luse
2180 2448 2287 2511 agit
2326 2444 2394 2499 de
2436 2445 2713 2517 pervigilio
2760 2445 2962 2517 sabbati
3010 2444 3421 2517 paSchalis,'et'
3462 2444 3603 2505 hunc

2028 2515 2281 2587 hymnum
2326 2514 2605 2587 inscribit}
2638 2514 2728 2587 pe
2770 2514 3045 2571 luminibus
3086 2514 3600 2587 sabbatipasclmlis.

2024 2584 2083 2669 in
2128 2586 2421 2669 Hymnario
2459 2584 2905 2669 card._Thomas_ii
2951 2602 3073 2669 pars
3118 2584 3489 2669 huiushymni
3521 2591 3603 2669 bis

2026 2656 2301 2722 inseritur,
2345 2657 2573 2725 primum
2618 2656 2722 2713 hoc
2758 2657 2949 2713 titulo:
2986 2658 3065 2713 Ad
3094 2656 3441 2717 accensionem
3471 2663 3602 2715 cerei

2026 2728 2305 2797 paschalis,
2337 2737 2448 2781 tum
2483 2729 2583 2781 hoc
2608 2728 2804 2783 altero:
2839 2730 2919 2783 Ad
2946 2731 3202 2785 incensum
3234 2728 3476 2787 lucernae.

2101 2800 2152 2853 1.
2194 2798 2457 2872 (iiselinus
2483 2798 2878 2872 uberiussolito
2900 2800 3037 2872 hunc
3068 2801 3322 2872 hymnum
3348 2802 3600 2867 illustrat,

2027 2879 2079 2924 et
2122 2884 2185 2923 ex
2227 2868 2457 2938 Georgio
2485 2866 2787 2924 Cassandro
2835 2870 3019 2925 statuit
3061 2866 3181 2927 eum
3224 2874 3490 2940 pertinere
3533 2866 3601 2926 ad

2028 2940 2469 3012 consuetudinem
2510 2940 2626 3006 ejus
2664 2940 2867 3012 aetatis,
2917 2956 3020 3010 qua
3061 2942 3283 2996 sabbato
3325 2943 3603 3012 paschali.

2028 3010 2317 3064 inclinante
2346 3011 2398 3063 in
2424 3024 2703 3079 vesperam
2734 3011 2851 3074 die,
2879 3022 3003 3066 ante
3028 3010 3338 3067 solemnem
3353 3015 3600 3079 baptismi

2026 3082 2444 3135 celebrationem
2472 3095 2659 3135 cereus
2699 3097 2732 3139 a
2768 3082 2995 3137 diacono
3025 3084 3325 3138 consecrari
3358 3084 3600 3149 solebat,

2027 3160 2081 3205 et
2096 3166 2247 3224 novo
2273 3151 2413 3219 igne,
2431 3150 2524 3224 qui
2547 3161 2638 3224 am
2660 3167 2722 3206 ex
2752 3152 2900 3207 silice
2927 3168 3200 3224 percusso,
3230 3161 3322 3207 aut
3347 3153 3601 3224 crystallo

2029 3220 2128 3291 soli
2160 3222 2367 3289 objecta
2396 3222 2724 3285 eliciebatur,
2758 3223 2999 3291 accendi.
3050 3224 3125 3277 Ex
3157 3240 3261 3291 quo
3287 3220 3431 3278 cerei
3462 3239 3595 3278 neo-

2030 3288 2312 3362 phytorum
2337 3291 2496 3362 (quos
2522 3306 2713 3361 nempe
2740 3290 2814 3345 illi
2844 3293 3086 3348 manibus
3116 3288 3377 3362 ferebant)
3396 3310 3602 3357 accen-

422 3338 512 3419 si
538 3338 1028 3435 'ir'i'ria'il'i"ér'i?£i§
1053 3338 1542 3435 ἰἶὶἐιῗῖιι”ζ”άὲεἷιῖενῖ
1568 3338 1723 3435 ESSE
1748 3338 1921 3421 ἱηὲιτο
1950 3338 1997 3402 C
2027 3338 2309 3435 ᾆρῦειηιυη.
2339 3338 2455 3417 ‘iue
2477 3361 2602 3435 ipse
2632 3338 2818 3435 cimus
2849 3378 2942 3435 per
2965 3372 3170 3431 septem
3210 3338 3603 3435 consequentes

347 3445 628 3506 repugnat.
655 3435 868 3499 Parrh.,
911 3453 1062 3506 super
1100 3436 1181 3490 his
1226 3448 1492 3504 geruntur.
1524 3438 1715 3493 Retine
1744 3452 1923 3507 super-

347 3510 670 3580 ingeruntur.

421 3579 511 3634 88.
554 3576 610 3630 ln
642 3577 759 3631 Vat.
799 3578 874 3642 A,
932 3578 1175 3632 hariendo
1223 3577 1473 3631 mendum
1522 3588 1605 3634 est
1648 3592 1745 3647 pro
1792 3578 1923 3631 hau-

351 3650 553 3704 riendo.
587 3647 772 3712 Poeta,
795 3649 859 3702 ad
884 3663 981 3703 nos
1002 3648 1236 3703 Danielis
1268 3648 1540 3703 historiam
1570 3648 1921 3715 transferens,

348 3724 421 3775 ait
470 3719 649 3775 cibum
708 3723 982 3775 ctelestem
1032 3734 1137 3775 non
1186 3719 1376 3775 leviter
1439 3722 1785 3791 gustandum,
1832 3720 1925 3775 sed

386 3792 510 3844 leno
537 3804 649 3845 ore.

350 3804 510 3862 pleno
537 3804 649 3845 ore.

421 3862 512 3916 91.
555 3861 611 3915 In
644 3859 786 3923 Bat.,
813 3862 928 3914 hinc
948 3875 1047 3930 pro
1068 3861 1173 3925 hic,
1201 3861 1293 3915 sed
1322 3861 1567 3916 abrasum
1595 3872 1677 3916 est
1700 3879 1752 3915 η.
1785 3862 1927 3916 Cave

353 3948 384 3986 a
415 3931 632 3996 mendo,
664 3934 803 3999 quod
834 3933 1117 3986 nonnullas
1148 3930 1409 3986 editiones
1442 3932 1740 3997 occupavit,
1765 3932 1929 3985 socia-

352 4013 435 4056 tus
465 4018 563 4070 pro
590 4003 819 4056 satiatus.
845 4001 1044 4070 Nempe
1075 4000 1295 4073 satiatus
1322 4003 1481 4067 escis,
1512 4017 1643 4073 quas
1672 4003 1926 4071 propheta

355 4073 623 4142 Habacuc,
649 4074 761 4127 sive
782 4075 917 4128 alius
945 4075 1117 4127 all‘ert.
1151 4070 1377 4127 lnhmret
1402 4070 1541 4127 enim
1576 4085 1727 4139 poeta
1756 4073 1927 4127 eidem

354 4144 619 4210 historias,
674 4156 726 4199 et
777 4159 871 4211 per
900 4156 1189 4209 messores,
1239 4145 1429 4212 quibus
1477 4144 1722 4197 Habacue
1752 4143 1926 4197 cibum

352 4224 725 4284 apparaverat,
756 4215 1006 4281 intelligit
1033 4215 1204 4283 justos
1232 4215 1398 4276 viros,
1427 4214 1607 4282 quales
1638 4222 1761 4266 sunt
1794 4228 1929 4284 apo-

354 4283 502 4350 stoli,
524 4286 724 4354 aliique
748 4286 1001 4353 operarii,
1030 4299 1163 4353 quos
1190 4285 1242 4338 in
1274 4300 1478 4338 messem
1504 4299 1648 4337 suam
1675 4283 1930 4337 Dominus

352 4356 533 4411 mittit.

426 4427 517 4481 91.
562 4428 793 4495 Saporus
834 4425 971 4480 idem
1009 4425 1152 4496 quod
1186 4424 1416 4494 sapidus,
1449 4434 1504 4479 ut
1544 4425 1773 4495 loquitur
1802 4424 1931 4493 Api-

262 4506 263 4509 “
354 4496 476 4554 cius
501 4497 567 4550 de
594 4499 721 4551 Arte
752 4497 961 4550 rulime.

430 4568 519 4622 96.
562 4566 829 4622 Parrhasii
873 4568 1137 4635 scriptura
1182 4567 1372 4619 mirum
1419 4575 1672 4633 quantum
1713 4580 1741 4618 a
1783 4579 1931 4620 corn-

356 4639 505 4693 muni
538 4638 763 4693 lectione
788 4638 1076 4706 discrepat,
1112 4637 1275 4701 Quam
1310 4647 1485 4690 natum
1516 4637 1786 4690 recinentis
1812 4652 1929 4689 orsa

2026 3432 2162 3497 dies,
2204 3432 2293 3503 qui
2334 3433 2722 3503 neophytorum
2751 3432 3083 3494 dicebantur,
3113 3432 3422 3501 vespertino
3459 3450 3599 3490 tem-

2027 3517 2159 3627 pore
2193 3502 2257 3556 ad
2292 3502 2813 3572 sacrum’neophytis
2844 3503 3307 3587 progredientibus
3338 3506 3598 3573 praefere-

2065 3583 2205 3627 atur.
2261 3572 2369 3627 Sed
2403 3588 2608 3627 vereor.
2643 3587 2709 3627 ne
2749 3581 2858 3626 tota
2906 3574 3021 3627 haec
3067 3585 3204 3627 ratio
3250 3579 3598 3627 consecrandi

2065 3583 2205 3627 atnr.
2261 3572 2369 3627 Sed
2403 3588 2608 3639 vereor,
2643 3587 2709 3627 ne
2749 3572 2859 3626 tota
2906 3574 3021 3629 haec
3067 3576 3204 3629 ratio
3250 3572 3601 3633 consecrandi

2028 3657 2242 3717 cereum
2290 3645 2595 3717 pasehalerm
2632 3658 2755 3717 eum
2797 3645 3017 3717 caeteris
3036 3646 3297 3715 adjunctis
3339 3648 3602 3717 posterior

2027 3715 2097 3767 sit
2119 3722 2274 3768 aetate
2298 3715 2593 3770 Prudentii.
2618 3715 2821 3783 Gaspar
2842 3714 3089 3769 Barthius
3111 3714 3416 3772 nonnullam
3439 3719 3602 3774 etiam

2029 3797 2248 3860 operam
2276 3785 2401 3840 huic
2431 3786 2972 3860 hymnoexponcndo
3002 3789 3216 3860 navavit
3245 3788 3335 3843 lib.
3365 3805 3438 3852 rx.
3478 3803 3599 3860 cap.

2028 3854 2101 3911 20
2130 3855 2444 3920 Adversar.,
2472 3854 2542 3912 ex
2572 3856 2765 3911 scheda
2796 3871 2896 3914 ms.
2931 3859 3370 3914 membranacea:
3404 3854 3599 3927 Quam,

2032 3928 2231 3995 inquit,
2266 3932 2466 3999 gavisus
2496 3930 2635 3983 illico
2663 3943 2776 3980 cum
2801 3939 3007 3981 auctore
3026 3969 3040 3994 ,
3080 3946 3227 3998 quem
3262 3932 3484 3985 omnium
3514 3948 3601 3986 σαν

2030 3999 2287 4078 rissimum
2318 3999 2477 4051 habeo
2490 4039 2515 4079 ,⁸
2554 4000 2787 4079 contuli“:
2826 3999 3018 4079 integer
3043 4009 3116 4079 est
3158 4002 3209 4053 in
3239 4018 3297 4055 ea
3322 4001 3539 4072 hymnus
3568 4002 3603 4057 5

2032 4068 2086 4139 in
2133 4084 2327 4121 cereum
2372 4070 2682 4139 pascha/em.
2735 4068 3001 4139 Quamvis,
3032 4078 3207 4124 autem
3252 4068 3600 4139 cenéeamds,

2035 4136 2176 4207 hunc
2207 4136 2459 4207 hymnum
2504 4154 2607 4193 non
2648 4154 2769 4193 esse
2801 4138 3199 4207 quotidianum,
3250 4157 3371 4196 eum
3423 4136 3603 4199 tamen

2034 4205 2134 4279 hoc
2158 4205 2281 4279 loco
2312 4209 2649 4275 reponimus,
2694 4205 2907 4277 quia‘ea
2936 4218 3081 4264 certe
3126 4212 3256 4264 hora
3285 4212 3599 4279 cauebatur,
3680 4250 3695 4267 .

2036 4276 2279 4332 videlicet
2306 4290 2424 4347 post
2453 4280 2627 4332 cibum
2664 4288 2719 4331 et
2752 4288 2875 4332 ante
2904 4295 3172 4335 somnum.
3227 4281 3281 4336 ln
3329 4276 3603 4339 Breviario

1958 4372 1961 4375 ι
2034 4347 2367 4423 hlozarabico
2397 4350 2513 4415 ejus
2541 4350 2781 4423 quaedam
2814 4351 3051 4423 stropha:
3088 4354 3331 4423 leguntur
3356 4356 3407 4408 in
3438 4356 3602 4423 primo

2036 4419 2289 4493 dominico
2322 4429 2433 4489 post
2462 4430 2691 4493 octavam
2718 4419 3028 4489 Epiphania:
3055 4427 3119 4476 ad
3139 4419 3383 4493 'vesperas
3406 4419 3603 4481 :Ivide-

2036 4489 2161 4542 licet
2212 4491 2410 4557 prima,
2458 4492 2717 4559 septima,
2770 4493 3037 4565 trigesima
3069 4489 3279 4559 quinta,
3330 4498 3601 4565 trigesima

2035 4568 2241 4631 octava.
2276 4571 2329 4631 et
2359 4572 2466 4617 tres
2492 4573 2795 4631 sequentes.
2845 4564 2918 4616 Ex
2948 4579 3011 4618 eo
3038 4566 3210 4621 varias
3237 4564 3492 4623 lectiones
3524 4571 3605 4622 in-

2035 4629 2245 4684 dicabo.
2294 4630 2443 4686 Circa
2486 4629 2855 4688 adnotationes
2892 4633 3251 4690 Nebrissensis
3281 4638 3333 4691 in
3367 4639 3508 4693 hunc
3549 4648 3605 4693 et

353 4726 549 4763 verum.
591 4709 701 4762 Hoc
732 4710 891 4762 etiam
936 4703 1001 4762 ex
1030 4708 1214 4762 eadem
1246 4708 1461 4762 historia
1505 4709 1757 4777 petitum,
1804 4721 1925 4760 nam
1954 4703 2167 4777 Dduos
2214 4704 3084 4777 sequentesAhymnos___nonnihil
3147 4708 3495 4763 animadverti
3550 4711 3601 4763 in

356 4779 608 4835 Habacuc
636 4779 839 4834 Danieli
872 4778 1167 4846 prmcinuit.

429 4851 553 4905 101.
593 4849 955 4916 Conjiciebam
981 4848 1143 4901 Deum
1176 4847 1454 4916 loquemur.
1507 4846 1578 4899 lta
1609 4848 1776 4902 edidit
1801 4847 1929 4902 Par-
1964 4860 1965 4865 ‘

286 4966 291 4969 Α
355 4920 598 4985 rhasius,
641 4920 733 4973 sed
776 4924 1066 4989 loquamur.
1113 4930 1165 4989 et
1194 4931 1334 4970 vers.
1362 4932 1477 4985 seq.
1524 4921 1767 4989 feramus.
1820 4917 1930 4970 Hac

356 4993 591 5045 lectione
628 4990 889 5050 admissa.
936 4994 1111 5042 unitas
1139 4988 1331 5042 divina:
1362 4998 1567 5039 naturae
1608 4989 1658 5041 in
1692 4988 1849 5041 Patre
1877 4996 1933 5040 et

358 5060 503 5115 Filio
536 5062 809 5127 eleganter
835 5060 1170 5129 exprimitur.
1217 5056 1351 5112 Vide
1395 5058 1785 5112 correctionem
1812 5056 1932 5112 Aldi

353 5134 423 5187 ad
451 5147 592 5187 vers.
622 5133 709 5187 81.

402 5228 405 5231 ν
434 5202 508 5256 De
531 5220 676 5265 novo,
701 5212 806 5257 etc.
838 5200 990 5255 Hunc
1020 5197 1230 5252 titulum
1259 5206 1312 5251 et
1338 5196 1594 5263 hymnum
1621 5200 1731 5251 fere
1757 5207 1924 5251 totum

358 5275 479 5348 fuse
500 5276 899 5348 explanavimns
929 5285 1047 5348 cap.
1068 5267 1205 5348 12.et_
1224 5282 1341 5336 cap.
1366 5266 1429 5321 18
1450 5268 1743 5348 prolegom.
1776 5267 1926 5348 Nunc

358 5337 586 5407 addant,
628 5346 695 5399 de
735 5337 1236 5398 miraculo’luminis
1275 5337 1559 5404 nuncupati
1601 5339 1657 5391 S.
1693 5337 1923 5406 sepulcri

360 5417 531 5468 multo
556 5414 875 5476 accuratius,
919 5425 1075 5480 quam
1110 5410 1168 5463 P.
1196 5408 1462 5480 Liberium
1491 5422 1519 5460 a
1550 5408 1705 5480 Jesu,
1750 5408 1925 5480 egisse

359 5486 728 5539 doctissimum
761 5478 947 5538 virum
974 5481 1032 5532 P.
1069 5479 1421 5535 Mantachium
1464 5489 1592 5532 tom.
1627 5478 1695 5541 ll,
1744 5479 1927 5547 Antiq.

358 5555 559 5609 Christ.
590 5571 706 5623 cap.
747 5555 794 5620 1,
831 5569 948 5621 pag.
983 5552 1071 5619 65,
1112 5552 1198 5604 ubi
1238 5560 1423 5623 contra
1451 5548 1803 5623 Moshemium
1835 5563 1930 5623 ve-

277 5664 287 5671 ~
359 5636 575 5681 rtatem
623 5618 737 5693 ejus
783 5618 1026 5677 miraculi
1060 5618 1268 5693 tuetur.
1324 5618 1571 5693 Drepanii
1616 5632 1828 5693 versum
1856 5619 1932 5693 _i_n

361 5698 565 5766 hymno
592 5687 667 5749 De
689 5710 833 5749 cerea
862 5693 1090 5763 paschali
1115 5691 1277 5757 edidi,
1306 5698 1362 5766 u_t
1389 5689 1440 5742 in
1468 5688 1782 5766 quibusdam
1807 5687 1929 5743 edd.

357 5759 540 5834 reperi
560 5805 573 5829 ,
608 5766 784 5834 Hunc,
806 5759 870 5816 ut
901 5778 988 5833 per
1019 5772 1185 5834 totum
1206 5759 1455 5834 possimus
1484 5760 1667 5834 ducere
1714 5769 1932 5834 noctem.

358 5826 473 5896 Sed
497 5840 549 5892 in
562 5826 742 5902 poetis
757 5826 1074 5891 Christianis
1094 5826 1328 5889 Fabricii
1351 5827 1531 5886 inveni
1553 5827 1715 5885 aliam
1747 5826 1935 5884 lectio.

1964 5918 2052 5938 τῇ

1042 5972 1227 5997 μνη-νινε
1242 5972 1315 5991 ιο

2033 4772 2543 4854 proleg._num._106
2573 4772 2754 4854 contra
2783 4772 3083 4854 Weitzium.
3132 4777 3419 4854 Exordiun.
3449 4795 3515 4834 ex
3545 4796 3604 4834 re

2034 4844 2146 4911 ipsa
2177 4845 2394 4919 petitur.
2431 4844 2566 4897 Deus
2593 4845 2820 4919 inventor
2847 4845 3076 4919 luminis,
3105 4855 3161 4919 nl
3187 4863 3344 4917 supra
3375 4853 3519 4919 Itym.
3544 4854 3597 4918 4,

2034 4928 2176 4986 vers.
2206 4915 2259 4976 9,
2286 4922 2519 4986 repertor
2544 4914 2698 4986 orbis.
2729 4912 3050 4986 Claudianus
3079 4918 3193 4973 sive
3223 4912 3601 4986 potius'Mero;

2036 4983 2257 5058 baudes,
2284 4981 2547 5050 in'Elogio
2569 4981 2789 5058 Christi,
2822 4986 3042 5058 lucisque
3079 4981 3303 5058 repertor
3328 4993 3458 5043 Ante
3478 5002 3599 5055 tute,

2036 5054 2311 5129 matrisque
2336 5070 2553 5129 parens.
2609 5053 2852 5108 Barthius
2900 5053 2990 5129 lib.
3031 5073 3045 5110 ι
3089 5053 3337 5127 Advers.,
3386 5075 3507 5129 cap.
3546 5053 3599 5125 7,

2039 5122 2230 5197 mallet
2238 5122 2359 5197 legi
2377 5126 2604 5197 lucisque
2630 5135 2873 5197 repertor,
2904 5126 3058 5191 Nate,
3088 5139 3187 5182 tua:
3214 5122 3485 5197 matrisque
3510 5122 3602 5197 pa;

2038 5209 2174 5247 rens.
2215 5193 2417 5268 Poteris
2448 5200 2603 5246 etiam
2635 5195 2701 5247 ita
2734 5195 3059 5265 distinguere
3086 5199 3241 5252 verba
3273 5193 3494 5268 lucisque
3511 5193 3601 5252 ’νε-

2036 5274 2227 5387 pertlor,
2259 5266 2387 5317 Ante
2417 5275 2515 5318 tum
2541 5269 2811 5335 matrisque
2840 5285 3041 5336 parens.
3084 5269 3239 5323 Brev.
3270 5266 3430 5335 Moz.,
3466 5271 3603 5325 male

2036 5344 2133 5386 rut:
2160 5351 2219 5387 is.

2033 5336 2219 5388 rutilis.

2104 5404 2173 5475 4.
2198 5405 2273 5475 Ita
2300 5404 2440 5458 hunc
2466 5422 2677 5461 versum
2711 5407 2834 5475 legit
2857 5407 3180 5462 Theodulfus
3205 5410 3600 5464 Aurelianensis

2033 5474 2088 5548 in
2124 5474 2217 5526 lib.
2249 5474 2317 5529 de
2344 5476 2541 5548 Spiritu
2573 5474 2779 5530 sancto.
2828 5477 2918 5548 Ita?
2945 5482 3105 5531 etiam
3150 5480 3327 5548 legunt
3362 5479 3604 5535 Barthius

2036 5545 2095 5619 i_n_
2116 5559 2207 5597 sua
2234 5547 2428 5619 scheda
2457 5549 2880 5611 membranaeea,
2908 5547 3047 5601 Vitr.
3076 5551 3142 5611 A,
3175 5545 3231 5611 P',
3262 5550 3603 5619 llymnarium

2038 5614 2343 5688 Tltomasii,
2393 5630 2513 5688 cum
2564 5618 2788 5684 primum
2829 5620 2977 5688 hunc
3026 5614 3570 5688 hytnwrnbxscribit

2039 5685 2309 5756 liiselinus
2355 5686 2420 5756 ad
2470 5701 2617 5739 oram
2664 5688 2791 5739 edit.
2818 5687 2871 5737 Ξ.
2928 5689 3026 5740 ΑΙιί
3061 5685 3247 5754 aliter;
3281 5692 3428 5756 Ald.,
3464 5692 3561 5745 Rat
3592 5733 3606 5755 ,

2040 5754 2235 5828 Brag.,_
2256 5756 2368 5828 (iis.
2388 5755 2451 5828 in
2472 5764 2613 5828 testu
2643 5757 2771 5828 edit.
2791 5758 2845 5819 ‘2,
2881 5758 3125 5813 Heinsius
3146 5776 3263 5814 cum
3290 5754 3606 5828 suisrcodd,

2042 5822 2184 5882 Vatt.
2215 5824 2259 5896 Ι,
2291 5824 2356 5899 0,
2388 5823 2664 5894 Weitzius,
2699 5822 2890 5882 Lucem
2921 5828 3073 5885 redde
3102 5832 3222 5901 tuis,
3248 5833 3452 5890 Christe.
3489 5822 3607 5887 ﬁdei
