4102 6348
538 356 642 412 825

711 470 972 524 Densetur
1000 467 1183 521 cuneis
1214 466 1362 520 turba
1391 466 1744 536 pedestribus,

787 563 983 617 Currus
1013 574 1154 630 pars,
1185 569 1239 616 et
1267 574 1453 630 equos,
1488 569 1541 614 ct
1570 559 1812 614 volucres
1843 568 1982 616 rotas

539 659 607 713 55
783 653 1160 710 Conscendunt
1179 652 1401 718 celeres,
1435 654 1687 723 signaque
1717 652 1904 706 bellica

784 746 1134 802 Prtetendunt
1163 744 1379 800 tumidis
1410 745 1553 799 clara
1584 743 1922 800 draconibus.

714 838 846 894 Hinc
865 837 973 907 jam
997 836 1201 893 servitii
1230 837 1409 892 nescia
1435 837 1645 907 pristini

777 929 920 985 Gens
952 928 1242 984 Pelusiacis
1271 936 1391 982 usta
1429 928 1737 996 vaporibus,

786 1021 1022 1075 Tandem
1047 1021 1297 1090 purpurei
1318 1019 1543 1090 gurgitis
1569 1018 1774 1086 hospita

537 1113 606 1170 60
782 1112 976 1167 Rubris
1008 1111 1270 1186 littoribus
1299 1110 1440 1165 fessa
1462 1109 1753 1164 resederat.

710 1206 873 1276 289
897 1204 1075 1259 Hostis
1103 1203 1251 1258 dirus
1278 1203 1427 1256 adest
1449 1216 1568 1255 cum
1596 1200 1729 1254 duce
1760 1198 1982 1268 perfido,

789 1298 950 1350 Infert
980 1304 1033 1349 et
1054 1293 1239 1347 validis
1271 1293 1450 1360 prmlia
1479 1292 1700 1346 viribus.

786 1391 958 1442 Moses
988 1402 1147 1457 porro
1176 1401 1300 1441 suos
1333 1387 1384 1440 in
1416 1400 1562 1439 mare
1586 1385 1820 1453 praecipit

780 1480 1043 1535 Constans
1079 1477 1354 1547 'ntrepidis
1384 1476 1601 1532 tendere
1629 1474 1924 1545 gressibus.

538 1580 604 1631 65
713 1577 957 1631 Praebent
983 1581 1135 1641 rupta
1167 1570 1341 1626 locum
1371 1581 1553 1639 stagna
1580 1568 1847 1623 viantibus

789 1666 1035 1735 Iliparutt
1070 1663 1122 1718 in
1150 1662 1338 1716 faciem
1367 1663 1566 1729 pervia,
1598 1659 1804 1713 sistitur

783 1757 1149 1812 Circumstans
1179 1753 1360 1807 vitreis
1427 1751 1526 1805 nda
1551 1750 1861 1818 liquoribus,

782 1849 914 1902 Dum
952 1845 1104 1917 plebs
1133 1843 1230 1899 sub
1259 1844 1422 1899 bifido
1449 1851 1690 1913 permeat
1717 1857 1951 1911 aequore.

1636 352 1908 408 AL'RELII
1950 348 2310 406 PltUDENTll
2348 345 2668 402 CARMINA.

2127 473 2176 531 Α

2126 1838 2176 1899 Β

3669 334 3772 392 82d

2381 457 2554 512 Puhes
2583 456 2708 525 quin
2736 455 2894 509 etiam
2919 453 3134 507 decolor
3165 451 3368 519 asperis

2208 549 2277 604 70
2460 549 2666 604 Irritata
2693 545 2851 612 odiis,
2884 559 3011 614 rege
3041 544 3142 598 sub
3172 543 3355 613 impio,

2449 641 2728 697 Hebraeum
2751 641 2939 696 sitiens
2969 639 3196 693 fundere
3225 638 3561 708 sanguinem,

2452 735 2625 789 Audet
2645 748 2704 789 se
2731 734 2920 803 pelago
2949 731 3170 788 credere
3201 745 3457 786 concavo.

2379 834 2526 890 Ibant
2548 833 2805 904 praecipiti
2831 831 3044 887 turbine
3069 831 3268 901 percita

2455 934 2672 990 Fluctus
2704 948 2798 1004 per
2819 931 3024 987 medios
3045 931 3252 1001 agmina
3278 931 3423 1000 regia
3451 948 3463 983 :

2204 1035 2274 1091 75
2446 1035 2549 1092 Sed
2580 1033 2800 1089 confusa
2827 1031 3021 1088 dehinc
3044 1031 3184 1086 unda
3213 1030 3505 1086 revolvitur

2449 1137 2507 1193 In
2537 1147 2709 1192 semet
2737 1134 2984 1192 revolans
3012 1134 3220 1205 gurgite
3248 1133 3482 1188 conﬂuo.

2380 1241 2581 1299 Curras
2609 1248 2760 1304 tunc,
2791 1248 2845 1294 et
2874 1252 3062 1308 equos,
3099 1238 3307 1307 telaque
3334 1235 3605 1303 naufraga,

2458 1339 2779 1410 290lpsos
2807 1347 2861 1393 et
2888 1352 3158 1408 proceres,
3184 1345 3237 1390 et
3257 1351 3388 1404 vaga
3413 1348 3634 1403 corpora

2447 1439 2731 1508 Nigrorum
2760 1438 2941 1494 videas
2969 1452 3096 1492 nare
3124 1437 3433 1503 satellitum,

2204 1540 2272 1597 80
2452 1543 2604 1596 Arcis
2631 1540 2894 1610 iustitium
2927 1539 3080 1594 triste
3108 1537 3421 1608 tyrannicae.

2387 1649 2516 1716 Quae
2540 1647 2754 1703 tandem
2788 1647 2984 1716 poterit
3017 1645 3194 1714 lingua
3225 1651 3480 1715 retexere

2451 1746 2677 1812 Laudes,
2705 1744 2935 1811 Christe,
2961 1751 3115 1798 tuas:
3148 1742 3237 1813 qui
3262 1738 3516 1794 domitam
3549 1734 3764 1793 Pharon

2450 1847 2627 1918 Plagis
2655 1845 2986 1902 multimodis
3015 1844 3210 1902 cedere
3233 1841 3447 1915 prmsuli

1877 1933 2160 1993 GLOSSA‘J
2199 1937 2541 1996 VETERES.

607 2038 692 2092 ao.
726 2034 944 2100 Cuneis,
996 2050 1182 2086 cuneus
1221 2043 1292 2086 est
1328 2032 1536 2084 collecta
1566 2031 1617 2082 in
1644 2044 1799 2082 unum
1835 2030 2107 2084 multitudo

540 2109 793 2169 militum;
823 2105 956 2158 unde
982 2119 1168 2157 cuneus
1194 2103 1340 2172 quasi
1364 2117 1566 2172 con_t.’as,
1595 2115 1628 2154 a
1651 2116 1767 2172 con,
1795 2109 1840 2152 et
1863 2116 1942 2172 eo,
1966 2101 2008 2154 l.

609 2178 700 2231 58.
733 2175 1040 2238 Pelusiacis,
1073 2169 1374 2242 Egyptiis;
1402 2169 1619 2242 Egi/uti
1648 2170 1838 2234 civitas,
1874 2170 1912 2223 l.

608 2249 696 2301 60.
732 2245 945 2307 Rubris,
973 2245 1044 2298 sic
1075 2241 1215 2296 mare
1238 2241 1466 2295 Rubrum
1495 2241 1700 2300 dicitur,
1736 2257 1836 2292 non
1855 2242 1990 2309 quod
2016 2259 2105 2296 ru-

541 2320 686 2370 brum
713 2316 776 2368 sit
798 2332 886 2385 per
911 2330 1144 2385 se,_aqaa
1171 2313 1302 2365 enim
1327 2326 1413 2378 per
1436 2327 1489 2364 se
1530 2310 1749 2362 colorem
1792 2311 2106 2385 non_habet;

541 2389 626 2442 sed
654 2385 773 2454 quia
798 2380 954 2437 rubra
979 2383 1124 2454 habet
1149 2385 1320 2436 littora
1343 2397 1361 2435 :
1387 2397 1521 2454 aqua
1550 2388 1728 2454 autem
1747 2395 1809 2433 ex
1841 2380 1984 2435 rebus
2010 2384 2112 2435 cir-

541 2450 860 2522 cumpositis,
887 2464 931 2508 et
953 2453 1078 2508 caelo
1106 2454 1323 2506 colorem
1343 2451 1518 2505 trahit.
1551 2450 1669 2503 Vat.
1707 2450 1768 2522 ᾼ.

608 2520 696 2580 62.
731 2525 937 2590 Prmlia,
963 2525 1024 2576 ab
1042 2523 1374 2594 imprimendo
1391 2521 1591 2584 hostes;
1620 2520 1753 2574 unde
1772 2530 1819 2574 et
1842 2523 2109 2593 prteligna,

543 2598 722 2664 quibus
753 2596 998 2664 premitur
1025 2610 1139 2656 uva,
1173 2594 1212 2647 l.

613 2666 698 2720 66.
734 2663 787 2719 In
820 2664 1026 2731 faciem,
1050 2665 1232 2730 instar,
1268 2663 1386 2718 Vat.
1412 2666 1474 2719 A.

2291 2032 2378 2088 69.
2413 2032 2609 2098 Pubes,
2631 2035 2872 2104 juventus
2895 2031 3220 2104 /Egyptiaca.
3253 2058 3323 2071 —
3351 2027 3596 2092 Decolor,
3643 2026 3794 2095 ning

2220 2102 2279 2157 ob
2307 2104 2523 2158 calorem
2552 2102 2695 2170 solis,
2728 2104 2845 2158 Vat.
2877 2105 2942 2159 Α.

2285 2175 2370 2227 77.
2405 2173 2687 2242 Naufraga,
2713 2191 2894 2237 mersa,
2925 2174 2965 2227 I.

2288 2244 2376 2319 7!}.
2411 2243 2624 2319 Videas,
2649 2245 3062 2319 viderepoteras,
3084 2242 3204 2319 Vat.
3233 2243 3322 2319 A._
3418 2311 3428 2319 _
3459 2311 3470 2319 _
3619 2318 3624 2319 γ
3666 2308 3676 2319 ,

2289 2315 2376 2368 80.
2409 2315 2582 2375 Areis,
2611 2311 2885 2380 potestatis,
2929 2314 3046 2368 Vat.
3078 2313 3144 2367 A.
3189 2341 3257 2352 -—
3297 2311 3566 2366 Iustitium
3613 2311 3793 2380 triste.

2219 2387 2384 2438 luctus
2416 2379 2948 2456 publicus;jttstilium
2967 2384 3174 2456 est,iubi
3193 2383 3393 2452 justitia
3417 2390 3537 2456 stat,
3571 2391 3618 2432 et
3647 2379 3793 2456 iusti-

2220 2456 2362 2528 tium_
2380 2450 2611 2528 publicus
2635 2450 2802 2508 luctus
2830 2464 2922 2528 est,
2950 2456 3037 2521 qui
3063 2455 3114 2506 in
3145 2450 3258 2528 arce
3287 2453 3504 2528 cunctis,
3533 2461 3577 2502 et
3605 2450 3793 2528 ubique

2218 2534 2313 2590 est,
2347 2521 2387 2578 Ι.
2412 2525 2675 2579 Justitiam
2715 2521 2916 2593 praprie
2953 2536 3022 2577 est
3061 2523 3194 2595 juris
3238 2525 3409 2587 statio,
3440 2521 3572 2595 sicut
3616 2521 3794 2595 solsti-

2219 2597 2347 2649 tium
2371 2597 2492 2649 solis
2519 2590 2935 2661 statiofponitur
2960 2590 3127 2647 autent
3158 2610 3248 2658 pro
3278 2595 3438 2655 luctu,
3465 2592 3630 2644 luctus
3655 2590 3793 2642 enim

2219 2682 2326 2720 esse
2356 2675 2540 2734 potest,
2571 2682 2683 2718 cum
2707 2666 2909 2737 justitia
2932 2664 3252 2732 relinquitur,
3281 2662 3400 2717 Vat.
3436 2664 3495 2716 Α.

1898 2774 2452 2833 COMMENTARIUS.

613 2869 700 2924 55.
730 2866 1033 2936 Legendum
1065 2875 1145 2920 est
1170 2867 1399 2919 densetur
1428 2879 1456 2918 a
1488 2866 1693 2936 denseo.
1717 2881 1789 2928 es,
1823 2868 1959 2932 quod
1993 2882 2110 2921 ver-

543 2939 666 2994 bum
698 2935 824 2992 aliis
843 2939 1002 2990 etiam
1035 2938 1084 2990 in
1117 2936 1245 2991 locis
1271 2946 1352 2990 est
1389 2935 1794 2989 restituendum.
1843 2937 1915 2990 Ita
1944 2937 2109 2991 Hein-

543 3013 654 3062 sius
687 3025 805 3062 cum
837 3008 946 3060 suis
981 3006 1138 3060 codd.
1182 3021 1244 3061 ex
1287 3006 1484 3060 nostris
1515 3004 1657 3059 Valt.
1689 3009 1754 3069 Α,
1791 3007 1849 3071 Β,
1881 3007 1919 3071 l,
1948 3008 2012 3070 υ,
2048 3009 2108 3070 l’,

543 3079 721 3140 Alex”
755 3077 910 3146 Prag.
943 3085 996 3131 et
1031 3075 1172 3137 Rat.,
1225 3077 1274 3128 in
1309 3091 1412 3141 quo
1439 3077 1519 3142 {ex
1555 3092 1581 3129 e
1620 3074 1815 3146 factum
1850 3088 1930 3131 est
1972 3094 2004 3130 a
2045 3077 2112 3132 ab

544 3149 727 3213 inepto
753 3144 1079 3214 correptore.
1107 3146 1362 3199 Densatur
1386 3147 1564 3214 legunt
1586 3145 1732 3207 Ald..
1757 3144 1968 3212 Cltam.,
1993 3147 2106 3202 Gis.

543 3218 599 3270 in
630 3221 654 3272 1
691 3218 844 3280 edit.,
873 3218 1216 3287 quotliexstat
1239 3219 1288 3270 in
1318 3215 1591 3271 Urbinate.
1634 3214 1870 3287 Gifanius
1916 3219 1965 3271 in
1996 3218 2105 3272 lttd.

543 3289 780 3352 Lttcret.,
811 3285 973 3341 verbo
999 3286 1242 3352 Densere,
1277 3297 1445 3352 notat,
1477 3287 1528 3340 in
1561 3285 1874 3353 quibusdam
1903 3289 2104 3357 Virgilii

543 3359 673 3413 locis
703 3358 955 3413 mendose
979 3358 1078 3426 legi
1109 3360 1320 3412 densare
1347 3372 1442 3424 pro
1473 3358 1697 3411 densere.
1723 3358 1921 3414 Eodem
1947 3360 2110 3414 verbo

543 3430 750 3483 densere
780 3430 941 3484 utitur
963 3428 1234 3492 Horatius,
1257 3427 1496 3493 Ovidius,
1529 3437 1580 3481 et
1626 3443 1771 3496 saepe
1811 3428 2108 3484 Lucretius.

543 3498 767 3554 Codices
794 3513 979 3553 omnes
1012 3497 1206 3552 habent
1236 3499 1379 3551 turba
1406 3499 1460 3551 in
1493 3499 1593 3552 hoc
1626 3499 1894 3553 Prudentii
1926 3514 2106 3555 versu.

543 3565 841 3624 Gronovius
867 3579 1030 3622 turma
1057 3569 1292 3634 reposuit
1319 3584 1383 3622 ex
1409 3569 1733 3635 conjectura,
1757 3584 1873 3637 qua:
1897 3569 2112 3624 Heinsio

543 3640 810 3707 placebat.
863 3639 966 3694 Sed
1009 3639 1425 3707 repugnantibus
1476 3639 1723 3692 omnibus
1765 3639 1923 3694 codd.
1972 3641 2107 3695 nihil

543 3711 714 3763 ausim
771 3720 992 3763 mutare.
1043 3709 1177 3772 Quid
1221 3709 1364 3763 enim
1405 3710 1449 3763 si
1498 3708 1816 3762 Prudentius
1863 3709 2110 3763 consulto

546 3779 692 3832 turba
721 3779 896 3846 posuit
920 3777 986 3831 ad
1019 3779 1369 3832 turbationem
1399 3777 1598 3847 p0puli,
1622 3793 1684 3831 ac
1711 3778 2110 3834 tumultuarium

545 3851 842 3902 exercitum
863 3847 1307 3902 significandum?

617 3919 709 3976 54.
742 3917 882 3972 Idem
912 3916 1229 3983 Gronovius,
1253 3916 1478 3971 Observ.
1515 3917 1710 3971 cccles.
1748 3931 1866 3986 cap.
1894 3919 1945 3985 5,
1979 3934 2108 3975 con-

546 3985 680 4055 jicit,
713 3989 907 4042 Curras
935 4004 1054 4057 pars
1094 3996 1143 4042 et
1177 3988 1316 4056 equis
1363 3997 1408 4041 et
1447 3987 1673 4041 volucres
1701 3989 1826 4041 rotis
1856 3987 2110 4044 Conscen-

547 4058 671 4111 dunt
693 4061 895 4123 celeres,
929 4059 1172 4130 nimirum
1201 4058 1562 4130 conscendunt
1591 4072 1780 4130 currus
1808 4066 1855 4130 et
1881 4061 2039 4130 equis,
2065 4071 2112 4115 et

545 4131 667 4181 rotis
690 4129 938 4192 volucres,
969 4129 1108 4196 quod
1141 4129 1335 4196 pariter
1353 4128 1569 4183 Heinsio
1590 4129 1786 4182 arrisit.
1812 4127 2108 4186 Retinenda

544 4209 624 4252 est
651 4208 804 4253 vetus
830 4200 1006 4258 lectio.
1031 4214 1147 4266 quae
1177 4199 1440 4266 elegantia
1472 4198 1675 4266 poetica
1707 4215 1812 4252 non
1842 4212 2006 4264 caret,
2057 4213 2112 4256 et

547 4269 949 4339 trepidationem
982 4267 1353 4339 Egyptiorum
1381 4268 1651 4339 exprimit.
1673 4338 1680 4339 γ
1704 4269 1948 4324 Heinsius
1980 4270 2110 4325 nihil

547 4337 792 4408 mutavit.
807 4337 1685 4406 Cellarius’c'onjecturasGronovii
1707 4339 1984 4408 amplexus
2005 4351 2107 4394 est.

618 4408 707 4462 56.
741 4407 1018 4472 Dracones,
1051 4410 1137 4476 qui
1165 4417 1287 4476 post
1328 4408 1540 4476 Traiani
1585 4407 1822 4476 tempora
1856 4423 1884 4460 a
1916 4409 2111 4464 Roma-

547 4475 630 4528 nis
661 4477 718 4549 in
734 4477 936 4531 bellicis
959 4475 1121 4549 signis
1149 4475 1368 4549 adhibiti
1391 4475 1537 4541 sunt,
1566 4475 1716 4549 poeta
1739 4478 1805 4531 ad
1830 4477 2109 4549 Egyptios

548 4545 820 4615 transfert,
851 4545 1122 4615 tropo‘sibi
1151 4545 1417 4615 familiari,
1453 4549 1526 4600 ait
1562 4546 1849 4601 Gisclinus.
1893 4545 2109 4605 scilicet

549 4613 798 4668 dracones
828 4613 974 4682 ponit
1003 4630 1096 4683 pro
1124 4613 1302 4669 vexilli
1329 4616 1644 4683 insignibus.
1687 4616 1761 4669 De
1789 4618 1888 4670 hoc
1918 4620 2104 4675 draco-

546 4699 670 4756 num
693 4698 790 4756 usu
811 4685 928 4739 vide
951 4684 1208 4756 hymnum
1246 4688 1263 4737 ι
1287 4685 1605 4756 Peristeplt.,
1631 4699 1772 4756 vers.
1800 4686 1890 4740 55.

617 4754 706 4807 57.
737 4755 911 4808 Nostri
938 4754 1074 4825 hinc,
1104 4756 1202 4808 nisi
1231 4755 1448 4825 quadriu
1476 4754 1830 4825 Rat.rvidetur
1855 4771 1974 4811 esse
2001 4761 2100 4812 hic.

546 4824 740 4892 Bong.,
771 4824 1082 4895 Ald.,Cﬁis’.,
1115 4824 1260 4878 hinc.
1290 4824 1393 4895 Sed
1439 4824 1681 4895 “GillSlUS
1723 4839 1842 4878 cum
1873 4827 1984 4880 suis
2012 4845 2105 4895 po-

547 4896 791 4959 toribus,
841 4904 896 4948 et
926 4894 1145 4958 Weitz.,
1199 4897 1300 4948 hic.
1353 4894 1700 4961 Rottendorp.
1750 4909 1848 4962 pro
1895 4894 2105 4953 diversa

543 4965 804 5028 scriptura
833 4963 993 5034 libera
1018 4965 1136 5017 loco
1163 4966 1351 5027 nescia,
1379 4964 1605 5018 fortasse
1635 4980 1701 5018 ex
1730 4966 1926 5034 glossa.

612 5035 700 5088 59.
737 5034 852 5087 Vat.
884 5033 967 5100 B.,
1003 5049 1276 5102 purpurea,
1312 5035 1469 5089 male.

611 5104 699 5175 6t),
736 5102 918 5175 Grzece
948 5117 1095 5157 mare
1123 5104 1222 5157 hoc
1243 5104 1436 5158 dicitur
1462 5103 1822 5175 Erythraeam.
1857 5105 2106 5161 Nonnulli

546 5173 783 5227 Rubrum
811 5174 1010 5227 dictum
1044 5182 1230 5241 putant
1259 5189 1287 5225 a
1321 5173 1749 5238 rubente'arena,
1792 5175 2108 5243 Agatharci-

543 5243 638 5297 des
661 5243 800 5312 apud
823 5243 1065 5298 Photiutn
1088 5258 1116 5296 a
1144 5257 1268 5311 rege
1291 5243 1548 5312 Erytlira;
1581 5244 1718 5299 hunc
1741 5259 1923 5311 regem
1945 5246 2108 5299 fuisse

541 5313 685 5366 Esau
715 5312 908 5382 Rufum
933 5329 962 5366 a
986 5313 1210 5366 rubente
1243 5314 1348 5380 pilo
1380 5312 1731 5379 nominatum,
1777 5315 1863 5369 alii
1903 5314 2106 5371 dicunt.

614 5383 700 5435 ΘΞ.
737 5383 790 5436 In
821 5385 995 5452 glossa
1021 5383 1230 5451 corrigo
1262 5383 1402 5452 prela
1430 5383 1585 5450 ligna.

612 5455 700 5508 t5.
736 5453 981 5507 Heinsius
1016 5462 1226 5517 monet,
1270 5465 1394 5504 suos
1439 5453 1670 5520 potiores
1702 5453 1859 5506 codd.
1907 5454 2106 5510 habere

539 5538 660 5575 suos
689 5524 953 5590 praecipit;
986 5523 1192 5591 ignoro.
1217 5522 1337 5589 quis
1352 5521 1494 5575 aliud
1525 5522 1734 5590 legerit.
1767 5524 2002 5578 Notanda
2027 5535 2109 5579 est

543 5593 834 5660 proprietas
864 5593 1106 5647 adverbii
1136 5609 1313 5661 porro,
1338 5593 1478 5661 quod
1509 5592 1678 5645 innuit
1710 5601 1934 5647 tractum
1968 5596 2104 5649 ulte-

540 5663 734 5733 riorem
766 5663 829 5733 ad
856 5671 1131 5733 extrema;
1176 5663 1300 5716 hinc
1341 5662 1558 5732 porricio
1597 5663 1812 5716 verbum
1845 5678 1909 5718 ex
1940 5679 2105 5733 augu-

538 5747 654 5785 rum
680 5731 979 5796 disciplina,
1017 5731 1179 5785 Porro
1207 5734 1410 5786 tendere
1441 5734 1490 5785 in
1530 5749 1668 5787 mare
1697 5742 1778 5788 cst
1829 5731 2031 5803 longe,'
2052 5745 2103 5790 et

539 5803 723 5872 procul
755 5802 1004 5870 progredi
1036 5803 1088 5856 in
1115 5817 1279 5857 mare.

2289 2869 2375 2922 65.
2409 2869 2765 2922 Damascenus
2786 2877 2839 2923 et
2867 2869 3088 2937 Cosmas
3130 2869 3356 2937 hymnos
3385 2866 3565 2933 plures
3593 2860 3662 2937 ab
3688 2860 3796 2937 hoc

2218 2939 2448 2992 mirabili
2478 2938 2614 2992 facto
2640 2939 2912 2994 inchoant.
2951 2936 3140 2991 Viandi
3158 2931 3319 2991 verbo
3341 2931 3466 2990 usus
3494 2943 3579 2989 est
3601 2932 3657 2988 S.
3690 2931 3793 2986 Da-

2218 3024 2396 3062 tnasus
2427 3009 2482 3062 in
2510 3008 2565 3063 S.
2592 3008 2792 3072 Felice,
2822 3009 3086 3064 Juvencus
3115 3017 3169 3062 et
3191 3008 3299 3061 alii.

2285 3079 2374 3134 66.
2410 3079 2529 3132 Vat.
2561 3080 2618 3142 Β,
2652 3084 2869 3147 pervias,
2901 3080 3172 3142 mendose,
3209 3094 3306 3145 pro
3330 3076 3522 3147 pervia.

2289 3150 2377 3202 67.
2410 3149 2558 3204 Hunc
2585 3144 2863 3204 Israelitici
2886 3150 3060 3219 populi
3084 3144 3406 3218 triumphum
3430 3146 3557 3201 olim
3588 3145 3638 3198 in
3665 3144 3792 3219 ξᾳιιο

2219 3219 2343 3272 bato
2366 3220 2605 3286 paschali
2628 3215 2900 3274 cantatum
2931 3215 2982 3274 in
3027 3215 3261 3275 Ecclesia
3291 3219 3451 3272 fuisse
3492 3232 3555 3271 ex
3587 3215 3789 3269 Ordine

2213 3291 2379 3344 veteri
2423 3290 2660 3344 Romano
2693 3292 2917 3356 aliisque
2957 3290 3309 3344 monumentis
3347 3296 3577 3354 constat,
3623 3287 3786 3352 idque

2215 3363 2495 3413 conﬁrmat
2537 3361 2723 3414 Avitus
2771 3362 2863 3414 lib.
2899 3377 2931 3414 v
2977 3362 3026 3415 iu
3061 3362 3199 3415 fine:
3245 3359 3474 3428 lnclytus
3526 3357 3785 3428 egregium

2213 3430 2425 3482 solemni
2454 3431 2679 3484 carmine
2701 3432 2882 3485 ductor
2908 3430 3179 3491 Describit.
3231 3439 3332 3484 toto
3363 3427 3524 3497 lquor!
3541 3427 3782 3499 psallitur

2213 3500 2331 3623 prbe
2371 3511 2652 3582 troptram,
2710 3501 2835 3556 Cum
2884 3512 3096 3571 pttrgala
3151 3502 3307 3555 sacris
3364 3496 3563 3552 deletur
3630 3496 3784 3562 culpa

2235 3586 2452 3623 avacrts.

2235 3586 2452 3624 avacrts.

2285 3642 2371 3696 68.
2421 3641 2514 3696 Hic
2549 3657 2759 3712 quoque
2791 3643 3033 3698 Heinsius
3064 3650 3260 3709 monet,
3287 3641 3340 3696 in
3370 3639 3492 3694 Rot.
3529 3637 3631 3709 legi
3659 3639 3784 3692 dum

2213 3721 2454 3782 permeat,
2487 3715 2623 3774 quod
2649 3712 2698 3766 in
2728 3715 2973 3768 omnibus
3002 3713 3190 3782 legitur

2284 3780 2373 3833 76.
2414 3783 2468 3835 In
2497 3782 2686 3853 VataA
2713 3795 2766 3836 et
2795 3785 2944 3853 Prag.
2987 3799 3014 3836 a
3048 3780 3277 3853 secunda
3307 3782 3657 3853 manare/luo
3680 3795 3785 3853 pro

2215 3853 2437 3913 con/luo.
2469 3853 2542 3906 Ex
2573 3850 3084 3923 Weitzianis'ligmq
3113 3852 3224 3907 Pal.
3243 3862 3296 3906 et
3324 3850 3576 3923 Haﬂsb._a
3615 3851 3784 3923 prima

2214 3934 2416 4044 ananu,v
2456 3932 2513 3976 ttt
2557 3922 2778 3986 videtur,
2842 3919 3007 3993 reﬂuo
3043 3941 3060 3978 :
3117 3938 3214 3993 pro
3256 3938 3361 3993 quo
3399 3919 3618 3975 Teolius
3655 3922 3784 3974 citat

2255 4005 2348 4044 uos
2421 4002 2515 4044 att.

2255 4005 2348 4044 I105
2381 4002 2515 4045 Vatt.

2287 4061 2373 4116 79.
2410 4063 2526 4116 Rat.
2557 4077 2712 4131 supra
2737 4081 2858 4116 nare
2887 4065 3032 4118 addit
3055 4065 3126 4130 in,
3175 4073 3231 4116 ut
3268 4065 3338 4117 sit
3387 4063 3593 4127 innare,
3633 4061 3776 4130 quod

2214 4129 2372 4184 habet
2403 4131 2518 4185 Vat.
2563 4129 2635 4186 Α.
2658 4134 2936 4202 Repugnat
2968 4129 3215 4188 metrum.

2225 4245 2231 4249 .
2287 4202 2373 4255 80.
2406 4201 2573 4274 Aldus
2595 4201 2840 4265 addit’ut’,
2874 4219 3064 4274 nempe
3085 4203 3344 4274 justitiam
3377 4211 3431 4254 at
3446 4203 3612 4274 triste,
3643 4201 3784 4274 quod

2225 4245 2231 4249 -
2287 4224 2373 4255 ου.
2406 4224 2573 4256 dull!"
2595 4224 2742 4257 add".
2767 4224 2840 4265 Ill,
2874 4224 3064 4274 nempe
3119 4224 3344 4256 uuluam
3377 4224 3612 4265 annue,
3643 4224 3783 4266 quo"

2214 4284 2340 4324 vere
2364 4273 2694 4340 superfluum
2725 4283 2826 4328 est.
2862 4274 2915 4327 In
2940 4224 3263 4328 membranis
3316 4272 3516 4326 Bartltii
3563 4273 3783 4339 ineptis~

2213 4342 2356 4413 sime
2377 4343 2632 4394 inscitiam
2661 4358 2754 4411 pro
2773 4345 3055 4413 justitiam.
3100 4343 3347 4397 Barthius
3377 4344 3576 4396 multus
3608 4351 3688 4394 est
3722 4341 3774 4393 in

2214 4408 2320 4481 hoc
2347 4412 2463 4464 loco
2495 4408 2810 4466 illustrando
2840 4431 2850 4464 :
2885 4429 2947 4467 ac
2977 4417 3088 4468 fere
3114 4429 3233 4467 cum
3272 4413 3463 4481 glossis
3491 4421 3778 4465 consonat.

2214 4479 2391 4532 Arcem
2418 4482 2492 4534 ait
2512 4496 2632 4535 esse
2661 4484 2856 4543 aulam,
2887 4485 3019 4546 sive,
3066 4491 3123 4536 ut
3161 4479 3318 4537 hodie
3359 4482 3782 4535 harbarissamus

2136 4544 2190 4603 D
2211 4556 2409 4622 statum
2435 4553 2659 4619 regium,
2683 4555 2944 4622 justitiam
2977 4544 3285 4617 vindictam,
3310 4552 3781 4622 siveeversionem

2214 4618 2529 4692 luctuosam.
2567 4618 2811 4676 Lucanus
2853 4623 2941 4676 lib.
2973 4640 3032 4687 Il,
3083 4622 3241 4692 ferale
3287 4638 3374 4690 per
3404 4619 3589 4692 Urbem
3615 4618 3782 4692 Justi-

2212 4689 2356 4760 tiam.
2394 4690 2516 4744 llaac
2539 4693 2770 4757 denique
2799 4703 2882 4747 est
2902 4689 3128 4759 summa,
3153 4694 3293 4760 quod
3323 4690 3597 4745 veteribus
3620 4690 3783 4760 justi-

2213 4759 2335 4812 tiam
2364 4760 2532 4814 luctus
2557 4762 2797 4830 publicus
2824 4774 2962 4817 erat.

2285 4831 2372 4884 8|.
2411 4830 2558 4884 llunc
2591 4834 2760 4884 locum
2791 4834 3054 4901 expressit
3075 4845 3365 4901 anonymus
3388 4838 3574 4884 auctor
3596 4830 3784 4901 hymni

2213 4909 2503 4968 martyrum
2535 4902 2599 4954 ad
2625 4915 2770 4970 vesp.
2800 4889 3000 4958 saiculo
3029 4919 3099 4956 tx.
3134 4889 3264 4956 Vide
3302 4889 3669 4966 Hincmaruni,
3709 4899 3783 4952 de

2212 4983 2317 5021 non
2347 4971 2483 5022 trina
2511 4971 2727 5025 Deitate.

2212 5083 2247 5112 ,⁸
2283 5039 2370 5112 82.
2406 5039 2592 5112 Bong..
2628 5039 2738 5094 Gis.
2772 5043 2794 5094 I
2828 5042 2938 5112 ed.,
2981 5043 3226 5095 domitum
3280 5041 3512 5096 Pharon.
3553 5039 3677 5112 Vat.
3715 5037 3786 5101 Β,

2214 5106 2458 5175 domitam
2504 5107 2766 5165 Pharaon.
2816 5106 2969 5175 Rati,
3014 5113 3201 5173 Gold.,
3251 5112 3474 5175 Witlm.,
3528 5111 3786 5162 domitum

2213 5174 2479 5248 Pharaon.
2512 5179 2758 5234 Heinsius
2781 5196 2900 5236 cum
2930 5174 3040 5237 suis
3060 5181 3241 5246 codd.,
3274 5174 3506 5248 Gifanio,
3549 5190 3601 5234 et
3639 5179 3787 5233 Cau-

2213 5245 2336 5317 eltio
2363 5249 2608 5300 domitam
2634 5249 2874 5317 Pharon;
2922 5253 2992 5305 ita
3035 5253 3194 5306 etiam
3231 5245 3375 5313 ΑΜ..
3429 5245 3540 5304 Gis.
3582 5249 3618 5301 Ξ
3662 5251 3785 5314 ed.,

2213 5315 2639 5396 Prag.,.Vat._‘A,
2667 5315 3042 5396 Egm.,Pal_at.
3079 5321 3261 5396 Faba,
3304 5321 3530 5396 Hailsb.,
3558 5319 3787 5396 Weiss.

2212 5386 2302 5451 qui
2323 5386 2504 5439 scribit
2532 5386 2734 5441 Faron:
2761 5391 2920 5445 Poma
2949 5391 3159 5444 Pharon
3188 5386 3411 5444 insulam
3442 5390 3789 5444 Alexandria:

2213 5458 2514 5530 PFOXimam
2544 5473 2638 5530 pro
2667 5459 2899 5530 Egypto
2928 5462 3122 5528 posuit.
3157 5461 3399 5515 Lucanus
3422 5461 3515 5512 lib.
3551 5476 3614 5511 ιε
3641 5459 3790 5512 Tunc

2214 5523 2494 5598 claustrum
2526 5523 2690 5598 pelagi
2728 5523 2856 5598 cepit
2897 5523 3106 5583 Pharon
3141 5547 3160 5585 :
3199 5530 3380 5584 Insula
3425 5530 3685 5598 quondam
3731 5533 3788 5582 in

2215 5595 2380 5672 medio
2409 5600 2543 5672 stetit
2569 5595 2680 5672 alta
2701 5595 2848 5667 mari,
2880 5612 2984 5655 etc.
3041 5601 3095 5654 lu
3118 5601 3301 5672 eadem
3339 5595 3508 5653 insula
3539 5599 3637 5653 fuit
3669 5611 3790 5653 tur-

2214 5667 2290 5717 ris
2315 5667 2552 5731 praealta,
2579 5670 2720 5722 unde
2746 5685 2984 5724 accensae
3011 5681 3169 5724 noctu
3209 5670 3348 5724 faces
3379 5684 3594 5722 cursum
3636 5672 3791 5724 navi-

2215 5734 2465 5808 gantiuul
2477 5738 2747 5808 regebant,
2779 5755 2896 5808 quae
2925 5740 3114 5807 pharos
3142 5754 3349 5808 quoque
3370 5739 3512 5791 dicta
3539 5748 3642 5793 est.

2289 5805 2374 5858 85.
2425 5803 2609 5874 Fabia,
2661 5803 2812 5876 Gis.,-
2846 5803 3090 5880 praesidi;
3125 5803 3234 5880 alii,
3267 5803 3505 5878 'pra’suli.
3560 5808 3662 5864 llic
3708 5821 3790 5870 est
