4102 6348
524 306 621 367 851

703 518 803 574 l‘cr
845 518 1115 573 Christum
1155 516 1413 586 genitum,
1463 532 1670 572 summe
1717 518 1890 581 Pater,
1926 528 2095 585 tuum,

774 611 826 665 In
861 624 967 679 quo
997 608 1222 663 visibilis
1248 617 1353 663 stat
1382 608 1475 663 tibi
1504 610 1705 678 gloria:

769 702 869 767 Qui
893 710 1075 757 noster
1098 700 1367 766 dominus,
1401 700 1491 770 qui
1522 709 1641 755 tuus
1672 702 1856 756 unicus

773 793 951 862 Spirat
976 793 1044 849 de
1077 794 1253 863 patrio
1283 792 1447 848 corde
1468 792 1785 848 Paraclitum
1814 813 1825 846 :

706 882 807 940 Per
837 899 995 955 quem
1026 883 1303 954 Splendor,
1329 884 1523 952 honos,
1556 883 1691 948 laus,
1715 885 1996 955 sapientia,

780 977 1046 1046 Majestas,
1082 977 1315 1041 bonitas,
1344 987 1398 1031 et
1429 977 1598 1046 pietas
1628 986 1715 1031 tua

776 1069 1017 1137 Regnum
1043 1067 1320 1121 continuat
1354 1068 1567 1121 nomine
1597 1068 1809 1136 triplici,

776 1160 986 1215 Texens
1016 1161 1290 1231 perpetuis
1314 1161 1505 1215 szecula
1531 1159 1759 1214 smculis.

730 1297 893 1368 29s
934 1294 1023 1351 v1.
1070 1294 1346 1351 IIYMNUS
1386 1295 1566 1390 ituri:
1606 1297 1910 1354 SOMNUM.

710 1432 875 1501 Ades,
912 1431 1067 1487 Pater
1090 1447 1363 1501 supreme,

779 1526 947 1593 Quem
977 1539 1135 1580 nemo
1166 1525 1302 1581 vidit
1330 1541 1589 1596 unquam,

793 1616 1070 1685 Patrisque
1100 1631 1280 1671 sermo
1300 1617 1536 1681 Christe,

784 1706 847 1760 Et
878 1706 1109 1776 Spiritus
1136 1706 1387 1779 benigne.

714 1799 758 1853 0
787 1799 1063 1855 Trinitatis
1086 1799 1244 1870 hujus

786 1890 876 1946 Vis
903 1907 1029 1960 una,
1062 1892 1239 1950 lumen
1272 1911 1460 1962 unum,

529 797 630 849 160

536 1799 568 1851 5

1837 1986 2126 2043 CLOSSAS
2166 1986 2507 2043 VETERES.

609 2078 731 2151 158.
766 2077 945 2151 Gloria
979 2088 1089 2150 tua,
1124 2084 1260 2151 facta
1286 2082 1553 2137 invisibilis
1583 2098 1673 2151 per
1703 2082 1849 2136 illum
1881 2082 2018 2150 facta
2044 2091 2116 2137 est

538 2149 765 2213 visibilis,
804 2150 919 2203 Vat.
956 2153 1021 2204 Α.

610 2217 659 2273 1.
694 2220 854 2291 I_tdes.
879 2236 971 2291 pro
1002 2221 1199 2284 adesto,
1233 2223 1268 2275 Ι.

609 2291 660 2340 9.
697 2287 890 2351 Fluxit,
925 2291 1113 2358 deﬁcit,
1145 2292 1182 2345 Ι.

614 2361 698 2413 10.
730 2358 954 2424 Quietis.
978 2362 1199 2427 soporis,
1234 2361 1336 2415 lso.

510 2438 515 2443 ‘
562 2470 565 2473 .
615 2429 700 2483 11.
732 2429 1001 2493 Vicissim,
1025 2432 1156 2485 inter
1182 2432 1316 2485 diem
1339 2442 1383 2486 et
1406 2442 1625 2497 noctem,
1653 2434 1690 2487 I.

614 2498 700 2554 12.
734 2497 973 2568 Relaxat,
1008 2502 1059 2555 in
1088 2503 1453 2573 tranquillitate
1484 2504 1693 2569 obtinet,
1728 2507 1830 2560 lso.

1632 302 1905 363 AUliELll
1946 306 2308 364 PRUDENTII
2348 307 2673 364 CARMINA.

772 428 1017 483 Tinctum
1046 425 1245 495 pacilici
1282 423 1584 478 chrismatis
1612 427 1875 494 unguine:
2116 434 2170 491 Α

2144 1813 2193 1873 Β

3668 296 3781 354 δὸἳ

2440 426 2580 480 Deus
2605 439 2667 477 ex
2694 423 2803 477 Deo
2832 420 3103 491 perennis,

2448 518 2590 573 Deus
2612 532 2677 572 ex
2708 524 2932 585 utroque
2960 512 3176 569 missus.

2380 611 2556 667 Fluxit
2582 610 2733 665 labor
2753 608 2856 663 diei
2874 652 2887 673 ,

2210 706 2275 759 10
2460 703 2617 757 Redit
2646 712 2698 757 et
2727 702 2925 771 quietis
2959 702 3090 756 hora
3119 718 3130 753 :

2455 796 2617 866 299
2648 794 2877 849 Blandus
2903 808 3066 863 50por
3095 792 3330 849 vicissim

2460 886 2653 941 Fessos
2680 885 2888 939 relaxat
2916 893 3087 938 artus.

2386 978 2535 1033 Mens
2566 986 2799 1031 aestuans
2828 975 3101 1045 procellis,

2454 1066 2715 1136 Curisque
2746 1066 3006 1129 sauciata,

2214 1163 2281 1215 15
2458 1160 2609 1215 Totis
2632 1160 2764 1215 bibit
2789 1160 3041 1215 medullis

2458 1253 2723 1309 Obliviale
2752 1254 2987 1321 poclum.

2390 1346 2572 1414 Serpit
2600 1357 2696 1411 per
2723 1359 2883 1399 omne
2908 1359 3107 1413 corpus

2480 1434 2696 1490 Lethaza
2724 1437 2828 1500 vis,
2856 1452 2953 1491 nec
2979 1434 3141 1489 ullum

2466 1525 2681 1579 Miseris
2709 1524 2911 1578 doloris
2935 1524 3062 1591 τρετὶ

2216 1620 2287 1675 20
2468 1616 2674 1669 Patitur
2701 1604 2925 1669 inanere
2954 1629 3196 1670 sensum.

2402 1711 2511 1767 Lex
2541 1708 2657 1763 hrec
2679 1706 2801 1763 data
2837 1716 2922 1763 est
2948 1707 3189 1771 caducis,

2474 1805 2584 1860 Deo
2606 1804 2851 1875 jubente,
2883 1800 3158 1864 membris,

2474 1896 2542 1951 Ut
2571 1903 2835 1967 temperet
2861 1891 3099 1947 laborem

2299 2083 2387 2137 15.
2417 2080 2692 2146 Procellis,
2720 2081 2772 2132 in
2805 2079 3036 2131 laborum
3062 2074 3316 2147 procellis,
3346 2072 3450 2129 lso.

2299 2152 2385 2207 M.
2423 2152 2691 2208 Sauciata,
2726 2159 2859 2210 tuta,
2892 2148 2929 2202 l.

2301 2222 2387 2277 l5.
2424 2222 2581 2287 Biliit,
2612 2221 2804 2291 diligit,
2832 2218 2872 2271 l.

2302 2293 2387 2347 16.
2419 2292 2679 2347 Oblivialc
2709 2286 2939 2357 poclum,
2965 2288 3151 2343 laboris
3176 2286 3459 2357 senialis,l.

2302 2365 2387 2419 18.
2423 2364 2658 2426 Lethaea,
2688 2355 2963 2423 oblivialis,
2990 2359 3158 2413 lethes
3185 2355 3361 2411 Greece
3384 2373 3557 2427 sapor,
3584 2357 3690 2411 lso.
3716 2357 3794 2411 So

2238 2449 2351 2501 por,
2380 2434 2504 2489 Vat.
2538 2435 2603 2490 Α.

2306 2507 2393 2560 19.
2427 2506 2656 2572 Doloris,
2692 2502 2880 2557 laboris
2905 2501 3032 2565 dies,
3063 2499 3167 2555 lso.

1895 2592 2464 2668 COMMENTARIUS.

543 2680 741 2752 hymno
780 2681 866 2744 12.
898 2698 1019 2738 vers
1049 2684 1141 2747 55.
1186 2681 1448 2738 Frondem
1499 2701 1787 2752 perennem,
1836 2686 2126 2739 chrismatis

542 2751 777 2825 feracem.
798 2752 909 2806 Nisi
937 2756 1114 2825 malis,
1141 2771 1342 2825 unguen
1363 2757 1569 2821 paciﬁci
1593 2756 1882 2809 chrismatis
1904 2756 2125 2811 innuere

546 2823 891 2895 sacratiorem
928 2824 1162 2895 aliquem
1212 2823 1394 2887 ritum,
1432 2841 1537 2887 quo
1569 2827 1745 2881 lumen
1798 2826 2004 2879 sabbati
2037 2842 2126 2895 pa-

542 2892 739 2946 schalis
761 2892 942 2947 olferri
967 2898 1323 2949 consueverit.
1348 2896 1403 2948 S.
1437 2895 1692 2948 Paulinus
1720 2896 1888 2950 Natali
1911 2900 1943 2951 8
1964 2892 2123 2950 etiam

546 2977 673 3034 usus
702 2972 783 3017 est
816 2963 917 3017 hoc
948 2964 1160 3017 nomine
1190 2981 1395 3034 unguen
1423 2966 1473 3019 in
1497 2966 1847 3021 describenda
1883 2969 2097 3023 lucerna

548 3029 863 3106 Consumpto
896 3034 1119 3087 bibulum
1144 3029 1394 3106 defecerat
1425 3038 1648 3106 unguine
1673 3037 1859 3090 lumen.

779 3102 993 3184 Genitus
1020 3120 1213 3184 nomen
1237 3102 1627 3184 substanti'vmn
1655 3122 1750 3178 pro
1777 3108 1945 3184 ﬁlioﬂa
1975 3107 2131 3184 Chri-

551 3175 741 3245 stianis
770 3175 953 3245 poetis
984 3175 1178 3245 passim
1210 3188 1514 3245 usurpatur.
1548 3175 1869 3235 Fortunatus
1894 3182 1987 3235 Iih.
2018 3198 2030 3234 I
2063 3183 2131 3236 de

550 3243 721 3323 Parta
742 3243 993 3323 Virginis,
1015 3244 1220 3323 Curavit
1250 3243 1471 3323 genitus,
1508 3249 1665 3319 Virgo
1694 3250 1891 3323 Maria,
1904 3263 2055 3323 tuus.

570 3336 599 3388 ‘_
625 3316 745 3372 158.
796 3316 999 3373 Plinius
1041 3319 1206 3372 utitur
1238 3316 1447 3374 visibilis
1498 3316 1814 3388 prorvisivo.
1858 3321 2130 3378 Ciceronis

552 3385 759 3461 phrasis
785 3397 884 3461 est,
912 3404 991 3443 res
1016 3405 1140 3461 quin
1164 3391 1254 3461 sub
1283 3385 1539 3461 aspectum
1566 3393 1774 3445 cadunt.

626 3456 750 3530 160.
793 3456 1069 3515 Processio
1119 3456 1351 3527 Spiritus
1376 3462 1547 3516 sancti
1585 3477 1650 3516 ex
1704 3463 1855 3517 Patre
1892 3462 2133 3530 Filioque

553 3526 655 3603 l_toc
676 3528 795 3583 loco
817 3534 1094 3603 astruitur,
1119 3526 1182 3585 ac
1206 3534 1462 3600 repetitur
1485 3533 1635 3603 initio
1657 3534 1837 3603 hymni
1860 3547 1977 3602 seq.
2002 3526 2134 3588 Vide

553 3597 737 3655 Petav.
770 3609 899 3653 tom.
933 3600 972 3654 ll
1006 3601 1099 3657 lib.
1133 3617 1220 3663 vn,
1250 3597 1368 3670 cup.
1400 3605 1452 3657 8.
1488 3601 1651 3657 Filius
1678 3597 1873 3671 spirare
1904 3597 2135 3657 Paracli-

558 3678 668 3723 tum
700 3680 847 3725 recte
866 3672 1103 3741 dicitur:
1137 3687 1261 3725 nam
1290 3683 1343 3727 et
1379 3674 1590 3739 spiritus
1637 3674 1893 3739 appellari
1936 3684 2131 3741 potest,

557 3748 613 3793 ut
642 3741 833 3811 probat
862 3740 1013 3810 llugo
1044 3740 1260 3795 Grotius
1289 3743 1354 3796 ad
1383 3758 1501 3811 cap.
1532 3759 1567 3795 ιι
1600 3743 1759 3795 Marci
1783 3757 1920 3796 vers.
1940 3740 2006 3799 ’8.

632 3809 752 3863 165.
797 3809 977 3876 Ρηηςί,
1007 3814 1285 3873 contineat,
1319 3828 1415 3881 pro
1453 3809 1736 3866 continuat.
1783 3812 1927 3878 Rat.,
1975 3815 2137 3868 conti-

557 3889 693 3945 neat,
727 3881 820 3934 sed
849 3895 1007 3949 supra
1038 3883 1321 3935 continuat.
1356 3882 1552 3937 Widm.
1578 3893 1631 3937 et
1656 3883 1835 3948 Gold.,
1861 3886 2134 3938 contineat.

530 3949 707 4022 Eat”
736 3949 1059 4006 Theodull‘us
1097 3953 1145 4008 itt
1200 3953 1291 4007 lib.
1333 3953 1400 4008 de
1436 3952 1632 4022 Spiritu
1671 3963 1875 4018 sancto,
1916 3956 2134 4020 nomine,

560 4018 647 4073 alii
678 4023 902 4076 numine.
938 4022 1113 4088 Alex.,
1147 4024 1297 4078 Vatt.‘
1324 4025 1388 4090 A,
1420 4018 1491 4087 υς
1518 4025 1576 4089 Ρ,
1614 4024 1678 4091 ρ,
1718 4025 1941 4077 numine.
1971 4024 2086 4079 Vat.
2121 4018 2137 4077 l

558 4104 678 4145 cum
714 4093 861 4155 Urb.,
909 4095 1125 4148 nomine.
1165 4093 1318 4149 Brev.
1365 4094 1498 4148 Moz.
1534 4095 1603 4148 ita
1646 4095 1729 4147 hic
1757 4104 1809 4148 et
1857 4095 2011 4157 alibi;
2044 4096 2140 4150 sed

558 4163 697 4217 male
726 4171 777 4215 tu
804 4172 857 4218 et
881 4166 1107 4219 contines
1138 4181 1234 4232 pro
1276 4175 1362 4217 tua
1398 4174 1454 4219 et
1495 4165 1774 4219 continuet.
1825 4165 2141 4220 Hincmarus

560 4240 837 4306 utramque
883 4235 1167 4306 lectionem
1221 4237 1453 4305 agnovit.
1494 4234 1627 4306 Vide
1679 4236 1870 4306 Psych.
1911 4248 2033 4291 vers
2083 4236 2137 4289 2.

560 4303 729 4427 ἓξὲξ.
753 4305 873 4360 huic
903 4305 1102 4377 hymno
1125 4303 1276 4361 addii
1298 4307 1479 4361 Arnen.
1510 4304 1679 4376 Finis,
1710 4303 1853 4376 quod
1880 4321 2140 4377 nusquam

613 4391 623 4427 Ι
696 4414 709 4427 .
1235 4389 1244 4399 ”

634 4448 762 4500 Ante
794 4463 1045 4501 somnum.
1095 4446 1175 4501 Ex
1206 4447 1341 4502 libro
1368 4446 1751 4502 Consnitution.
1798 4455 1971 4515 apost.
2003 4447 2141 4502 dixi-

565 4530 681 4567 mus
702 4516 767 4569 ad
800 4517 1010 4587 titulum
1042 4518 1223 4587 hymni
1258 4519 1305 4580 1,
1341 4518 1677 4585 precationes
1702 4532 1821 4572 esse
1870 4518 2139 4573 faciendas

562 4586 841 4657 cumaliis
884 4587 1049 4649 horis,
1084 4586 1193 4657 tum
1240 4604 1460 4657 vespere,
1508 4589 1647 4656 quod
1690 4598 1902 4642 noctem
1932 4588 2142 4642 dederit

564 4655 821 4711 Dominus
850 4658 915 4710 ad
949 4655 1390 4726 requiescendum
1422 4674 1450 4711 a
1480 4655 1752 4711 laboribus
1771 4659 1997 4712 diurnis.
2030 4658 2142 4713 Huc

566 4727 793 4799 pertinet
834 4729 919 4799 hic
967 4730 1213 4799 hymnus,
1248 4738 1304 4783 ut
1330 4742 1395 4783 ex
1425 4743 1582 4781 versu
1623 4730 1655 4784 9
1689 4738 1743 4782 et
1789 4744 1941 4799 seqq.
1978 4740 2139 4797 patet,

510 4835 517 4842 .
568 4793 747 4869 luxit
791 4797 932 4852 labor
976 4793 1095 4859 diei,
1150 4799 1299 4853 Redit
1341 4808 1388 4852 et
1427 4799 1610 4869 quietis
1647 4800 1792 4852 liora.
1833 4793 2141 4866 C'o‘tnplelo-

565 4868 703 4938 rium
727 4868 898 4922 locum
923 4869 1223 4938 liujusmodi
1252 4869 1572 4937 precationis
1597 4885 1736 4924 nunc
1756 4879 1918 4924 tenet.
1938 4872 2143 4925 Citatttr

568 4937 655 5010 hic
690 4938 916 5010 hymnus
942 4956 970 4993 a
996 4937 1305 4995 'Theodulfo
1349 4942 1402 4995 in
1444 4940 1535 4994 lib.
1569 4940 1653 4995 de-
1682 4940 1881 5007 Spiritu
1930 4953 2140 5009 sancto,

570 5008 655 5062 ubi
686 5008 877 5079 probat
899 5011 1131 5080 Spiritus
1153 5013 1320 5066 sancti
1353 5011 1750 5080 processionem
1774 5026 1840 5065 ex
1868 5010 1970 5064 hoc
2002 5008 2145 5065 aliis-

563 5096 666 5149 que
704 5082 837 5135 locis
869 5080 1165 5148 Prudentii,
1195 5082 1353 5136 simul
1376 5097 1495 5135 cum
1522 5082 1731 5136 ceteris
1767 5084 1861 5137 SS.
1901 5081 2145 5136 Patribus

564 5148 784 5207 laudati.
811 5152 1027 5220 Septem
1057 5156 1291 5219 stropha:
1322 5152 1522 5206 ultima:
1555 5152 1709 5221 hujus
1742 5152 1923 5222 hymni
1952 5152 2143 5222 legun-

567 5232 651 5282 tur
683 5225 732 5277 in
772 5224 1047 5277 Breviario
1087 5223 1425 5277 Mozarabico
1472 5223 1609 5277 inter
1655 5221 1885 5291 hymnos
1913 5221 2049 5291 alios
2084 5227 2147 5275 de

565 5292 847 5363 Completa.
887 5296 943 5349 S.
977 5294 1267 5361 Gregorius
1298 5293 1624 5347 Turonensis
1669 5290 1761 5346 lib.
1807 5309 1820 5345 t
1864 5292 1931 5346 de
1965 5290 2145 5363 Gloria

570 5362 885 5437 martyrum,
914 5380 1031 5437 cap.
1060 5363 1178 5437 102,
1210 5379 1273 5437 ex
1302 5364 1402 5437 hoc
1426 5365 1624 5429 hymno
1647 5364 1934 5437 nonnullos
1962 5362 2146 5437 decer-

568 5436 643 5501 pit
669 5434 871 5489 versus.
898 5435 1056 5490 Juxta
1086 5435 1440 5494 Prudentium,
1460 5449 1586 5486 crux
1605 5434 1743 5501 pellit
1767 5448 1913 5486 omne
1931 5434 2164 5497 crimen:

570 5515 677 5560 etc.
746 5507 910 5574 llujus
951 5506 1133 5578 hymni
1164 5507 1375 5559 titulum
1405 5504 1593 5578 alicubi
1626 5517 1745 5557 esse
1792 5502 1865 5556 De
1891 5504 2055 5578 quiete
2100 5511 2149 5555 et

574 5590 771 5638 somno,
790 5572 957 5631 divino
986 5572 1214 5643 munere,
1243 5575 1419 5629 notavi
1452 5572 1680 5641 proleg.,
1702 5590 1848 5626 num.
1883 5575 2003 5627 105.

641 5646 691 5700 5.
738 5648 1005 5702 Adversus
1059 5642 1373 5701 aovatorum
1412 5644 1665 5699 ell'renem
1719 5643 2014 5707 libidinem,
2055 5642 2145 5711 qui

572 5730 672 5786 pro
700 5715 918 5772 Verbum
942 5720 991 5772 in
1025 5716 1313 5786 Evangelio
1342 5717 1521 5785 legunt
1541 5729 1842 5786 sermonem,
1870 5714 1991 5786 quia
2017 5728 2149 5786 non-

575 5785 709 5844 nulli
736 5790 832 5845 SS.
863 5788 1044 5845 Patres
1067 5790 1138 5844 ita
1164 5782 1324 5844 locuti
1351 5782 1499 5846 sunt.
1528 5794 1585 5840 ut
1622 5784 1723 5841 hoc
1760 5784 1877 5841 loco
1905 5782 2147 5839 Pruden-

2105 3008 2120 3033 ’
2159 3011 2203 3072 C

2236 2686 2361 2751 tius,
2417 2683 2675 2740 videndus
2726 2692 2811 2739 est
2859 2683 3094 2737 Joannes
3144 2681 3494 2746 Maldonatus,
3546 2680 3724 2749 gravis
3769 2681 3823 2735 in

2238 2758 2425 2826 primis
2454 2754 2753 2823 theologus,
2783 2754 2936 2826 cujus
2961 2754 3145 2826 aliqua
3160 2754 3319 2826 verba
3350 2751 3636 2826 inprolcg.
3668 2767 3820 2826 nigri.

2236 2821 2359 2881 140.
2394 2828 2572 2881 retuli.
2592 2821 2822 2879 Adducit
2844 2821 3019 2879 autem
3050 2823 3380 2885 Maldonatus
3404 2823 3545 2877 inter
3567 2822 3705 2877 alios
3720 2821 3823 2877 SS.

2239 2898 2423 2951 Patres
2454 2898 2594 2951 hunc
2623 2897 2793 2965 ipsum
2826 2894 3099 2949 Prudentii
3134 2895 3327 2948 locum.

2308 2967 2360 3024 6.
2405 2971 2455 3019 In
2505 2962 2743 3035 margine
2776 2966 2893 3020 Vat.
2930 2965 2971 3018 A
3001 2965 3239 3023 additum
3272 2971 3389 3019 erat
3422 2963 3591 3026 aliter,
3622 2962 3739 3027 Vis,
3761 2979 3823 3035 ac

2235 3048 2456 3109 potestas
2504 3032 2649 3093 una.-
2682 3037 2754 3092 lla
2790 3037 2947 3109 etiam
2993 3035 3044 3109 in
3103 3036 3244 3109 Put.,
3277 3036 3448 3109 Ales.
3502 3049 3532 3089 a
3583 3032 3822 3109 secunda

2238 3103 2417 3175 inanu,
2451 3114 2577 3165 etin
2607 3109 2822 3163 schedis
2852 3108 3173 3164 Graivianis.
3199 3105 3492 3162 Salmasius
3522 3122 3742 3174 quoque
3771 3103 3822 3160 id

2236 3184 2467 3247 volebat,
2489 3181 2579 3250 qui
2594 3181 2767 3234 locum
2792 3179 3012 3234 Ausonii
3032 3177 3331 3242 addiderat,
3360 3177 3610 3248 Majestas
3647 3177 3801 3250 utrius

2236 3253 2374 3305 modi
2404 3254 2613 3305 Sociata
2637 3262 2811 3305 sancto
2838 3250 3045 3319 spiritu,
3070 3260 3125 3303 ut
3148 3250 3199 3303 in
3227 3263 3491 3303 rorcsns
3510 3265 3543 3299 a
3563 3249 3803 3319 corripia

2240 3332 2343 3385 tur,
2372 3324 2504 3376 sicut
2536 3324 2589 3375 in
2621 3335 2881 3375 IIAJESTAS
2915 3338 2946 3373 a
2968 3330 3293 3386 postremum
3331 3319 3399 3372 ab
3434 3318 3678 3371 Ausonio
3703 3332 3805 3371 cor

2238 3394 2454 3462 ripitur.
2487 3392 2680 3447 Verum
2712 3390 2841 3462 nihil
2871 3390 2978 3462 agit
3006 3390 3301 3462 Salmasius
3328 3407 3339 3441 :
3368 3388 3637 3462 Ausonius
3651 3388 3814 3462 enim

2238 3458 2384 3533 saepe
2416 3464 2531 3517 loco
2560 3462 2796 3533 secundo
2824 3458 3040 3533 iambici
3066 3461 3279 3533 dimetri
3305 3458 3831 3533 spondaeumAintru-A

2238 3528 2337 3587 dit'.
2384 3535 2447 3588 Et
2476 3535 2526 3587 in
2561 3534 2660 3586 hoc
2685 3532 2873 3588 eodem
2918 3530 3146 3586 iambico
3175 3529 3552 3600 Ephemeridis
3587 3530 3695 3582 ait:
3732 3528 3831 3583 ltei

2240 3605 2423 3657 divina:
2441 3605 2588 3673 capia
2613 3613 2708 3658 est.

2310 3674 2362 3729 0.
2395 3673 2451 3728 In
2484 3669 2601 3727 Rat.
2631 3674 2781 3728 abest
2799 3682 2865 3732 et.
2897 3670 2991 3741 sed
3012 3673 3219 3727 videtur
3240 3672 3470 3741 spatium
3491 3669 3827 3724 abrasionis.

2242 3745 2374 3809 Alt.,
2403 3744 2576 3799 rediit.
2613 3744 2771 3798 Fabr.
2800 3754 2853 3797 et
2885 3740 3026 3808 Gis.,
3057 3744 3188 3796 redit
3214 3740 3413 3812 quietis,
3447 3741 3566 3795 sine
3588 3750 3656 3801 et,
3680 3742 3830 3809 quod

2244 3815 2443 3868 habent
2493 3814 2684 3880 reliqui
2722 3829 2932 3876 omnes,
2971 3811 3379 3882 exceptis'Vatt.
3431 3811 3647 3865 duobus
3690 3825 3833 3879 quos

2244 3887 2421 3939 laudat
2452 3885 2686 3940 Teolius.
2714 3883 2866 3949 Quod
2888 3894 3063 3937 autem
3089 3884 3403 3952 particulam
3434 3893 3481 3933 et
3512 3897 3621 3934 non
3653 3885 3832 3950 patia-

2245 3966 2331 4010 tur
2365 3957 2520 4025 hujus
2543 3955 2800 4010 carminis
2839 3952 3066 4023 indoles,
3092 3951 3245 4007 Videm
3272 3952 3594 4025 afﬁrmavit.
3631 3951 3740 4025 Sed
3776 3956 3831 4005 in

2245 4027 2347 4081 hoc
2376 4022 2580 4097 hymno
2623 4027 2818 4095 passim
2866 4033 3171 4092 atiapmstus
3205 4023 3373 4093 prima
3423 4022 3553 4078 sede
3587 4023 3832 4092 ponitur,

2245 4096 2383 4167 quod
2411 4096 2627 4167 minime
2655 4103 3127 4167 repugnatmetro.

2319 4167 2406 4221 12.
2438 4166 2687 4236 Virgilius
2714 4167 2804 4219 lib.
2831 4181 2885 4227 v,
2926 4164 3026 4218 Via:
3058 4167 3247 4236 printos
3272 4164 3479 4236 inopina
3501 4164 3833 4236 quiesylaa'a-

2246 4248 2380 4291 verat
2408 4234 2568 4292 artus.
2598 4237 2805 4292 Similia
2834 4236 2990 4304 vulgo
3018 4234 3155 4304 apud
3182 4244 3386 4305 poetas.
3415 4235 3611 4288 Cicero
3630 4234 3699 4287 de
3736 4234 3833 4288 Di-

2249 4309 2381 4376 vin.,
2406 4310 2609 4361 animus
2633 4322 2808 4361 somno
2833 4307 3111 4361 relaxatus.
3156 4306 3380 4375 Insignis
3411 4315 3494 4359 est
3538 4306 3836 4369 descriptio

2168 4394 2221 4453 ι)
2248 4380 2443 4453 somni,
2476 4387 2820 4453 quampoeta
2857 4387 3047 4453 noster
3088 4379 3330 4453 versibus
3368 4376 3479 4453 suis
3515 4376 3836 4453 complecti-

2251 4459 2352 4503 tur.
2404 4446 2807 4517 Descriptiones
2854 4447 3035 4501 Sumni
3100 4447 3319 4516 ejusque
3371 4447 3564 4517 domus
3612 4446 3837 4514 collegit

2249 4520 2484 4574 Joannes
2515 4520 2749 4588 Baptista
2778 4516 3071 4588 Gaudutius
3108 4519 3247 4572 inter
3273 4516 3667 4588 descriptiones
3701 4531 3837 4583 poe-

2248 4592 2396 4644 ticas.
2428 4585 2623 4644 Confer
2649 4590 2805 4643 etiam
2838 4587 3049 4643 Lucret.
3076 4589 3167 4643 lib.
3193 4604 3263 4642 tv.
3296 4585 3475 4654 Neque
3496 4586 3836 4641 omittendus

2246 4670 2328 4715 est
2359 4662 2586 4729 hymnus
2612 4662 2668 4713 S.
2695 4658 2983 4723 Ambrosii,
3010 4659 3141 4712 Deus
3178 4667 3375 4710 creator
3410 4658 3657 4729 omnium.

2319 4728 2405 4785 14.
2435 4730 2558 4795 Pro,
2587 4730 2813 4784 sauciata
2843 4731 3053 4784 mallem
3077 4731 3129 4783 in
3158 4731 3328 4797 glossa
3357 4728 3645 4795 vulnerata,
3670 4728 3830 4795 fessa,

2285 4818 2403 4855 "8|"
2435 4811 2562 4854 tuta.

2246 4816 2406 4926 quill:
2435 4816 2691 4925 (gitimam
2721 4870 2917 4925 habent
2946 4870 3112 4923 Aldus
3140 4879 3192 4923 et
3237 4868 3397 4921 Nebr.
3447 4883 3545 4936 pro
3598 4866 3834 4935 poclum,

2247 4943 2387 5010 quod
2419 4952 2647 4996 metrum
2691 4943 2871 5010 exigit.
2906 4941 3149 4993 lloratius
3190 4940 3347 5008 epod.
3388 4940 3477 5010 lli,
3506 4936 3705 4990 Pocula
3733 4937 3839 5010 Le-

2250 5008 2406 5066 tltwos
2435 5022 2487 5064 ut
2519 5012 2563 5064 si
2591 5008 2823 5065 ducentia
2856 5027 3080 5064 somnos.
3110 5010 3391 5077 Sumptum
3424 5009 3475 5061 id
3514 5024 3578 5060 cx
3613 5008 3836 5060 fabulis.

2248 5084 2349 5137 Sed
2373 5082 2513 5135 licuit
2541 5083 2882 5135 sanctissimo
2905 5094 3076 5148 poeta:
3099 5080 3462 5147 metaphoram
3485 5080 3836 5137 continuare,

2249 5164 2322 5218 et,
2356 5154 2605 5222 qucuiam
2635 5155 2754 5206 bibit
2779 5153 2935 5212 dixit,
2960 5150 3389 5222 atlderepoclnm
3419 5163 3514 5222 pro
3547 5165 3745 5200 somno.
3778 5151 3839 5199 lii

2249 5220 2424 5293 glossa
2449 5224 2675 5276 furtasse
2704 5223 2984 5288 legendum
3018 5221 3204 5293 laboris
3230 5220 3499 5293 settsuulis.

2324 5294 2408 5349 19.
2446 5293 2722 5347 Fabricius
2759 5286 2813 5345 in
2858 5293 3044 5345 dolore
3091 5291 3359 5343 molestias
3404 5287 3671 5355 intelligit.
3723 5286 3843 5338 Sal

2252 5380 2345 5418 cur
2375 5380 2479 5416 non
2514 5380 2697 5416 verum
2730 5364 2968 5415 dolorem
3003 5376 3121 5414 esse
3152 5360 3412 5423 dicamus,
3460 5362 3613 5425 cujus
3638 5373 3846 5409 sensus

2252 5435 2426 5487 nullus
2454 5446 2535 5488 est
2572 5436 2624 5486 in
2655 5434 2987 5487 dormiente?
3029 5430 3119 5485 Sic
3160 5430 3313 5497 paulo
3358 5438 3477 5495 post
3518 5426 3847 5479 medicabilis

2254 5504 2509 5572 voluptas,
2542 5508 2662 5572 quia
2690 5519 2912 5558 sotnnu~
2941 5502 3100 5555 etiam
3142 5500 3422 5572 sanitati-tn
3453 5497 3716 5552 interdum
3754 5499 3849 5548 iu~

2254 5571 2418 5628 ducit.
2454 5575 2508 5627 ln
2545 5571 2733 5638 llails.,
2757 5573 2907 5641 (Pgris
2932 5588 3025 5636 pro
3054 5571 3199 5638 aegri.

2324 5646 2413 5698 22.
2445 5646 2661 5699 'l‘eolius
2693 5635 2743 5697 in
2776 5635 2885 5697 u'no
2913 5635 3030 5695 Vat.
3080 5635 3208 5697 vidit
3252 5640 3359 5695 Deo
3396 5638 3639 5703 donante,
3689 5635 3848 5704 quod

2254 5717 2389 5773 ratio
2418 5716 2671 5772 carminis
2699 5729 2805 5770 non
2836 5711 3050 5783 patitur.
