4102 6348
613 413 715 467 855

612 522 681 577 60
857 519 1121 584 lnterpres
1140 513 1477 582 approbavit.

787 611 1021 680 Quorum
1050 621 1296 663 reversus
1327 622 1462 660 unus

861 705 957 758 Dat
987 702 1231 770 poculum
1258 708 1483 769 tyranno
1518 720 1526 752 :

854 796 953 848 Ast
973 793 1201 847 alterum
1223 805 1449 860 rapaces

860 887 1048 941 Fixum
1078 892 1271 938 vorant
1300 883 1569 939 volucres.

615 982 682 1036 05
790 981 963 1050 Ipsum
995 978 1189 1033 deinde
1218 991 1419 1046 regem,

860 1070 1116 1139 Perplexa
1143 1067 1522 1129 somniantem,

856 1162 1057 1216 Monuit
1080 1159 1274 1214 famem
1300 1159 1531 1214 futuram

856 1255 1013 1326 303
1035 1253 1241 1307 Clausis
1268 1266 1458 1307 cavere
1489 1253 1710 1306 acervis.

789 1348 909 1400 Mox
940 1344 1157 1413 praesul,
1186 1356 1246 1398 ac
1276 1344 1593 1407 tetrarches,

617 1443 684 1497 70
860 1437 1096 1505 Regnum
1131 1449 1227 1502 per
1258 1449 1414 1490 omne
1439 1434 1620 1502 jussus

858 1532 1068 1588 Sociam
1099 1541 1282 1585 tenere
1311 1531 1533 1600 virgam,

856 1624 1087 1677 Dominae
1106 1622 1304 1676 resedit
1319 1620 1473 1675 aulaa.

785 1717 828 1770 0
857 1732 1010 1786 quam
1045 1714 1301 1785 profunda
1336 1713 1499 1782 justis

856 1808 1058 1862 Arcana
1091 1822 1185 1876 per
1214 1820 1464 1875 soporem

612 1900 678 1953 75
855 1897 1046 1967 Aperit
1076 1896 1269 1953 tuenda
1300 1895 1553 1951 Christus,
1584 1896 1595 1947 !

852 1991 1018 2058 Quam
1050 1992 1214 2054 clara,
1248 2004 1405 2058 quam
1428 1989 1646 2044 tacenda
1680 1990 1689 2039 !

791 2083 1127 2154 Evangelista
1154 2084 1348 2138 summi

1716 403 1993 459 AURELII
2035 404 2395 461 PRUDENTII
2437 405 2755 461 CAMIINA.

2212 524 2263 579 Α

3767 403 3877 464 83!?

2539 521 2854 575 Fidissimus
2883 523 3143 591 magistri,

2535 610 2750 679 Signata
2781 625 2901 681 quae
2926 611 3182 680 latebant,

2289 701 2355 756 80
2536 702 2753 757 Nebulis
2785 702 2929 757 videt
2951 706 3191 758 remotis.

2469 792 2643 862 Ipsum
2669 792 2927 847 Tonantis
2947 809 3161 863 agnum,

2542 889 2616 943 De
2645 888 2789 943 caede
2828 898 3233 957 purpurantem,

2528 981 2627 1048 Qui
2655 983 2927 1036 conscium
2977 982 3137 1051 futuri
3180 1028 3189 1038 .

2540 1073 2757 1127 Librum
2789 1076 3024 1144 resignat
3054 1091 3209 1131 unus.

2293 1165 2371 1233 851
2460 1165 2805 1235 θοωιυίυε
2849 1180 3060 1219 manum
3107 1176 3376 1235 potentem

2538 1256 2758 1310 Gladius
2788 1265 3058 1325 perarmat
3078 1272 3295 1329 anceps,

2541 1346 2607 1401 Et
2638 1346 2909 1415 fulgurans
2941 1348 3190 1418 utrinque

2540 1436 2812 1505 Duplicem
2844 1437 3077 1493 minatur
3106 1440 3287 1495 ictum.

2470 1526 2735 1594 Qumsitor
2764 1528 2853 1582 ille
2882 1529 3030 1583 solus

2294 1621 2362 1674 90
2543 1620 2855 1688 Animazque
2883 1620 3250 1691 corporisque,

2546 1710 2809 1780 Ensisque
2849 1711 2931 1765 bis
2973 1713 3239 1767 timendus
3328 1714 3337 1738 ‘

2545 1803 2721 1857 Prima
2748 1818 2810 1857 ac
2852 1805 3085 1859 secunda
3118 1821 3261 1860 mors
3287 1818 3385 1862 est.

2473 1896 2614 1950 Idem
2647 1905 2825 1951 tamen
2848 1897 3111 1967 benignus

2547 1988 2697 2044 Ultor
2728 1989 2961 2044 retundit
2989 1992 3143 2056 iram,

2297 2081 2365 2135 95
2548 2082 2861 2153 Paucosque
2898 2097 3004 2138 non
3037 2083 3241 2151 piorum

1910 2172 2197 2230 GLOSS/E
2237 2172 2571 2229 VETERES.

673 2270 763 2325 (ii.
790 2270 955 2335 Unus,
989 2272 1227 2341 ntagister
1259 2271 1641 2341 pinccrnarum,

678 2340 765 2411 62.
801 2338 1089 2411 Tyranno,
1119 2342 1225 2410 regi
1260 2338 1550 2401 Pharaoni,
1606 2338 1641 2389 l:

608 2426 712 2465 rex.
743 2410 857 2464 Vat.
891 2415 957 2464 Α.

680 2482 767 2537 66.
788 2482 1067 2550 Perplexa,
1100 2483 1338 2546 obscura,
1373 2482 1409 2532 Ι.

675 2553 763 2606 69.
801 2554 1023 2616 ι’τωευι,
1058 2552 1314 2620 princeps,
1352 2551 1391 2604 1.

676 2625 761 2675 71.
800 2622 1034 2689 Virgam,
1063 2632 1339 2691 sceptrum,
1360 2622 1396 2673 l.

676 2691 761 2746 75.
794 2692 1031 2759 Tuentla,
1060 2693 1297 2755 videnda,
1329 2692 1443 2746 Vat.
1484 2694 1547 2746 A.

1700 2336 1965 2406 Tyrannus
2009 2337 2183 2391 (ἑταῖρε

2364 2269 2452 2322 77.
2491 2269 2852 2337 Evangelista,
2882 2268 3133 2335 Joannes,
3171 2269 3284 2324 Vat.
3320 2274 3383 2325 Λ.

2367 2340 2458 2393 86.
2494 2340 2733 2403 Gladius,
2766 2340 2967 2393 verbum
3008 2340 3251 2403 Dei,Vat.
3281 2343 3345 2395 A.

2364 2412 2453 2464 88.
2490 2410 2675 2475 Ictum,
2699 2410 2885 2463 anima:
2936 2420 2984 2463 et
3009 2414 3257 2480 corporis.
3292 2412 3407 2467 Vat.
3458 2414 3521 2469 A.

2369 2482 2454 2536 89.
2490 2481 2775 2546 Quaesitor,
2792 2482 2977 2550 judex.
3010 2482 3049 2536 l.

2365 2552 2455 2605 92.
2490 2552 2667 2606 Prima
2688 2566 2751 2605 ac
2780 2553 3036 2617 secunda,
3066 2555 3293 2623 corporis
3314 2563 3361 2607 et
3389 2556 3595 2623 auiam,
3629 2556 3734 2613 lso.

2367 2623 2457 2677 95.
2486 2622 2600 2678 Non
2631 2623 2862 2691 piorum.
2909 2623 3203 2689 impiorum,
3236 2624 3339 2680 lso.

1952 2782 2509 2839 COMMENTARIUS.

602 2904 751 2971 dose,
782 2902 1051 2971 ηιὶηἱδιεν.Δ
1077 2895 1301 2971 llistoria
1336 2904 1583 2971 narratur
1608 2909 1726 2962 cap.
1758 2910 1807 2947 χι
1840 2895 2035 2971 Cenes.
2067 2894 2177 2971 Duo

606 2976 657 3027 hi
689 2965 1127 3029 eranteunuchi;
1158 2966 1293 3018 alter
1325 2965 1591 3031 pincernis
1638 2977 1886 3032 prmerat,
1933 2965 2068 3017 alter
2102 2966 2177 3031 pi-

603 3043 871 3105 storibus;
904 3039 990 3092 hic
1028 3037 1287 3104 pistorum
1328 3035 1604 3103 magister,
1660 3034 1750 3089 ille
1801 3037 2176 3103 pincernarum

604 3115 817 3168 dicitur.
845 3112 977 3165 llinc
1006 3107 1197 3175 aliquis
1221 3106 1466 3159 ministris
1492 3122 1610 3159 cum
1645 3106 1883 3173 legisset,
1926 3106 2179 3175 magistris

603 3185 863 3245 correxit,
886 3179 1025 3249 quod
1058 3177 1372 3249 simpliciter
1397 3178 1627 3249 positum
1662 3177 1898 3246 ineptum
1928 3187 2032 3230 est.

674 3256 775 3309 60.»
790 3246 986 3307 Wid'm.
1000 3290 1012 3310 ,
1047 3249 1301 3300 mendose
1323 3246 1633 3313 abprobavit.

672 3308 761 3378 (il.
794 3325 937 3388 Put.,
978 3308 1093 3371 Vat.
1144 3318 1187 3371 Α
1219 3308 1491 3389 ευρτειζᾴρι
1532 3320 1731 3382 0x0n.,
1774 3332 2055 3389 regressus.
2106 3318 2179 3372 Ita
2210 3308 2254 3371 C

605 3395 743 3449 Vatt.
775 3395 943 3461 major
976 3404 1099 3461 pars
1126 3388 1260 3457 apud
1288 3387 1550 3461 'l‘eolium,
1596 3390 1693 3461 sed
1734 3387 2000 3461 nonnulli_
2026 3403 2177 3461 prae—

600 3457 911 3519 stantissimi
937 3460 1135 3515 habent
1162 3474 1410 3512 reversus.
1444 3458 1497 3511 Id
1538 3458 1698 3513 etiam
1732 3459 1932 3527 placuit
1964 3457 2175 3511 Gallan~

598 3536 684 3589 dio
707 3551 825 3589 cum
856 3534 977 3588 edd.
1011 3530 1125 3584 Ald.
1157 3540 1211 3583 et
1242 3529 1510 3595 Tornaes.,
1543 3538 1595 3583 et
1632 3538 1919 3584 tenuerunt
1966 3528 2085 3582 Gis.
2121 3540 2177 3585 et

604 3605 792 3660 Weitz.

667 3677 755 3729 63.
781 3674 1003 3729 Genesis
1024 3686 1140 3739 cap.
1162 3671 1257 3724 cit.
1284 3683 1425 3723 vers.
1452 3670 1840 3739 17,8uspendet
1864 3680 1908 3722 te
1935 3672 1984 3722 iu
2004 3684 2171 3739 cruce,

598 3755 642 3799 et
669 3746 959 3799 lacerabunt
988 3741 1213 3795 volucres
1236 3754 1409 3792 carnes
1436 3749 1568 3795 tuas.

669 3815 755 3867 66.
791 3816 929 3882 Lege
952 3814 1085 3865 hanc
1115 3810 1541 3882 historiamcap.
1580 3826 1667 3863 xu
1692 3810 1891 3882 Genes.

669 3886 733 3936 (Π
786 3880 929 3948 PaL,
969 3882 1141 3937 Oxon.
1192 3894 1312 3934 cum
1368 3880 1489 3933 aliis
1527 3880 1797 3935 nonnullis
1849 3880 2169 3946 lleinsianis,

600 3954 817 4021 Weitz.,
862 3954 1003 4005 Vatt.
1040 3957 1101 4015 Α,
1147 3951 1205 4013 Β,
1239 3950 1305 4014 0,
1345 3950 1389 4015 Q
1426 3960 1477 4004 et
1514 3952 1530 4004 Ι
1568 3965 1751 4018 supra,
1796 3951 1986 4019 Prag.,
2024 3950 2170 4013 Rat.,

599 4025 772 4089 Sich.,
805 4025 1071 4079 Giselinus
1101 4030 1221 4075 cum
1253 4021 1487 4073 editione
1518 4022 1881 4075 Daventriensi
1914 4022 2171 4089 antiquis-

596 4097 753 4158 sima,
777 4096 993 4148 monuit.
1025 4093 1187 4146 Aldus
1216 4101 1270 4145 et
1298 4091 1409 4145 Gis.
1438 4093 1460 4143 1
1489 4093 1645 4153 edit.,
1676 4094 1830 4145 novit.
1854 4091 1967 4145 Non
1993 4092 2173 4157 inep'e

598 4168 751 4219 niovit
781 4168 1057 4232 amplexus
1086 4172 1168 4215 est
1202 4161 1498 4229 Fabricius,
1527 4162 1629 4215 hoc
1655 4174 1756 4227 est,
1803 4164 2049 4215 movendo
2077 4166 2172 4214 im-

594 4238 742 4305 pulit,
773 4234 1128 4306 persuadendo
1150 4234 1410 4306 coegit,_et
1430 4234 1478 4285 id
1508 4233 1699 4306 legitur
1727 4234 1777 4285 in
1810 4232 1923 4286 Vat.
1956 4232 2020 4285 Ο.
2054 4233 2169 4306 Non

596 4302 782 4361 dubito
803 4308 930 4375 quin
962 4320 1083 4375 vera
1117 4303 1277 4357 lectio
1302 4304 1371 4355 sit
1392 4306 1606 4375 monuit.
1640 4302 1916 4371 Corruptae
1940 4304 2171 4357 nonnul-

597 4378 658 4429 la:
706 4374 874 4430 Plauti
921 4374 1185 4428 editiones
1225 4374 1552 4426 contrarium
1594 4388 1835 4427 errarent
1881 4381 2168 4427 tenuerunt

596 4448 789 4498 monuit
836 4446 957 4496 mihi
1008 4458 1102 4510 pro
1131 4444 1281 4495 movit
1313 4482 1326 4505 ,
1374 4443 1594 4495 Trucul.
1636 4453 1741 4497 act.
1794 4459 1867 4506 tv,
1921 4458 2074 4499 scen.
2116 4445 2165 4505 1,

599 4515 769 4567 Unum
815 4516 1010 4565 animos
1061 4514 1212 4564 movit
1265 4513 1425 4575 mihi,
1482 4528 1787 4580 quanquam
1840 4514 1928 4567 alii
1963 4514 2165 4581 legunt,

599 4583 765 4637 Unum
796 4585 995 4636 animus
1024 4582 1213 4634 monuit
1246 4598 1341 4634 me.
1371 4581 1555 4635 Mirum
1587 4593 1669 4635 est
1699 4592 1874 4635 autem
1908 4586 2046 4651 quod
2070 4600 2164 4637 au-

596 4662 711 4706 ctor
736 4653 1034 4707 dictiouarii
1069 4651 1416 4704 Taurinensis
1458 4668 1519 4704 ex
1565 4652 1664 4705 hoc
1706 4652 1873 4705 Plauti
1908 4656 2023 4708 Inoo
2053 4664 2165 4708 tan-

588 4740 749 4792 quam
780 4725 1109 4792 exploratum
1143 4720 1445 4785 tradiderit,
1470 4738 1646 4773 moneo
1669 4721 1951 4776 admittere
1982 4738 2161 4777 casum

632 4740 749 4777 uam
780 4740 1109 4792 ΘΧΡΙΟΙἮΠΙΠ]
1143 4740 1445 4785 ιηωιιιυῐιι,
1470 4740 1646 4773 moneo
1669 4740 1951 4776 aunttttere
1982 4740 2161 4777 casum

593 4740 777 4859 ﬂandi,
815 4795 964 4862 cujus
1000 4792 1317 4845 auctoritate
1348 4792 1461 4856 alii,
1499 4807 1605 4843 non
1636 4793 1899 4862 inspectis
1948 4794 2162 4859 optimis

594 4860 925 4937 editionibu‘s
942 4872 994 4937 e_t
1016 4866 1367 4937 interpretum
1393 4864 1607 4937 monitis
1624 4861 1733 4929 jam
1755 4860 1896 4937 inde
1919 4877 1948 4937 a
1976 4864 2186 4937 Came-1

592 4936 732 4989 rario
762 4934 1023 5003 repetitis,
1058 4933 1342 4987 obscuram
1387 4933 1516 4986 mihi
1566 4931 1731 5003 litem,
1754 4934 2032 4987 intendere
2064 4949 2156 4989 vo-

591 5006 799 5059 luerunt
820 5020 883 5059 ac
905 5005 1148 5073 probare,
1182 5019 1322 5073 teque
1343 5004 1493 5069 facile
1526 5002 1734 5057 defendi
1764 5018 1919 5068 posse
1942 5005 2161 5059 verbum

590 5093 766 5129 moneo
791 5091 910 5128 eum
962 5074 1140 5127 dativo
1168 5073 1460 5135 coltmrere,
1492 5089 1554 5126 ac
1586 5073 1873 5127 secundam
1917 5076 2159 5129 vocalem

590 5150 639 5199 iu
676 5148 866 5213 potitur
895 5159 1013 5198 esse
1039 5158 1396 5196 communem.
1430 5144 1529 5209 Qui
1568 5145 1610 5197 si
1655 5143 2026 5197 defensionem
2059 5146 2158 5197 ali-

587 5224 983 5284 qnamtentare
1027 5214 1212 5275 velint,
1258 5214 1416 5284 aliam
1457 5214 1593 5267 viam
1642 5213 1889 5267 insistere
1940 5213 2157 5279 debent,

590 5282 759 5353 neque
789 5296 988 5347 tamen,
1020 5284 1157 5351 quod
1192 5282 1396 5347 volu’nt,
1432 5292 1803 5350 assequentur.

658 5360 747 5409 68.
783 5357 882 5409 Pro
918 5356 1169 5409 frumenti
1216 5353 1442 5423 cumulis
1468 5368 1690 5423 aceruos
1728 5352 2039 5421 simpliciter
2072 5369 2165 5423 po-

585 5426 708 5478 suit.
745 5426 883 5479 Usus
905 5425 1151 5479 similiter
1179 5430 1262 5476 est
1290 5422 1567 5483 lloratjns.

658 5496 742 5548 η.
772 5496 845 5549 Ex
870 5496 968 5549 hoc
997 5496 1113 5548 loco
1136 5492 1375 5546 nonnulli
1414 5492 1666 5559 colligunt
1701 5493 1803 5557 vel,
1831 5505 1885 5547 ut
1928 5504 2071 5549 recte
2092 5496 2167 5550 ait

590 5564 857 5619 Fabricius
885 5567 936 5619 in
964 5564 1265 5619 Comment.
1300 5572 1440 5630 poet.
1469 5562 1693 5625 Christ.,
1750 5566 2037 5627 somniant,
2072 5567 2164 5619 Jo-

584 5636 807 5703 sephum
839 5637 905 5689 ab
936 5650 1099 5689 uxore
1143 5649 1357 5703 quoque
1403 5633 1697 5687 Pharaonis
1747 5632 1910 5689 fuisse
1961 5638 2166 5689 sollici-

586 5715 771 5759 latum.

655 5778 739 5830 76.
775 5776 826 5827 In
863 5773 973 5827 Vat.
1010 5777 1073 5837 Α,
1112 5776 1301 5838 clausa,
1335 5790 1491 5839 supra
1517 5772 1590 5825 rei
1619 5774 1780 5845 clara.
1815 5774 2038 5831 Putean.
2068 5791 2159 5845 pro

585 5844 791 5899 diversa
823 5846 1102 5911 scriptura,
1140 5847 1324 5895 (uequ
1356 5861 1448 5911 pro
1474 5844 1709 5903 tacenda.

2358 2895 2444 2945 77.
2482 2889 2955 2968 NotatAFabricius,
3013 2890 3373 2968 Prudentium
3409 2892 3608 2968 dicere,
3648 2913 3875 2968 evange-

2286 2966 2461 3019 Iistaltt
2493 2977 2578 3017 res
2605 2963 2884 3030 obscuras,
2934 2970 2987 3015 et
3014 2961 3318 3028 obsignatas
3362 2964 3412 3019 in
3441 2965 3584 3019 clara
3636 2968 3758 3023 lucc
3792 2961 3876 3026 'vi-

2284 3036 2448 3093 dissc.
2482 3032 2688 3088 nebulis
2714 3031 2955 3099 remotis,
2978 3032 3149 3101 ipsum
3176 3049 3301 3089 vero
3325 3034 3610 3101 Joannem,
3633 3053 3692 3092 se
3716 3042 3877 3097 fuisse

2286 3108 2336 3159 in
2367 3105 2556 3173 spiritu
2587 3102 2691 3175 vel,
2736 3111 2791 3175 ut
2842 3104 3168 3175 recentiores
3231 3104 3517 3175 loquuntur
3558 3109 3608 3161 in
3658 3114 3875 3174 erstnsi,

2286 3176 2589 3240 Sedulium,
2637 3174 2749 3227 hzec
2780 3174 2949 3240 ipsum
2989 3174 3248 3228 Joannem
3301 3176 3499 3230 vidisse
3544 3178 3596 3232 in
3648 3182 3875 3245 somnis,

2285 3246 2426 3314 quod
2452 3245 2705 3298 Nebrissa
2734 3254 2887 3299 antea
2926 3255 3224 3299 monuerat.
3260 3248 3328 3300 At
3359 3245 3683 3303 Prudentius
3712 3252 3875 3305 etiam

2289 3334 2376 3391 per
2396 3331 2631 3391 soporem
2660 3316 2919 3391 visionem
2952 3315 3508 3391 accidisse_aflirt_nat,
3559 3329 3615 3372 ut
3644 3336 3706 3373 ex
3744 3338 3876 3391 pne-

2283 3388 2491 3459 cedenti
2513 3385 2730 3459 stropha
2756 3385 2817 3438 iit
2836 3386 3196 3459 perspicuum.
3219 3385 3282 3443 Et
3303 3387 3579 3459 Sedulius,
3596 3385 3757 3459 quiem
3783 3393 3877 3447 Fa-

2286 3458 2487 3528 bricius
2513 3457 2770 3528 nominat,
2791 3456 3111 3528 cstipsemct
3140 3458 3521 3513 Prudettlittsin
3554 3456 3875 3528 Di'ttncltmn,

2282 3530 2423 3593 quod
2454 3527 2727 3599 Fabricius
2758 3526 2977 3599 Sedulio
3035 3527 3276 3599 ascribit.
3321 3529 3560 3599 Intelligo
3584 3573 3597 3596 ,
3636 3526 3877 3587 Pruden-

2284 3601 2414 3653 tium
2445 3598 2670 3667 mystice
2694 3597 2933 3665 loqui,et
2954 3598 3191 3652 exstasin
3224 3614 3414 3655 vocare
3444 3597 3711 3656 somnum.
3745 3604 3877 3659 Vide

2281 3670 2335 3723 S.
2366 3669 2887 3743 Bernardumserm.
2916 3668 2987 3743 52
3025 3668 3076 3721 in
3106 3670 3308 3723 cantica
3337 3711 3351 3731 ,
3397 3670 3477 3743 De
3504 3688 3735 3738 excessu,
3787 3677 3872 3743 qui

2280 3739 2642 3804 contemplatio
2684 3738 2870 3791 dicitur
2898 3779 2911 3801 ,
2955 3739 3005 3791 in
3044 3756 3142 3806 qua
3184 3756 3407 3808 sponsus
3452 3741 3579 3808 facit
3620 3738 3876 3812 quiacere

2279 3812 2526 3873 animant,
2556 3819 2660 3864 etc.

2350 3880 2439 3933 86.
2484 3880 2655 3934 Lucus
2676 3890 2758 3933 est
2804 3895 2866 3932 ex
2898 3894 3015 3951 cap.
3051 3894 3065 3932 ι
3096 3880 3343 3948 Apecal.,
3372 3897 3515 3938 vers.
3564 3883 3651 3951 l6,
3686 3883 3757 3936 Et
3785 3886 3873 3937 Im-

2280 3950 2419 4025 bebat
2445 3952 2494 4003 in
2520 3952 2725 4003 dextera
2745 3966 2836 4002 sua
2858 3950 3033 4003 stellas
3055 3962 3242 4025 septem
3266 3967 3283 4003 :
3307 3952 3445 4025 etde
3489 3970 3589 4025 ονε
3617 3950 3731 4025 ejus
3762 3958 3874 4025 gla-

2277 4023 2393 4075 dius
2420 4032 2633 4089 utraque
2666 4032 2808 4087 parte
2847 4030 3026 4073 acutus
3065 4020 3251 4074 exibat.
3303 4022 3526 4078 Miratur
3549 4020 3874 4079 Chai-dilar-

2276 4094 2377 4144 dus
2406 4108 2502 4144 cur
2534 4091 2851 4144 Prudentius
2909 4106 3120 4161 manum
3175 4091 3352 4160 gladio
3383 4102 3644 4148 armatam
3699 4096 3869 4161 dicat,

2274 4177 2397 4215 cum
2455 4177 2517 4215 ex
2572 4177 2668 4215 orc
2714 4161 2927 4231 prodire
2963 4160 3192 4231 gladium
3246 4160 3478 4218 Joannes
3520 4163 3779 4219 affirmet.
3813 4172 3873 4221 At

2280 4231 2599 4285 Prudentius
2632 4246 2972 4300 progressum
2997 4230 3155 4298 gladii
3188 4248 3249 4285 ex
3272 4248 3367 4288 ore
3395 4233 3462 4287 ad
3498 4252 3717 4290 manum
3749 4239 3870 4293 atti-

2276 4306 2370 4375 git.
2409 4304 2460 4356 ln
2488 4318 2580 4357 ore
2609 4304 2856 4375 Christus
2897 4310 3069 4375 gestat
3113 4302 3377 4375 gladium,
3410 4313 3467 4357 ut
3493 4304 3718 4361 verbum
3759 4306 3870 4375 net,

2274 4374 2384 4426 sive
2412 4374 2668 4435 sententia
2704 4375 2753 4427 iu
2782 4383 3020 4427 extremo
3044 4371 3242 4440 judicio
3274 4373 3538 4433 indicetur
3568 4393 3578 4427 :
3617 4378 3665 4428 in
3701 4371 3867 4432 inami

2276 4458 2423 4505 vero,
2459 4454 2515 4497 ut
2544 4457 2857 4512 progressus
2888 4442 2936 4494 in
2972 4444 3241 4510 puniendo
3276 4444 3608 4503 ostendatur.
3644 4446 3869 4501 l’salmo

2276 4530 2364 4590 vlt,
2394 4516 2623 4582 gladium
2645 4528 2795 4590 suum
2828 4512 3060 4590 tibi-abit.
3094 4513 3260 4567 Exodi
3288 4529 3373 4581 xv,
3429 4512 3729 4590 quginabo
3759 4521 3873 4590 gla-

2274 4585 2418 4637 dium
2454 4602 2651 4649 meum;
2694 4583 2961 4650 iitterﬁcict
2994 4598 3076 4635 eos
3128 4600 3308 4637 manus
3351 4600 3479 4640 mea.
3519 4583 3653 4643 Vide
3694 4583 3867 4642 inier-

2194 4684 2247 4745 D
2276 4665 2472 4745 “3‘55:

2343 4725 2428 4779 89.
2470 4726 2611 4789 llat.,
2642 4724 2906 4792 qutcsitus,
2938 4722 3095 4778 male.
3123 4723 3481 4792 Virgiliuslib.
3510 4742 3579 4790 vr,
3608 4726 3868 4792 ersitor

2274 4794 2443 4847 Minos
2478 4812 2658 4849 urnam
2684 4805 2865 4847 movet.

2342 4866 2429 4921 9‘2.
2474 4866 2818 4936 Drsumptnm
2850 4879 2913 4919 ex
2950 4867 3115 4932 Apoc.
3145 4880 3258 4936 sv,
3296 4864 3382 4936 14,
3439 4864 3504 4919 Εἰ
3549 4867 3793 4936 infernus
3824 4878 3869 4921 et

2272 4951 2408 5059 inor;
2433 4938 2571 4991 missi
2608 4930 2725 4991 sunt
2765 4935 2819 4987 in
2856 4930 3095 5004 stagnum
3137 4934 3292 5004 ignis.
3329 4930 3456 4995 Hazt:
3496 4945 3573 4995 est
3610 4930 3755 4993 mors
3790 4956 3866 4993 sc-

2272 5020 2363 5057 σιω
2407 5023 2459 5059 a.

2267 5020 2459 5059 cunaa.

2339 5077 2425 5132 95.
2464 5075 2826 5131 Nebrissensis
2858 5074 3076 5144 exponit
3119 5090 3344 5137 raucos,
3381 5076 3467 5145 qui
3492 5076 3690 5139 scilicet
3743 5090 3866 5133 sunt

2269 5146 2681 5199 iuunedicabétcs.
2712 5147 3037 5218 lnterpretor
3056 5147 3254 5218 medios
3276 5147 3412 5201 inter
3429 5148 3545 5215 pios
3566 5156 3623 5202 et
3641 5150 3862 5218 impius,

2268 5218 2469 5271 scilicet
2506 5218 2593 5283 qui
2628 5232 2796 5283 neque
2830 5217 3111 5271 sanctitate
3154 5217 3415 5279 eminent,
3448 5231 3622 5286 neque
3666 5217 3867 5273 inlide-

2268 5286 2429 5341 litatis
2461 5288 2684 5340 crimine
2717 5326 2733 5350 ,
2778 5294 2870 5339 aut
2924 5286 3044 5341 aliis
3092 5286 3420 5353 gravissimis
3457 5287 3864 5354 Opprimuntur.

2270 5360 2355 5409 Ait
2380 5359 2535 5425 igitur
2563 5368 2736 5424 poeta,
2772 5356 2938 5427 Deum
2960 5356 3089 5423 pati,
3122 5356 3298 5423 perire
3326 5370 3527 5426 paucos
3550 5371 3746 5427 eorum
3773 5360 3861 5427 qui

2269 5427 2510 5480 catholici
2551 5438 2697 5490 sunt,
2723 5436 2773 5479 et
2823 5426 3086 5495 siquando
3121 5428 3172 5481 in
3216 5434 3431 5495 peccata
3474 5426 3745 5493 incidunt,
3794 5426 3863 5483 de

2273 5496 2354 5549 his
2380 5496 2562 5549 dolere
2592 5506 2646 5550 ct
2678 5497 3041 5563 [militantium
3095 5512 3256 5563 agere
3303 5497 3540 5555 student.
3590 5497 3767 5552 Porro
3799 5502 3861 5552 li-

2268 5570 2375 5618 cuit
2399 5566 2687 5619 Prudentio
2711 5570 2779 5619 ita
2792 5566 3098 5627 existimare
3118 5566 3182 5621 de
3211 5566 3290 5621 sui
3320 5570 3580 5634 temporis
3599 5566 3863 5623 Christia-

2270 5637 2352 5688 nis
2383 5637 2675 5701 catholicis,
2705 5651 2838 5704 quos
2864 5637 3005 5691 serio
3034 5637 3101 5697 ad
3128 5636 3286 5691 vitam
3315 5643 3573 5699 mternam
3620 5640 3863 5699 maxima

2270 5721 2333 5759 ex
2360 5718 2508 5774 parte
2529 5707 2852 5760 contendere
2876 5708 3173 5771 constabat,
3197 5706 3437 5777 quamvis
3452 5707 3607 5777 multi
3632 5708 3860 5777 insigni,

2269 5787 2319 5828 et
2351 5772 2563 5831 hernica
2598 5776 2789 5842 pin‘tate
2822 5792 2924 5829 non
2952 5772 3269 5831 eminerent.
3305 5772 3534 5833 Gravioa
3560 5774 3711 5837 libro
3740 5772 3861 5830 Pla-

2272 5860 2345 5896 ωε
2380 5847 2442 5899 de
2468 5846 2715 5898 Paradisu
2750 5859 2899 5912 caput
2927 5847 3117 5913 adjecit
3147 5847 3213 5899 de
3259 5844 3447 5913 majori
3487 5857 3717 5900 immero
3751 5849 3864 5901 salo
