4102 6348
564 352 669 413 839

811 475 889 532 Te
913 475 1197 532 chrismate
1228 476 1545 533 innotatum.

737 568 899 640 308
920 568 1043 637 Fac,
1066 584 1183 625 cum
1208 578 1426 625 vocante
1448 583 1637 625 somno

810 657 1022 713 Castam
1048 660 1182 726 petis
1206 660 1400 727 cubile,

808 748 1081 815 Frontem,
1116 750 1394 820 locumque
1420 764 1450 805 c
1474 750 1598 805 crdis

809 840 995 896 Crucis
1026 841 1187 911 ﬁgura
1217 844 1408 912 signet.

738 934 879 989 Crux
910 934 1233 1004 pellitomne
1260 936 1459 990 crimen
1494 956 1507 989 :

813 1024 1041 1096 Fugiunt
1060 1039 1271 1081 crucem
1301 1024 1537 1081 tenebras
1565 1045 1577 1077 :

811 1115 924 1169 Tali
955 1114 1125 1171 dicata
1152 1116 1303 1185 signo

814 1206 959 1261 Mens
988 1206 1245 1265 ﬂuctuare
1265 1208 1456 1264 nescit.

485 636 675 715 'tso

573 1114 673 1169 155

1600 352 1872 409 AUBELII
1914 350 2279 411 PRUDENTII
2315 353 2639 411 CARMINA.

2150 480 2206 541 Δ

3693 348 3805 408 840

2404 478 2617 542 Procul,
2650 491 2682 531 o
2708 475 2888 545 procul
2917 480 3200 543 vagantum

2482 569 2732 625 Portenta
2762 567 3113 622 somniorum.

2491 660 2679 716 Procul
2708 668 2826 715 esto
2850 657 3111 728 pervicaci

2485 750 2648 822 309
2679 748 3035 819 Praestigiator
3060 755 3198 801 astu.

2415 842 2460 898 Ο
2488 851 2726 898 tortuose
2755 855 2998 910 serpens,

2488 932 2589 999 Qui
2624 930 2767 986 mille
2792 945 2890 1000 per
2917 928 3232 992 Maeandros,

2492 1022 2833 1091 Fraudesque
2860 1020 3128 1076 ﬂexuosas

2489 1115 2672 1195 Agitas
2696 1115 2873 1186 quieta
2897 1114 3082 1178 corda,

2237 1209 2343 1265 145
2417 1207 2665 1276 Discede,
2692 1206 2941 1263 Christus
2969 1206 3057 1263 hic
3082 1215 3166 1264 est
3190 1225 3202 1260 :

2239 750 2343 807 110

1877 1298 2156 1356 GLOSSlE
2192 1299 2529 1357 VETERES.

644 1393 764 1450 151..
800 1392 1070 1457 Frontem,
1120 1402 1246 1458 etc.,
1277 1394 1383 1447 Iure
1412 1402 1530 1447 sunt
1560 1394 1661 1446 duo
1706 1395 1797 1447 illa
1839 1392 2134 1463 superlimi-

574 1467 719 1519 naria
744 1479 857 1531 qua:
900 1464 1144 1533 sanguine
1170 1464 1288 1533 agni
1311 1464 1604 1517 videbantur
1629 1464 1830 1533 aspergi
1860 1479 1875 1514 :
1909 1464 1983 1516 sic
2002 1464 2133 1527 enim

575 1538 715 1605 frons
744 1532 1123 1605 superliminare
1158 1532 1357 1605 capitis,
1386 1534 1458 1605 sic
1502 1544 1548 1587 et
1595 1532 1695 1587 cor
1723 1533 2131 1603 superliminare,

574 1602 620 1659 et
667 1602 945 1671 principale
988 1602 1227 1671 pectoris,
1256 1602 1369 1655 Vat.
1402 1604 1465 1657 A.

646 1674 767 1729 159.
810 1674 1098 1737 Pervicaci,
1130 1673 1395 1743 pertinaci,
1426 1673 1785 1743 perseveranti,
1812 1671 1918 1727 Iso.

643 1747 764 1801 140.
808 1732 1180 1813 Praestigiator,
1215 1732 1551 1811 prwstrigpum
1579 1732 1783 1796 dicitur'
1803 1751 2084 1797 monstrum
2108 1758 2139 1796 a
2168 1732 2218 1794 ι

2242 1397 2667 1468 ρνωσιήηςεηάο,
2708 1397 2746 1468 iA.
2798 1411 2845 1451 e.
2884 1394 3147 1450 illudendo
3199 1395 3468 1462 improvise
3517 1394 3707 1448 oeulos.
3742 1423 3813 1435 -—

2240 1465 2394 1521 Astu.
2418 1465 2683 1529 astutione,
2720 1465 2761 1522 Ι.

2477 1532 3086 1618 Μωαηρςοε,ᾘωᾳῃάρ
3108 1534 3292 1618 (larius
3321 1532 3486 1618 Caria:
3517 1532 3704 1613 faciens
3732 1551 3789 1613 re

2239 1605 2518 1661 volutiones
2548 1606 2895 1667 multimodas.
2935 1606 3038 1660 Sed
3067 1604 3150 1658 hic
3178 1606 3285 1671 ipse
3321 1605 3507 1673 ﬂuvius
3552 1619 3643 1674 pro
3689 1604 3815 1671 ipsis

2240 1676 2457 1747 ﬂexibus
2476 1678 2724 1747 serpentis
2752 1677 3114 1741 introducitur,
3145 1674 3185 1730 l.

1913 1826 2469 1888 COMMENTARIUS.

574 1924 864 1998 provisum.
892 1922 1296 1998 Vid_c__Lup_ium,
1320 1923 1532 1998 dissert.
1558 1925 1607 1998 l_.
1640 1939 1787 1998 num.
1815 1924 1886 1979 23
1915 1938 1969 1998 et
1997 1938 2137 1998 seq.,

573 1993 628 2052 et
652 1995 965 2064 scriptorem
989 1993 1122 2047 Vitae
1143 1994 1200 2048 S.
1231 1993 1439 2048 Ottonis
1466 1995 1602 2062 apud
1634 1995 1850 2049 Surium
1890 1994 1956 2047 ad
1998 1994 2139 2047 diem

574 2067 609 2121 2
635 2065 779 2131 Julii,
808 2064 896 2118 ubi
917 2064 991 2117 ait
1020 2080 1032 2114 :
1067 2064 1313 2117 Sacerdos
1342 2080 1481 2128 vero,
1512 2066 1597 2134 qui
1628 2065 1694 2116 ad
1715 2081 1930 2132 cuppam
1956 2065 2138 2128 stabat,

576 2152 689 2190 eum
730 2135 949 2188 audisset
978 2134 1143 2201 potius
1185 2150 1335 2201 quam
1381 2135 1602 2198 vidisset,
1639 2135 1775 2204 quod
1804 2134 1988 2201 aliquis
2014 2144 2141 2204 esset

578 2209 633 2258 in
657 2221 808 2273 aqua,
836 2205 943 2257 velo
968 2204 1233 2271 paululum
1259 2212 1445 2264 amoto,
1471 2205 1603 2256 trina
1623 2202 1940 2257 immersione
1960 2202 2143 2272 capitis

581 2276 719 2329 illius
746 2274 1039 2344 mysterium
1064 2274 1361 2344 sacramenti
1381 2274 1597 2344 per/icit.

654 2345 774 2398 128.
803 2342 1083 2405 Heinsius,
1108 2344 1205 2397 etsi
1236 2344 1285 2395 in
1313 2343 1427 2395 Put.
1457 2351 1512 2397 et
1536 2342 1655 2396 aliis
1674 2357 1739 2397 ex
1764 2342 2143 2399 vetustioribus

578 2414 839 2469 invenerit
863 2414 1165 2477 innotatum,
1214 2421 1388 2466 tamen
1436 2414 1711 2481 amplexus
1739 2420 1823 2468 est
1849 2414 2143 2465 innovatum

577 2500 697 2549 cum
728 2484 881 2539 codd.
908 2484 1158 2552 quinque,
1190 2492 1243 2536 et
1269 2481 1441 2537 Oxon.
1475 2484 1528 2537 iu
1561 2498 1753 2551 marg.,
1792 2491 1847 2538 et
1873 2482 2143 2539 Gronovio

578 2556 630 2609 iu
658 2554 931 2609 Observat.
965 2554 1156 2609 eccles.
1193 2552 1331 2611 ﬁat..
1362 2554 1508 2608 Sich.
1540 2562 1590 2606 et
1616 2552 1820 2608 Hailsb.
1854 2567 2012 2620 supra
2045 2567 2137 2620 pa-

576 2625 703 2679 riter
731 2627 1039 2683 innovatum.
1067 2623 1205 2692 quod
1234 2631 1409 2677 exstat
1446 2624 1605 2677 etiam
1651 2624 1702 2676 in
1731 2623 1883 2687 Urb.,
1921 2622 2061 2677 Vatt.
2089 2623 2140 2688 Ι,

575 2697 639 2761 υ,
672 2695 734 2762 Q,
769 2693 922 2761 cujus
946 2694 1117 2759 glossa
1147 2703 1231 2748 est
1253 2693 1537 2763 signatum;
1559 2701 1612 2747 et
1648 2702 1860 2748 secutus
1900 2702 1982 2748 est
2005 2692 2142 2748 Teo-

578 2765 698 2830 lius,
727 2779 792 2817 ne
830 2764 898 2816 ab
927 2764 1141 2817 Heinsio
1170 2762 1489 2817 discederet.
1523 2764 1664 2831 Lego
1688 2777 1806 2817 cum
1836 2762 2141 2817 vetustissi-

577 2836 677 2888 mis
706 2834 929 2897 Heinsii,
959 2833 1102 2903 Ald,
1123 2833 1258 2903 Vatt.
1284 2834 1347 2896 Α,
1377 2834 1439 2898 B,
1466 2833 1527 2895 P,
1551 2833 1727 2897 Alcm,
1754 2832 1941 2897 Nebr.,
1961 2832 2141 2903 Prag.,

576 2904 755 2971 Cold.,
783 2904 974 2973 Bong.,
1005 2902 1184 2966 Fabr.,
1218 2901 1329 2955 Gis.
1369 2914 1423 2973 et
1471 2903 1611 2967 aliis,
1639 2904 1944 2973 innotatum,
1999 2901 2141 2972 quod

580 2975 803 3028 miriiice
832 2973 886 3026 in
918 2976 1053 3026 hunc
1084 2974 1257 3026 locum
1288 2972 1530 3040 quadrat.
1568 2972 1886 3037 Prudentius
1912 2974 2143 3040 loquitur

578 3046 647 3097 de
698 3051 1032 3097 sacramento
1083 3042 1522 3107 conﬁrmationis,
1552 3041 1692 3111 quod
1730 3058 1759 3096 a
1805 3055 2141 3098 sacramento

584 3114 832 3181 baptismi
862 3120 1043 3181 aperte
1074 3114 1157 3167 hic
1195 3123 1246 3165 et
1276 3112 1399 3165 alibi
1439 3114 1732 3177 distinguit.
1768 3113 1973 3168 Dictum
2013 3128 2140 3168 vero

578 3184 1107 3275 fuit‘sacrameptusn‘
1121 3182 1547 3275 ‘coniirmstioitis.
1568 3184 1807 3275 chrisma,
1835 3184 2138 3275 quiasacra
2166 3209 2213 3275 ρ

578 3254 826 3308 unctione
858 3255 1203 3323 peragebatur
1227 3270 1238 3305 :
1273 3255 1411 3320 quod
1433 3254 1666 3310 chrisma
1695 3255 1941 3323 ampulla:
1970 3256 2139 3310 inclu-

575 3341 693 3379 sum
719 3326 918 3379 servari
946 3325 1157 3395 solitum
1188 3325 1239 3378 in
1270 3325 1526 3389 Ecclesia,
1558 3327 1821 3395 colligitur
1846 3342 1908 3379 ex
1948 3325 2141 3394 Optato

498 3418 502 3423 ·
576 3406 755 3451 contra
790 3394 1191 3450 Parmenionem
1242 3395 1333 3449 lib.
1391 3412 1444 3450 ιι.
1500 3396 1605 3449 Ilac
1659 3394 1789 3450 vace
1834 3396 2139 3451 chrismatis

576 3464 996 3520 conﬁrmationis
1026 3476 1415 3521 sacramentum
1466 3466 1733 3536 appellant
1762 3466 2137 3529 Tcrtullianus.

577 3536 891 3604 Cyprianus,
915 3537 1256 3605 Augustinus,
1284 3536 1513 3606 Cyrillus
1536 3536 1924 3591 Alexandrinus
1944 3537 2139 3605 aliique

576 3608 745 3659 multi.
779 3606 1036 3671 Quoniam
1068 3621 1195 3659 vero
1228 3607 1373 3676 frons
1412 3608 1760 3661 conﬁrmandi
1791 3608 1857 3661 ab
1886 3608 2140 3676 episcopo

577 3689 729 3729 sacro
754 3678 1041 3730 chrismate
1088 3675 1417 3744 signabatur,
1449 3676 1611 3742 ﬁgura
1642 3678 1814 3730 crucis
1860 3675 2136 3746 inscripta,

577 3746 697 3799 ideo
728 3760 919 3799 nomen
950 3746 1227 3814 signaculi,
1258 3756 1347 3800 aut
1398 3747 1556 3815 sigilli
1603 3746 1773 3799 eidem
1804 3756 2141 3803 sacramento

578 3814 941 3885 tribuebatur;
998 3829 1101 3881 quo
1132 3815 1344 3885 nomine
1374 3814 1465 3868 usi
1484 3826 1606 3869 sunt
1657 3816 1971 3885 Cyprianus,
2002 3816 2138 3872 Cor-

579 3884 749 3937 nelius
782 3898 933 3950 papa.
969 3884 1277 3938 Ambrosius
1320 3894 1372 3939 et
1416 3884 1526 3937 alii.
1564 3884 1744 3953 Itaque
1796 3884 2137 3953 Prudentius,

576 3952 992 4027 duobus_verbis
1032 3954 1138 4008 duo
1166 3954 1277 4027 hate
1325 3956 1537 4009 nomina
1567 3952 1895 4027 complexus,
1924 3952 2140 4027 egregie

576 4023 728 4087 dixit,
769 4022 841 4076 Te
868 4024 1136 4077 chrismate
1163 4024 1465 4090 innotatum,
1497 4036 1549 4080 ct
1605 4022 1738 4079 infra
1768 4022 2013 4093 explicat,
2044 4022 2141 4081 cur

573 4094 1114 4165 iunot'atumidixerit,
1150 4095 1367 4165 signum,
1398 4096 1535 4160 quod
1587 4096 1695 4162 ipse
1747 4096 1897 4149 nosti.
1939 4096 2137 4153 Eodem

574 4164 841 4239 pegtiucut
867 4164 1145 4239 Psychom.
1179 4164 1491 4239 ὑμέας-558
1519 4173 1573 4219 et
1600 4168 1956 4239 seqq._Apoc_.
1992 4181 2135 4222 vers.

574 4233 676 4287 487
705 4244 757 4287 et
784 4233 958 4303 seqq.,
983 4235 1179 4304 hymno
1205 4235 1237 4289 9
1262 4233 1581 4290 Cath.'vers.
1608 4233 1697 4298 84,
1715 4233 1813 4289 lib.
1838 4233 1853 4288 ἰ
1884 4235 2138 4293 adversus

572 4304 969 4377 Symmachum,
1002 4318 1140 4377 vers.
1169 4306 1293 4359 587.
1330 4304 1480 4360 Unde
1514 4322 1714 4377 sacrum
1757 4306 1943 4374 referat
1978 4310 2139 4377 regali

576 4374 845 4427 chrismate
864 4375 1084 4445 signum.
1101 4374 1240 4428 Cave
1268 4389 1395 4445 ergo
1416 4390 1446 4429 a
1462 4376 1714 4440 Cellario,
1730 4377 1819 4445 qui
1840 4392 1945 4432 non
1966 4374 2135 4432 solum

572 4444 865 4514 innovatum
915 4444 1146 4509 prmiert,
1192 4444 1284 4497 sed
1329 4444 1461 4499 falso
1489 4446 1666 4507 tradit.
1694 4444 1950 4514 quosdam
1979 4447 2136 4503 codd.

577 4512 771 4566 habere
798 4514 1101 4577 innotatum,
1135 4514 1310 4581 plures
1337 4518 1650 4569 innovatum.
1670 4512 1972 4571 Concedam
1999 4518 2138 4577 nihi-

576 4580 827 4633 lominus.
878 4581 929 4633 itt
978 4582 1291 4633 uuibusdam
1337 4584 1492 4633 codd.
1547 4587 1767 4633 vetustis
1810 4594 1865 4633 et
1913 4588 1965 4633 in
2012 4582 2138 4633 Bm.

597 4594 827 4643 ominus,
878 4596 929 4634 tu

580 4651 744 4705 viario
771 4650 929 4705 etiam
961 4650 1294 4706 Mozarabico
1314 4668 1432 4708 esse
1473 4656 1782 4706 innovatum.
1812 4654 1947 4710 Vide
1976 4656 2141 4711 Baro-

574 4720 719 4793 nium
750 4721 813 4774 ad
840 4735 925 4775 an.
956 4721 1045 4793 55,
1076 4735 1195 4790 pag.
1228 4722 1333 4793 268
1378 4732 1431 4777 et
1476 4738 1626 4793 seqq.
1648 4762 1664 4786 ,
1714 4725 1801 4791 qui
1845 4724 2141 4782 istiusmodi

574 4791 895 4855 unctionem,
926 4791 993 4861 ab
1020 4791 1283 4861 episcopis
1306 4795 1356 4846 in
1384 4791 1568 4847 fronte
1587 4791 1877 4861 peractam,
1904 4810 2022 4850 esse
2048 4811 2139 4849 sa-

576 4874 909 4931 cramentum
937 4860 1134 4916 diserte
1165 4860 1371 4930 probat.
1399 4863 1533 4931 Quid
1567 4860 1744 4917 autem
1784 4862 1993 4918 diﬁ‘erat
2033 4880 2137 4920 un-

569 4930 676 4991 ctio
702 4930 816 4986 hanc
843 4930 910 4985 ab
939 4932 1062 4995 alia,
1086 4947 1240 5001 quam
1269 4930 1564 5002 presbyteri
1588 4933 1841 4989 adhibent
1859 4934 1912 4987 in
1932 4937 2133 4991 vertice

568 5002 694 5054 dum
729 5002 1016 5072 baptizant,
1048 5002 1316 5069 explicant
1343 5004 1691 5058 Bellarminus
1740 5005 1938 5072 altique
1979 5006 2132 5061 theo-

569 5071 693 5137 logi.
716 5071 799 5125 Cl.
834 5072 1041 5143 Bestius
1072 5072 1164 5143 libi.
1196 5088 1338 5126 xxstt
1363 5074 1430 5127 de
1454 5073 1643 5127 Theol.
1678 5071 1989 5143 Disc.,’cap.
2037 5076 2125 5141 10,

569 5157 673 5195 non
705 5142 882 5210 inepte
909 5141 989 5213 his
1016 5142 1258 5213 versibus
1272 5144 1465 5213 utitur,
1496 5144 1581 5197 ubi
1622 5146 1730 5213 agit
1758 5144 1823 5198 de
1845 5141 1994 5213 alapa
2025 5161 2127 5213 qua

566 5213 910 5265 conﬁrmatus
935 5211 1124 5265 leviter
1152 5212 1391 5275 caeditur,
1413 5212 1587 5266 Cultor
1616 5211 1713 5267 Dei
1733 5211 2004 5280 momento,
2022 5211 2126 5269 etc.

568 5282 872 5335 Lectionem
904 5297 1031 5335 vero
1062 5289 1298 5335 nostram
1330 5285 1618 5335 innotatum
1662 5286 1977 5338 conﬁrmant
2002 5299 2126 5339 ver-

568 5365 659 5404 sus
688 5362 992 5420 sequentes,
1026 5351 1111 5404 ubi
1141 5352 1314 5405 crucis
1339 5352 1503 5420 ligura
1529 5353 1949 5406 commendatur.

643 5422 761 5473 129.
807 5421 960 5474 Brev.
985 5421 1139 5484 Moz.,
1169 5437 1435 5485 somnum;
1461 5422 1665 5488 corrige
1685 5438 1877 5475 somno.

638 5490 760 5542 132.
799 5492 965 5554 Quam
993 5506 1211 5557 magnus
1241 5491 1292 5543 in
1321 5490 1486 5544 veteri
1510 5490 1744 5545 Ecclesia
1776 5494 1946 5547 honor
1979 5493 2124 5549 cruci

568 5557 721 5611 fuerit
750 5560 978 5623 habitus,
1011 5569 1272 5615 testantur
1310 5562 1673 5629 antiquissima
1706 5573 2044 5617 monumenta
2074 5573 2130 5619 et

568 5628 962 5701 inscriptiones.
990 5630 1118 5685 Vide
1141 5628 1509 5701 Aringhum’in
1539 5630 1778 5701 pluriuth
1804 5633 1983 5687 Romae
2004 5634 2129 5687 sub-

568 5706 827 5752 terranea:
860 5699 1010 5771 locis,
1036 5699 1673 5771 aliosqueautiquitatum
1704 5699 2127 5758 Christianarum

568 5770 875 5836 scriptores.
913 5769 983 5821 De
1012 5769 1389 5825 consuetudine
1415 5769 1543 5823 vero
1576 5771 1814 5837 signandi
1846 5786 1961 5834 cor,
1986 5772 2129 5829 fron-

2245 1932 2355 1977 tem
2380 1929 2436 1976 et
2478 1935 2595 1983 ora,
2624 1921 2810 1976 confer
2833 1919 3143 1977 Gretzerum
3176 1920 3242 1975 de
3270 1920 3441 1975 Cruce
3462 1918 3555 1974 lib.
3588 1932 3662 1980 tv,
3689 1931 3814 1988 cap.

2242 1992 2336 2056 51,
2369 1992 2594 2061 aliisque
2639 1991 2835 2059 passim
2884 1992 3015 2046 locis
3064 1991 3304 2061 praeclari
3354 1989 3701 2061 ejusoperis.
3752 1991 3813 2044 S.

2242 2058 2567 2119 Athanasius
2588 2058 2740 2117 initio
2760 2062 3018 2116 orationis
3048 2058 3231 2117 contra
3261 2060 3395 2114 idola
3422 2078 3433 2112 :
3462 2058 3523 2115 Si
3548 2061 3682 2113 enim
3704 2068 3821 2128 post

2241 2135 2407 2187 crucis
2434 2134 2702 2187 adventum
2732 2132 2893 2186 omnis
2930 2132 3318 2184 simulacrorum
3342 2131 3509 2183 cultus
3533 2142 3820 2183 summatus

2243 2213 2337 2268 est,
2360 2204 2625 2270 omniaque
2646 2202 2931 2255 dwmonum
2958 2203 3216 2271 prtestigia
3237 2200 3331 2253 Itoc
3352 2201 3494 2270 signa
3514 2200 3820 2267 propellun-

2242 2282 2343 2337 tur,
2368 2282 2471 2328 etc.
2500 2272 2819 2327 Prudentius
2859 2272 3015 2339 paulo
3044 2283 3185 2341 post
3207 2272 3632 2341 prastigiatorem‘
3659 2278 3819 2341 vocat

2244 2343 2562 2398 daemonem.
2587 2343 2726 2396 Inter
2752 2338 3114 2395 alia’vetertim
3142 2339 3339 2409 aliquot
3386 2340 3573 2395 Gallia:
3599 2338 3813 2393 theolo-

2242 2428 2429 2481 gorum
2451 2414 2644 2481 scripta
2670 2411 2884 2468 Parisiis
2902 2411 3058 2479 1586,
3082 2421 3255 2467 exstat
3276 2425 3491 2465 carmen
3504 2410 3816 2481 bucolicum

2242 2479 2422 2538 Severi
2472 2479 2647 2538 Sancti
2692 2496 2787 2537 seu
2819 2481 3067 2536 lthetoris
3112 2482 3181 2536 de
3220 2482 3474 2536 Mortibus
3504 2479 3689 2543 boum,
3721 2480 3815 2533 ubi

2244 2554 2347 2609 hoc
2374 2553 2687 2608 miraculum
2712 2562 2992 2605 enarratur
3016 2568 3028 2603 ι
3064 2551 3177 2605 Hoc
3206 2553 3406 2620 signum
3435 2550 3615 2620 mediis
3664 2555 3811 2618 fran-

2242 2624 2374 2679 tibus
2403 2623 2634 2676 additum
2664 2621 2971 2676 Cunctorum
3000 2619 3411 2690 pecudumcerta
3429 2619 3570 2674 salus
3597 2622 3716 2688 fuit.

2318 2695 2437 2749 155.
2483 2694 2538 2746 lu
2570 2708 2678 2747 uno
2706 2708 2770 2746 ex
2817 2692 3198 2761 antiquissimis
3228 2691 3494 2745 Vaticanis
3523 2690 3817 2761 heterodo-

2244 2778 2344 2818 xus
2372 2764 2563 2831 aliquis
2594 2762 2658 2817 ad
2686 2754 2977 2830 marginem
3003 2763 3205 2817 recenti
3228 2776 3385 2816 manu
3433 2754 3609 2830 posuit
3637 2778 3651 2813 :
3678 2760 3812 2831 Non

2245 2834 2383 2888 bene.
2415 2834 2511 2888 SS.
2544 2833 2747 2896 Patres,
2770 2833 2861 2902 qui
2890 2832 3093 2887 Domini
3125 2847 3336 2887 crucem
3367 2832 3451 2884 his
3472 2841 3527 2886 et
3547 2830 3815 2902 similibus

2244 2904 2526 3029 Ermconiis
2565 2901 2831 2973 prosecuti
2882 2912 3025 2967 sunt,
3065 2903 3182 2957 vide
3210 2902 3347 2972 apud
3397 2902 3713 2958 Gretzerum
3746 2901 3816 2957 de

2290 2990 2430 3029 ruce.

2290 2990 2430 3029 l'llce.

2316 3046 2437 3100 135.
2477 3044 2533 3099 ln
2566 3044 2719 3099 Brev.
2754 3043 2912 3106 Moz.,
2946 3045 3089 3108 tales,
3124 3045 3282 3109 male,
3311 3056 3408 3111 pro
3437 3044 3553 3099 tali.

2314 3117 2437 3171 157.
2481 3115 2662 3178 Aldus,
2694 3113 2906 3179 Procul,
2927 3116 3125 3185 procul,
3150 3115 3349 3169 omisso
3377 3130 3427 3179 o,
3460 3114 3603 3183 quod
3628 3115 3816 3185 caueri

2244 3186 2461 3243 habent.
2491 3189 2669 3256 Alex.,
2702 3184 2985 3256 vagantium
3015 3201 3109 3254 pro
3148 3194 3462 3256 vagantums
3496 3185 3579 3238 ld'
3600 3184 3669 3256 ob
3698 3200 3816 3256 tric-

2244 3268 2383 3313 trttm
2415 3254 3125 3312 retinendumJPrudentium
3147 3254 3355 3310 videtur
3378 3254 3613 3309 imitatus
3633 3254 3689 3308 S.
3707 3255 3817 3307 Eu-

2242 3328 2428 3399 genius
2457 3327 2753 3399 Toletanus
2796 3327 3078 3399 episcopus
3126 3327 3384 3396 epigram.
3423 3325 3675 3399 29.npag.
3720 3326 3817 3388 '52,

2245 3395 2383 3453 inter
2407 3413 2573 3467 opera
2596 3397 2691 3453 SS.
2727 3395 3391 3467 Patrum_'l'o|et.-inorum,
3416 3395 3594 3467 studio
3635 3406 3688 3451 et
3716 3411 3818 3449 ex-

2282 3465 2515 3524 cusis—0.
2560 3466 2828 3522 Francisci
2858 3466 2925 3521 de
2953 3465 3257 3521 Lorensana
3288 3465 3675 3535 archiepiscopi
3703 3467 3816 3523 To-

2264 3539 2405 3593 etani
2436 3539 2576 3593 edita
2604 3556 2614 3589 :
2648 3536 2835 3591 Versus
2863 3553 3021 3606 supra
3057 3538 3240 3589 lectum
3261 3553 3279 3590 :
3310 3534 3535 3606 Imperat
3576 3534 3813 3604 omnipo-

2244 3618 2397 3689 tens,_
2430 3609 2608 3689 pro_c_ul
2654 3608 2904 3689 o_procul
2942 3607 3136 3677 effuge,
3181 3608 3408 3689 daemon,
3461 3616 3565 3689 etc.
3602 3606 3820 3689 'Coufer

2245 3676 2485 3749 ejusdem
2516 3676 2736 3747 Eugenii
2764 3690 2952 3749 versus
2982 3676 3141 3749 supra
3181 3676 3375 3749 lectum
3418 3684 3557 3749 part.
3601 3676 3638 3749 2
3685 3691 3819 3743 ope-

2244 3745 2384 3814 rum,
2411 3750 2579 3820 epigr.
2600 3745 2643 3803 ‘5
2670 3756 2723 3803 et
2751 3749 2804 3815 4,
2828 3748 2916 3803 ubi
2946 3750 3016 3802 ait
3042 3745 3061 3799 ξ
3080 3745 3255 3800 Crucis
3275 3746 3425 3800 alma
3445 3748 3553 3814 fero
3578 3747 3781 3819 signum
3798 3763 3817 3801 :

2337 3836 2381 3873 e.
2406 3827 2623 3873 daemon.

2244 3821 2381 3891 fuge,
2406 3827 2623 3873 daemon.

2315 3891 2440 3945 140.
2480 3890 2698 3944 Heinsio
2726 3903 2832 3944 non
2862 3887 3111 3959 displicet
3156 3887 3309 3957 origo
3349 3896 3404 3942 et
3432 3887 3815 3956 orthographia

2241 3960 2433 4029 glossa:
2458 3959 2511 4015 in
2543 3959 3062 4032 priestrigiator.__Alii
3103 3959 3342 4013 scribunt
3368 3960 3641 4029 prastigia:
3660 3959 3814 4032 quasi

2304 4032 2519 4100 testegia:
2544 4028 2572 4081 a
2596 4028 2895 4100 tego,'quod
2926 4028 3151 4083 illudant
3180 4028 3574 4100 prietegantque
3601 4030 3813 4100 oculos.

2268 4102 2389 4155 dem
2421 4098 2669 4154 Heinsius
2696 4098 2871 4155 tuetur
2897 4108 3011 4153 actu
3036 4113 3130 4161 pro
3169 4107 3282 4151 astu
3311 4112 3429 4153 cum
3462 4098 3605 4159 Put.,
3634 4098 3814 4161 Egm..

2244 4114 2389 4155 luem
2421 4114 2669 4154 nemsnus
2696 4114 2871 4155 tuetur
2897 4114 3011 4153 artu
3071 4114 3130 4152 ro
3169 4114 3282 4151 astu
3311 4114 3429 4153 cum
3462 4114 3605 4159 νυι..
3774 4138 3814 4161 ..

2241 4180 2295 4225 et
2320 4171 2503 4225 Noms.
2538 4170 2674 4225 Malo
2719 4180 2832 4223 astu
2860 4186 2980 4223 cum
3026 4114 3171 4233 Kld.,
3199 4167 3416 4232 Weitz.,
3448 4114 3814 4234 Nebr.,l€i:.,

2241 4240 2422 4304 Alex.,
2449 4240 2590 4294 Vatt.
2624 4245 2661 4293 Α
2690 4240 2831 4304 etB,
2860 4238 2999 4304 Rat.,
3033 4238 3186 4307 Prag.
3220 4246 3274 4292 et
3293 4238 3433 4293 aliis.
3470 4237 3682 4293 Etenim
3712 4253 3813 4291 co-

2244 4310 2411 4365 haeret
2438 4325 2627 4365 sensus
2654 4326 2667 4361 :
2699 4310 3061 4379 prwstigiatar,
3088 4324 3291 4374 serpens
3308 4317 3565 4379 tortuose,
3597 4310 3814 4379 frgudes

2245 4381 2539 4449 postulant,
2568 4380 2668 4449 legi
2696 4376 2809 4433 astu
2839 4376 3103 4447 pertinaci.
3134 4377 3527 4432 Chamillardus
3557 4376 3611 4432 et
3637 4376 3815 4449 Cella-

2242 4448 2355 4504 rius
2386 4448 2658 4505 Heinsium
2682 4452 2847 4504 secuti
2878 4458 3020 4502 sunt.
3054 4451 3105 4501 lu
3139 4449 3293 4503 Brev.
3323 4448 3481 4511 Lion,
3512 4459 3640 4501 testu
3667 4448 3816 4502 vide-

2245 4529 2329 4573 tur
2352 4535 2417 4575 ex
2445 4530 2577 4573 astu.
2608 4519 2820 4574 Teolius
2844 4517 3061 4587 praefert
3087 4530 3204 4572 actu
3230 4532 3296 4571 ex
3329 4517 3676 4581 membranis,
3704 4534 3816 4573 non

1016 4582 1291 4637 uibusdam
1337 4584 1492 4639 codd.
1547 4587 1767 4639 vetustis
1810 4594 1865 4640 et
1913 4588 1965 4640 in
2011 4582 2374 4643 Bre-Dastu.
2428 4590 2532 4646 Sed
2580 4589 2737 4644 etiam
2794 4582 3119 4643 membrana:
3184 4590 3560 4643 vetustissimae
3611 4588 3818 4644 habent

2241 4669 2373 4713 astu.
3418 4710 3419 4713 η

2315 4729 2436 4785 Ml.
2480 4730 2757 4784 Diabolum
2808 4738 3110 4799 serpentem
3154 4737 3447 4783 tortuosum
3478 4728 3664 4799 plures
3706 4727 3813 4783 SS.

2240 4799 2427 4855 Patres
2471 4800 2762 4868 appellant.
2836 4797 3113 4866 Philippus
3164 4800 3463 4867 presbyter,
3512 4797 3815 4866 discipulus

2238 4869 2295 4923 S.
2332 4870 2663 4940 llieronymi,
2700 4870 2751 4923 in
2798 4883 2915 4935 cap.
2946 4885 3071 4923 sxw
3098 4868 3237 4940 Johi,
3270 4868 3484 4940 Calaber
3526 4877 3814 4932 tortuosa,

2238 4940 2412 5005 utique
2430 4940 2518 4993 ille
2539 4939 2769 5007 serpens,
2801 4940 2885 5005 qui
2915 4950 2986 4992 est
3014 4939 3248 4991 callidior
3266 4939 3497 4992 omnibus
3535 4940 3817 5007 animatus}
3878 4998 3883 5003 ἡ

2240 5008 2330 5061 bus
2356 5025 2505 5077 super
2534 5006 2733 5061 terram.
2784 5008 2843 5062 S.
2883 5008 3211 5063 Gaudentius
3238 5008 3303 5061 ad
3334 5007 3690 5073 Germ‘inium,
3720 5006 3813 5061 vel

2239 5078 2416 5201 potius
2460 5078 2801 5158 Serminium,
2835 5076 2992 5140 Cujus
3038 5078 3276 5161 serpentis
3306 5087 3531 5157 tortuosa
3578 5078 3810 5148 ingenia.

2283 5145 2561 5201 htnbadtus
2588 5163 2639 5199 tn
2669 5146 2760 5200 ltb.
2794 5157 2980 5201 contra
3004 5148 3228 5201 Artauos
3254 5164 3265 5198 :
3296 5146 3548 5201 Luctfuaa
3576 5162 3810 5201 serpens.

2283 5145 2561 5202 hmbadius
2588 5148 2639 5199 in
2669 5146 2760 5200 lib.
2794 5157 2980 5201 contra
3004 5145 3228 5201 Ariauos
3254 5164 3265 5198 :
3296 5146 3548 5216 Lucifuga
3576 5145 3810 5213 serpens,

2239 5233 2329 5285 per
2350 5221 2612 5285 anfractus
2652 5218 2881 5271 evolvens
2924 5218 3103 5271 seriem
3148 5232 3311 5282 suam,
3344 5225 3661 5285 tortuoseque
3688 5231 3815 5284 pro-

2234 5287 2435 5341 cedens.

2307 5356 2428 5411 142.
2469 5356 2645 5411 Prima
2700 5355 2753 5410 in
2806 5355 3090 5421 Menander,
3148 5370 3267 5409 cum
3300 5355 3369 5409 sit
3417 5354 3812 5424 diphthongus,

2307 5370 2428 5411 142.
2471 5370 2645 5411 Prima
2701 5370 2753 5410 m
2806 5370 3090 5421 uwanaer,
3148 5370 3267 5409 cum
3300 5370 3369 5409 ειι
3417 5370 3812 5477 angntnongus,

2236 5427 2455 5493 produci
2477 5427 2630 5480 solet.
2666 5427 2980 5481 Prudentius
3007 5426 3230 5493 corripit
3257 5424 3419 5495 quod,
3444 5440 3473 5476 a
3512 5425 3673 5495 gejus
3718 5439 3816 5479 re-

2237 5495 2652 5567 prehensoribus
2678 5513 2782 5567 non
2810 5507 2892 5551 est
2918 5493 3370 5567 animadversum.
3403 5493 3813 5567 Scriboautem

2234 5565 2488 5637 mreander
2519 5581 2638 5637 cum
2666 5566 3017 5637 diphthongo,
3039 5567 3161 5634 quia
3192 5566 3349 5619 etiam
3376 5566 3457 5618 sic
3479 5565 3678 5637 corripi
3708 5578 3817 5632 po-

2235 5643 2340 5690 test
2369 5636 2536 5699 prima
2561 5636 2631 5689 ob
2662 5636 2896 5691 vocalem
2928 5646 3261 5704 sequentem.

2306 5705 2431 5760 M5.
2473 5704 2657 5767 Aldus.
2691 5706 2780 5759 lua:
2806 5715 2877 5758 est
2909 5720 3002 5772 pro
3031 5706 3113 5758 hic
3156 5713 3247 5769 est,
3278 5714 3604 5772 repugnante
3631 5712 3814 5759 metro

2234 5786 2288 5830 et
2313 5789 2501 5831 sensu.
2535 5775 2608 5829 De
2642 5778 2739 5829 hac
2771 5775 2993 5829 formula
3022 5775 3141 5828 vide
3172 5774 3352 5845 hymn.
3384 5775 3439 5837 2,
3476 5788 3614 5826 vers.
3643 5776 3693 5828 4.
