4102 6348
274 324 370 382 841

522 538 766 609 Signum,
796 540 938 610 quod
968 542 1083 610 ipse
1104 541 1269 606 nosti,

517 630 742 685 Damnat
771 638 915 686 tuam
943 641 1236 687 catervam.

443 719 653 792 Corpus
682 721 805 777 licet
836 722 1089 779 fatiscens

510 812 695 869 laceat
723 815 925 871 recline
952 817 1192 886 paulum,

511 906 674 977 310
709 904 980 962 Christum
1014 918 1187 964 tamen
1218 907 1319 963 sub
1342 908 1459 979 ipso

515 998 888 1054 Meditabimur
912 1014 1126 1071 sopore.

271 813 372 868 150

579 1132 685 1189 VII.
729 1131 1011 1190 HYMNUS
1049 1132 1537 1192 JEJUNANTIUM.

512 1268 557 1324 Ο
581 1266 872 1338 Nazarene,
898 1267 989 1322 lux
1020 1266 1284 1335 Bethlem,
1311 1266 1543 1323 Verbum
1577 1267 1771 1336 Patris,

511 1362 680 1431 Quem
701 1368 884 1433 partus
912 1360 1020 1416 alvi
1041 1361 1315 1432 virginalis
1343 1360 1587 1431 protulit,

516 1454 719 1511 Adesto
743 1454 925 1523 castis,
956 1451 1190 1520 Christe,
1224 1453 1591 1523 parcimoniis,

511 1545 838 1615 Festumque
864 1553 1105 1601 nostrum
1134 1560 1227 1600 rex
1252 1558 1477 1600 serenus
1505 1544 1707 1614 aspice,

264 1639 296 1696 5
507 1639 666 1711 311
705 1639 1033 1708 Jejuniorum
1063 1638 1190 1694 dum
1222 1638 1436 1694 litamus
1468 1638 1763 1694 victimam.

377 1818 385 1825 .
443 1733 527 1789 Nil
558 1735 660 1789 hoc
690 1733 930 1804 profecto
952 1733 1138 1804 purius
1168 1734 1426 1806 mysterio

1290 330 1821 389 CATHEMERINON
1859 330 1973 390 νη.
2014 330 2482 391 JEJUNANTIUDI

519 444 615 501 llic
641 442 889 502 Christus
916 454 1017 513 est,
1048 446 1282 519 liquesce
1320 466 1333 501 :
1881 455 1931 513 Α

3417 342 3521 398 8ιί

2207 449 2324 515 Quo
2354 447 2485 504 libra
2510 449 2689 506 cordis
2718 453 2965 523 expiatur
2991 453 3151 511 vividi
3176 470 3192 510 :

2212 542 2565 612 lntemperata
2595 559 2701 614 quo
2729 545 3015 603 domantur
3042 549 3246 605 viscera
3268 591 3283 615 ,

2204 633 2401 688 Arvina
2432 643 2641 705 putrem
2674 652 2740 692 ne
2767 639 3026 694 resudans
3049 639 3317 707 crapulam

1953 725 2023 781 10
2208 724 2639 797 Obstrangulatae
2676 730 2870 783 mentis
2899 730 3165 801 ingenium
3196 740 3422 802 premat.

2129 818 2265 873 Hinc
2294 817 2605 887 subjugatur
2634 821 2812 886 luxus,
2844 831 2897 877 et
2926 824 3093 893 turpis
3120 824 3240 893 gula
3265 840 3280 889 ;

2198 907 2343 974 Vini,
2377 915 2535 978 atque
2562 911 2733 965 somni
2762 910 2995 982 degener
3020 913 3284 981 socordia,

2196 998 2384 1054 Libido
2412 999 2659 1068 sordens,
2688 1002 3078 1060 inverecundus
3110 1005 3280 1075 lepos.

2204 1090 2486 1163 Variaeque
2513 1100 2688 1161 pestes
2718 1093 3085 1163 languidorum
3110 1109 3363 1151 sensuum

1956 1183 2025 1240 15
2200 1183 2424 1240 Parcam
2449 1180 2686 1240 subactae
2710 1183 3046 1256 disciplinam
3075 1188 3329 1243 sentiunt.

2131 1275 2263 1332 Nam
2290 1277 2335 1331 si
2366 1277 2591 1332 licenter
2616 1276 2867 1332 diffluens
2895 1286 3045 1349 potu,
3081 1288 3134 1333 et
3162 1278 3314 1341 cibo,

2200 1369 2391 1438 Jejuna
2420 1369 2521 1425 rite
2548 1369 2787 1425 membra
2819 1384 2927 1425 non
2962 1385 3213 1426 coerceas
3235 1412 3250 1437 ,

2202 1458 2478 1529 Sequitur,
2511 1460 2774 1530 frequenti
2803 1461 3039 1516 marcida
3078 1462 3461 1529 oblectamine,

2210 1553 2369 1624 312
2396 1552 2637 1607 Scintilla
2664 1553 2858 1608 mentis
2889 1562 2949 1608 ut
2974 1563 3212 1626 tepescat
3238 1555 3461 1621 nobilis,

1954 1644 2026 1699 20
2204 1645 2531 1714 Animusque
2560 1646 2725 1715 pigris
2752 1654 2941 1701 stertat
2972 1647 3024 1701 in
3055 1646 3384 1716 praecordiis.

2135 1735 2435 1793 Frenenlur
2463 1752 2590 1809 ergo
2616 1752 2901 1809 corporum
2932 1737 3228 1809 cupidines,

1574 1826 1864 1885 CLOSS/E
1903 1824 2248 1886 VETERES.

484 1923 763 2007 Liquesce,
791 1937 1049 2007 evanesce,
1081 1924 1269 2007 ate/lue,
1296 1921 1335 1977 Ι.
1369 1922 1612 1991 Vanesce,
1635 1923 1754 1978 Vat.
1778 1927 1839 1978 A.
1875 1929 1923 1990 Β
1951 1924 2291 2007 pri_ma_longa
2321 1935 2416 1990 est,
2441 1925 2587 2007 litum
2616 1925 2870 2007 brevis,‘l.

335 1995 463 2051 149.
487 1993 785 2058 Fatiseens,
817 1993 1077 2060 deficiens,
1110 1992 1215 2048 lso.

334 2068 459 2123 150.
494 2065 734 2128 Recline,
765 2062 1094 2128 reclinatum,
1130 2063 1245 2118 Vat.
1270 2062 1314 2119 Τ
1334 2072 1388 2118 et
1417 2063 1519 2118 lso.

333 2139 390 2193 '5.
434 2136 804 2199 Parcimoniis,
835 2134 1169 2199 abstinentiis,
1197 2135 1301 2188 lso.

332 2210 387 2263 5.
414 2206 673 2271 Litamus,
696 2206 1045 2272 sacriﬁcamus
1068 2220 1085 2257 :
1107 2205 1316 2275 quidam
1336 2215 1535 2276 putant,
1560 2223 1591 2258 a
1611 2206 1849 2261 litnribus

264 2280 403 2333 dicta
443 2279 561 2342 lita,
592 2277 646 2329 id
674 2285 748 2330 est
775 2276 1050 2347 sacriﬁcia,
1086 2276 1206 2345 quia
1248 2286 1358 2341 post
1389 2278 1768 2347 navigationem
1796 2279 1851 2331 in

262 2350 496 2407 moribus
524 2347 677 2401 maris
705 2346 1094 2415 sacriﬁcabant;
1126 2347 1214 2401 sed
1239 2347 1427 2415 falsum
1458 2346 1550 2413 est,
1581 2364 1701 2401 nam
1727 2347 1851 2401 litus

2021 1997 2073 2049 7.
2108 1995 2384 2067 Espiatur,
2410 1995 3281 2067 mandatur,Aimbuatur.—Vividi,
3305 1996 3463 2067 pleni,
3489 1998 3530 2055 Ι.

2024 2066 2108 2120 10.
2150 2065 2598 2136 Obstrangul'ataa,
2632 2065 2916 2133 suffocatur,
2950 2065 3068 2121 Vat.
3098 2067 3165 2121 Δ.

2034 2137 2118 2191 11.
2160 2136 2503 2206 Subjngatur,
2534 2138 2788 2202 domatur,
2826 2137 2930 2191 lso.

2029 2206 2115 2261 12.
2160 2206 2421 2279 Degener,
2450 2207 2783 2279 ignobilis.e-
2801 2206 3078 2279 Socordia,
3106 2208 3336 2279 pigritia,
3372 2209 3411 2262 Ι.

2030 2279 2116 2332 15.
2159 2277 2355 2348 Lepos,
2374 2277 2652 2346 eloquium,
2676 2277 3212 2348 eloquentia,dicimus
3235 2288 3282 2333 et
3304 2278 3467 2348 lepor,
3488 2278 3530 2335 l.

2030 2348 2118 2404 l5.
2160 2347 2404 2411 Parcam,
2432 2357 2652 2415 arctam,
2685 2348 2727 2402 I.

1625 2438 2211 2497 CUMMENTARIUS.‘

335 2535 465 2592 HG.
507 2534 669 2591 Silius
714 2532 927 2587 Italicus
970 2547 1034 2587 ex
1087 2533 1422 2588 correctione
1461 2532 1665 2587 Barthii
1698 2533 1854 2587 initio

263 2610 361 2665 lib.
393 2622 479 2661 sv:
508 2621 522 2659 :
558 2604 821 2659 Hannibal
860 2606 968 2674 ipse
1011 2605 1163 2657 etiam
1183 2605 1296 2674 jam
1335 2606 1547 2674 jamque
1584 2604 1856 2658 modestior

260 2680 418 2735 annis
460 2677 549 2731 Ire
586 2675 867 2738 videbatur,
894 2673 1171 2742 Martisque
1187 2673 1468 2745 liquescere
1494 2676 1706 2743 famam.

334 2748 467 2805 149.
509 2748 611 2802 Alii
643 2745 882 2801 scribunt
912 2750 1179 2815 fatescens.

335 2820 467 2876 150.
510 2818 668 2873 Fabr.
718 2827 772 2871 et
800 2814 919 2871 Vat.
960 2817 1024 2881 Ο,
1073 2814 1282 2882 reclive,
1310 2816 1451 2886 quod
1507 2816 1856 2871 vehementer

264 2888 634 2949 Chamillardo
660 2886 859 2954 arrisit,
890 2888 1270 2957 quamvisfere
1297 2902 1484 2942 omnes
1515 2888 1731 2943 codices
1760 2888 1856 2941 ha-

262 2964 438 3019 beant
480 2961 687 3025 recline,
744 2956 1021 3027 rejicitque
1064 2956 1395 3025 Nebrissam,
1448 2958 1589 3028 quod
1637 2974 1851 3013 versum

262 3032 449 3090 Ovidii
508 3031 723 3086 Metam.
758 3046 787 3083 χ
836 3029 1144 3098 allegaverit
1200 3043 1297 3096 pro
1347 3028 1554 3093 recline,
1590 3044 1748 3095 quem
1781 3029 1852 3083 ita

260 3101 663 3161 Chamillardus
692 3100 833 3168 legit,
870 3098 1027 3170 Inque
1060 3100 1175 3153 sinu
1214 3100 1419 3170 juvenis
1448 3100 1615 3168 posita
1665 3100 1855 3170 cervice

261 3174 495 3239 reclivis,
526 3187 701 3241 neque
731 3168 952 3240 usquam
998 3168 1225 3223 reclinis
1250 3168 1351 3239 legi
1387 3178 1628 3241 testatur.
1658 3169 1854 3241 Giseli—

261 3262 396 3314 nus,
432 3244 523 3315 qui
549 3240 905 3298 eximanuscr.
936 3241 1124 3295 recline
1151 3244 1400 3310 prtctulit,
1436 3240 1677 3294 Lambini
1704 3240 1851 3365 judi-

261 3320 418 3365 rium
450 3323 689 3365 secutum
726 3327 785 3365 se
831 3314 925 3365 ait.
960 3313 1046 3365 nni
1079 3312 1152 3365 ita
1206 3312 1262 3365 in
1312 3326 1409 3365 suo
1442 3312 1660 3365 lIoratio
1725 3312 1850 3365 eait.

259 3312 419 3374 cium
450 3312 689 3370 secutum
726 3327 785 3367 se
831 3314 926 3377 ait,
960 3313 1046 3381 qui
1079 3312 1152 3365 ita
1206 3312 1262 3365 in
1312 3326 1409 3366 suo
1442 3312 1660 3366 lIoratio
1706 3312 1850 3380 legit.

262 3391 457 3446 Locus
483 3384 739 3455 quaerenti
763 3383 1001 3439 Giselino
1029 3397 1133 3455 non
1156 3396 1215 3437 se
1241 3383 1454 3455 obtulit.
1486 3382 1765 3455 Fabricius
1788 3396 1854 3437 ex

263 3452 512 3527 Virgilio
527 3455 741 3525 protulit
764 3456 927 3527 posita
953 3454 1143 3527 cervice
1168 3454 1392 3527 reclinis.
1416 3452 1855 3527 Qvidiumyoluit

261 3522 488 3594 dicere,
529 3522 627 3580 'ubi
659 3540 780 3579 cum
828 3525 947 3580 aliis
977 3525 1095 3594 lego
1122 3524 1389 3589 renidens;
1436 3525 1487 3578 in
1544 3522 1853 3589 Prudentia,

259 3600 537 3665 Martiale,
552 3596 757 3659 Tacito,
780 3596 1004 3662 reclinis,
1034 3596 1171 3650 sicut
1194 3594 1482 3650 Lambinus
1511 3605 1611 3648 sat.
1634 3595 1669 3648 2
1700 3594 1790 3649 lib.
1818 3608 1857 3649 tt

258 3671 491 3729 Horatii
524 3670 575 3722 in
609 3667 848 3729 Horatio,
879 3674 934 3720 et
959 3665 1079 3720 aliis
1103 3667 1335 3731 acclinis,
1370 3682 1473 3721 non
1517 3665 1742 3719 acclivis.
1776 3665 1852 3727 Id,

256 3744 496 3814 opinor,
532 3739 732 3807 legerat
775 3736 1064 3814 Giselinns.
1111 3737 1313 3814 Seneca
1344 3738 1520 3814 _ep_ist.
1568 3736 1637 3790 26
1664 3754 1693 3814 ;_
1713 3735 1855 3814 Solet

254 3806 521 3883 obrepere
563 3806 786 3883 somnus
802 3808 880 3883 λη
925 3807 1132 3883 aliquod
1160 3808 1529 3883 adminiculum
1570 3806 1853 3883 reclinatis.

252 3874 518 3942 Isidorus
563 3878 656 3930 lib.
686 3894 703 3930 ι
733 3874 1143 3930 ῡίσθτθηιζείῑε
1178 3874 1321 3929 Inter
1350 3878 1544 3930 decline
1592 3887 1635 3931 et
1665 3877 1856 3932 declive

250 3958 373 4011 hoc
403 3951 632 4013 interest,
676 3948 811 4014 quod
840 3946 1049 3999 declinis
1077 3946 1173 4008 sol,
1215 3946 1437 3999 declitus
1466 3947 1606 4001 locus
1628 3962 1648 4001 :
1676 3948 1749 4000 sic
1776 3949 1856 4000 ἰη-

248 4018 617 4091 telligendum
640 4027 713 4071 est
736 4016 949 4091 accline,
973 4015 1179 4091 accline,
1210 4018 1511 4091 utuacclivus
1538 4018 1857 4091 (legeaccli-

249 4086 414 4153 ηιμ)-
428 4090 602 4153 homo,
634 4088 852 4141 acclivus
878 4087 1039 4139 locus.
1072 4086 1215 4140 Idem
1241 4086 1413 4139 dicam
1459 4086 1525 4140 de
1549 4086 1775 4141 reclinis
1803 4097 1859 4143 et

249 4093 396 4217 nus)
428 4093 602 4153 homo,
634 4093 852 4141 acclivus
878 4093 1039 4139 locus.
1072 4093 1215 4140 Idem
1241 4093 1413 4139 dicam
1459 4093 1525 4140 de
1572 4093 1775 4141 reclinis
1803 4097 1858 4143 et

248 4183 353 4222 rec
383 4160 525 4225 ivis;
563 4168 617 4214 et
646 4159 699 4212 in
746 4156 948 4211 Isidoro
995 4156 1166 4224 legam
1220 4156 1426 4211 acclinis
1456 4155 1626 4220 homo,
1654 4158 1858 4211 acclivis

248 4240 450 4297 locus,
481 4238 534 4285 et
572 4229 667 4283 hoc
704 4228 951 4281 acclivum
977 4226 1181 4293 dicitur,
1218 4243 1323 4283 non
1365 4244 1426 4281 ea:
1470 4227 1567 4281 hoc
1612 4228 1857 4282 acclivum

249 4307 494 4362 dicitur.
529 4300 595 4355 Et
639 4314 797 4371 supra
844 4299 1048 4371 declivis
1089 4299 1246 4371 locus.
1282 4298 1337 4352 ln
1387 4298 1541 4354 Brev.
1593 4297 1854 4371 hloearab.

250 4372 539 4434 mendum
586 4369 884 4441 eSt,'quod
938 4378 1173 4425 nostram
1225 4369 1506 4441 lectionem
1556 4369 1855 4441 conﬁrmat,

250 4447 493 4504 reclinet
524 4439 791 4512 paululum
815 4454 908 4510 pro
936 4442 1123 4495 recline
1151 4439 1855 4512 paulumrNebrissaexpo-

251 4522 349 4576 nit
382 4510 691 4571 reclinatum
722 4513 774 4565 in
804 4516 928 4566 lecto
953 4527 968 4563 :
998 4520 1050 4566 et
1088 4511 1250 4566 simili
1282 4510 1442 4566 modo
1466 4510 1858 4566 Chamillardus

150 4618 167 4623 ι
253 4594 476 4661 ltymn.
505 4585 538 4639 5
564 4583 758 4661 Perist.
789 4598 933 4661 vers.
958 4582 1085 4661 56ξῖξ
1109 4581 1360 4661 _ubi_legit
1388 4583 1595 4661 recline,
1620 4581 1722 4636 sibi
1751 4598 1856 4661 non

248 4652 561 4718 cénstans.
616 4654 719 4708 Pro
773 4654 984 4719 paulum
1023 4652 1171 4718 Ald.,
1219 4652 1336 4706 Vat.
1384 4654 1451 4717 A,
1498 4653 1640 4719 liat.,
1680 4652 1853 4719 paulo.

250 4730 450 4789 Gold.
482 4724 726 4791 agnoscit
748 4732 1055 4792 utrumque.
1089 4724 1270 4793 Prag.,
1303 4723 1460 4787 male,
1497 4724 1784 4789 paululum.

248 4820 255 4825 -
340 4798 483 4857 152.
518 4797 665 4859 Rat.,
688 4793 1192 4863 meditatur,inepte,
1215 4808 1309 4861 pro
1331 4793 1702 4857 meditabimur,
1719 4794 1862 4863 quod

246 4873 452 4931 etiam
483 4881 668 4922 versus
696 4865 953 4934 exposcit.
977 4862 1246 4918 Christum
1270 4864 1372 4917 sub
1402 4864 1517 4933 ipso
1543 4862 1865 4933 soporeme-

248 4940 445 5001 ditari
488 4937 758 5006 proprium
788 4944 870 4989 est
918 4950 1123 5006 eorum
1150 4940 1237 5003 qui
1285 4934 1562 5006 vigilantes
1589 4934 1861 5006 eumdem

248 5004 637 5072 meditantur,
668 5020 897 5075 quorum
928 5019 1022 5059 cor
1077 5004 1280 5075 vigilat,
1317 5005 1527 5058 etiamsi
1570 5004 1856 5060 dormiant.

248 5082 512 5141 Teolius
541 5093 604 5132 ex
644 5091 749 5130 uno
786 5075 903 5129 Vat.
953 5075 1222 5131 inferioris
1271 5076 1441 5130 :etatis
1485 5075 1768 5145 exscripsit
1808 5077 1861 5129 in

248 5165 407 5211 nota
448 5148 843 5216 conclusionem
868 5145 1025 5215 hujus
1057 5146 1261 5216 hymni,
1302 5161 1437 5216 qua;
1463 5145 1681 5216 minime
1722 5145 1864 5214 sapit

247 5223 637 5284 Prudentium
671 5234 684 5271 :
716 5214 896 5270 Gloria
939 5213 1127 5271 aeterno
1164 5213 1334 5279 Patri,
1382 5214 1446 5269 Et
1496 5213 1696 5269 Christo
1735 5213 1861 5269 novo

245 5298 412 5367 regi,
454 5290 816 5367 Paraclitoque
853 5295 1053 5352 sancto,
1094 5285 1161 5367 Iit
1208 5302 1360 5351 nunc,
1387 5287 1859 5367 etin‘perpetuunt.

240 5355 565 5426 Ba'llerinii
596 5360 648 5413 in
680 5355 886 5426 praefat.
911 5358 1142 5428 append.
1165 5371 1385 5427 operum
1418 5356 1474 5412 S.
1498 5355 1726 5428 zenonis
1750 5371 1866 5426 pro-

242 5440 471 5494 ferunt
497 5431 656 5484 aliam
706 5428 860 5496 hujus
890 5426 1071 5499 hymni
1119 5426 1435 5499 clausulam,
1464 5426 1559 5481 sed
1584 5441 1652 5499 eg
1698 5430 1863 5499 prima

240 5510 299 5578 ej
313 5522 395 5563 us
428 5500 655 5578 stropha
692 5495 1338 5578 imperit_e:_eompactamn:
1364 5496 1500 5578 Laus
1522 5499 1585 5549 sit
1616 5495 1869 5578 Ρριζέιηξ,

236 5566 485 5648 p'remo,
499 5566 669 5648 Quem
691 5570 982 5648 nemovidit
1001 5585 1254 5648 unquam,
1284 5566 1455 5622 Patris
1481 5570 1697 5648 sermoni
1718 5567 1866 5648 Chri-

238 5638 370 5710 sto,
408 5654 468 5699 et
490 5641 708 5710 Spiritui
737 5639 974 5710 benigno.
997 5641 1211 5707 Scilicet
1241 5648 1495 5695 tractatus
1523 5640 1591 5694 de
1613 5638 1778 5709 Signo
1801 5640 1857 5695 S.

238 5717 492 5779 crucis,
525 5731 552 5766 a
604 5710 874 5781 nonnullis
919 5712 975 5765 S.
1002 5711 1203 5766 Zenoni
1231 5710 1515 5781 ascriptus,
1545 5719 1753 5765 constat
1795 5726 1861 5764 ex

240 5797 372 5852 hac
415 5780 768 5840 conclusione
797 5789 851 5833 et
880 5790 1084 5849 septem
1117 5780 1403 5850 postremis
1434 5781 1666 5851 strepitis
1706 5780 1863 5851 hujus

655 5877 921 5936 Ρλτιιοι..
969 5874 1130 5936 LIX.

1880 3350 1927 3414 C

1961 2533 2147 2605 hymni
2178 2533 2247 2588 Pr
2257 2533 2478 2605 udentii.

2029 2604 2413 2687 Jejunantiurn:
2464 2603 2616 2687 Hunc
2657 2604 2910 2687 hymnum
2963 2602 3539 2687 canunt’Moaarabes,

1960 2689 2057 2743 per
2086 2673 2245 2729 ferias
2276 2673 2625 2730 hebdomadis
2650 2673 3020 2741 distributum,
3046 2676 3142 2731 sed
3172 2678 3353 2733 multis
3389 2682 3439 2734 in
3468 2673 3540 2735 toi

1958 2746 2038 2817 cis
2068 2754 2398 2817 cprruptum.
2437 2744 2654 2800 Factum
2703 2761 2735 2799 a
2782 2747 3071 2802 Prudentia
3102 2756 3229 2817 puto
3256 2749 3323 2804 ad
3352 2767 3540 2809 omnes

1957 2815 2075 2888 dies
2096 2808 2603 2888 jejunii,_praeeipue
2624 2808 3116 2888 quadragesimalisl

2033 2832 2075 2871 rs
2096 2832 2603 2939 jejuntt,")rteetpue
2624 2832 3116 2941 quuauragestntans.

2033 2887 2097 2959 1.Δ
2126 2885 2275 2952 Ald.,
2357 2895 2431 2940 at.
2462 2886 2505 2959 _P
2532 2896 2587 2942 et
2614 2901 2702 2959 ait
2746 2890 2919 2959 vulg.,
2941 2888 3048 2942 dua:
3083 2903 3179 2957 pro
3225 2890 3337 2944 lux.
3365 2890 3542 2946 Nostri

1961 2956 2210 3030 plerique
2257 2956 2958 3030 etbpotioreslleinsiani,
3012 2956 3130 3024 lusi,
3188 2960 3327 3030 quod
3375 2964 3543 3017 tenuit

1956 3028 2240 3082 Weitzius.
2289 3026 2560 3098 Giselinus
2600 3028 2737 3083 Aldo
2776 3029 3024 3094 adhaesit,
3065 3026 3219 3098 cujus
3262 3031 3545 3088 lectionem

1958 3099 2248 3170 confirmat
2275 3097 2532 3170 ,Nebrissa
2574 3115 2677 3170 non
2711 3101 2890 3170 inepte
2916 3115 2982 3155 ex
3011 3097 3194 3154 Matth.
3229 3116 3345 3169 cap.
3381 3119 3437 3167 ll,
3464 3103 3497 3157 6
3528 3121 3543 3157 :

1960 3168 2027 3223 Et
2056 3178 2120 3240 tu
2138 3167 2451 3240 Bethleltent,
2478 3182 2614 3240 ter_ra
2635 3166 2815 3232 Iuda,
2829 3187 3147 3240 nequaquam
3180 3166 3390 3225 minima
3415 3166 3466 3226 es
3490 3175 3545 3227 in

1959 3238 2272 3308 principibus
2314 3238 2476 3294 Iuda.
2526 3238 2611 3293 Ea:
2654 3251 2701 3294 te
2744 3240 2879 3295 enim
2906 3238 3046 3296 ἐφίει
3094 3242 3221 3306 dux,
3253 3253 3359 3296 etc.
3413 3243 3545 3298 Vide

1960 3310 2145 3380 hymn.
2171 3308 2264 3380 12,
2296 3325 2441 3366 vers.
2472 3311 2561 3365 78.
3120 3362 3126 3371 .

2030 3382 2086 3435 4.
2128 3378 2402 3445 Sichard.,
2434 3382 2607 3445 accipe
2634 3396 2732 3451 pro
2760 3382 2947 3451 aspice.
2973 3382 3206 3452 Aspicere
3227 3382 3277 3435 in
3311 3382 3420 3437 Deo
3446 3384 3544 3437 mi-

1960 3451 2237 3523 sereriest,
2260 3464 2316 3503 ut
2339 3460 2591 3523 notarunt
2617 3450 2776 3507 etiam
2798 3450 3051 3523 gentiles.
3066 3450 3335 3521 Jejunium
3358 3458 3543 3523 festum

1959 3540 2055 3579 cur
2080 3520 2309 3594 dicatur,
2337 3521 2459 3594 vide
2489 3537 2631 3577 vers.
2664 3522 2729 3578 13
2754 3520 2933 3594 bytnui
2975 3537 3088 3594 seq.
3121 3520 3174 3577 in
3203 3520 3540 3580 commenta-

1960 3595 2071 3651 riis.
2108 3590 2326 3646 Festum
2356 3592 2689 3649 substantive
2712 3590 2888 3648 rarum
2914 3593 3056 3662 apud
3081 3594 3373 3663 scriptores
3392 3598 3541 3650 aurei

1960 3676 2016 3722 et
2038 3663 2274 3732 argentei
2302 3664 2484 3719 saeculi
2510 3664 2564 3719 in
2601 3666 2846 3721 oratione
2872 3664 3065 3719 soluta.
3096 3663 3352 3720 Dicebant
3385 3666 3543 3734 festus

1961 3739 2091 3794 dies.

2029 3809 2081 3866 5.
2127 3806 2232 3861 Alii
2270 3806 2418 3860 litare
2437 3805 2703 3863 deducunt
2730 3822 2850 3862 cum
2868 3805 3106 3861 Varrone
3136 3821 3165 3860 a
3196 3807 3369 3870 luere;
3397 3806 3481 3861 alii
3513 3823 3543 3864 a

1959 3881 2147 3938 Graeco
2164 3880 2296 3944 λιτὴ,
2314 3894 2504 3949 preces,
2518 3878 2859 3949 supplicatio;
2881 3876 3003 3932 inde
3023 3878 3182 3932 etiam
3206 3877 3407 3941 litania,
3424 3871 3545 3948 quin

1958 3952 2147 4008 Latine
2163 3948 2402 4004 redditur
2417 3948 2638 4018 rogatio.
2658 3948 2811 4001 Ratio
2833 3948 3000 4002 lsonis
3023 3961 3128 4001 non
3145 3958 3361 4015 semper
3377 3957 3542 4003 tenet.

2033 4023 2086 4077 6.
2128 4021 2286 4077 Fabr.
2316 4028 2371 4073 et
2399 4019 2591 4087 Bong.,
2620 4018 2749 4071 nihil
2775 4032 2871 4086 pro
2895 4018 2987 4082 nil,
3019 4032 3123 4072 non
3150 4018 3306 4087 male.

2034 4094 2089 4148 7.
2129 4090 2317 4148 Nescio
2345 4086 2471 4157 quid
2513 4086 2582 4142 sit
2618 4087 2672 4157 in
2698 4086 3183 4157 ilsoneiimbuatttr.
3230 4086 3374 4157 Idem
3414 4086 3545 4157 legit

1962 4162 2143 4229 vividi,
2172 4160 2315 4230 quod
2363 4156 2561 4230 habent
2604 4156 2776 4230 Sich.,
2828 4156 3010 4230 Alex_.,
3046 4156 3263 4230 Weitz_.,
3307 4156 3438 4230 G_is._
3475 4156 3544 4230 ad

1964 4226 2138 4304 marg;
2157 4226 2210 4287 et
2239 4244 2425 4304 omnes
2448 4227 2717 4304 Ileinsiani
2742 4226 3105 4304 prmter_Ro_t.,
3137 4226 3225 4304 qui
3250 4226 3375 4304 legit
3403 4226 3544 4304 lividi

1962 4297 2271 4365 cum'Aldo,
2302 4299 2520 4354 lIeinsio
2549 4307 2605 4353 et
2630 4298 2749 4351 aliis
2773 4312 2789 4352 :
2815 4297 2955 4367 quod
2983 4297 3145 4351 etiam
3173 4300 3224 4351 in
3255 4297 3544 4367 Hymnario

1962 4372 2236 4429 Thomasii
2262 4378 2316 4427 et
2342 4368 2468 4424 edit.
2494 4368 2718 4424 Fabricii
2742 4366 2935 4421 exstat.
2965 4367 3085 4421 Vat.
3112 4368 3171 4433 P,
3206 4366 3366 4421 lividi.
3397 4366 3543 4421 Vatt.

1962 4446 2027 4509 Α,
2058 4446 2100 4514 I,
2124 4443 2188 4513 Ο,
2219 4442 2284 4511 Q,
2313 4439 2548 4495 Breviar.
2578 4439 2738 4505 Moz.,
2760 4439 2931 4492 vividi.
2952 4437 3071 4493 Vat.
3104 4438 3164 4505 Β,
3193 4438 3370 4509 Prag.,
3396 4437 3545 4505 Rat.,

1963 4516 2124 4571 uvidi.

2034 4585 2088 4641 9.
2130 4584 2320 4640 Arvina
2345 4590 2427 4638 est
2450 4580 2716 4651 pinguedo
2745 4580 3005 4651 corporis.
3038 4578 3142 4634 Alii
3174 4594 3356 4635 sevum
3386 4580 3546 4635 intel-

1962 4657 2154 4727 ligunt.
2184 4655 2343 4725 Prag.
2378 4653 2519 4727 male
2542 4668 2600 4727 ve
2626 4667 2721 4720 pro
2749 4669 2832 4727 ne.
2992 4720 3002 4727 .
3294 4720 3308 4727 _
3481 4674 3492 4685 -

1890 4734 1940 4793 D
2003 4720 2124 4785 ⁷11.
2167 4728 2243 4783 De
2281 4720 2445 4781 verbo
2487 4722 2797 4791 subjugandi
2839 4720 3095 4790 quaeritur
3138 4736 3203 4793 an
3244 4720 3545 4793 adargen-

1968 4807 2111 4855 tcum
2161 4797 2417 4853 saeculum
2465 4793 2704 4848 revocari
2748 4793 2916 4861 possit
2964 4792 3278 4846 auctoritate
3304 4792 3542 4847 Asconii.

1968 4870 2047 4924 Eo
2089 4875 2309 4924 utuntur
2334 4864 2624 4929 Arnobius,
2672 4862 3001 4928 Lactantius,
3045 4862 3353 4932 Eutropius,
3386 4863 3545 4916 Clau-

1967 4939 2179 4994 dianus.

2042 5010 2128 5065 12.
2172 5006 2378 5062 Laudes
2415 5003 2603 5074 jejunii
2642 5003 2977 5075 prosequitur
3018 5004 3406 5059 S.Ambrosius
3450 5002 3542 5056 lib.

1969 5080 2036 5135 de
2052 5079 2200 5145 Elia,
2234 5086 2287 5132 et
2317 5075 2550 5145 ieiunio,
2583 5084 2639 5129 ut
2670 5077 2977 5130 innumeros
3004 5076 3139 5129 alios
3171 5082 3504 5143 praeteream.

2006 5160 2011 5167 ‘
2044 5150 2131 5204 15.
2172 5147 2360 5210 Aldus.
2392 5146 2668 5212 mendose,
2699 5146 2875 5199 sordes
2905 5160 3001 5215 pro
3029 5145 3261 5215 sordens.

2042 5220 2131 5275 15.
2171 5220 2249 5274 Ex
2275 5219 2452 5288 glossa
2478 5215 2677 5288 Widm.
2706 5233 2864 5283 supra
2892 5212 3109 5268 arctam.
3140 5213 3251 5267 Gis.
3280 5212 3346 5266 ad
3374 5226 3544 5282 marg.

1972 5292 1997 5345 1
2033 5289 2185 5355 edit.,
2213 5286 2434 5357 partam.
2459 5286 2645 5353 Aldus,
2669 5287 2889 5341 subacte.
2996 5356 2999 5357 ν
3128 5353 3142 5357 _
3166 5290 3167 5293 “

2046 5361 2131 5435 ῃ.
2173 5353 2329 5435 [ξων.
2362 5359 2523 5435 lips"
2548 5365 2834 5435 coerceant,
2864 5353 3260 5435 corrigendum.
3283 5422 3295 5435 _
3372 5422 3385 5435 .

2045 5430 2137 5484 20.
2181 5430 2324 5495 Rat.,
2384 5422 2630 5484 Heinsius
2687 5442 2805 5481 cum
2863 5422 3076 5479 schedis
3125 5422 3448 5495 Graegianis,
3493 5433 3550 5479 et

1976 5500 2186 5565 Noms.,
2212 5494 2383 5555 stertat
2430 5502 2503 5553 in.
2560 5502 2629 5554 Ita
2669 5499 2829 5552 etiam
2854 5495 3131 5559 Weitzins,
3162 5504 3216 5548 et
3241 5494 3391 5549 Teol.
3424 5511 3545 5549 cum

1977 5569 2158 5636 codd.,
2191 5570 2285 5625 sed
2315 5586 2418 5624 non
2452 5573 2585 5624 bene
2616 5570 2807 5632 innuit,
2840 5580 3027 5636 omnes
3056 5580 3185 5619 mss.
3217 5565 3291 5619 ita
3323 5565 3544 5620 habere.

1971 5640 2101 5695 Nam
2133 5641 2348 5709 plurimi
2380 5640 2577 5694 habent
2606 5646 2784 5691 stertat
2826 5647 2899 5700 ut,
2931 5635 3092 5690 etiam
3124 5636 3549 5709 Vaticanisl’ra-

1970 5706 2148 5781 gensis
2176 5727 2321 5775 vero,
2354 5711 2515 5781 pigris
2558 5718 2611 5762 nt
2640 5718 2814 5763 stertat
2845 5709 2895 5761 in
2926 5708 3241 5776 prwcordiis,
3269 5706 3408 5775 quod
3439 5722 3547 5769 non

1972 5786 2168 5852 patitur
2198 5797 2431 5839 carmen.

3114 5866 3199 5928 97
