4102 6348
245 354 346 411 διες

474 552 648 604 Oblita
681 551 833 605 lactis
856 550 966 618 jam
998 550 1138 604 victo
1169 550 1221 603 in
1254 559 1469 619 pectore

478 632 667 697 Matris
689 644 913 698 tetendit
939 657 1091 698 serus
1120 641 1293 697 infans
1323 642 1485 698 ubera
1513 659 1527 695 :

476 736 634 805 315
654 733 761 789 Nec
788 745 913 789 ante
944 744 1101 803 partu
1130 735 1195 789 de
1226 734 1376 789 senili
1409 734 1610 789 effusus
1635 747 1711 789 est
1733 778 1747 803 ,

243 837 306 887 δυ
473 831 641 891 Quam
668 824 984 893 praedicaret
1012 824 1269 894 virginem
1305 825 1519 893 plenam
1548 826 1679 882 Deo.

412 922 534 974 Post
561 921 611 972 in
645 926 888 987 patentes
919 918 1006 971 ille
1033 918 1381 982 solitudines,

477 1010 719 1064 Amictus
748 1008 903 1063 hirtis
931 1007 1225 1063 bestiarum
1258 1007 1482 1078 pellibus
1503 1050 1517 1072 ,

479 1102 687 1156 Setisve
714 1109 908 1163 tectus,
943 1099 1150 1169 hispida
1179 1110 1235 1155 et
1266 1100 1516 1170 lanugine
1538 1142 1551 1166 ,

484 1194 741 1258 Secessit,
766 1191 995 1245 horrens
1026 1191 1313 1260 inquinari,
1343 1206 1405 1246 ac
1437 1192 1602 1261 pollui

242 1290 303 1342 (iii
475 1282 860 1337 Coutaminatis
886 1280 1201 1350 oppidorum
1235 1284 1493 1337 moribus.

1253 344 1791 403 CATHEMERINON
1832 346 1937 404 Vll.
1973 347 2459 411 JEJUNANTIUM.

409 460 517 516 Non
550 459 762 515 usitatis
790 465 938 515 ortus
970 458 1054 513 hic
1085 458 1382 523 natalibus,
1829 464 1886 525 Α

3388 351 3495 411 840

2089 466 2200 520 Illic
2226 466 2398 522 dicata
2432 482 2621 533 parcus
2651 467 2977 527 abstinentia

2171 556 2389 625 Polum,
2423 560 2705 628 cibumque
2735 560 2815 614 vir
2844 576 3046 616 severa“:
3079 560 3353 617 industria:

2171 650 2227 702 ln
2259 662 2429 719 usque
2452 666 2630 706 serum
2662 652 2947 720 respuebat
2968 667 3282 722 vesperum,

2170 740 2398 797 Parvum
2431 741 2653 798 locustis
2673 788 2686 811 ,
2716 752 2771 798 et
2799 744 3036 800 favorum
3067 748 3352 814 agrestium

1919 832 1988 887 70
2166 835 2328 907 316
2347 836 2574 906 Liquere
2596 847 2804 907 pastum
2832 840 3041 907 corpori
3064 850 3245 895 suetus
3274 840 3419 895 dare.

2100 924 2352 982 Hortator
2382 928 2471 983 ille
2502 929 2738 998 primus,
2770 940 2823 983 ct
2849 929 3035 985 doctor
3067 946 3219 985 novae

2170 1016 2291 1070 Fuit
2318 1018 2508 1074 salutis
2543 1036 2554 1069 :
2590 1034 2709 1073 nam
2742 1028 2953 1075 sacrato
2981 1021 3033 1075 in
3065 1022 3282 1075 ﬂumine

2172 1106 2426 1162 Veterum
2457 1109 2631 1174 piatas
2659 1109 2785 1163 lavit
2812 1125 3054 1167 errorum
3086 1120 3239 1165 notas
3270 1124 3283 1165 :

2174 1199 2278 1256 Sed
2311 1202 2471 1256 tincta
2503 1210 2782 1270 postquam
2830 1201 3066 1259 membra
3111 1203 3493 1275 defaecaverat,

1922 1288 1993 1340 75
2173 1292 2325 1349 Caelo
2352 1292 2623 1363 refulgens
2650 1293 2907 1351 inﬂuebat
2932 1292 3179 1362 Spiritus.

1530 1374 1815 1429 GLOSSxE
1860 1377 2190 1438 VETERES.

303 1469 385 1521 56.
430 1468 542 1521 Non
570 1466 800 1531 usitatis,
832 1465 1070 1519 insolitis.
1094 1494 1166 1504 -—
1187 1464 1367 1530 Ortus,
1404 1477 1553 1520 natus
1582 1478 1678 1529 est,
1704 1468 1809 1521 lso.

302 1538 543 1661 57.lJam
573 1539 735 1601 vieto,
755 1536 941 1601 vetulo,
976 1546 1197 1601 maturo,
1223 1538 1455 1606 antiquo,
1487 1538 1672 1590 viribus
1708 1540 1813 1609 piti-

302 1621 361 1661 lti.
422 1648 433 1660 .
1090 1656 1101 1661 -

254 1621 361 1671 talo,
397 1621 433 1661 Ι.

254 1630 341 1663 ἀτί)
397 1630 433 1661 Ι.

239 1631 251 1665 ι
300 1652 382 1730 ui.
417 1681 687 1744 Patentes,
718 1686 907 1741 uastas,
936 1656 1165 1747 amplas,
1201 1676 1243 1730 Ι.

1992 1474 2079 1547 (i'l.
2114 1475 2416 1547 industriae,
2441 1479 2747 1547 diligentia,
2778 1478 2818 1533 l.
3006 1516 3013 1521 -
3090 1518 3093 1521 ‹

1992 1545 2081 1623 6_9.
2106 1546 2376 1623 Locustis,
2402 1545 2692 1623 locusftu_es_t
2715 1565 2876 1623 genus
2905 1550 3010 1603 avis
3033 1550 3259 1623 digitulis
3280 1551 3496 1623 langtt‘u-

1920 1615 2057 1669 dinis
2085 1618 2193 1671 acri
2237 1608 2429 1681 volatu,
2460 1622 2546 1672 sed
2578 1608 2792 1673 decidito
2818 1620 2937 1673 cito.
2970 1649 3034 1663 -—
3060 1608 3349 1688 favorum,
3368 1608 3498 1675 "non

1918 1702 2091 1761 revera
2123 1689 2223 1741 mel
2252 1690 2569 1755 comedebat,
2600 1691 2688 1743 sed
2724 1691 3012 1761 confricata
3055 1692 3179 1759 folia
3222 1691 3495 1761 cujusdam

302 1749 650 1836 6.i._Secessit
668 1791 681 1813 ,
713 1764 945 1801 seorsum
978 1749 1201 1802 recessit.
1244 1777 1311 1787 --
1350 1748 1585 1802 llorrcns
1603 1789 1615 1812 ,
1657 1764 1810 1817 erepa-
1843 1774 1893 1836 B
1919 1756 2068 1836 ligni,
2097 1776 2211 1836 (Lita’
2232 1772 2433 1836 gratum
2456 1748 2687 1836 saporem
2714 1748 2960 1836 habebam
2987 1748 3117 1813 υείυι
3137 1763 3237 1836 incl
3254 1748 3341 1836 ξι,

236 1838 381 1946 αξξ.
401 1821 771 1959 Ιὸμρίιίοῐυπε,
803 1889 1110 1959 papulorum
1130 1930 1141 1949 ,
1174 1889 1215 1942 l.

296 1963 381 2018 66.
414 1961 636 2024 Parcus,
663 1959 898 2029 aﬂiictus,
930 1960 1207 2024 abstinens,
1242 1959 1279 2013 Ι.

1994 1829 2081 1881 75.
2114 1828 2309 1895 Ptatas,
2337 1832 2646 1884 immundus.
2678 1859 2745 1869 ——
2767 1830 2950 1894 Notas,
2980 1831 3224 1893 maculas,
3260 1832 3298 1885 I.

1993 1897 2081 1952 74.
2100 1898 2483 1967 Delmcaverat,
2506 1902 2748 1972 expiavit,
2764 1902 3043 1966 mandavit,
3061 1902 3438 1971 puri/icarerat,
3458 1902 3503 1957 Ι.

1594 2049 2156 2108 COMMENTARIUS.

230 2149 501 2216 amplexus
529 2154 717 2199 contra
747 2145 890 2217 leges
912 2144 1181 2217 carminis.
1212 2142 1334 2197 Ald.
1368 2154 1421 2199 et
1451 2145 1637 2200 cmteri
1669 2153 1817 2201 recte

230 2214 361 2275 neve.
404 2219 459 2271 in
497 2218 645 2282 Rat.,
679 2214 946 2286 quiquam,
975 2214 1069 2271 sed
1098 2223 1396 2271 correctum
1430 2231 1593 2271 manu
1629 2231 1816 2271 recen-

229 2289 343 2345 tiori
366 2290 666 2358 quicquam.

430 2355 584 2411 Vatt.
621 2358 689 2422 B,
724 2356 775 2419 l,
824 2356 1005 2425 Prag.,
1038 2356 1183 2421 Rat.,
1209 2356 1433 2421 Widm.,
1465 2355 1619 2409 Gold.
1656 2370 1816 2425 supra

229 2434 401 2501 rigato.
440 2429 661 2501 Bong.,_
678 2428 837 2501 vigeto
868 2428 918 2478 in
948 2443 1159 2496 corpore
1188 2442 1286 2496 pro
1332 2428 1464 2501 vieto
1496 2428 1549 2477 in
1593 2437 1814 2501 pectore.

228 2498 507 2555 Terentius
545 2501 597 2551 in
623 2498 882 2551 Eunucho
904 2507 1005 2550 act.
1036 2514 1108 2559 iv,
1136 2512 1293 2551 scena
1316 2502 1349 2552 4
1378 2517 1388 2550 :
1417 2498 1518 2549 llic
1542 2507 1610 2548 est
1636 2500 1818 2564 vietus,

226 2581 689 2635 retus,veternosus
711 2585 879 2621 senex.
896 2568 1065 2621 Varro
1089 2570 1181 2621 lib.
1201 2584 1249 2620 tv
1272 2568 1337 2622 de
1352 2568 1503 2637 Ling.
1520 2568 1658 2621 l.at.:
1674 2567 1822 2623 Vicre

225 2653 292 2695 est
315 2644 506 2695 vincire
526 2682 543 2705 ,
572 2656 601 2692 a
628 2656 725 2705 quo
756 2650 829 2693 est
855 2640 906 2691 in
929 2640 1084 2691 Asoto
1116 2638 1271 2691 Ennii
1288 2681 1303 2702 ,
1334 2640 1483 2692 Ibant
1510 2654 1659 2691 mane
1687 2642 1820 2693 vicre

224 2714 472 2766 veneriam
512 2710 780 2764 corollam.
818 2710 949 2763 Hinc
976 2710 1135 2764 vietus
1164 2712 1379 2779 proprie
1408 2710 1606 2771 ﬂexus,
1638 2719 1694 2763 et
1727 2726 1821 2777 per

227 2785 636 2839 translationem
670 2781 978 2850 languidus.
1010 2782 1255 2834 Nonnulli
1288 2791 1495 2849 putant,
1527 2782 1820 2835 secundam

230 2856 278 2907 in
306 2857 434 2908 vieto
463 2867 595 2909 esse
627 2851 845 2905 brevem
890 2867 953 2905 ex
980 2851 1178 2905 lloratii
1210 2867 1367 2905 versu
1397 2852 1496 2905 oda
1528 2852 1595 2903 l2
1624 2852 1818 2919 Epod.,

227 2928 324 2992 Qui
352 2926 520 2978 sudor
553 2924 713 2985 vietis,
746 2933 791 2974 et
816 2938 968 2991 quam
993 2924 1156 2974 malus
1188 2925 1406 2991 undique
1432 2922 1700 2985 membris;
1727 2922 1819 2978 sed

226 3006 367 3050 recte
399 3005 561 3049 notat
593 2994 881 3047 lticciolius
909 2992 1018 3044 Iud.
1053 2993 1107 3053 2,
1141 3008 1258 3043 eam
1292 2993 1513 3059 produci
1548 3007 1577 3044 a
1606 2992 1817 3055 Plauto,

226 3066 480 3121 Terentio
500 3108 518 3129 ,
553 3064 802 3117 Lucretio
843 3073 897 3116 et
923 3063 1240 3125 l’rudentio,
1279 3078 1397 3115 cum
1426 3066 1493 3115 sit
1522 3077 1549 3113 a
1579 3063 1709 3125 vieo,
1747 3080 1821 3127 es,

225 3138 366 3205 rievi,
388 3138 609 3190 vietum.
646 3134 894 3189 Horatius
925 3132 1167 3205 excusari
1199 3140 1375 3205 potest
1402 3133 1472 3185 ob
1501 3134 1820 3201 synmresin,

228 3218 281 3259 ut
311 3203 590 3263 secundus
622 3220 714 3272 pes
742 3206 811 3257 sit
841 3203 1143 3272 spondteus.
1174 3203 1491 3270 Quintianus
1516 3207 1642 3257 Stoa
1672 3217 1820 3256 com-

230 3294 445 3334 munem
479 3292 606 3333 esse
638 3284 805 3345 putat.

295 3349 383 3405 58.
435 3348 612 3404 Aldus
642 3343 919 3400 mendose
966 3345 1171 3399 verbera
1214 3359 1309 3414 pro
1349 3345 1522 3411 ubera,
1572 3343 1651 3397 uti
1677 3357 1821 3399 vers.

236 3436 375 3487 scq.,
407 3427 626 3473 necante
648 3432 744 3487 pro
769 3434 856 3470 nec
887 3426 1024 3469 ante.
1382 3418 1389 3424 ’

300 3491 391 3545 59.
441 3490 684 3544 Breviar.
716 3488 874 3553 Μυκη
906 3488 1065 3545 male.
1096 3494 1214 3541 ante
1240 3495 1461 3555 partum.

297 3564 389 3616 60.
420 3561 549 3613 Vat.
585 3561 623 3611 A
658 3574 684 3610 a
727 3560 893 3628 prima
927 3573 1085 3613 manu
1110 3597 1126 3623 ,
1160 3559 1441 3626 praedicare
1462 3598 1475 3623 ,
1502 3556 1645 3627 quod
1683 3564 1829 3612 recte

232 3643 312 3686 est
344 3630 719 3685 emendatum.

298 3703 389 3757 65.
431 3702 557 3755 Vat.
592 3702 666 3763 B,
709 3702 951 3768 setisque,
985 3714 1090 3753 non
1121 3699 1281 3756 male.
1311 3698 1365 3752 ln
1396 3699 1541 3766 Ral.,
1577 3699 1697 3757 Val.
1731 3698 1832 3754 let

226 3774 392 3827 Gold.
420 3773 582 3825 deest
611 3780 689 3833 et;
716 3771 809 3823 sed
834 3772 993 3824 debet
1021 3770 1164 3837 addi,
1192 3781 1248 3824 ut
1274 3770 1464 3826 melius
1490 3770 1673 3826 sensui
1702 3786 1831 3825 con-

224 3845 472 3898 sulatur.
508 3855 697 3908 nempe
720 3840 927 3908 hispida
958 3850 1018 3910 et,
1042 3840 1303 3910 lanugine.

295 3916 393 3967 61».
432 3912 506 3963 Et
531 3925 625 3977 pro
656 3926 717 3961 ac
746 3910 863 3961 Vat.
896 3911 963 3973 Α,
990 3908 1128 3972 Gis.,
1158 3908 1210 3964 et
1239 3912 1387 3965 Teol.

293 3985 391 4036 68.
420 3982 493 4033 In
523 3995 704 4045 usque,
734 3990 790 4032 ut
820 3979 887 4031 ad
919 3995 1077 4048 usque
1098 3989 1152 4032 et
1176 3980 1236 4033 ab
1262 3997 1437 4049 usque.

294 4054 391 4109 69.
436 4050 720 4105 Giselinus
758 4066 939 4118 parum
970 4051 1115 4117 prius
1150 4050 1393 4105 ediderat
1423 4066 1545 4104 cum
1588 4051 1745 4116 Aldo,
1776 4061 1834 4105 ut

219 4131 342 4196 ipse
368 4124 470 4196 ait,
505 4120 708 4196 inepte.
739 4121 1241 4196 Castigavit-poslea
1260 4136 1483 4196 parvum
1502 4121 1829 4186 duriuscule,

224 4190 281 4251 ut
321 4194 429 4262 ipsi
468 4191 780 4257 videbatur,
834 4190 1363 4262 etconjiciebatilegi
1407 4206 1568 4262 posse
1597 4208 1828 4259 parcum,

224 4260 379 4334 quod
436 4262 662 4317 Heinsio
708 4276 813 4334 non
854 4260 1316 4334 displicebat._ln_
1336 4262 1449 4313 Vat.
1495 4261 1535 4313 Ρ
1572 4271 1627 4315 et
1673 4262 1830 4334 Brev.

230 4330 403 4395 Μαι..
464 4348 673 4403 parum.
708 4330 1122 4403 Heinsiuscum
1152 4332 1268 4385 solo
1298 4332 1415 4386 Put.
1449 4348 1623 4384 rarum
1668 4332 1831 4400 elegit

229 4425 329 4478 pro
382 4401 701 4475 infrequenti
742 4404 898 4478 victu.
954 4401 1171 4457 'feolius
1218 4403 1495 4478 Heinsium
1534 4403 1830 4478 exscribit,

227 4472 731 4548 iilltilliViS_PARVUM
759 4474 990 4548 omnium
1016 4475 1323 4548 penecodd.
1364 4473 1503 4548 Vtut.
1536 4488 1641 4548 esse
1672 4472 1837 4548 lateat

230 4543 340 4603 t'ur.
394 4545 511 4601 Sed
536 4560 653 4599 cum
684 4544 861 4598 caeteri
891 4543 1164 4599 Heinsiani
1193 4554 1389 4613 printer
1412 4543 1707 4607 Oxonium,
1743 4543 1832 4611 qui

232 4621 401 4674 habet
456 4631 681 4685 parum,
729 4616 905 4683 legant
948 4631 1193 4684 parvum,
1227 4616 1642 4685 adbrcreantque
1692 4615 1832 4679 Lat.,

232 4684 463 4756 nostri,
503 4696 559 4739 et
601 4685 901 4745 Weitziani,
950 4690 1051 4740 hoc
1080 4695 1347 4741 tenemus.
1390 4686 1463 4740 Ita
1495 4684 1743 4739 Sedulius
1779 4685 1833 4739 in

234 4762 450 4831 hymno
478 4756 829 4820 abecedario,
864 4756 927 4831 fit
979 4758 1106 4831 lacte
1148 4772 1304 4822 parvo
1334 4766 1525 4831 pastus
1555 4766 1625 4809 est
1654 4797 1667 4820 ,
1709 4771 1831 4809 nam

1927 2145 2187 2216 mundos,
2231 2155 2284 2201 et
2309 2148 2532 2212 vetitos;
2580 2148 2674 2202 sed
2715 2163 2850 2216 quos
2873 2148 3105 2203 Joannes
3149 2148 3399 2215 esitaret,
3444 2161 3500 2209 ut

1923 2214 2235 2289 libertatem
2258 2217 2617 2289 evangelicam
2636 2214 2749 2289 janj
2775 2230 2882 2272 tum
2908 2221 3145 2275 doceret.
3179 2220 3304 2286 Quis
3330 2214 3463 2276 enim
3485 2264 3503 2289 ,

1924 2285 2113 2355 inqttit,
2147 2287 2376 2352 dubitat,
2404 2285 2682 2342 'Joannein
2712 2287 3001 2355 Baptistam
3045 2289 3371 2344 Calvinistam
3413 2285 3502 2353 aui

1923 2357 2277 2431 Eutheranum
2300 2359 2492 2428 fuisse?
2516 2360 2770 2431 Quamvis
2796 2370 2977 2415 autem
2997 2360 3111 2425 alii,
3141 2359 3427 2431 Eulltymio
3449 2374 3503 2419 et

1924 2426 2328 2497 TheOpltylaclo
2356 2430 2741 2493 referentibus,
2784 2432 2997 2498 herbas,
3025 2431 3113 2484 alii
3156 2426 3503 2499 pyra'silves-

1925 2498 2049 2571 tria,
2073 2499 2160 2571 alii
2184 2501 2433 2554 arborum
2454 2501 2825 2568 lrondiumque
2854 2505 3087 2555 Summas
3118 2498 3295 2569 partes
3314 2544 3327 2565 ,
3362 2505 3503 2571 quod

1930 2568 2232 2640 Nicephoro
2262 2571 2485 2637 placuit,
2520 2572 2754 2625 locustas
2797 2586 2916 2625 esse
2941 2568 3271 2640 putaverint;
3306 2568 3504 2629 Maide-

1928 2649 2079 2713 natus
2112 2639 2226 2713 ipse
2262 2655 2382 2694 cum
2408 2642 2669 2711 Origene,
2702 2639 3276 2713 Hilario,i\mbrosio,
3325 2644 3503 2713 Augu-

1925 2710 2087 2783 stino,
2122 2710 2803 2783 Chrysostomo,aliis'que
2834 2712 2944 2766 fere
2986 2712 3236 2767 omnibus
3270 2710 3504 2783 antiquis

1928 2780 2311 2848 interpretibus
2353 2782 2622 2847 animalia,
2647 2782 2758 2837 sive
2805 2783 3056 2846 abiculas,
3084 2797 3219 2850 quas
3243 2784 3372 2846 dixi,
3405 2780 3503 2839 ’in-

1928 2859 2271 2923 terpretatur.
2318 2852 2470 2918 Quod
2514 2852 2704 2907 attinet
2744 2853 2810 2906 ad
2851 2852 3074 2907 alteram
3116 2858 3503 2923 quaestionem,

1928 2923 2031 2975 mel
2064 2922 2311 2977 silvestre
2355 2926 2573 2992 exponit
2598 2938 2747 2986 esse,
2776 2925 2916 2992 quod
2949 2937 3078 2991 apes
3106 2922 3157 2976 in
3188 2925 3351 2977 silvas
3380 2940 3504 2979 avo-

1928 2994 2101 3045 lantes
2133 2994 2184 3047 in
2216 2995 2469 3048 arborum
2493 2995 2719 3057 truncis,
2744 3004 2834 3047 attt
2854 2994 2907 3048 in
2936 2994 3142 3062 rupium
3174 2994 3376 3047 fissuris
3399 2996 3504 3049 ela-

1930 3062 2120 3115 borant
2146 3081 2157 3116 :
2191 3064 2332 3131 quod
2366 3066 2416 3118 in
2468 3065 2778 3131 Palzestina,
2805 3064 2941 3119 lacte
2966 3074 3019 3119 et
3047 3063 3205 3117 melle
3233 3075 3507 3131 manante,

1930 3144 1981 3185 ut
2005 3148 2065 3185 ea
2091 3143 2230 3187 terra
2252 3135 2305 3187 in
2330 3136 2499 3189 sacris
2523 3134 2741 3189 Litteris
2761 3144 3001 3197 vocatur,
3031 3136 3248 3187 omnino
3277 3135 3507 3195 creden-

1928 3202 2056 3255 dum
2084 3215 2167 3256 est
2196 3205 2476 3259 accidisse.
2506 3208 2620 3258 Non
2650 3214 2827 3259 autem
2869 3206 3077 3273 probat,
3107 3204 3367 3271 ejusmodi
3396 3207 3507 3263 mel

1932 3273 2096 3327 fuisse
2124 3289 2364 3329 amarum
2396 3283 2451 3329 et
2480 3276 2562 3329 ori
2596 3278 2846 3339 insuave,
2892 3289 2953 3327 ac
2984 3275 3149 3327 multo
3176 3274 3355 3328 minus
3397 3292 3505 3332 non

1932 3343 2098 3397 fuisse
2118 3360 2303 3399 verum
2329 3346 2453 3409 mel,
2481 3348 2573 3399 sed
2598 3360 2771 3397 rorem
2803 3344 3087 3413 quemdam
3115 3358 3221 3412 quo
3247 3344 3536 3411 Joannes,,

1934 3421 1991 3467 ut
2035 3415 2161 3467 olim
2193 3416 2422 3485 populus
2474 3421 2524 3469 in
2556 3414 2815 3485 desertis,
2843 3414 3005 3485 alitus
3033 3415 3213 3470 fuerit.
3258 3415 3508 3485 Habanus

1935 3485 2147 3540 Maurus
2190 3484 2337 3541 tenet
2370 3486 2505 3538 hanc
2536 3484 2872 3545 sententiam,
2904 3484 3010 3537 mel
3041 3499 3148 3552 quo
3187 3487 3243 3539 S.
3274 3484 3509 3543 Joannes

1934 3556 2251 3624 pascebatur
2265 3558 2428 3609 fuisse
2448 3557 2568 3610 folia
2591 3556 2841 3610 arborum
2855 3554 3081 3609 candida
3096 3563 3149 3608 et
3167 3564 3346 3611 tenera
3365 3573 3507 3627 qum,

1935 3626 2181 3679 manibus
2204 3627 2495 3682 confricata
2524 3637 2577 3682 et
2603 3630 2723 3680 trita
2742 3670 2755 3693 ,
2784 3629 3002 3680 odorem
3029 3637 3083 3679 et
3108 3642 3350 3695 saporem
3376 3626 3510 3685 ωηι-

1936 3695 2087 3750 litum
2119 3698 2453 3754 exhiberem.
2489 3700 2593 3753 Alii
2626 3698 2934 3751 existimant
2970 3710 3089 3751 esse
3120 3695 3397 3752 humorem
3443 3714 3509 3754 ex

1935 3767 2187 3822 arborum
2220 3771 2359 3824 loliis
2380 3771 2684 3831 collectum,
2739 3768 2825 3821 alii
2857 3768 2961 3821 mel
2990 3767 3223 3821 ericeum
3252 3809 3265 3832 ,
3315 3768 3385 3821 de
3405 3785 3511 3837 quo

1938 3838 2137 3893 Pliniu~~
2162 3841 2253 3895 lib.
2280 3856 2353 3905 χι,
2378 3855 2494 3909 cap.
2528 3842 2613 3901 16,
2638 3856 2702 3892 ex
2726 3840 2869 3893 eriea
2891 3837 3081 3909 frutice
3102 3841 3345 3909 autumni
3377 3847 3511 3893 tent-

1938 3924 2068 3977 pore
2099 3910 2339 3966 florente.
2368 3908 2563 3965 Confer
2590 3910 2898 3965 Cornelium
2930 3926 2958 3960 a
2992 3908 3189 3978 Lapide
3218 3908 3283 3963 ad
3306 3924 3424 3978 cap.
3452 3925 3510 3963 tu

1940 3981 2147 4044 Matth.,
2180 3993 2232 4036 et
2257 3997 2399 4035 vers.
2433 3983 2529 4033 H7
2559 3993 2611 4035 et
2635 3982 2737 4035 118
2756 3979 3058 4033 Dittoeluei.

2007 4051 2097 4103 70.
2130 4054 2292 4105 Error
2318 4059 2402 4104 cst
2433 4050 2551 4104 ΑΙάὶ
2577 4053 2802 4118 corporis
2832 4059 2988 4105 vetas.

2008 4121 2096 4174 72.
2153 4121 2422 4176 Giselinus
2452 4122 2503 4174 in
2533 4118 2650 4173 eod.
2696 4120 3061 4172 Daventriensi
3106 4120 3386 4172 lectionem
3433 4121 3510 4173 in-

1938 4192 2111 4250 venit,
2138 4207 2295 4260 quam
2326 4192 2410 4245 vel
2458 4204 2609 4257 aeque
2629 4200 2846 4260 aptam,
2881 4189 2962 4260 vel
3003 4188 3276 4260 meliorem
3307 4189 3510 4260 vulgari

1938 4257 2295 4324 existimabat,
2320 4262 2525 4315 scilicet
2553 4278 2565 4313 :
2612 4258 2860 4312 Hortator
2884 4257 2968 4309 ill'
2996 4259 3189 4325 primus
3208 4298 3223 4320 ,
3256 4268 3302 4311 et
3334 4259 3511 4311 doctor

1940 4348 2079 4384 nova:
2105 4334 2334 4393 Salutis,
2382 4340 2531 4399 atque
2558 4330 2736 4398 gratia:
2762 4330 2939 4381 doctor
2973 4343 3133 4380 novat.
3188 4327 3261 4399 In,
3280 4328 3512 4399 Μίθαιηο

1938 4402 2149 4467 codice,
2179 4405 2266 4472 qui
2299 4404 2405 4455 dux
2433 4398 2530 4455 fuit
2558 4399 2793 4454 Giselino
2828 4399 2892 4452 ad
2921 4412 3047 4472 suas
3076 4398 3508 4472 emendatioues,

1940 4474 2156 4527 mutilus
2198 4470 2317 4528 erat
2347 4475 2431 4527 hic
2464 4474 2632 4527 locus.
2685 4472 2807 4524 Haec
2848 4470 3078 4523 varietas
3117 4470 3360 4523 lectionis
3406 4486 3512 4525 non

1938 4554 2018 4596 est
2058 4544 2289 4599 indicata
2346 4558 2519 4613 neque
2570 4557 2599 4595 a
2643 4540 2896 4605 Wcitzio,
2948 4545 3120 4608 neque
3147 4539 3213 4593 ab
3258 4538 3508 4607 Heinsio,

1938 4629 2110 4683 neque
2138 4632 2164 4667 a
2198 4614 2606 4669 recentioribus.

2006 4681 2093 4739 75.
2124 4686 2267 4749 Ald.,
2295 4685 2479 4749 Nebr.,
2506 4684 2659 4748 Urb.,
2684 4681 2803 4735 Vat.
2833 4683 2897 4748 Ο,
2927 4681 3081 4735 Drev.
3113 4681 3274 4745 Moz.,
3294 4691 3512 4735 veterum

1942 4758 2118 4818 pietas.
2154 4758 2293 4811 Vatt.
2331 4759 2388 4819 Β,
2423 4757 2460 4820 Ι,
2497 4755 2647 4823 Prag.
2685 4753 2826 4817 Hat.,
2859 4753 3037 4817 Gold.,
3068 4752 3264 4814 Vidm.,
3292 4751 3511 4817 We‘tz.,

231 4820 446 4884 ιηὀίιῐεο
497 4841 598 4896 pro
642 4842 799 4895 parvo
849 4829 967 4881 sine
1005 4827 1113 4880 ulla
1143 4820 1461 4880 necessitate
1504 4833 1835 4882 correctores
1860 4820 2020 4896 Dpie
2065 4837 2317 4891 vetustas;
2366 4827 2564 4880 Hailsb.
2590 4820 3074 4896 contra‘metrum
3101 4833 3381 4896 ,_ttetttstas
3412 4824 3509 4889 pie.

238 4904 583 4972 hymnorum
616 4897 955 4972 invexerunt.
981 4896 1193 4972 Duplex:
1212 4898 1298 4972 hic
1328 4899 1498 4949 oritur
1521 4906 1834 4972 controver-

234 4966 311 5025 sn
364 4991 376 5025 :
424 4972 601 5024 altera
621 5010 637 5034 ,
668 4968 898 5031 locustw,
928 4968 1120 5036 quibus
1161 4967 1218 5021 8.
1243 4968 1475 5020 Joannes
1500 4966 1833 5028 vescebatur,

233 5045 522 5099 fuerintne
541 5054 707 5107 genus
735 5038 868 5105 avis,
900 5054 965 5091 an
993 5038 1192 5101 herbae;
1218 5037 1403 5101 altera,
1432 5050 1499 5089 an
1521 5052 1706 5089 verum
1731 5038 1836 5090 mel

233 5116 487 5168 Joannes
531 5109 847 5163 comederit.
892 5108 1114 5162 Plurimi
1145 5118 1382 5163 veterum
1420 5108 1830 5169 existimarunt,

236 5187 443 5239 herbas
497 5183 663 5235 fuisse
706 5178 1008 5249 huiusmodi
1051 5181 1290 5249 locustas.
1330 5178 1388 5231 8.
1430 5176 1681 5230 Paulinus
1720 5191 1835 5230 car-

235 5258 386 5310 mine
409 5256 444 5309 5
472 5254 547 5306 de
572 5252 627 5305 S.
649 5250 854 5304 Joanne
876 5249 1137 5316 Baptism:
1172 5248 1467 5303 Prii-hebant
1496 5249 1680 5300 victum
1712 5249 1839 5315 faci-

233 5329 336 5379 lum
368 5324 638 5379 silvestria
664 5321 836 5383 mella,
872 5319 1153 5387 Pomaque,
1188 5330 1233 5371 et
1262 5320 1463 5372 incultis
1493 5328 1653 5371 enati:
1673 5319 1838 5370 cauti-

237 5402 332 5451 (ius
353 5397 557 5449 herbw.
585 5393 731 5446 Alios
747 5392 955 5445 omitto.
971 5391 1071 5456 Qui
1092 5391 1497 5449 animadvertat,
1518 5388 1835 5442 animalcuia

236 5474 475 5521 locustas
500 5466 643 5519 dicta
667 5463 836 5516 chit.
865 5477 984 5529 eap.
1020 5477 1093 5525 xi,
1123 5462 1187 5514 Ἡ
1222 5470 1276 5527 et
1296 5461 1387 5524 ‘22,
1422 5461 1558 5513 inter
1586 5460 1834 5515 animalia

235 5537 449 5593 munda
478 5534 772 5598 rei'enseri,
799 5543 852 5588 et
873 5536 1098 5587 aliorum
1120 5532 1437 5600 populorum
1460 5534 1836 5599 huncquoque

238 5612 418 5663 fuisse
474 5605 695 5665 cibum,
745 5607 828 5659 vix
879 5603 1174 5667 dubitabit,
1208 5604 1335 5671 quin
1379 5603 1459 5655 his
1509 5601 1834 5654 animalibus

237 5683 295 5735 S.
325 5680 578 5733 Joannes
600 5676 934 5730 victitaverit.
955 5676 1186 5729 Joannes
1208 5674 1535 5727 Maldonatus
1559 5672 1610 5724 in
1633 5686 1751 5739 cap.
1776 5687 1832 5725 ιιι

235 5752 434 5804 Matth.
469 5748 756 5810 interemtos
784 5747 1066 5800 nonnullos
1103 5746 1369 5813 exagitat,
1409 5744 1549 5811 quod
1597 5741 1829 5796 locustas

236 5834 478 5884 cancros
506 5818 739 5873 marinos
760 5818 1084 5887 interpretati
1110 5818 1326 5884 iuerint,
1356 5817 1469 5887 lege
1492 5814 1705 5887 quidem
1729 5814 1827 5873 im-

1945 4892 2251 4967 I.cgendum
2298 4910 2379 4951 est
2408 4912 2527 4949 cum
2558 4892 2881 4967 Heinsianis,
2911 4892 3511 4967 Hong.,_Wid.__supra,

1946 4962 2083 5030 iiii,
2111 4978 2331 5021 veterum
2364 4968 2526 5035 piatas
2550 4981 2565 5018 :
2587 4964 2729 5033 quod
2756 4962 2963 5030 reperio
2986 4962 3038 5017 in
3068 4964 3245 5027 Μαι,
3278 4962 3418 5035 Vatt.
3445 4963 3509 5035 0,

1949 5040 2004 5090 l‘.
2048 5038 2297 5093 Nebrissa
2340 5035 2711 5105 suspicabatur
2755 5036 2913 5086 vietus
2942 5074 2955 5096 ,
2998 5043 3055 5087 ut
3102 5049 3258 5101 supra
3288 5034 3511 5105 eie‘touin

1948 5121 2177 5175 pectore;
2208 5110 2290 5161 vel
2322 5101 2481 5173 pietas
2513 5106 2843 5170 interiective
2874 5106 3123 5173 pusitum,
3152 5115 3206 5156 ut
3234 5101 3374 5171 apud
3401 5102 3511 5156 Vir-

1945 5180 2147 5245 gilium,
2185 5178 2297 5231 Heu
2328 5179 2504 5244 pietas,
2534 5177 2632 5229 heu
2654 5176 2819 5243 prisca
2844 5177 3002 5239 fides!

1962 5314 1963 5317 η
2018 5251 2103 5303 Ἱὸ.
2140 5241 2394 5317 Spiritum
2445 5241 2686 5317 sanctum
2718 5261 2877 5315 super
2905 5247 3041 5317 alios
3065 5284 3079 5309 ,
3121 5255 3253 5311 quos
3279 5241 3512 5317 Joannes

1948 5313 2268 5387 baptizabat,
2302 5320 2486 5387 specie
2512 5316 2706 5371 visibili
2728 5313 3068 5387 descendisse
3093 5328 3198 5366 non
3231 5313 3513 5387 recte_col-

1948 5382 2084 5458 liges
2105 5406 2167 5444 ex
2204 5382 2305 5463 hoc
2332 5382 2471 5463 loco.
2507 5388 2638 5463 Vide
2659 5385 3033 5463 comment.“ad
3054 5398 3199 5463 Ivers.
3229 5396 3351 5463 seq.
3383 5382 3512 5463 hlar-

1947 5452 2206 5515 rzitionern
2240 5459 2595 5528 Amphilochii
2629 5460 2679 5509 in
2708 5457 2823 5509 Vita
2855 5456 2909 5510 S.
2945 5452 3127 5528 Basilii
3147 5493 3171 5528 ,_
3193 5452 3326 5506 alias
3352 5453 3511 5528 etiam

1942 5532 2005 5585 ad
2031 5531 2316 5586 Jordanem
2349 5523 2648 5584 columbam
2680 5528 2907 5594 Spiritus
2944 5523 3111 5577 sancti
3142 5523 3509 5594 descendisse,

1943 5603 2188 5669 rejiciunt
2206 5602 2484 5665 Baronius,
2506 5610 2559 5651 et
2575 5592 2758 5651 contra
2780 5592 3511 5669 FranciscumCombelisium

1946 5664 2294 5728 Bollaudiani.
2324 5672 2455 5725 Vide
2474 5664 2835 5723 tiommeutar.
2861 5664 3077 5719 Victorii
3107 5664 3174 5719 de
3198 5678 3347 5719 aeneo
3366 5682 3507 5717 imm-

1941 5762 2025 5798 mu
2060 5755 2219 5799 vctcr.
2254 5744 2452 5797 Christ.
