4102 6348
616 355 723 418 847

796 474 907 532 lloc
929 489 993 531 es
1028 474 1244 530 lavacro
1273 472 1396 530 labe
1431 472 1645 543 dempta
1674 471 1987 536 criminum,

866 566 1024 637 317
1057 566 1208 620 lbant
1233 564 1405 619 renati
1438 578 1543 618 non
1576 577 1762 631 secus,
1792 578 1949 633 quam
1978 562 2023 617 si
2054 560 2203 618 rudis

866 658 993 711 Auri
1022 666 1230 711 recocta
1256 669 1391 710 vena
1418 653 1699 724 pulchrum
1725 652 2009 724 splendeat
2043 670 2055 704 :

864 750 1019 805 Micet
1047 749 1244 805 metalli
1271 749 1385 804 sive
1415 748 1504 803 lux
1535 747 1797 817 argentei,

619 845 690 901 80
869 842 1071 898 Sudum
1102 842 1272 910 polito
1303 839 1592 911 przenitens
1614 839 1943 910 purgamine.

798 936 1021 991 Referre
1048 934 1210 1006 prisci
1238 943 1465 989 stemma
1499 948 1641 989 nunc
1662 932 1850 1004 ieiunii

874 1028 1037 1099 318
1067 1025 1251 1092 Libet,
1276 1024 1419 1080 lideli
1447 1024 1716 1094 proditum
1750 1021 2024 1078 volumine
2044 1063 2059 1086 ,

875 1118 941 1171 Ut
970 1114 1246 1170 diruendae
1270 1113 1503 1169 civitatis
1533 1113 1723 1170 incolis

881 1207 1104 1263 Fulmen
1132 1206 1347 1275 benigni
1392 1204 1816 1261 mansuefactum
1860 1202 2031 1258 Patris

625 1302 697 1357 83
876 1299 987 1364 Pie,
1014 1297 1272 1367 repressis
1304 1295 1536 1367 ignibur,
1567 1292 1884 1366 pepercerit.

803 1391 948 1447 Gens
975 1389 1223 1444 insolenti
1247 1398 1547 1460 prapotens
1570 1387 1823 1458 iactantia

878 1480 1113 1537 Pollebat
1142 1480 1269 1536 olim
1304 1497 1317 1534 :
1346 1495 1504 1536 ouam
1529 1480 1778 1536 fluentem
1816 1478 2063 1549 nequiter

1704 350 1983 412 AURELII
2022 347 2389 409 PRUDENTII
2428 346 2760 405 CARMINA.

2230 472 2285 532 Α

3781 340 3874 402 868

2554 467 2817 533 Corrupta
2845 460 3004 532 vulgo
3033 459 3268 515 solverat
3296 458 3511 514 lascivia
3550 478 3561 510 :

2554 559 2621 615 Et
2648 558 2771 613 inde
2799 555 2956 611 bruto
2977 562 3264 609 contumax
3301 551 3517 607 fastidio

2309 654 2377 709 90
2561 649 2771 706 Cultum
2797 628 3013 719 superni
3043 645 3345 718 negligebat
3374 643 3629 698 numinis.

2493 744 2707 801 Uﬁ'ensa
2737 742 2949 798 tandem
2972 740 3111 811 iugis
3143 738 3486 809 indulgentia:
3566 750 3569 751 '

2561 835 2821 901 Censura,
2848 832 3007 903 iustis
3035 831 3301 887 excitatur
3328 828 3561 884 motibus
3584 871 3598 893 ,

2560 929 2809 984 Dextram
2840 932 3109 996 perarmat
3136 921 3486 993 rhompltaeali
3528 921 3779 977 incendio
3803 963 3819 986 ,

2558 1018 2779 1074 Nimbos
2801 1024 3106 1087 crepantes,
3137 1025 3190 1071 et
3223 1014 3463 1085 fragosos
3491 1013 3732 1068 turbines

2309 1112 2379 1168 95
2557 1110 2792 1165 Vibrans
2832 1117 3107 1164 tonantum
3152 1107 3293 1162 nube
3331 1106 3665 1161 ﬂammarum
3701 1106 3881 1177 quatit.

2484 1204 2588 1260 Sed
2616 1202 2909 1274 paenitendi
2938 1202 3065 1256 dum
3092 1199 3248 1255 datur
3276 1198 3506 1263 diecula,

2569 1297 2732 1369 319
2761 1295 2814 1352 Si
2847 1294 2985 1350 forte
3016 1292 3217 1348 vellent
3247 1289 3546 1361 improbam
3595 1289 3881 1346 libidinem.

2558 1389 2880 1457 Veteresque
2910 1399 3079 1455 nugas
3098 1382 3422 1440 condomare
3447 1397 3511 1437 ac
3540 1382 3785 1451 lrangere
3805 1422 3821 1447 ,

2557 1479 2849 1551 Suspendit
2878 1478 3040 1534 ictum
3066 1485 3240 1532 terror
3266 1474 3558 1531 exorabilis
3577 1516 3592 1540 ,

1919 1570 2207 1629 GLOSSA’.‘
2248 1573 2583 1631 VETERES.
3008 1648 3019 1665 .

699 1672 786 1727 76.
815 1670 925 1725 Hoc
951 1685 1016 1722 cx
1046 1668 1280 1732 lavacro,
1327 1668 1423 1720 hoc
1454 1684 1556 1721 non
1591 1676 1661 1720 est
1706 1675 2052 1729 auctoratum,
2092 1682 2210 1719 nam
2240 1675 2287 1735 Β
2385 1669 2474 1727 85.
2503 1669 2592 1734 Ut,
2625 1667 2900 1733 quomodo.
2933 1659 3328 1719 —'Diruettd:e.
3355 1660 3712 1735 destruendce,
3746 1659 3785 1715 Ι.

629 1744 657 1796 J
666 1758 854 1798 ounnes
866 1742 916 1794 in
930 1756 1064 1807 aqua
1077 1750 1273 1793 tantum
1284 1738 1591 1805 baptizabat,
1609 1754 1706 1791 non
1722 1738 1776 1791 in
1788 1740 1988 1791 nomine
2009 1735 2204 1798 Patris.

631 1811 791 1877 Filii,
835 1824 883 1867 ct
925 1811 1155 1879 Spiritus
1191 1810 1354 1862 sancti
1387 1824 1404 1861 :
1449 1824 1567 1879 ergo
1612 1808 1753 1862 illius
1792 1808 2042 1877 baptisma
2080 1807 2207 1862 nihil

689 1884 898 1949 oderat,
947 1882 1044 1935 nisi
1073 1879 1272 1933 Christo
1313 1879 1447 1933 viam
1483 1889 1797 1951 pra'pararet
1845 1879 2164 1946 baptisaturo
2188 1917 2206 1943 ,

676 1962 750 2007 at.
785 1956 848 2009 A.

696 2026 785 2078 77.
818 2024 932 2078 Non
964 2036 1137 2086 secus,
1168 2037 1266 2074 non
1295 2018 1465 2086 aliter,
1495 2018 1545 2074 l.‘

695 2096 785 2151 78.
820 2094 1125 2155 Pulchrum,
1150 2091 1463 2157 adverbium,
1490 2107 1669 2145 nomen.
1689 2108 1780 2157 pro
1804 2090 2063 2153 adverbio,
2089 2089 2130 2144 Ι.

696 2165 786 2221 80.
808 2164 1032 2229 Sndum,
1064 2161 1375 2228 adverbium,
1408 2178 1609 2226 serene,
1640 2161 1696 2214 id
1722 2172 1792 2214 est
1836 2177 2089 2215 serenum.

698 2236 788 2291 81.
822 2235 1061 2300 Referre,
1089 2234 1275 2285 dicere.
1310 2231 1584 2301 —7Prisci.
1613 2232 1827 2301 antiqui.
1854 2261 1920 2270 -—
1940 2232 2205 2296 Stctuma,

631 2321 895 2369 coronam,
918 2320 1105 2358 corona
1126 2302 1341 2372 regalis,
1372 2300 1472 2372 iso.

704 2374 793 2430 82.
824 2376 1003 2447 Libet,
1020 2370 1243 2447 ﬁgurant
1270 2371 1334 2427 de
1362 2370 1416 2426 Ν
1421 2372 1628 2427 inibitis.
1654 2402 1722 2412 —
1750 2371 2024 2428 Proditum
2051 2413 2064 2437 ,
2098 2387 2205 2426 ma-

633 2448 925 2517 rtifestalum
989 2446 1028 2499 Ι.

2383 1742 2472 1797 86.
2498 1733 2773 1800 lttsolenti,
2806 1735 3037 1805 improba
3062 1734 3318 1805 superbia,
3354 1733 3390 1785 Ι.

2381 1813 2473 1867 88.
2506 1810 2691 1879 Vulgo,
2724 1804 2908 1876 ubique
2933 1804 3296 1879 per_populos,
3329 1805 3367 1858 I.

2381 1883 2469 1938 89.
2503 1872 2690 1947 Bruio,
2716 1872 2892 1934 stulto.
2918 1872 2986 1917 ὲ·-
3011 1872 3331 1941 σοιιιιιιιιθι,
3366 1874 3608 1944 superba,
3636 1873 3677 1927 1.
3707 1872 3882 1935 Fastu,

2313 1954 2569 2023 superbia,
2602 1951 2723 2007 Vat.
2755 1954 2818 2004 A.

2502 2023 2737 2102 Qtl‘ensa,
2768 2018 3029 2102 illita,_l._.
3065 2089 3075 2100 ι

2382 2093 2470 2150 92.
2496 2094 2758 2158 Censura,
2794 2091 2886 2145 Dei
2907 2089 3182 2158 judicium,
3216 2088 3253 2142 Ι.

2379 2166 2467 2220 95.
2502 2163 2848 2232 Rompitzeali,
2875 2160 3089 2232 gladiali
3119 2160 3362 2232 vindicta,
3396 2158 3433 2212 l.

2382 2236 2473 2292 96.
2504 2229 2740 2297 Diccula,
2767 2229 3155 2301 tempusculum,
3180 2231 3217 2283 Ι.
3248 2229 3466 2299 Tentpus
3493 2229 3659 2293 breve,
3678 2229 3798 2283 Val.
3821 2230 3881 2285 Α.

2383 2307 2474 2361 98.
2514 2304 2713 2375 Nugas,
2734 2303 3006 2375 vanitates,
3039 2302 3080 2355 l.

2380 2378 2469 2433 99.
2501 2372 2814 2447 Suspendit,
2832 2373 3059 2440 elevavit,
3087 2372 3127 2429 1.

1380 2580 1383 2585 .
1978 2531 2529 2586 (ΖΟᾺΙΜΕΝΤΑΒΙΗ8.

1380 2580 1383 2585 .
2201 2531 2252 2586 :‘l
2350 2532 2415 2586 Rl
2514 2570 2529 2584 .

705 2628 793 2685 76.
822 2628 1037 2684 Teolius
1060 2627 1374 2697 glossatoris
1403 2627 1641 2683 Vaticani
1673 2532 2230 2683 sententiamcjgtlirrt5L
2256 2530 2531 2697 Ttpefft
2553 2639 2673 2695 quae
2702 2624 2973 2697 lavacrum
3010 2620 3242 2697 Joannis
3266 2634 3371 2675 non
3403 2620 3780 2697 comitaretur,
3804 2619 3889 2676 sed

632 2715 726 2755 sus
758 2700 1104 2755 Prudentium
1135 2698 1392 2767 approbat
1424 2714 1439 2751 :
1471 2699 1563 2752 sed
1610 2698 1933 2753 Prudentius
1964 2714 2068 2753 non
2100 2700 2203 2753 ali-

635 2780 718 2825 ter
742 2771 950 2825 locutus
995 2778 1107 2835 est,
1142 2785 1203 2823 ae
1243 2769 1391 2823 multi
1422 2768 1510 2822 alii
1540 2769 1639 2824 88.
1673 2770 1857 2824 Patres
1885 2769 1978 2838 qui
2006 2770 2207 2824 diserte

633 2841 787 2895 aiunt
832 2840 1151 2909 baptismum
1183 2839 1403 2893 Joannis
1443 2854 1472 2892 a
1509 2838 1774 2907 baptismo
1802 2839 1999 2894 CltriSti
2025 2840 2207 2894 diver-

634 2926 753 2965 sum
782 2910 947 2964 fuisse
967 2949 982 2973 ,
1010 2918 1065 2980 et
1103 2909 1447 2980 nihilominus
1474 2910 1738 2979 baptismo
1766 2910 1990 2965 Joannis
2015 2925 2207 2980 pecca-

636 2991 811 3051 torum
859 2978 1093 3051 tnaculas
1135 2977 1345 3051 ablutas
1390 2994 1508 3051 esse
1547 2977 1881 3048 profitentur.
1927 2977 2209 3051 Sapienter

636 3050 971 3107 Maldonatus
1008 3048 1276 3120 adversus
1313 3048 1620 3117 luereticos,
1665 3051 1754 3120 qui
1784 3048 2207 3120 nullumqidiscri-

2314 2690 2757 2767 consequeretur,
2784 2694 2905 2767 quia
2934 2693 3123 2748 eodem
3152 2691 3203 2745 in
3232 2692 3348 2767 Loco
3370 2690 3587 2767 cecinit.
3616 2692 3888 2767 Sedtincts

2314 2760 2584 2850 ros'rot‘iau
2606 2760 2828 2820 membra
2844 2766 3198 2835 deftecarerat,
3220 2760 3356 2817 Caelo
3377 2761 3635 2832 refulgens
3652 2762 3890 2829 influebat

2312 2846 2564 2963 $18.11?
2598 2908 2717 2961 Vat.
2749 2906 2792 2960 A
2821 2915 2938 2961 erat
2981 2915 3158 2959 stema.
3192 2905 3271 2958 An
3323 2903 3605 2971 legendum
3654 2903 3889 2956 schema?

2315 2980 2547 3061 Stemma
2575 2977 2789 3049 quidem
2819 2986 3127 3059 estcorona
3156 2977 3380 3057 ιιστέφω
3404 2990 3418 3029 :
3444 2983 3499 3029 et
3517 2975 3643 3043 quia
3667 2973 3887 3055 Romani

2314 3060 2581 3117 majorum
2630 3064 2847 3103 suorum
2899 3060 3157 3116 tmagtues
3192 3061 3245 3099 tn
3286 3062 3501 3117 corona:
3547 3060 3801 3117 speetem
3840 3060 3885 3097 ιιι

637 3121 925 3205 tneuinter
954 3130 1237 3205 utrumque
1254 3118 1589 3205 baptismum
1608 3115 1946 3205 agnoscunt,
1978 3119 2171 3205 Paetus
2190 3167 2204 3192 ,
2234 3140 2282 3205 ο
2314 3115 2469 3176 atriis
2496 3120 2881 3205 disponebant,
2914 3115 3721 3205 ideircolinsigniafam‘iliarum
3751 3116 3885 3205 dicta

638 3190 831 3259 inquit,
856 3189 920 3243 ad
942 3204 1063 3257 cap.
1092 3204 1145 3243 Ill
1169 3187 1379 3255 Mattlt.,
1408 3204 1544 3244 vers.
1570 3187 1818 3258 “(nobis
1844 3187 2207 3259 Prudentium,

637 3269 685 3334 e_t
729 3259 1010 3334 Juocncum
1053 3259 1241 3334 aliquis
1282 3260 1520 3334 obiiciat,
1552 3263 1639 3329 qui
1674 3273 1878 3333 uterque
1903 3264 2209 3334 baptismum

634 3329 851 3404 Joannis
879 3329 1065 3404 Christi
1082 3330 1338 3404 baptismo
1367 3331 1599 3384 uidentur
1622 3329 1976 3404 aequipararef
1995 3332 2210 3390 Peccata

634 3402 768 3455 enim
789 3400 1039 3454 remisisse
1057 3401 1252 3454 dicunt.
1286 3398 1492 3454 Possem
1522 3398 1843 3471 respondere,
1876 3422 1977 3458 non
2007 3404 2209 3458 subtili-

634 3482 731 3537 ter,
763 3472 852 3526 sed
879 3472 1069 3540 poetice
1097 3472 1320 3535 locutos;
1352 3471 1438 3525 sed
1466 3488 1566 3525 non
1592 3490 1719 3538 Opus
1743 3485 1816 3528 est
1846 3475 1986 3543 poesi
2008 3486 2209 3530 senten-

636 3546 759 3612 tiam
787 3558 1059 3613 excusare.
1090 3558 1206 3613 cum
1234 3543 1486 3611 possimus
1516 3542 1569 3597 in
1618 3543 1799 3597 bonam
1826 3542 2024 3613 partem
2054 3546 2211 3599 inter-

636 3615 845 3685 pretari.
880 3612 1031 3685 Multi
1049 3612 1184 3667 enim
1202 3622 1386 3667 veteres
1406 3623 1639 3667 auctores
1672 3612 1844 3669 eodem
1872 3616 2021 3668 modo
2052 3617 2210 3670 locuti

636 3683 777 3749 sunt,
802 3683 889 3755 qui
925 3683 1078 3755 iidem
1109 3693 1275 3755 tamen
1304 3694 1519 3754 negant,
1551 3687 1785 3739 eumdem
1815 3685 2025 3747 Christi,
2058 3696 2211 3755 atque

636 3754 856 3824 Joannis
910 3754 1063 3823 fuisse
1108 3754 1426 3824 baptismum.
1453 3754 1617 3809 lueis
1640 3765 1880 3809 recenset
1912 3754 2163 3811 Basiliam
2186 3801 2201 3824 ,

638 3823 1118 3893 Cltrysostognum,
1156 3823 1507 3889 Augustinum
1530 3868 1544 3890 ,
1588 3825 1904 3893 Gregorium
1936 3827 2205 3892 Magnum,

640 3892 870 3955 Bedam,
920 3892 1398 3962 Tlteopltylaetum.
1432 3894 1490 3949 S.
1525 3892 1843 3962 Lucas’cap.
1877 3912 1963 3961 ιιι,
2008 3898 2041 3950 5
2079 3912 2093 3950 :
2142 3898 2209 3951 Et

641 3962 888 4035 venIt,ait
915 3962 981 4035 tle
1007 3962 1065 4016 S.
1082 3961 1323 4035 Joanne,
1353 3964 1406 4016 in
1432 3982 1631 4019 onmem
1671 3961 1927 4035 regiOnem
1962 3964 2209 4022 Iordanis

640 4032 924 4099 pradicans
952 4031 1256 4100 baptismum
1296 4036 1599 4102 paenitentiae
1624 4052 1672 4090 IN
1706 4031 2052 4091 n'sutsstonsu
2079 4053 2205 4092 rec-

638 4118 905 4157 caroaou.
969 4104 1081 4157 llue
1108 4102 1293 4158 oculos
1325 4104 1423 4160 SS.
1474 4107 1655 4162 Patres
1684 4107 2059 4172 intenderunt,
2084 4124 2205 4163 cum

641 4174 905 4242 baptismo
925 4172 1145 4228 Joannis
1168 4183 1381 4242 peccata
1405 4175 1569 4230 fuisse
1591 4179 1812 4233 remissa
1836 4189 2205 4244 asseruerunt,

637 4256 907 4323 quatenus
925 4245 1132 4299 scil;cet
1150 4244 1215 4299 ad
1246 4246 1610 4323 paenitentiam
1638 4250 1924 4323 excitabat,
1954 4265 2055 4320 qua
2084 4264 2207 4316 pec-

636 4324 752 4389 cata
781 4314 1387 4389 remitterent_ur,_et_ad
1416 4316 1614 4373 Christi
1648 4314 2205 4389 baptismum'praepa-

638 4386 818 4461 rabat,
845 4400 972 4461 quo,
1005 4395 1061 4461 ut
1088 4384 1321 4461 theologi
1365 4387 1669 4461 loquuntur,
1705 4384 1957 4461 exiopere
1984 4384 2206 4461 operam

640 4460 859 4510 maculae
890 4458 1172 4526 criminum
1206 4457 1414 4526 penitus
1443 4458 1713 4513 eluuntur.
1758 4457 2035 4515 Juvencns
2056 4461 2151 4515 lib.
2186 4476 2201 4514 ι

638 4526 705 4610 ad
750 4540 870 4605 cap.
901 4539 958 4577 ut
988 4525 1149 4610 Marci
1181 4524 1390 4608 {Nunc
1417 4544 1509 4610 ego
1555 4530 2105 4610 prieteritals‘maculas
2154 4532 2171 4585 i

641 4596 848 4668 ﬂumine
874 4610 1003 4668 puro
1030 4595 1244 4668 Abluere
1266 4595 1464 4651 institui
1495 4615 1508 4650 :
1536 4595 1696 4652 ueniet
1725 4600 1818 4652 sed
1847 4600 2025 4667 fortior
2052 4603 2206 4668 alter,

639 4672 748 4740 etc.
774 4736 783 4740 _
807 4663 867 4740 S.
912 4664 1169 4740 Paulinus
1206 4680 1373 4721 carm.
1416 4668 1449 4740 5
1486 4668 1551 4740 de
1583 4670 1639 4723 8.
1672 4663 1877 4740 Joanne
1927 4670 2157 4740 Baptista
2191 4663 2205 4727 Ξ

638 4733 805 4788 Diluit
831 4735 1027 4808 infusis
1052 4736 1342 4789 credentum
1368 4738 1581 4791 crimina
1609 4738 1829 4807 lymphis
1845 4782 1859 4803 ,
1893 4733 2210 4808 Absolvitque

639 4814 797 4879 metus
820 4806 1098 4879 hominum,
1130 4822 1400 4877 penusque
1422 4806 1637 4879 [emittit
1653 4809 1813 4877 Atque
1840 4811 2004 4879 ignem
2029 4806 2211 4866 restin-

638 4876 747 4946 guit
776 4877 921 4939 aquis
950 4892 967 4928 :
998 4876 1181 4930 oblivia
1209 4880 1384 4931 suadet
1420 4877 1690 4943 Errorum,
1728 4876 2030 4949 praestatque
2069 4898 2209 4938 ιιουω

638 4962 771 5000 nova
797 4960 1012 5011 corpora
1050 4950 1180 5001 vitae.
1213 4949 1440 5004 Basilius
1470 4950 1561 5004 lib.
1593 4950 1660 5004 de
1698 4951 1954 5017 Baptism.
1990 4970 2001 5004 :
2038 4953 2208 5009 Simul

636 5028 788 5093 atque
806 5020 1221 5093 accesserqtquis
1238 5059 1252 5083 ,
1277 5027 1324 5073 et
1367 5029 1577 5093 peccata
1597 5037 1691 5075 sua
1711 5062 1726 5086 ,
1750 5032 2136 5093 quantacunque
2160 5036 2209 5079 et

634 5088 1008 5170 qualiacunque
1022 5088 1257 5170 fuissent,
1280 5088 1537 5170 confessus
1552 5092 1737 5170 fuerat,
1763 5088 1815 5144 in
1837 5088 2082 5148 Iordanis
2109 5098 2209 5170 [lu-

636 5159 774 5233 mine
827 5158 1223 5233 baptizabatur,
1253 5169 1299 5215 et
1352 5158 1613 5232 confestim
1664 5172 1986 5233 peccatorum
2031 5158 2207 5221 remis-

633 5230 828 5310 sionem
850 5228 1142 5310 accipiebat.
1167 5228 1578 5310 Cltrygostomus
1604 5228 1956 5310 theologicam
1988 5233 2208 5310 distinc-

637 5300 835 5376 tionem
862 5300 1048 5376 edocet
1071 5314 1234 5376 serm.
1272 5300 1371 5376 Q37
1403 5320 1415 5355 :
1440 5300 1570 5356 Erat
1590 5302 2011 5376 pencsloannem
2037 5307 2203 5376 venia,

632 5370 723 5422 sed
758 5386 859 5423 non
894 5372 1001 5441 sine
1040 5372 1331 5441 paenitentia
1360 5388 1379 5425 :
1411 5383 1519 5427 erat
1558 5370 1817 5438 remissio,
1854 5377 1943 5429 sed
1990 5370 2207 5432 luctibus

637 5450 949 5517 comparata.
979 5440 1179 5517 Epdcm
1210 5442 1663 5517 sensu__Spiritus.
1697 5444 1811 5517 sive
1847 5445 2047 5501 donum
2088 5462 2207 5517 gra-

638 5511 748 5582 tiae,
780 5511 910 5582 (telo
945 5511 1201 5582 refulgens
1235 5513 1481 5582 invisibili
1513 5515 1674 5569 modo
1711 5514 1953 5581 inﬂuebat
1985 5533 2002 5569 :
2033 5511 2205 5574 ut're-

638 5579 1128 5654 fellasNebriSsam
1170 5593 1223 5637 et
1247 5581 1573 5649 Giselinum,
1602 5585 1689 5654 qui
1723 5579 1773 5639 id
1813 5586 1863 5639 in
1917 5587 2205 5644 l’rudentlo

638 5650 1051 5718 reprehendunt.
1100 5652 1239 5717 Quin
1286 5658 1447 5709 etiam
1488 5656 1556 5709 cl.
1603 5650 1807 5711 Ilertius
1840 5655 1933 5710 lib.
1967 5673 2091 5711 xxxi
2136 5659 2204 5715 de

636 5719 825 5792 Theol.
858 5721 1025 5785 Disc.,
1070 5737 1184 5791 cap.
1218 5724 1283 5789 2,
1311 5724 1530 5792 probat,
1563 5724 1838 5781 Prudetttii
1861 5740 2048 5781 versus
2092 5729 2202 5782 Hoc

636 5804 699 5844 es
724 5788 943 5857 laracro,
990 5800 1093 5844 etc.
1120 5788 1148 5854 ,⁷
1177 5788 1525 5863 accipiendos
1543 5812 1660 5851 esse
1690 5796 1752 5849 de
1801 5798 2112 5853 remiss‘one
2146 5801 2200 5854 in

2313 3201 2438 3246 sunt
2462 3186 2746 3245 stemmata.
2798 3190 2907 3243 Hoc
2951 3189 3071 3243 loco
3100 3196 3311 3241 stemma
3350 3186 3655 3256 significare
3696 3188 3889 3255 poterit

2312 3262 2599 3332 imaginem
2624 3303 2638 3323 ,
2670 3275 2765 3332 seu
2796 3260 3158 3332 nobilitatem,
3189 3266 3245 3312 et
3269 3259 3642 3332 antiquitatem
3662 3298 3678 3322 ,
3708 3271 3774 3310 ac
3787 3272 3887 3332 ⁸νιξο

2312 3327 2654 3388 lutt'seriem
2683 3330 2891 3399 ieiunii.
2938 3329 3047 3384 Alii
3095 3337 3306 3382 stemma
3338 3327 3545 3383 illustre
3586 3328 3886 3397 exemplum

2314 3404 2754 3471 interpretantur.

2380 3462 2472 3529 8‘2:
2499 3472 2666 3527 Isonis
2690 3474 2867 3543 glossa
2896 3486 3002 3542 quo
3024 3470 3313 3543 pertineat,
3340 3482 3444 3523 non
3477 3462 3739 3543 inlelligo.
3762 3467 3887 3543 Eor-

2314 3553 2455 3599 tasse
2481 3544 2600 3598 loco
2626 3540 2725 3600 suo
2758 3540 3029 3608 mnta'est,
3069 3551 3125 3593 ut
3154 3544 3203 3594 in
3231 3540 3314 3593 his
3341 3555 3438 3593 usu
3468 3540 3609 3593 solet
3633 3541 3885 3603 evenire,

2311 3627 2359 3669 et
2383 3624 2501 3682 post
2521 3624 2733 3668 stemma
2751 3624 2999 3681 tanquam
3025 3612 3233 3666 diversa
3256 3610 3433 3680 glossa
3456 3609 3740 3680 legendum
3767 3610 3887 3677 erit,

2311 3686 2529 3754 figurant
2560 3685 2623 3739 de
2652 3683 2918 3738 Ninivitis.
3040 3704 3053 3754 ς

2382 3754 2475 3810 84.
2507 3756 2562 3810 In
2592 3755 2993 3815 mansuefactum
3022 3752 3260 3807 diaeresis
3285 3750 3402 3805 ﬁeri
3435 3750 3578 3805 solet
3599 3751 3651 3804 in
3682 3766 3803 3815 sue,
3833 3756 3889 3802 ut

2311 3840 2498 3881 versus
2526 3834 2759 3879 constet.
2788 3820 3006 3879 'l‘eolins
3046 3824 3099 3877 in
3131 3838 3237 3877 uno
3269 3821 3385 3876 Vat.
3428 3820 3633 3876 invenit
3663 3820 3887 3890 benigna

2312 3896 2711 3963 mansuefactum
2741 3896 2933 3950 dextra.-
2961 3911 2979 3947 :
3022 3894 3163 3963 quod
3195 3893 3277 3947 lex
3320 3893 3475 3946 metri
3525 3906 3630 3945 non
3666 3892 3883 3961 patitur.

2379 3967 2471 4021 88.
2504 3966 2754 4021 Nebrissa
2794 3966 2983 4020 melius
3004 3978 3160 4031 quam
3190 3963 3290 4027 lso,
3324 3963 3498 4031 vulgo,
3529 3964 3881 4025 communiter,

2308 4044 2363 4091 et
2394 4039 2581 4104 passim
2602 4037 2850 4104 exponit;
2890 4036 2978 4103 qtti
3002 4035 3164 4088 etiam
3192 4036 3434 4104 ﬂuentem
3460 4034 3693 4100 nequiter
3722 4033 3887 4104 inter-

2310 4102 2548 4176 pretatur
2577 4102 2777 4171 lapsum
2805 4108 2858 4160 in
2897 4102 3175 4160 libidinem.
3202 4103 3431 4159 Verbum
3481 4104 3643 4171 [luere
3682 4112 3736 4158 et
3786 4102 3887 4171 dif-

2310 4182 2473 4247 fluere
2502 4179 2569 4233 de
2596 4177 2896 4233 libidinosis
2924 4189 3066 4243 sape
3089 4183 3393 4247 usurpatur.

2378 4249 2467 4321 89.
2508 4247 2741 4321 fastigio
2770 4262 2865 4316 pro
2894 4247 3101 4321 fastidio
3128 4245 3293 4321 Hails.

2379 4320 2467 4374 90.
2509 4316 2686 4388 Εςιιιῖ,
2737 4328 2792 4374 et
2827 4321 2937 4371 \‘at.
2972 4320 3013 4371 A
3046 4332 3075 4371 a
3112 4316 3280 4384 prima
3312 4331 3501 4388 manu,
3552 4316 3745 4369 vultum
3800 4329 3891 4384 pro

2306 4390 2531 4454 cultum;
2553 4386 2692 4458 quod
2726 4398 3054 4459 postremum
3085 4386 3460 4459 longe_melius
3480 4395 3585 4459 est.

2379 4460 2469 4515 93.
2497 4456 2783 4529 ltoinpltzea
2804 4468 2887 4514 est
2915 4460 3006 4514 teli
3038 4472 3206 4529 genus
3234 4456 3476 4511 Thraciae
3503 4456 3624 4511 :alii
3657 4458 3890 4521 hastam,

2175 4508 2208 4585 ;.
2236 4508 2288 4569 Ι)
2311 4508 2894 4599 αιιῖἶιὰἐιῖὗὲἦῖιῖευῖι⁷.

2385 4601 2473 4656 94.
2510 4604 2656 4673 liat.,
2686 4601 2844 4673 male,
2872 4600 3153 4673 fragrosas.

2382 4672 2472 4727 95.
2504 4671 2651 4736 Ald.,
2676 4672 2857 4725 nubem
2886 4671 2984 4740 pro
3010 4672 3158 4735 nube,
3188 4671 3463 4726 mendose.

2381 4741 2472 4797 96.
2508 4742 2745 4796 Donatus
2776 4742 2830 4795 in
2863 4737 3062 4797 Andria
3107 4752 3215 4797 act.
3256 4757 3327 4806 tv,
3360 4755 3521 4796 scena
3550 4739 3620 4805 2,
3648 4749 3705 4795 et
3751 4737 3889 4792 Eun.

2318 4826 2424 4869 act.
2457 4828 2531 4876 tv,
2560 4827 2718 4867 scena
2745 4813 2799 4879 5,
2831 4811 3047 4867 brevem
3073 4826 3279 4867 moram
3307 4812 3689 4881 interpretatur
3714 4809 3892 4881 ἀίεατ

2312 4885 2434 4938 lam.
2494 4884 2709 4937 Teolius
2751 4898 2815 4936 ex
2859 4891 2983 4937 nota
3021 4884 3178 4937 unius
3212 4882 3349 4947 Vat.~
3376 4879 3461 4937 adi
3490 4882 3784 4951 marginem
3840 4879 3889 4931 id

2310 4954 2605 5010 secundum
2629 4952 2769 5007 LXX
2790 4952 2989 5008 dictum
3014 4954 3317 5018 confirmat,
3337 4954 3460 5020 quia
3485 4952 3536 5005 hi
3562 4960 3674 5007 tres
3687 4960 3891 5005 tantum

2309 5027 2427 5080 dies
2447 5025 2785 5081 conversioni
2813 5022 3166 5078 Ninivitarum
3197 5023 3491 5093 assignant,
3520 5037 3679 5090 quam
3707 5020 3897 5093 lectio-

2310 5111 2432 5150 nem
2477 5108 2597 5149 cum
2655 5093 3031 5164 aliaVulgatze
3080 5094 3149 5149 40
3199 5092 3405 5149 dierum
3446 5092 3733 5164 conciliare
3774 5092 3895 5164 vult

2310 5166 2369 5222 S.
2403 5164 2747 5235 Augustinus
2766 5162 2855 5217 lib.
2886 5160 3045 5230 ivut,
3075 5180 3195 5233 cap.
3224 5164 3315 5231 ιθ,
3345 5164 3413 5219 de
3437 5163 3597 5235 Civit.
3632 5164 3759 5235 Dei.
3778 5160 3885 5217 Sed

2309 5232 2867 5298 animadvertendum,
2898 5245 3111 5303 tempus
3137 5232 3298 5290 etiam
3328 5235 3399 5290 40
3426 5233 3634 5289 dierum
3658 5232 3764 5287 dici
3790 5247 3893 5301 po—

2310 5308 2477 5364 tuisse
2496 5308 2680 5370 breve,
2709 5313 2765 5360 et
2788 5306 3061 5371 dieculam,
3089 5320 3212 5360 cum
3246 5306 3315 5361 de
3343 5321 3402 5361 re
3427 5304 3744 5373 gravissima
3761 5317 3891 5371 age-

2322 5388 2501 5444 retur,
2546 5377 2749 5432 scilicet
2780 5376 3093 5444 ptenitentia
3138 5376 3401 5431 scelerum
3450 5376 3891 5428 inveteratorum.

2379 5450 2468 5504 98.
2502 5446 2635 5502 Vide
2670 5444 2884 5517 proleg.
2917 5461 3063 5501 num.
3101 5446 3205 5502 2l7
3233 5447 3299 5503 de
3346 5445 3512 5499 verbo
3542 5444 3891 5517 condomare,

2308 5517 2449 5584 quod
2502 5514 2857 5572 Blancbiuius'
2893 5518 2948 5572 in
2986 5518 3271 5570 condonare
3316 5530 3593 5585 perperam
3641 5514 3894 5585 mutavit.

2310 5583 2629 5670 Prudentius
2676 5603 2839 5657 nugas
2882 5601 3082 5657 ponere
3119 5589 3255 5643 solet
3303 5583 3662 5657 pro’libidine
3687 5592 3779 5638 aut
3810 5583 3893 5637 la-

2308 5674 2493 5714 SClVla.

2378 5731 2465 5785 99.
2500 5729 2686 5785 Melius
2716 5729 2961 5784 continuit
3012 5746 3217 5783 manum
3247 5744 3368 5783 cum
3407 5726 3654 5781 Nebrissa
3683 5768 3695 5792 ,
3724 5739 3890 5795 quam

2308 5800 2512 5855 elevavit
2554 5815 2673 5855 ettm
2702 5800 2876 5856 lsone.
