4102 6348
252 407 358 464 849

251 524 350 579 100
497 527 819 600 Paulumque
841 531 978 587 dicta
1003 533 1237 588 substitit
1265 537 1550 589 sententia.

423 616 610 672 Jouain
637 623 946 690 prephetam
975 624 1115 678 mitis
1146 625 1285 680 ultor
1313 627 1531 693 excitat,

491 709 666 766 Pinnae
697 712 1022 770 imminentis
1049 715 1150 771 iret
1174 725 1230 770 ut
1258 718 1603 786 praenuntius.

486 801 590 856 Sed
623 813 804 860 nosset
832 805 923 861 ille
945 821 1065 861 cum
1095 808 1357 863 minacem
1385 807 1620 877 judicem

487 893 714 952 Servare
736 899 909 964 malle,
942 915 1096 969 quam
1124 902 1280 958 ferire
1319 918 1380 957 ac
1407 903 1639 972 plectere
1661 944 1676 968 ,

486 988 700 1045 Tectam
729 991 952 1048 latenter
983 994 1145 1048 vertit
1175 997 1227 1049 in
1249 995 1484 1050 Tharsos
1511 996 1708 1066 fugam.

411 1079 619 1135 Celsam
644 1085 845 1152 paratis
875 1087 1123 1154 pontibus
1152 1088 1361 1143 scandit
1387 1097 1554 1144 ratem
1584 1106 1593 1139 :

487 1171 600 1228 Udo
632 1174 868 1231 revincta
897 1175 1019 1232 fune
1049 1180 1241 1248 puppis
1270 1179 1516 1234 solvitur.

492 1263 602 1319 Itur
633 1280 729 1334 per
748 1267 914 1321 altum
944 1285 955 1321 :
992 1269 1050 1322 fit
1080 1269 1436 1338 procellosum
1469 1285 1634 1326 mare.

479 1353 615 1409 Tum
646 1370 804 1412 causa
842 1360 971 1413 tanti
1003 1361 1258 1430 quaeritur
1288 1362 1506 1431 periculi
1535 1380 1548 1416 :

476 1444 606 1501 Sors
635 1447 689 1500 in
718 1447 956 1518 fugacem
988 1453 1146 1506 missa
1178 1461 1351 1507 vatem
1379 1452 1595 1508 decidit.

405 1534 590 1592 Jussus
615 1539 789 1608 perire
816 1541 962 1596 solus
985 1558 1014 1596 e
1040 1543 1246 1598 cunctis
1271 1559 1424 1611 reus,

474 1629 638 1700 Cujus
665 1633 843 1688 voluta
867 1636 1069 1692 crimen
1097 1653 1226 1692 urna
1251 1651 1627 1706 expresserat,

478 1721 724 1794 Praeceps
755 1734 980 1794 rotatur,
1015 1737 1066 1782 et
1085 1728 1350 1798 profundo
1379 1731 1730 1802 immergitur.

475 1813 636 1885 320
659 1815 922 1886 Exceptus
950 1818 1071 1874 inde
1101 1819 1348 1876 belluinis
1376 1821 1640 1890 faucibus,

479 1907 595 1962 Alvi
625 1911 835 1979 capacis
860 1913 1009 1966 vivus
1040 1911 1284 1968 hauritur
1305 1929 1489 1983 specu.

450 1999 736 2054 ransmissa
768 2003 958 2070 raptim
985 2001 1159 2070 praeda
1191 2017 1372 2058 cassos
1399 2004 1638 2061 dentium

477 2090 654 2147 Eludit
677 2092 831 2159 ictus,
863 2093 1193 2150 incruentam
1226 2098 1562 2153 transvolans

244 985 340 1040 105

237 1441 335 1500 110

232 1903 334 1961 115

1271 414 1802 473 CATHEMERINON
1847 418 1951 473 VII.
1985 415 2465 477 JEJUNANTIUM.

1848 541 1898 600 Δ

1827 1918 1877 1979 Β

3400 423 3499 484 850

2171 539 2389 607 Impune
2422 540 2688 608 linguam;
2722 553 2787 593 ne
2819 547 3080 595 retentam
3114 540 3382 596 mordicus

2170 630 2338 684 Uil‘am
2356 632 2582 685 molares
2609 629 2934 687 dissecarent
2957 631 3120 697 uvidi,

2169 723 2240 778 Us
2266 739 2424 780 omne
2456 724 2664 790 transit,
2703 725 3019 796 etpalatum
3050 727 3306 794 prmterit.

2095 818 2286 874 Ternis
2315 819 2541 883 dierum,
2567 833 2628 875 ac
2654 821 2887 875 noctium
2913 821 3254 890 processibus

2179 911 2370 965 Mansit
2401 911 2574 966 ferino
2597 912 2882 967 devoratus
2905 923 3138 980 gutture.

2172 1003 2395 1057 Errabat
2434 1002 2543 1057 illic
2570 1018 2663 1072 per
2695 1003 2923 1058 latebras
2955 1005 3256 1067 viseerum;

2168 1092 2378 1147 Ventris
2400 1094 2699 1148 maeandros
2721 1094 3030 1150 circumibat
3063 1097 3266 1151 tortiles

2164 1186 2420 1254 Anhelus,
2445 1190 2583 1244 extis
2613 1189 2753 1243 intus
2783 1190 3148 1244 aestuantibus.

2095 1277 2324 1332 lntactus
2347 1279 2469 1333 exin
2502 1279 2670 1333 tertiae
2688 1280 2856 1334 noctis
2887 1281 3002 1334 vice

2167 1368 2385 1423 Monstri
2415 1372 2676 1426 vomentis
2709 1370 2920 1440 pellitur
2939 1371 3278 1440 singultibus,

2169 1463 2326 1534 321
2348 1463 2462 1530 Qua
2481 1464 2829 1518 murmuranti
2860 1464 2968 1518 ﬁne
2997 1463 3187 1518 fluctus
3213 1464 3486 1533 frangitur,

2161 1553 2449 1622 Salsosque
2476 1553 2712 1609 candens
2734 1569 2918 1622 spuma
2951 1554 3126 1609 tundit
3150 1555 3408 1624 pumices,

2166 1643 2420 1698 Ructatus
2448 1646 2575 1711 exit,
2599 1658 2762 1714 seque
2789 1655 3054 1700 servatum
3081 1655 3276 1716 stupet.

2089 1735 2148 1790 In
2181 1735 2444 1791 Ninivitas
2475 1751 2533 1791 se
2559 1745 2777 1791 coactus
2809 1736 3010 1806 percito

2157 1826 2354 1882 Gressu
2388 1826 2644 1894 reﬂectit;
2666 1843 2799 1898 quos
2822 1839 2880 1883 ut
2909 1829 3307 1899 increpaverat,

2156 1916 2408 1972 Pudeuda
2438 1932 2632 1972 censor
2658 1917 2922 1988 imputans
2953 1918 3262 1990 opprobria,

2161 2012 2455 2081 impendet,
2490 2012 2680 2082 inquit,
2714 2013 2791 2068 ira
2821 2012 3016 2067 summi
3045 2013 3270 2068 vindicis
3292 2053 3308 2078 ,

2188 2103 2492 2175 Urbemque
2521 2105 2732 2159 flamma
2771 2119 2894 2160 mox
2929 2104 3224 2161 cremabit:
3260 2106 3460 2159 credit-3

1925 704 2025 777 1'20

1918 1185 2021 1242 125

1917 1644 2022 1700 130

1905 2101 2010 2159 155

1537 2229 1818 2293 6ιοδὸιὶ
1858 2234 2191 2293 VETERES.

299 2337 422 2392 104.
452 2335 710 2402 Plectere,
742 2339 942 2404 punire,
983 2338 1086 2394 Iso.

456 2409 790 2490 ln_Tharsos,
831 2426 946 2462 cum
982 2410 1229 2466 debuisset
1257 2413 1496 2487 navigare
1527 2415 1760 2474 Ninivcm
1784 2464 1798 2490 ,

220 2479 438 2549 fugit-in
474 2479 714 2547 Tharsos,
749 2479 786 2534 1.

294 2549 421 2621 108.
448 2549 548 2621 Per
575 2551 761 2616 altum,
794 2551 1213 2621 profunditatem,
1241 2553 1280 2612 l.

296 2620 420 2676 110.
451 2620 660 2682 Vatem.
691 2620 1022 2690 prophetam,
1058 2623 1098 2680 I.

298 2690 421 2770 115.
442 2690 685 2760 Capacis,
709 2694 930 2770 va_sti.-—
946 2692 1138 2762 Specu,
1163 2696 1354 2751 scilicet
1371 2698 1798 2770 in.—llauritur,

216 2763 464 2826 sumitur,
497 2773 725 2828 voratur,
758 2764 860 2819 lso.

448 2831 680 2913 Raptim,
709 2835 962 2913 uelociter.
982 2867 1050 2913 -_—_-
1073 2838 1279 2913 Cassos,
1318 2857 1522 2913 vacuos,
1553 2842 1590 2896 Ι.

293 2903 417 2959 117.
451 2903 647 2973 Eludit,
689 2906 896 2977 decipit,
929 2909 1087 2977 fallit,
1118 2909 1159 2964 l.

1984 2351 2108 2406 118.
2138 2351 2423 2418 Mordicus,
2455 2354 2776 2419 mordaciter,
2812 2355 2850 2410 Ι.

1983 2421 2104 2476 119.
2133 2421 2308 2496 Uvidi,
2334 2425 2473 2496 uvidi
2505 2426 2743 2478 dicuntur
2771 2426 3012 2491 molares,
3036 2427 3154 2496 quia
3185 2444 3378 2492 semper
3400 2444 3458 2482 srt

1911 2492 2014 2546 liva
2041 2493 2362 2562 perluuntur,
2392 2493 2510 2548 Vat.
2536 2496 2598 2549 A.

1982 2562 2105 2616 124.
2137 2562 2449 2627 Mmandrns,
2486 2582 2729 2630 recessus,
2756 2576 2966 2633 secreta,
2999 2566 3032 2620 Ι.

1981 2634 2103 2688 1‘26.
2139 2634 2290 2696 Exin.
2326 2651 2463 2701 mox,
2493 2635 2594 2689 lso.

1982 2705 2106 2759 151.
2154 2704 2382 2769 Percito,
2417 2707 2594 2770 veloci,
2621 2705 2658 2760 l.

2129 2775 2352 2850 Censor,
2375 2775 2554 2850 fudere.
2593 2806 2660 2850 τ-
2690 2775 2979 2850 lmputans,
3013 2794 3306 2846 numerans,
3337 2780 3372 2833 l.

1977 2843 2098 2898 135.
2127 2843 2386 2914 Credite,
2406 2847 2562 2914 milii,
2599 2847 2637 2901 l.

1582 3004 2140 3064 COMMENTARIUS.

283 3133 416 3212 100.
448 3135 501 3190 In
524 3134 676 3212 Prag.
709 3136 858 3207 prius
887 3139 1118 3209 paulum,
1150 3138 1244 3194 sed
1286 3137 1463 3212 inepte
1487 3139 1680 3198 factum
1710 3153 1794 3198 est

203 3205 506 3278 paululum,
541 3205 896 3278 cui’metrum'
923 3218 1202 3278 repugnat.

275 3277 413 3350 ⁴101.
439 3276 647 3350 llymno
671 3277 729 3344 6,
767 3293 908 3334 vers.
942 3279 1031 3350 93,
1063 3276 1325 3350 benignus
1349 3283 1502 3337 ultor.
1534 3283 1622 3338 Sic
1653 3297 1794 3338 nunc

199 3347 352 3402 milis
377 3348 554 3471 ὑπέρον,
599 3358 653 3404 et
707 3365 865 3420 supra
919 3349 1114 3419 fulmen
1163 3347 1600 3422 mansuefactum,
1633 3365 1796 3409 terror

202 3435 369 3471 clara
408 3436 420 3470 t
449 3436 508 3471 is.

202 3435 508 3471 ωοναωιη.

283 3489 626 3560 105.1leins.
655 3505 775 3544 cum
803 3491 948 3558 Put.,
981 3490 1213 3555 Thuan.,
1247 3492 1452 3555 Noms..
1483 3510 1588 3548 uno
1615 3495 1793 3560 Torr.,

201 3559 482 3633 Oxon._‘in
515 3576 704 3633 marg,
741 3563 828 3616 ille
853 3565 959 3632 qui.
993 3562 1136 3629 Ald.,
1176 3562 1311 3630 Gis.,
1352 3564 1570 3633 Weitz.,
1618 3579 1672 3621 et
1702 3559 1796 3622 no;

203 3632 328 3697 stri,
359 3629 450 3682 ille.
470 3648 604 3685 cum.
639 3632 806 3698 Rott.,
832 3629 917 3687 ille
948 3635 1092 3688 dum.

275 3698 408 3756 104.
444 3701 779 3779 Burmannus
803 3715 930 3757 tom.
967 3704 1452 3779 lAntholog.,pag.
1479 3709 1791 3779 756,conji-

197 3773 270 3827 cit
299 3790 366 3824 ac
399 3775 628 3840 perdere,
660 3775 778 3842 quia
817 3773 1308 3842 prmceditsert'afe.

272 3845 406 3899 105.
444 3843 696 3907 Qumnam
738 3845 805 3897 sit
852 3845 964 3898 hare
992 3847 1199 3913 civitas,
1245 3865 1347 3902 non
1380 3865 1479 3903 una
1507 3858 1590 3902 est
1629 3849 1793 3904 inter-

192 3923 426 3982 pretum
457 3915 739 3982 sententia.
774 3915 875 3968 Alii
907 3915 1173 3970 civitatem
1203 3917 1422 3981 Cilicirc,
1453 3920 1540 3973 alii
1567 3920 1789 3974 Cartha-

191 3981 413 4052 ginem,
448 3982 533 4034 alii
564 3981 817 4047 Africam,
850 3984 940 4037 alii
971 3999 1118 4040 mare
1153 3987 1594 4043 Mediterraneum
1623 3992 1790 4046 inter-

190 4062 523 4124 pretantur;
579 4054 817 4106 nonnulli
875 4055 1034 4108 Indiae
1064 4058 1332 4124 regionem
1388 4061 1570 4114 volunt
1624 4076 1786 4123 esse,

187 4125 444 4194 quidam
471 4123 778 4178 Tarteswm
809 4125 858 4178 in
899 4123 1167 4194 Hispania.
1202 4127 1501 4182 Probabilis
1542 4129 1670 4184 mihi
1709 4141 1791 4184 est

187 4192 392 4262 opinio
428 4192 687 4247 Bonfrerii
718 4194 768 4247 in
810 4196 949 4248 notis
981 4192 1044 4248 ad
1074 4197 1470 4252 Onomastieum
1500 4200 1710 4253 urbium
1736 4211 1790 4254 et

187 4265 449 4318 locorum
487 4278 652 4317 saer.e
683 4265 992 4334 Scriptum,
1037 4269 1136 4321 hoc
1182 4269 1398 4322 nomine
1436 4270 1685 4323 universe
1715 4271 1790 4324 si-

184 4334 443 4407 gnificari
468 4348 537 4407 ea
569 4335 680 4407 loca
706 4351 823 4404 qua:
851 4337 1072 4390 navibus
1100 4338 1232 4393 adiri
1260 4349 1482 4407 possunt
1502 4349 1555 4395 et
1579 4341 1782 4406 solent,

186 4406 308 4460 sive
335 4406 526 4458 insula:
554 4405 678 4465 sint.
707 4409 820 4459 sive
852 4407 963 4460 loca
997 4405 1375 4464 transmarina.

267 4477 403 4530 108.
435 4475 606 4538 Sieh.,
636 4477 731 4530 iter
753 4491 849 4544 pro
871 4479 991 4542 itur,
1019 4479 1193 4533 minus
1221 4481 1377 4534 bene.

264 4546 401 4602 109.
434 4544 690 4601 Woitzius
730 4556 783 4601 et
818 4545 1074 4604 Cellarius
1112 4551 1294 4606 nescio
1339 4551 1426 4605 ubi
1482 4551 1784 4606 invenerint

182 4634 352 4677 causa
394 4627 552 4670 tanta.

259 4689 283 4740 1
306 4688 398 4742 14.
433 4687 545 4762 lVon
568 4686 769 4762 desunt
783 4689 1098 4762 interpretes
1116 4692 1204 4762 qui
1231 4699 1347 4747 cete
1373 4691 1498 4747 illud
1512 4691 1780 4762 balaznam

180 4759 362 4832 fuisse
395 4756 682 4832 affirmem,
723 4759 842 4813 aliis
899 4756 1335 4832 repugnantibus,
1385 4761 1524 4832 quod
1575 4762 1779 4818 balaena

177 4827 418 4903 arctioii
445 4829 511 4903 sit
540 4837 772 4903 gutture,
798 4827 1057 4903 quam'ut'
1076 4831 1344 4886 hominem
1377 4827 1638 4898 integrum
1665 4834 1782 4903 glu-

179 4902 291 4953 tire
326 4898 522 4968 possit.
560 4899 877 4953 Prudentius
924 4903 1078 4970 paulo
1135 4911 1253 4970 post
1297 4903 1425 4957 dicit
1473 4898 1698 4956 dentium
1728 4914 1783 4959 et

173 4972 453 5042 molares,
499 4970 639 5042 quod
684 4971 904 5042 balanis
942 4973 1232 5042 convenire
1279 4973 1518 5027 nonnulli
1558 4984 1771 5042 negant.

173 5040 287 5093 Alii
358 5055 465 5094 non
500 5040 658 5093 unius
705 5040 899 5109 speciei
942 5040 1174 5096 balrenas
1223 5057 1341 5097 esse
1385 5040 1676 5110 affirmant,
1717 5053 1772 5099 et

172 5111 324 5184 alias
362 5110 580 5184 quidem
610 5111 770 5184 nul|o_
794 5111 971 5184 dente,
997 5112 1126 5184 alias
1155 5114 1329 5176 unico,
1363 5114 1493 5167 alias
1528 5114 1769 5184 pluribus

171 5181 431 5247 gaudere
467 5182 698 5235 tradunt.
732 5181 847 5234 Ceti
885 5183 1096 5236 nomine
1139 5197 1324 5238 omnes
1354 5181 1768 5252 pisces'majoris

168 5253 473 5319 cujusdam
497 5321 500 5322 ν
523 5252 676 5306 molis
703 5252 1105 5320 comprehendi,
1135 5255 1331 5322 passim
1377 5254 1619 5306 traditur.
1652 5255 1765 5307 Pis-

168 5337 298 5376 cem
323 5321 616 5390 grandem.
659 5324 746 5392 qui
777 5323 966 5376 Jonam
1011 5323 1302 5388 devoravit,
1336 5323 1496 5378 fuisse
1524 5339 1644 5378 eum
1675 5327 1762 5393 qui

167 5393 487 5445 charcarias
514 5395 724 5457 dicitur,
780 5393 927 5446 multi
958 5393 1239 5462 opinantur
1280 5413 1290 5446 :
1339 5395 1492 5462 cujus
1530 5394 1758 5463 effigiem

164 5463 414 5516 exhibet
449 5463 832 5533 Aldrovandus
881 5463 970 5517 lib.
1005 5478 1127 5529 xui,
1161 5478 1278 5533 cap.
1306 5464 1371 5517 1‘2
1397 5467 1464 5518 de
1501 5464 1762 5520 Piscibus.

247 5533 388 5586 115.
443 5532 498 5585 1η
533 5533 648 5586 Vat.
685 5537 750 5600 A,
784 5536 1008 5597 Itaritur,
1043 5548 1071 5585 a
1106 5532 1270 5589 veteri
1301 5550 1478 5588 manu.

245 5604 389 5656 119.
422 5603 569 5670 Ald.,
595 5604 732 5667 Gis.,
765 5604 920 5659 Fabr.
948 5612 1003 5657 et
1039 5605 1126 5658 alii
1157 5621 1275 5658 cum
1317 5604 1468 5658 Brev.
1503 5605 1662 5666 Moz..
1688 5608 1760 5659 vi-

161 5676 312 5744 uidi,
366 5673 507 5740 quod
558 5673 917 5728 Nt-hrissensis
964 5677 1342 5744 interpretatur
1380 5675 1548 5738 vividi,
1602 5678 1760 5730 acuti.
1833 5697 1842 5704 ·

163 5743 325 5796 Vatl.
363 5745 407 5796 A
437 5756 487 5797 et
513 5745 570 5810 Β,
606 5744 781 5812 Prag.,
811 5745 930 5801 Rat.
952 5786 967 5809 ,
999 5743 1176 5800 lleins.
1210 5760 1328 5800 cum
1370 5745 1576 5799 duobus
1605 5755 1756 5800 vetu-

157 5814 439 5885 stissimis
470 5816 625 5867 uvidi.
655 5815 710 5868 ln
738 5814 880 5878 Put.,
912 5817 1242 5885 disseparent.
1283 5815 1398 5869 Vat.
1442 5819 1505 5879 A,
1545 5816 1757 5870 dissica-

157 5893 314 5945 rent.
357 5880 477 5938 Vat.
513 5885 570 5948 Β.
601 5885 911 5940 desecarent.
946 5880 1063 5952 om;
1101 5886 1265 5956 accipi
1295 5886 1434 5943 solet
1469 5901 1566 5956 pro
1587 5889 1757 5951 quali-

1897 3142 1988 3197 bet
2027 3140 2443 3212 massainformi
2483 3154 2602 3211 qua:
2632 3140 2682 3195 in
2712 3154 2772 3196 os
2812 3141 3062 3211 injicitur.
3093 3141 3220 3212 Ejus
3247 3142 3450 3199 diminu

1901 3215 2068 3268 tivum
2109 3211 2289 3280 ofella.

1971 3283 2092 3336 121.
2127 3282 2317 3352 llails.,
2348 3283 2696 3352 praeessibus,
2729 3296 3028 3350 perperam.

1969 3354 2093 3407 124.
2130 3351 2293 3418 Ald.,
2331 3351 2517 3416 Nebr.,
2551 3351 2686 3418 Gis.,
2713 3352 2877 3405 nostri
2906 3362 2960 3406 et
2994 3352 3274 3408 Weitziani
3313 3355 3449 3409 codd

1941 3434 2100 3479 rmter
2122 3423 2322 3477 Widm.
2357 3423 2408 3476 in
2431 3431 2598 3486 textu,
2634 3422 2785 3475 Brev.
2821 3421 2977 3486 Μυκη
3011 3422 3318 3478 Gallandius
3350 3440 3466 3483 cum

1947 3509 2161 3557 oruaes,
2194 3510 2413 3547 recessus
2467 3507 2564 3560 pro
2612 3493 2897 3546 micandros
2927 3508 2946 3546 :
2978 3493 3029 3546 in
3076 3493 3272 3548 Widm.
3305 3496 3468 3550 etiam

1900 3565 1964 3617 ad
1995 3568 2285 3634 marginem
2322 3579 2564 3634 recessus.
2593 3561 2785 3634 Weitl.
2819 3571 2870 3616 et
2895 3562 3138 3634 l_1_einsius
3162 3579 3282 3619 cum
3329 3560 3447 3619 Put.

1900 3611 2564 3702 ὃὶὸῖιῖξῊὸΗξ,ἰῐῐιῗῖί
2586 3611 2874 3688 vitam}:
2895 3611 3472 3702 “dissiparet

1895 3719 2068 3773 oram,
2098 3707 2407 3770 niteandros,
2459 3703 2597 3774 quod
2639 3703 3050 3774 magisplacet:
3100 3721 3220 3760 nam
3248 3721 3472 3760 recessus

1896 3776 2108 3832 videtur
2138 3777 2335 3845 glossa,
2371 3773 2748 3829 aut’correCtio
2787 3773 3026 3844 alicujus,
3060 3776 3147 3842 qui
3176 3776 3474 3830 maeandros

1936 3849 2123 3903 rimam
2154 3847 2450 3914 producere
2478 3846 2689 3909 scierit,
2717 3860 2887 3914 neque
2927 3846 3395 3910 animadverterit,
3443 3862 3472 3901 a

1936 3863 2123 3903 ruuam
2154 3863 2450 3914 proaucere
2478 3863 2689 3909 seieru,
2717 3863 2887 3914 neque
2927 3863 3359 3901 animaﬂVel‘lertl
3381 3888 3395 3910 ,
3443 3863 3470 3901 a

1896 3863 2186 3972 Brudentio
2219 3927 2515 3985 correptam
2548 3916 2744 3986 hymno
2781 3916 2835 3980 6,
2865 3931 3004 3970 vers.
3041 3916 3157 3970 112.
3194 3917 3248 3970 In
3293 3916 3470 3986 Egm.,

1893 3991 2078 4042 ventris
2103 4005 2322 4043 recessus
2347 3987 2533 4039 tortilis
2552 4027 2566 4050 ,
2613 3986 2760 4056 quasi
2789 3994 2974 4056 venter
3002 3988 3194 4040 tortilis
3223 3987 3464 4053 dicatur;

1894 4074 1999 4114 non
2026 4061 2216 4127 placet.
2249 4059 2352 4111 Pro
2381 4055 2676 4108 circumibat
2707 4057 2792 4108 alii
2831 4055 2995 4127 edunt
3023 4056 3286 4108 circuibat.

1969 4124 2088 4184 12'6.
2137 4129 2268 4191 Alt.,
2302 4136 2355 4182 et
2391 4142 2419 4178 a
2454 4140 2612 4179 manu
2644 4127 2811 4194 prima
2861 4125 3036 4195 Egm.,
3062 4127 3250 4190 vicem;
3279 4124 3470 4180 melius

1893 4216 2016 4253 vice.

1964 4270 2088 4323 127.
2142 4266 2433 4321 Evomeutis
2475 4270 2587 4322 sive
2643 4263 2890 4330 Altinius,
2933 4264 3044 4334 sive
3091 4263 3469 4334 Egmondanus

1929 4340 2100 4404 otius;
2135 4354 2236 4393 non
2256 4340 2393 4392 enim
2426 4339 2567 4392 clare
2610 4337 2814 4388 loeutus
2845 4345 2924 4388 est
2964 4333 3229 4388 Heinsius.
3277 4335 3453 4403 Eques

1921 4409 2158 4464 iictorius
2203 4412 2256 4462 in
2303 4409 2466 4473 prima
2499 4409 2669 4462 littera
2714 4405 3099 4459 dissertationis
3130 4404 3466 4474 philologicrc

1890 4480 2329 4548 exprimicuravit
2350 4478 2537 4534 Jonam
2569 4477 2877 4544 prophetam
2910 4491 2975 4530 ex
2992 4483 3200 4529 vetusta
3224 4490 3460 4548 gemma,

1889 4547 2146 4620 expansis
2173 4551 2432 4619 elatisque
2455 4549 2698 4604 manibus
2724 4556 3113 4620 erumpentem,
3138 4555 3192 4600 et
3217 4547 3328 4600 fere
3350 4561 3463 4601 me-

1888 4618 2031 4674 dium
2060 4618 2448 4690 prominentem
2475 4620 2542 4674 ab
2566 4633 2658 4673 ore
2687 4618 2810 4671 ceti.

1961 4687 2080 4745 129.
2116 4692 2360 4745 Mendum
2389 4691 2507 4744 Vat.
2538 4691 2579 4744 A
2606 4690 2786 4742 cadens
2817 4696 3108 4741 correctum
3129 4695 3228 4739 σοςῑ
3249 4731 3262 4753 ,
3297 4697 3353 4741 ut
3392 4687 3466 4741 sit

1887 4762 2128 4815 candens.
2161 4763 2313 4829 Apud
2340 4763 2623 4817 Minucium
2655 4759 2881 4812 Felicem
2906 4758 3068 4829 aliqui
3118 4757 3298 4826 legunt
3332 4775 3344 4811 :
3380 4755 3464 4810 Ili

1885 4848 2070 4886 arenas
2091 4827 2305 4886 extimas
2328 4874 2342 4894 ,
2387 4834 2516 4885 velut
2547 4837 2785 4882 sterneret
2813 4827 3124 4887 ambulacro,
3158 4829 3462 4896 perfundens

1887 4902 2014 4955 lenis
2043 4906 2181 4955 unda
2211 4903 2462 4955 tendebat.
2509 4900 2606 4954 Alii
2641 4906 2922 4951 restituunt
2951 4897 3209 4949 tundebat.
3243 4898 3459 4951 Elmen-

1885 4971 2123 5026 horstius
2152 4971 2367 5024 adducit
2387 4969 2754 5038 auctoritatem
2787 4966 2844 5020 S.
2899 4967 3224 5038 Hieronymi,
3256 4969 3343 5035 qui
3390 4972 3462 5019 si—

1882 5043 2080 5096 militer
2107 5056 2171 5096 eo
2194 5043 2358 5094 verbo
2401 5043 2583 5103 utitur,
2629 5047 2682 5090 et
2727 5036 2865 5090 hunc
2913 5036 3109 5091 locum
3138 5037 3411 5090 Prudentii
3440 5055 3450 5098 ;

1879 5114 1973 5166 sed
2006 5122 2232 5167 metrum
2268 5111 2508 5175 corrupit
2555 5122 2660 5161 uno
2696 5108 2857 5161 verbo
2903 5116 3147 5161 mutato:
3178 5106 3456 5173 Salsosque

1881 5185 2100 5236 candens
2122 5199 2301 5253 spuma
2331 5177 3000 5253 tundit_silices._0uselius
3043 5192 3278 5253 errorem
3312 5184 3456 5228 tran-

1874 5254 2105 5323 scripsit.
2133 5247 2266 5319 Quid
2300 5267 2429 5319 ergo
2457 5251 2669 5323 mirum,
2693 5249 2743 5323 ‘si
2781 5249 2921 5323 olim
2945 5247 3218 5323 monachis
3250 5255 3452 5323 tantum

1873 5317 2207 5383 florentibus.
2232 5317 2491 5395 ejusmodi
2537 5320 2755 5395 macula:
2786 5317 3447 5395 Prudcn'.io.adli:£scrint,

1871 5403 1923 5446 et
1953 5410 2019 5448 ex
2047 5411 2150 5448 uno
2179 5395 2228 5447 in
2258 5385 2399 5446 aliud
2430 5391 2701 5459 exemplar
2731 5387 3194 5459 permanaverint?
3219 5385 3292 5459 De
3322 5401 3452 5438 cina

1874 5474 1928 5515 et
1950 5465 2195 5518 candenti
2247 5477 2432 5530 Spuma
2490 5456 2741 5515 ﬂuctuum
2790 5458 2951 5510 multa
2998 5457 3066 5510 ibi
3100 5456 3453 5530 Ouzelius,‘ct

1874 5533 2005 5587 nihil
2037 5527 2367 5604 frequentius
2402 5531 2539 5602 apud
2569 5539 2750 5600 poetas
2783 5542 2938 5597 quam
2989 5535 3331 5596 tempestates
3360 5527 3446 5581 de-

1869 5605 2123 5660 scribere.

1942 5675 2065 5727 151.
2098 5676 2290 5744 Aliqtti.
2327 5675 2591 5728 Ninevitas
2620 5669 2878 5744 scribunt.

1943 5744 2065 5800 151.
2111 5738 2228 5800 Val.
2263 5747 2328 5817 Β.
2347 5740 2701 5817 jndicis,_sed
2736 5739 2960 5817 videtur
2994 5738 3160 5817 fuisse
3213 5741 3449 5817 vindicis.

1867 5815 1990 5871 Rat.
2033 5825 2088 5870 et
2116 5818 2248 5872 alius
2296 5808 2414 5871 Vat.
2458 5814 2597 5885 apud
2627 5810 2812 5876 Teol.,
2844 5808 3058 5878 iudicis.
3090 5809 3246 5867 Brev.
3292 5809 3449 5878 1101.,

1833 5948 1837 5962 ,
1865 5887 2130 5958 impendit.
