4102 6348
598 402 701 456 855
1668 399 1947 457 AURELII
1987 399 2352 457 PRUDENTII
2392 400 2473 458 CA
2483 400 2718 465 RMINA.
3747 400 3839 455 856

536 500 543 507 ’
603 517 707 572 195
848 515 973 583 Sed,
1005 517 1274 585 increpata
1304 512 1508 581 fraude,
1535 521 1653 583 post
1673 522 1881 584 tergum
1901 514 2026 570 ruit.

779 609 890 663 Hoc
918 621 1016 663 nos
1037 621 1325 678 sequamur
1352 607 1578 677 quisque
1598 621 1741 661 nunc
1770 621 1868 675 pro
1897 604 2116 664 viribus.

847 700 998 767 Quod
1025 699 1325 755 consecrati
1346 707 1401 752 tu
1430 698 1682 767 magister
1705 697 1966 767 dogmatis

843 790 973 846 Tuis
997 791 1214 859 dedisti,
1246 788 1480 857 Christe,
1505 790 1878 857 sectatoribus,

846 883 916 939 Ut
942 898 1062 939 cum
1090 882 1314 938 vorandi
1340 882 1532 939 vicerit
1555 881 1859 949 libidinem,
1943 872 1949 879 ’

600 974 702 1027 200
846 973 977 1028 Late
1008 972 1299 1043 triumphet
1321 973 1611 1042 imperator
1638 970 1879 1041 spiritus.

778 1064 889 1121 Hoc
916 1075 1016 1132 est,
1042 1066 1186 1135 quod
1209 1067 1310 1121 atri
1335 1067 1472 1122 livor
1493 1066 1663 1123 hostis
1686 1065 1904 1131 invidet,

848 1157 1030 1212 Mundi
1054 1157 1271 1226 polique
1296 1156 1439 1226 quod
1463 1157 1790 1227 gubernator
1815 1155 2021 1226 probat,

848 1250 1052 1306 Altaris
1088 1264 1238 1305 aram
1264 1249 1407 1320 quod
1436 1248 1566 1304 facit
1596 1249 1931 1319 placabilem,

848 1342 1001 1409 Quod
1032 1341 1347 1397 dormientis
1371 1341 1572 1396 excitat
1598 1340 1778 1395 cordis
1807 1340 1986 1405 ﬁdem,

600 1426 706 1492 205
843 1434 1003 1505 327
1025 1434 1175 1502 Quod
1197 1433 1551 1504 limattegram
1567 1440 1841 1502 pectorum
1864 1432 2179 1503 rubiginem.

780 1525 1001 1581 Perfusa
1032 1540 1137 1581 non
1168 1526 1246 1581 sic
1274 1540 1432 1581 amne
1460 1526 1675 1579 ﬂamma
1700 1524 2074 1596 exstinguitur,

851 1616 960 1673 Nec
984 1617 1063 1672 sic
1090 1617 1300 1673 calente
1326 1616 1442 1672 sole
1472 1616 1752 1672 tabescunt
1775 1615 1945 1681 nives,

852 1709 919 1765 Ut
943 1708 1274 1765 turbidarum
1301 1709 1492 1765 scabra
1518 1708 1791 1779 culparum
1818 1723 1972 1778 seges

848 1800 1267 1879 Vanescitalmo
1297 1801 1419 1856 trita
1449 1800 1549 1855 sub
1573 1799 1800 1869 jejunio,

603 1892 707 1947 210
744 1891 749 1895 ’
851 1892 909 1947 Si
940 1892 1132 1947 blanda
1162 1907 1374 1963 semper
1402 1891 1691 1947 misceatur
1721 1891 1959 1962 largitas.

779 1982 875 2040 Est
903 1984 1100 2054 quippe
1126 1993 1180 2040 et
1206 1984 1341 2039 illud
1370 1983 1568 2053 grande
1600 1982 1810 2038 virtutis
1834 1998 2003 2054 genus

850 2072 1075 2144 Operire
1104 2074 1297 2141 nudos,
1331 2074 1630 2144 indigentes
1654 2086 1897 2144 pascere,

2195 522 2251 580 Δ

2214 1912 2261 1972 Β

2523 511 2690 580 Opem
2716 508 2999 579 benignam
3031 509 3170 564 terre
3195 508 3633 578 supplicantibus,

2523 602 2692 659 Unam
2724 616 3014 673 paremque
3040 602 3201 657 sortis
3231 602 3479 658 humana:
3505 603 3674 660 vicem

2278 695 2383 751 215
2526 695 2668 750 Inter
2698 704 2945 764 potentes
2973 703 3135 766 atque
3161 709 3359 765 egenos
3389 697 3605 754 ducere.

2454 786 2597 844 Satis
2624 788 2810 844 beatus
2841 788 3065 858 quisque
3088 786 3331 843 dextram
3358 790 3580 859 porrigit

2527 879 2725 935 Laudis
2750 894 3020 949 rapacem,
3050 879 3326 950 prodigam
3352 883 3611 952 pecuniae,

2524 973 2684 1043 Cujus
2710 973 2925 1028 sinistra
2952 974 3109 1029 dulce
3135 973 3329 1029 factum
3360 976 3585 1032 neseiat.

2526 1066 2679 1120 Illum
2704 1081 2968 1136 perennes
2994 1067 3238 1137 protinus
3264 1069 3537 1138 complent
3559 1083 3687 1139 opes

2280 1156 2388 1213 220
2532 1158 2775 1227 Ditatque
2805 1144 3006 1213 fructus
3029 1158 3364 1217 lenerantem
3392 1163 3698 1233 centuplex.

2444 1295 2605 1368 323
2646 1295 2779 1351 VIII.
2827 1295 3105 1352 HYMNUS
3142 1296 3312 1352 POST
3357 1296 3694 1354 JEJUNIUM.

2460 1429 2999 1498 Christe,,servorum
3030 1430 3267 1501 regimen
3296 1440 3526 1497 tuorum,

2460 1522 2710 1578 Mollihus
2736 1522 2826 1593 qui
2857 1536 2955 1578 nos
2984 1521 3268 1578 moderans
3302 1522 3550 1591 habenis,

2460 1614 2676 1671 Leniter
2702 1616 2898 1683 lrenas,
2933 1615 3177 1686 facilique
3202 1624 3383 1686 septos

2370 1768 2373 1773 λ
2746 1706 2888 1777 Lege
2919 1721 3155 1777 coerces,

2286 1802 2321 1859 5
2462 1798 2581 1870 Ipse
2607 1815 2726 1855 cum
2755 1808 2977 1871 portans
3004 1816 3141 1857 onus
3170 1790 3481 1872 impeditum

2464 1893 2737 1963 Corporis,
2764 1893 2931 1949 duros
2958 1894 3143 1950 tuleris
3174 1894 3403 1963 labores,

2464 1984 2631 2055 Major
2658 1984 2946 2054 exemplis,
2979 1985 3207 2041 famulos
3230 1986 3456 2042 remisso

2750 2076 3007 2148 Dogmate
3035 2077 3240 2148 palpas.

1913 2162 2199 2225 GLOSS/E
2236 2165 2578 2226 VETERES.

678 2281 801 2338 198.
835 2281 1218 2345 Sectatoribus,
1248 2279 1532 2345 discipulis,
1571 2277 1610 2331 l.

675 2355 802 2408 201.
838 2353 947 2406 Hoc
976 2362 1080 2419 est,
1118 2362 1171 2404 ut
1202 2351 1310 2421 ipse
1338 2348 1609 2421 triumphet
1632 2364 1784 2418 super
1825 2362 2064 2417 carnem;
2092 2354 2184 2420 je-

590 2425 826 2493 junium.
853 2453 924 2464 —
954 2423 1132 2487 Livor,
1161 2420 1372 2487 invidia,
1398 2420 1438 2493 lg.

677 2495 800 2549 205.
828 2494 1023 2547 Altaris
1042 2507 1210 2555 aram,
1233 2507 1375 2545 aram
1396 2490 1537 2559 ﬁdei.
1552 2520 1618 2531 -—
1633 2489 1816 2554 Aram,
1836 2492 2118 2561 planitiem,
2138 2491 2181 2547 I.

674 2566 799 2617 2M.
836 2563 1041 2629 bidem,
1064 2562 1388 2626 oblationem,
1431 2561 1470 2614 Ι.

673 2634 798 2689 205.
842 2635 1032 2693 Limat,
1063 2644 1267 2700 purgat.
1296 2632 1524 2698 mundat,
1558 2630 1595 2686 Ι.
1626 2663 1695 2673 --
1728 2633 2007 2691 Peetorum
2035 2633 2180 2691 rubi-

604 2704 802 2775 ginem,
836 2706 1063 2773 corporis
1093 2704 1349 2773 contagia,
1383 2702 1537 2775 Prag.

675 2775 801 2829 206.
825 2775 1037 2839 'Atnne,
1070 2791 1181 2827 cum
1211 2791 1365 2843 aqua,
1397 2774 1437 2827 l.

670 2846 800 2900 207.
840 2844 1077 2911 Calente,
1107 2844 1336 2909 ardente,
1365 2844 1404 2896 1.

672 2916 797 2973 208.
840 2914 1061 2981 Scabra,
1091 2931 1293 2984 aspera,
1323 2913 1439 2968 Vat.
1474 2916 1515 2969 A
1546 2923 1601 2969 et
1628 2914 1731 2969 lso.

2362 2282 2487 2353 210.
2531 2281 2790 2353 Largitas,
2825 2284 3161 2353 elemosyna,
3193 2282 3314 2338 Vat.
3347 2282 3413 2337 A.

2364 2352 2497 2410 215.¹
2535 2352 2761 2420 Ducere,
2788 2352 3061 2419 (animare,
3084 2352 3187 2407 Iso.

2361 2423 2490 2479 220.
2531 2424 2906 2483 Feneranlem.
2940 2426 3084 2493 fenus
3105 2423 3465 2492 acquirentent,
3496 2423 3602 2479 Iso.

2362 2496 2417 2551 5.
2459 2495 2794 2562 Impeditum,
2825 2494 2973 2549 valde
2999 2506 3285 2565 gravatum,
3315 2495 3352 2548 Ι.

2362 2566 2414 2617 6.
2459 2565 2685 2629 Tuleris,
2717 2567 2981 2636 patereris,
3014 2566 3054 2636 Ι.

2361 2636 2413 2692 7.
2457 2634 2724 2703 Remisso,
2740 2638 2853 2700 levi,
2880 2636 3018 2705 laxo,
3048 2634 3089 2691 Ι.

2454 2707 2662 2833 Ιίιιιριιε,
2695 2707 2869 2762 leviter
2889 2709 3072 2779 tangis,
3097 2707 3276 2763 leniter
3306 2716 3514 2776 tractas,
3541 2709 3699 2779 foves,
3722 2708 3847 2762 litem

2322 2794 2437 2833 tm.
2498 2816 2515 2832 .

2322 2794 2437 2844 tm,
2475 2794 2515 2833 ι.

2358 2849 2412 2904 9.
2456 2847 2634 2917 Rotat,
2664 2865 2737 2903 se.
2762 2852 2896 2920 jam.
2922 2848 3365 2917 —Suhmissum,
3395 2850 3722 2918 inclinatum,
3754 2849 3845 2906 Iso.

1987 3006 2549 3064 COMMENTARIUS.

606 3098 760 3153 amici
803 3098 1063 3168 lugemus,
1115 3098 1240 3152 olim
1271 3097 1492 3165 factum,
1547 3099 1630 3154 vel
1676 3099 1775 3155 hac
1812 3098 1879 3154 de
1914 3113 2071 3154 causa
2101 3100 2187 3155 hic
2291 3108 2348 3155 et
2376 3099 2517 3154 illico
2545 3113 2609 3152 ex
2639 3096 2827 3154 Matth.
2856 3112 2975 3168 cap.
3010 3113 3057 3152 vr
3081 3137 3098 3164 ,
3149 3098 3340 3152 nesciat
3369 3098 3580 3153 sinislra
3621 3107 3712 3152 tua
3741 3098 3844 3169 quid

606 3169 805 3242 placuit
850 3170 1118 3242 inserere,
1172 3179 1229 3222 ut
1277 3170 1412 3224 bene
1470 3170 1696 3225 merenti
1755 3170 2183 3242 qualemcunque

608 3239 745 3294 hanc
775 3239 1081 3293 memoriam
1113 3253 1505 3294 consecrarcm.

2288 3170 2447 3240 faciat
2474 3170 2681 3223 dextera
2708 3170 2833 3240 tua?
2870 3170 3003 3235 Quia
3033 3169 3372 3240 eleemosyna
3400 3168 3614 3240 quidem
3647 3184 3751 3223 non
3777 3178 3845 3224 est

2286 3237 2525 3296 facienda
2551 3282 2565 3305 ,
2614 3240 2752 3295 sicut
2778 3239 3071 3310 hypocriten
3100 3237 3296 3294 faciunt
3321 3280 3335 3302 ,
3378 3237 3437 3294 ut
3462 3239 3845 3309 honoriﬁcentur

676 3310 799 3365 195.
832 3309 980 3374 Quod
1011 3310 1310 3364 Mazochius
1350 3320 1479 3365 tom.
1515 3311 1579 3365 lIl
1609 3311 1751 3379 Spic.
1784 3311 1920 3367 Bibl.
1953 3326 2180 3369 censue-
2204 3303 2252 3367 C
2282 3310 2344 3366 ab
2402 3303 2726 3375 hominibus;
2781 3303 2873 3365 sed
2923 3310 3267 3366 nihilominus
3318 3311 3431 3365 laus
3477 3303 3694 3377 semper
3743 3311 3845 3365 inde

604 3380 693 3447 rit,
734 3380 1077 3451 Prudentium
1115 3381 1215 3434 hoc
1253 3381 1369 3435 loco
1416 3396 1601 3436 verum
1636 3382 1839 3451 lapsum
1881 3382 2080 3437 diaboli
2124 3385 2177 3439 in

607 3460 812 3519 tergum
841 3450 1130 3514 afﬁrmare,
1158 3460 1213 3505 et
1234 3466 1338 3506 non
1369 3452 1540 3506 solum
1563 3450 1705 3520 quod
1744 3452 1987 3509 diabolus
2015 3452 2175 3509 Chri-

602 3531 741 3575 stum
766 3520 1065 3591 reliquerit,
1100 3535 1205 3575 non
1239 3523 1499 3590 probatur
1517 3522 1726 3589 'I‘eolio,
1764 3524 1893 3579 mibi
1928 3539 2035 3581 non
2063 3523 2178 3581 dis-

604 3591 782 3659 plicet.
816 3591 994 3659 Aliqui
1023 3591 1265 3661 legerunt
1287 3594 1337 3645 in
1368 3592 1578 3659 Matth.,
1610 3594 1705 3647 Abi
1732 3605 1888 3647 retro.

676 3660 801 3736 19g.
830 3661 1011 3736 Prag.,
1038 3660 1198 3729 male,
1226 3679 1495 3736 sequamur
1526 3666 1889 3736 unusquisque.

681 3732 801 3785 197.
834 3731 981 3802 Ald.,
1008 3741 1111 3784 tum
1144 3747 1239 3801 pro
1276 3746 1328 3785 tu
1355 3734 1611 3802 magister.

676 3802 798 3855 19:).
831 3801 1048 3877 Heinsio
1070 3801 1669 3877 magisplaceQﬁceﬁnt
1685 3821 1804 3877 cum
1834 3805 1947 3859 solo
1964 3806 2174 3877 Ambr.,

606 3870 764 3943 idque
807 3870 977 3943 secuti
1018 3879 1144 3924 sunt
1168 3870 1299 3927 Cell.
1350 3880 1403 3927 et
1440 3872 1592 3927 Teol.
1637 3874 1741 3929 Sed
1782 3885 1928 3931 recte
1980 3870 2172 3943 vicerit,

606 3940 813 3994 scilicet
839 3938 1073 4004 spiritus.
1733 3947 1744 3959 '

674 4010 796 4090 20:5.
835 4009 1051 4066 Veteres
1076 4011 1544 4090 dicebantaltaria
1565 4030 1684 4090 esse
1716 4025 1919 4073 tantum
1949 4035 2176 4090 supero-

606 4096 721 4154 rum
743 4081 995 4154 deorum,
1040 4082 1107 4135 ab
1139 4083 1418 4154 altitudine
1458 4088 1749 4154 nominata,
1793 4103 1914 4143 aras
1952 4081 2176 4149 deorum

603 4152 771 4227 etiam
819 4150 1150 4227 inferorum,
1183 4153 1503 4227 Prudentius
1549 4173 1692 4212 aram
1736 4150 1921 4215 altaris
1969 4169 2175 4227 partem

601 4223 925 4277 sanctiorem
953 4237 1096 4292 ,esse
1138 4225 1329 4279 innuit.
1392 4225 1525 4279 Vide
1569 4227 1911 4284 Bertbaldum
1960 4223 2029 4287 de
2072 4233 2177 4289 Ara

601 4307 720 4361 cap.
752 4293 805 4351 2.
849 4291 1049 4360 (ιιιιθχ
1090 4291 1380 4351 Prudentio
1412 4296 1569 4353 docet
1599 4314 1745 4354 aram
1790 4300 1956 4358 fuisse
1994 4304 2179 4359 altaris

601 4362 1023 4417 fundamentum.

672 4432 815 4487 205..
845 4432 963 4486 Vat.
997 4434 1074 4497 A,
1120 4438 1380 4509 corporis;
1422 4437 1471 4492 in
1522 4442 1798 4509 margine,
1849 4443 1953 4497 Alii
1994 4444 2180 4500 habent

601 4517 877 4584 {sororium
906 4518 1208 4584 nontamen.
1239 4506 1436 4584 (_)xon.,
1469 4506 1971 4584 Noms_.__,_I_I_ottend.,
1999 4514 2176 4584 Egm.,

603 4571 883 4647 Pal.,‘_non
910 4575 1128 4647 omnino
1159 4571 1572 4647 male,icorporie
1603 4571 1897 4646 libidinem;
1938 4571 2175 4641 ἰιιυὶοηί

598 4641 832 4728 prodis.
864 4643 1099 4728 scriptu,
1133 4653 1186 4697 et
1216 4646 1265 4697 in
1313 4641 1465 4727 Brev.
1498 4648 1658 4728 hiem,
1691 4641 1947 4728 pectgrum
1984 4656 2178 4728 rubigi-

598 4726 732 4793 nem.
762 4711 944 4793 Anth,
979 4712 1169 4793 llails.,_
1198 4716 1426 4781 corporis
1459 4711 1758 4789 rubiginem.
1789 4720 2019 4791 Thuan.,
2052 4711 2171 4793 pec-

598 4782 699 4835 cati
729 4783 1024 4851 rubiginem,
1060 4784 1333 4841 obtinente
1365 4795 1554 4844 metro.

835 4853 1012 4928 Iirev.,
1048 4854 1208 4920 Moz.,
1243 4857 1402 4928 male,
1430 4860 1542 4912 alvo
1574 4875 1669 4928 pro
1693 4860 1847 4915 almo.

666 4922 794 4977 214.
838 4923 978 4976 Inter
1022 4936 1246 5002 caeteras
1293 4927 1515 4983 virtutes
1561 4922 1706 4985 recte
1736 4934 1873 4987 hanc
1916 4934 2164 5002 collocat,

593 5004 1003 5076 putare,omncs
1020 4996 1264 5076 homines
1291 5006 1475 5053 natura
1505 5014 1623 5076 esse
1650 4996 2165 5076 :equales,et,quani

593 5073 802 5146 vocant,
830 5066 1194 5146 acceptionem
1224 5081 1582 5146 personarum
1601 5066 1797 5146 lugere.

660 5135 785 5188 216.
829 5134 1096 5219 Giselinus
1138 5134 1470 5219 pro'quisque
1496 5134 1714 5211 quisqui'
1743 5143 1893 5219 quasi
1937 5147 2165 5216 quisquis

538 5234 539 5237 η
590 5216 905 5287 reposuerat
930 5211 1225 5287 ,__ignorans
1249 5249 1265 5274 ,
1296 5211 1505 5287 quisque
1544 5224 1640 5282 pro
1684 5211 1963 5287 quiaquia}
1996 5211 2168 5285 poetis

589 5274 833 5341 adbiteri
882 5274 1119 5333 solitum.
1168 5274 1436 5333 Ausonius
1486 5274 1559 5335 in'
1583 5274 1866 5339 sententiis
1912 5274 2097 5341 Pittaci
2146 5306 2162 5341 :

590 5340 776 5427 Parem
806 5346 907 5427 legi
936 5349 1142 5427 quisque
1166 5351 1321 5427 legem
1352 5354 1599 5427 sanxerit}.
1630 5352 1882 5427 Exempla
1911 5356 2011 5410 alia
2042 5340 2168 5413 sunt

588 5413 640 5484 i_n
672 5413 975 5484 Cypria'no',
1026 5413 1247 5475 Sidonio
1293 5430 1346 5473 et
1392 5421 1674 5476 similibus.
1711 5413 1877 5479 Plauti
1922 5429 2079 5481 etiam
2110 5440 2167 5483 et

585 5481 823 5561 Tetfntii
871 5481 987 5561 loca
1031 5490 1270 5561 quaedam
1313 5490 1671 5560 lexicographi
1718 5495 2029 5561 proferunt;
2068 5481 2163 5552 sed

586 5554 638 5606 in
667 5554 927 5635 ferentio
957 5554 1062 5635 non
1092 5570 1173 5614 est
1216 5560 1283 5635 ita
1314 5569 1459 5615 certa
1487 5554 1562 5616 ἰιι
1585 5554 1862 5618 ὀοιιὲιιιης
1894 5554 2070 5621 lectio.
2105 5568 2160 5622 In

580 5623 768 5708 codice
798 5626 1169 5684 'l‘heodosiano
1199 5632 1549 5708 quisquepro
1593 5635 1874 5708 quicunque
1901 5651 1993 5708 seu
2021 5640 2164 5708 quis-

2282 3382 2549 3451 exsurgit,
2583 3389 2656 3447 et,
2690 3390 2747 3435 ut
2775 3381 3056 3435 Mattltaeus
3081 3383 3252 3451 pergit
3282 3395 3418 3436 vers.
3453 3384 3523 3436 ιιτ
3556 3379 3624 3434 Ut
3651 3383 3715 3435 sit
3738 3380 3843 3435 elae-

2280 3450 2494 3523 mosyna
2524 3462 2611 3506 tua
2636 3452 2690 3506 in
2716 3451 3035 3519 abscondito,
3064 3450 3111 3505 et
3148 3450 3306 3506 Pater
3334 3460 3451 3506 tuus
3477 3497 3491 3521 ,
3533 3453 3622 3519 qui
3647 3454 3775 3505 videt
3799 3452 3843 3505 itt

2280 3524 2593 3588 abscondito,
2611 3523 2787 3577 reddet
2808 3523 2917 3576 tibi.

2352 3594 2477 3650 220.
2522 3594 2636 3648 lloe
2679 3593 2837 3648 etiam
2885 3593 3225 3662 desumptum
3274 3608 3339 3647 ex
3382 3607 3502 3662 cap.
3534 3608 3623 3647 xu
3674 3592 3841 3647 Matth.

2282 3680 2424 3720 vers.
2456 3665 2526 3719 29
2552 3682 2564 3716 :
2590 3662 2898 3731 Centuplum
2927 3666 3158 3734 accipiet,
3190 3674 3234 3718 et
3260 3664 3415 3717 vitam
3439 3674 3684 3719 teter-nam
3708 3663 3844 3730 posti

2280 3736 2433 3789 dabit.
2456 3735 2572 3805 Quo
2614 3734 2879 3798 pertinent
2908 3733 3516 3805 opesperennesversus
3542 3733 3837 3802 superioris.

2280 3805 2457 3875 Aliqui
2487 3803 2688 3859 habent
2715 3803 2987 3875 centiplex,
3020 3813 3076 3858 ut
3107 3805 3259 3860 Alex.
3296 3803 3444 3874 Apud
3472 3804 3716 3859 Plautum
3741 3821 3841 3859 cea-

2281 3877 2460 3945 tuplea:
2483 3874 2719 3945 plerique
2743 3874 2940 3944 legunt.

2351 3946 2407 4000 In
2437 3944 2975 4017 EditioneAParrhasii
3019 3944 3200 4000 titulus
3240 3945 3396 4015 hujus
3433 3945 3618 4017 hymni
3660 3946 3694 4000 8
3729 3954 3833 4001 est:

2281 4016 2523 4088 Hymnus
2551 4016 2653 4088 divi
2682 4010 2950 4069 Prudentii
2976 4025 3086 4088 post
3104 4010 3381 4088 jejunium.

2353 4089 2406 4141 5.
2444 4086 2603 4157 Prag.
2635 4087 2826 4151 leviter,
2857 4085 3213 4157 mendase,et
3238 4103 3302 4141 cx
3333 4085 3506 4156 glossa
3537 4101 3636 4157 pro
3660 4087 3839 4140 leniter.

2281 4157 2496 4220 Parrh.,
2544 4156 2714 4227 sepius
2737 4197 2752 4223 ,
2798 4159 2973 4210 minus
3023 4156 3177 4212 bene.
3222 4157 3403 4212 Matth.
3432 4156 3553 4227 cap.
3584 4172 3639 4211 xt
3664 4199 3682 4225 ,
3709 4171 3836 4211 vers.

2281 4227 2593 4299 30:1ugum
2620 4244 2785 4299 meum
2814 4242 2968 4281 suave
2993 4236 3083 4281 est.

2350 4300 2404 4354 5.
2452 4294 2569 4353 Vat.
2603 4298 2646 4353 A
2675 4307 2729 4353 et
2758 4297 2913 4368 Prag.
2946 4311 2977 4350 a
3006 4298 3236 4352 secunda
3268 4314 3454 4367 manu,
3483 4310 3688 4367 portas,
3712 4294 3839 4366 quod

2280 4370 2531 4425 sustineri
2562 4378 2762 4438 posset,
2796 4368 2843 4422 si
2885 4381 3042 4438 versu
3081 4371 3320 4438 sequenti
3354 4369 3619 4438 legeretur
3650 4370 3839 4422 tolerat.

2351 4440 2404 4494 6.
2448 4436 2641 4493 ValCA
2667 4480 2682 4505 ,
2731 4439 2914 4493 toleras
2944 4436 3314 4505 laboresJAit,
3360 4436 3628 4493 Christum
3671 4439 3840 4493 tulisse

2279 4511 2444 4565 duros
2493 4510 2701 4564 labores
2728 4552 2742 4576 ,
2785 4518 2839 4564 et
2867 4508 3111 4580 famulos
3156 4510 3363 4580 remisso
3395 4511 3642 4580 dagmate
3669 4507 3839 4580 leniter

2282 4590 2559 4649 tractasse,
2588 4595 2706 4634 cum
2733 4579 2952 4649 ob_alia,
2990 4589 3099 4633 tum
3125 4579 3195 4633 ob
3219 4579 3406 4649 jejunii
3441 4577 3632 4649 legem.
3665 4577 3831 4647 Siqui-

2282 4651 2402 4706 dem
2430 4648 2674 4706 Christus
2703 4645 3049 4720 quadraginta
3081 4645 3299 4718 integris
3326 4645 3519 4706 diebus
3552 4645 3835 4720 jejunavit:

2281 4722 2434 4776 nobis
2464 4723 2515 4776 in
2560 4721 2677 4789 ipso
2700 4719 2888 4790 jejunii
2920 4729 3160 4787 tempore
3187 4729 3307 4790 post
3335 4731 3533 4776 certam
3566 4724 3745 4777 horam
3774 4719 3840 4773 οἱα

2279 4793 2378 4846 bus
2407 4801 2490 4846 est
2534 4791 2849 4863 permissus.
2898 4790 3030 4863 Hinc
3066 4794 3239 4862 major
3272 4795 3513 4863 exemplis
3536 4833 3552 4857 ,
3576 4794 3695 4863 quia
3743 4804 3834 4845 non

2277 4863 2453 4917 omnia
2482 4877 2599 4933 quae
2628 4861 2750 4917 fecit
2782 4862 2917 4930 ipse,
2952 4861 3065 4916 lieri
3099 4861 3322 4918 a’nobis
3357 4861 3629 4933 praecepit.

2344 4935 2396 4987 7.
2439 4932 2649 4999 Parrh.,
2682 4933 2932 5001 exemplo.

2346 5003 2399 5058 8.
2442 5004 2626 5058 Glossa
2645 5003 2812 5058 lsonis
2833 5019 2897 5057 ex
2912 5001 3231 5073 etymologia
3251 5002 3406 5058 ducta
3429 5012 3539 5060 est:
3557 5018 3674 5059 nam
3698 5002 3837 5072 palpo

2274 5084 2356 5129 est
2387 5075 2575 5129 leviter
2606 5075 2797 5141 palma,
2826 5088 2923 5128 seu
2951 5087 3110 5127 manu
3136 5082 3495 5129 contrectare.

2345 5144 2399 5201 9.
2443 5145 2557 5211 Qua
2606 5147 2736 5198 hora
2786 5152 2995 5198 veteres
3038 5143 3300 5211 jejunium
3344 5145 3623 5209 solverint,
3651 5159 3715 5199 ex
3744 5142 3835 5197 hcc

2271 5214 2391 5270 loco
2432 5215 2752 5270 ostenditur.
2787 5213 2859 5269 Ut
2901 5223 3111 5269 noctem
3159 5216 3211 5268 in
3242 5215 3448 5285 vigilias
3478 5226 3719 5283 quatuor,
3768 5212 3836 5265 sic

2270 5286 2412 5342 diem
2465 5286 2533 5339 ab
2580 5296 2699 5340 ortu
2747 5285 2813 5341 ad
2863 5298 3112 5339 occasum
3158 5286 3291 5339 solis
3322 5287 3373 5340 in
3420 5298 3649 5355 quatuor
3674 5293 3837 5353 partes

2271 5355 2599 5421 dividebant,
2630 5366 2683 5412 et
2710 5358 2951 5426 primum,
2975 5356 3193 5426 tertiam,
3222 5367 3432 5421 sextarii,
3463 5372 3651 5410 nonam
3673 5359 3837 5426 horam

2270 5441 2368 5481 suo
2408 5427 2597 5481 ordine
2640 5425 2732 5481 eas
2762 5425 3126 5481 nominabant.
3172 5426 3334 5495 Igitur
3362 5427 3533 5480 tribus
3562 5425 3837 5495 lucis,qhoc

2270 5507 2375 5563 est,
2404 5496 2510 5552 diei
2556 5498 2799 5567 partibus
2829 5496 3067 5567 evolutis
3096 5493 3284 5565 quarta
3332 5495 3688 5562 succedebat,
3716 5493 3834 5545 liora

2271 5584 2407 5621 nona
2455 5565 2617 5622 dicta.
2668 5569 2890 5623 Ineunte
2936 5565 3065 5620 hora
3096 5582 3235 5621 nona
3265 5568 3504 5622 collecta:
3548 5567 3759 5629 ﬁebant,
3786 5569 3835 5616 et

2266 5638 2532 5707 jejunium
2564 5638 2888 5693 solvebatur.
2910 5636 3240 5707 Bingliamus
3270 5638 3363 5693 lib.
3393 5653 3510 5702 xm,
3537 5654 3655 5707 cap.
3686 5637 3717 5691 9
3747 5632 3773 5703 5
3799 5631 3834 5707 β

580 5695 694 5813 guis
736 5693 1048 5766 frequenter
1095 5693 1345 5783 occurrit.
1384 5693 1513 5756 Vide
1558 5693 1674 5773 ejus
1723 5693 2051 5761 Glossarium
2105 5709 2159 5763 in
2266 5693 2449 5788 :Aiitiq.
2497 5705 2721 5773 Christ.,
2763 5719 2815 5763 et
2867 5706 2959 5761 lib.
3006 5693 3134 5771 ἷχι,
3180 5723 3300 5779 cap.
3348 5707 3403 5773 ὅ,
3436 5693 3833 5780 §3,d'i5tinguil

620 5780 686 5813 ne
718 5775 844 5813 tom.
879 5767 941 5813 Vl
975 5767 1303 5813 Gmlml'rmtl,
2266 5788 2407 5813 Intnr
2457 5778 2651 5813 ἷοῖηηῖο
2698 5794 2818 5813 ...νη
2864 5777 2927 5813 ad
2975 5792 3255 5813 vnnnnmm
3307 5781 3706 5813 marmorum“..-
3783 5779 3832 5813 nl

620 5780 686 5818 ne
718 5775 844 5820 tom.
879 5767 943 5824 Vl
975 5767 1305 5826 Gelliolredi.

658 5836 782 5889 217.
825 5835 933 5893 Cur
959 5848 1114 5909 poeta
1146 5840 1229 5895 hic
1257 5842 1381 5898 dicit
1407 5842 1647 5900 dextram
1688 5862 1925 5917 rapacem
1965 5848 2149 5915 laudis,

2266 5777 2422 5850 inter
2450 5778 2653 5847 jejunia
2698 5777 2929 5850 quaead
2975 5777 3259 5850 vesperam
3307 5777 3740 5850 proferebantur,
3783 5779 3833 5824 cl

2259 5845 2519 5905 stationes
2549 5851 2659 5906 sive
2703 5845 3038 5919 semijejunia
3073 5845 3196 5920 qua:
3227 5845 3356 5906 liora
3396 5866 3534 5905 nona
3565 5850 3833 5913 solveban:

4034 5840 4043 5907 ε
