4102 6348
336 376 432 433 857

506 493 653 549 Nona
683 497 1005 555 submissum
1036 508 1177 555 rotat
1226 499 1355 555 liora
1382 503 1575 569 solem,

335 578 402 636 10
506 584 671 657 329
698 585 945 644 Partibus
976 591 1190 645 vixdum
1224 591 1393 647 tribus
1418 593 1667 660 evolutis,

503 674 701 742 Quarta
734 676 941 736 devexo
969 692 1217 752 superest
1245 684 1298 739 in
1330 697 1435 739 axe

800 770 982 828 Portio
1006 773 1160 830 lucis.

500 863 606 921 Nos
636 864 813 923 brevis
840 867 971 933 voti,
1003 868 1140 939 dape
1180 868 1477 939 vindicata,

497 958 769 1015 Solvimus
798 960 1017 1029 festum,
1050 962 1379 1032 fruimurque
1408 963 1610 1019 mensis

327 1050 392 1105 15
498 1049 711 1107 Aﬂ'atim
743 1053 938 1124 plenis,
967 1053 1160 1124 quibus
1186 1054 1455 1111 imbuatur

784 1144 959 1199 Prona
982 1145 1248 1215 voluptas.

494 1234 695 1292 Tantus
725 1237 912 1292 aeterni
939 1234 1090 1293 lavor
1114 1246 1199 1293 est
1224 1237 1462 1307 magistri
1490 1256 1504 1291 :

493 1325 692 1384 Doctor
716 1328 998 1400 indulgens
1026 1330 1099 1384 ita
1125 1344 1225 1386 nos
1250 1330 1423 1385 amico

494 1418 680 1476 Lactat
710 1420 946 1487 hortatu,
978 1421 1112 1477 levis
1141 1421 1427 1491 obsequela
1459 1430 1513 1476 ut

768 1518 993 1574 Mulceat
1018 1526 1189 1574 artus.

489 1607 651 1679 330
679 1607 839 1665 Addit
865 1617 944 1679 et,
975 1624 1044 1666 ne
1071 1610 1193 1680 quis
1220 1609 1349 1666 velit
1374 1609 1660 1667 invenusto

317 1512 384 1570 20

1321 384 1854 445 CATHEMERINON
1902 391 2029 446 VIII.
2074 390 2239 447 POST
2278 392 2624 449 JEJUNIUM.

1928 511 2075 568 At

2181 507 2444 563 Sordidus
2470 510 2616 564 cultu
2646 509 2881 565 lacerare
2914 511 3141 568 frontem
3169 530 3181 565 :

2188 599 2295 655 Sed
2325 600 2489 656 decus
2518 601 2715 666 vultus,
2746 603 3042 675 capitisque
3068 619 3258 675 pexum

2408 724 2420 734 -
2467 690 2657 748 Comat
2683 694 2962 752 honorem.

2009 782 2081 836 25
2186 782 2360 854 Terge
2383 783 2654 856 jejunans,
2681 787 2775 853 ait,
2804 802 2962 845 omne
2985 804 3201 861 corpus,

2187 873 2334 930 Neve
2360 874 2624 931 subducto
2651 876 2843 935 faciem
2871 880 3068 936 rubore
3159 863 3163 866 r

2189 964 2386 1023 Luteus
2418 969 2584 1039 tingat
2608 971 2778 1038 color,
2806 981 2898 1028 aut
2922 982 3135 1030 nntetur

2477 1059 2657 1115 Pallor
2687 1062 2739 1116 in
2762 1077 2879 1119 ore.

2187 1149 2406 1205 Rectius
2434 1151 2556 1207 Iacto
2585 1152 2812 1223 tegimus
2838 1154 3063 1224 pudore,

2006 1243 2076 1300 50
2181 1243 2448 1315 Quidquid
2479 1245 2545 1301 ad
2570 1246 2773 1302 cultum
2802 1246 2976 1304 Patris
3007 1248 3322 1306 exhibemus
3345 1291 3361 1309 .

2180 1336 2362 1393 Cernit
2386 1339 2651 1395 occultum
2687 1340 2848 1409 Deus,
2878 1351 2934 1398 et
2962 1341 3214 1399 latentem

2465 1431 2685 1487 Munere
2712 1431 2896 1487 donat.

2172 1506 2329 1592 331
2364 1519 2456 1577 Ille
2475 1534 2635 1578 ovem
2658 1523 2847 1579 morbo
2868 1525 3125 1592 residem,
3157 1527 3411 1598 gregique

2176 1611 2447 1669 Perditam
2478 1629 2630 1684 sano,
2663 1616 2805 1673 male
2833 1616 3187 1689 dissipantem

1566 1746 1572 1752 .
1620 1701 1904 1759 GLOSS‘E
1942 1703 2283 1761 VETERES.

514 1792 768 1869 Vixdum,
799 1793 1280 1869 adhue—Tribus,
1310 1794 1471 1869 horis,
1491 1810 1553 1849 ea:
1579 1793 1647 1869 l2
1665 1794 1828 1869 horis,
1848 1794 1891 1848 l.
1925 1799 1970 1860 Β
2069 1795 2161 1869 se.
2203 1797 2486 1869 Lacerare,
2517 1801 2802 1869 sordidare,

312 1861 804 1986 “xismvimus,
836 1866 1425 1936 {regimus.—Festum,
1444 1866 1729 1937 jejunium,
1772 1864 1888 1919 lau-

347 1932 744 2074 ﬂlné.lAll'atim,
786 2005 1510 2073 abundanter.—lmbuatur,
1543 2007 1771 2074 satietur,
1807 2021 1887 2059 re-

310 2078 561 2144 foveatur,
593 2075 634 2131 Ι.

380 2147 466 2200 17.
509 2146 698 2210 Favor,
726 2147 1011 2215 clementia,
1048 2148 1086 2202 l.

378 2216 466 2271 19.
510 2216 713 2283 Lactat,
745 2218 1024 2285 blanditur,
1056 2218 1096 2274 Ι.

382 2286 468 2341 21.
512 2287 815 2355 lnvenusto,
840 2290 1114 2357 indecenti,
1146 2291 1186 2345 ι.

2066 1865 2159 1942 ἓξ.
2202 1868 2409 1942 (Sumat,
2440 1865 2589 1925 ornat
2616 1871 2757 1942 (lege
2782 1865 2968 1942 ornet),
3000 1872 3040 1927 Ι.

1991 1936 2158 2063 "‘27..
2200 1938 2397 1995 Luteus
2426 1984 2437 2010 ,
2470 1936 2675 1998 croceus
2693 1936 2718 2011 ξ
2738 1936 3067 1999 rubicundus.
3093 1974 3161 1984 —
3180 1943 3371 2017 Tingat
3389 1986 3403 2012 ,
3433 1948 3571 2003 colo-

2062 2079 2156 2135 39.
2198 2080 2428 2147 Pudore,
2458 2084 2707 2148 castitate,
2738 2084 2782 2138 ι.

2188 2150 2397 2229 hlorlio,
2431 2155 2703 2229 inAntorbo.
2734 2183 2805 2196 —
2830 2156 3107 2229 Residem,
3138 2156 3359 2229 pigram,
3388 2158 3428 2213 Ι.

2195 2221 2391 2291 Velius,
2445 2225 2700 2299 dicitur‘a
2740 2227 3001 2299 vellendo,
3049 2220 3171 2299 quia
3195 2220 3415 2299 vantiqui
3470 2245 3568 2285 non

1996 2292 2269 2347 tondebant
2292 2309 2425 2361 ores,
2450 2295 2537 2349 sed
2560 2295 2743 2351 vellera
2768 2298 2830 2351 ab
2857 2297 2929 2351 eis
2958 2292 3252 2366 evellebant,
3293 2298 3333 2353 1.

1684 2381 2248 2442 COMMENTARIUS.

308 2488 396 2554 tur
435 2496 449 2533 :
492 2489 547 2554 et
592 2479 661 2536 de
707 2482 792 2537 his
835 2484 1151 2542 stationibus
1202 2483 1449 2554 intelligit
1498 2481 1879 2554 Prudentium,

308 2550 640 2621 advertitque
670 2568 877 2609 rss'ruu
904 2556 1160 2612 denotare
1189 2550 1473 2611 stationem
1502 2569 1605 2625 qua
1644 2552 1879 2623 religiosi

307 2632 599 2696 conventus
626 2625 679 2677 in'
703 2626 928 2681 ecclesia
961 2627 1402 2683 observabantur.
1436 2626 1773 2696 lneptissima
1801 2633 1885 2679 est

306 2693 424 2769 hac
470 2694 626 2769 ratio,
648 2710 799 2769 nam
824 2696 1145 2753 Prudentius
1190 2699 1387 2769 hymno
1416 2693 1704 2768 superiori,
1734 2709 1879 2769 vers.

307 2761 588 2850 ᾕρει-ηει-
614 2764 687 2848 ait
714 2782 728 2820 :
752 2764 1062 2850 Festumque
1086 2761 1311 2850 nostrum
1338 2761 1655 2850 recserenus
1675 2761 1880 2850 aspice,

308 2832 398 2910 ubi
421 2834 487 2910 de
508 2834 710 2910 jejunio
736 2832 1180 2910 quadragesima“
1201 2850 1346 2895 certe
1372 2840 1564 2909 agitur.
1590 2832 1878 2903 Existimo,

309 2904 596 2981 discrimen
638 2904 781 2981 inter
814 2904 1074 2979 jejunium
1118 2904 1574 2981 quadragesimale
1606 2918 1661 2966 et
1687 2911 1879 2981 statio-

309 2991 438 3030 num
490 2977 700 3033 ratione
751 2977 1048 3036 durationis
1077 2977 1233 3037 actate
1261 2977 1533 3036 Prudentii
1578 2996 1686 3035 non
1717 2979 1883 3035 fuisse

308 3047 378 3101 ab
403 3048 649 3104 omnibus
679 3053 1015 3107 observatum
1042 3093 1056 3117 ,
1103 3061 1158 3106 et
1194 3052 1327 3107 hora
1376 3066 1517 3106 nona
1561 3050 1881 3106 adveniente

306 3117 533 3173 liberum
567 3120 730 3191 fuisse
754 3120 1015 3191 jejunium
1046 3123 1258 3178 solvere
1304 3133 1395 3178 aut
1436 3122 1747 3177 continuare
1772 3162 1788 3188 ,
1821 3129 1881 3176 ut

308 3202 374 3243 ex
390 3204 561 3264 versu
582 3190 649 3245 65
674 3200 729 3246 et
756 3190 910 3262 seqq.
939 3192 1097 3263 hujus
1128 3193 1308 3264 hymni
1338 3192 1514 3264 colligi
1544 3200 1740 3264 potest.

382 3258 468 3313 12.
507 3259 773 3317 Juvencus
820 3258 1067 3319 similiter
1095 3258 1188 3319 lib'.
1217 3280 1309 3330 ιιι,
1346 3258 1781 3318 υιιὶἡια’1αὸεηιὶε
1804 3277 1886 3316 re-

303 3330 473 3387 stabat
499 3334 664 3401 portio
691 3334 838 3388 lucis.

382 3402 469 3457 15.
509 3403 563 3457 1η
610 3402 732 3461 Rat.
776 3420 836 3460 ex
870 3406 1139 3460 vindicata:
1172 3415 1317 3461 recte
1364 3404 1561 3459 factum
1609 3402 1882 3456 vindicata.

298 3472 704 3548 Chamillardus
717 3547 723 3548 ί
748 3476 1128 3548 interpretatur
1175 3476 1372 3548 paratis
1384 3547 1389 3548 γ
1415 3475 1559 3548 cibis.
1611 3473 1887 3548 Vindicare

299 3554 392 3600 est
433 3544 630 3617 aliquid
662 3545 763 3617 sibi
796 3544 1069 3617 proprium
1108 3544 1303 3602 facere.
1338 3544 1657 3617 Christianis
1692 3545 1886 3600 vetitus

301 3623 395 3689 est
426 3615 576 3671 cibus
599 3615 808 3685 jejunii‘
834 3615 1093 3687 tempore,
1126 3618 1218 3689 qui
1259 3618 1434 3673 soluto
1473 3616 1680 3688 jejunio
1728 3618 1886 3671 resti-

302 3685 497 3752 tuitur,
526 3701 622 3742 seu
651 3685 995 3756 permittitur.

381 3756 469 3829 14.
512 3756 750 3829 lntellige
779 3758 973 3814 festum
1001 3760 1160 3814 breuis
1188 3763 1312 3825 voti,
1345 3775 1439 3815 seu
1470 3758 1648 3814 brevis
1669 3757 1880 3829 jejunii.

304 3825 447 3882 Vide
474 3842 635 3897 supra
666 3826 862 3899 hymno
893 3831 948 3895 7,
982 3845 1125 3884 vers.
1158 3831 1213 3895 4,
1246 3830 1334 3885 ubi
1361 3830 1547 3899 jejunii
1574 3825 1688 3884 dies
1716 3825 1885 3883 festus

305 3906 581 3969 vocaturi,
627 3900 765 3969 quia
797 3898 1120 3967 jejuniorum
1174 3898 1389 3954 victima
1418 3898 1639 3956 litatur.
1686 3899 1889 3969 Opinor

300 3965 658 4039 Prudentium
690 3965 864 4039 etiam
891 3970 1191 4039 respexisse
1230 3970 1517 4025 Theodosii
1547 3965 1886 4037 imperatoris

302 4038 483 4110 legem
512 4038 545 4091 4
573 4038 639 4093 de
666 4038 867 4110 Quaest.
910 4042 962 4094 in
983 4038 1113 4095 cod.
1154 4038 1423 4095 'l‘beodas.
1466 4058 1483 4110 A:
1531 4039 1885 4110 Quadraginta

301 4108 531 4180 dierum,
545 4110 631 4178 qui
651 4109 877 4180 auspicio
900 4109 1314 4166 cwremoniarum
1330 4108 1569 4175 paschale
1590 4108 1784 4179 tempus
1800 4126 1885 4162 an-

300 4179 536 4252 ticipant,
551 4181 719 4252 omnis
739 4179 959 4252 cognitio
984 4181 1268 4234 inhibeatur
1291 4180 1631 4252 eritninaliunt
1653 4180 1887 4252 quastio-

300 4264 449 4304 num.
468 4250 534 4305 Et
548 4250 649 4319 leg.
669 4250 734 4304 5:
753 4249 984 4306 sacratis
1005 4252 1403 4320 quadragesimae
1426 4249 1598 4303 diebus
1615 4250 1757 4303 nulla
1772 4267 1885 4319 sup-

298 4320 461 4399 plicia
476 4323 584 4399 sint
600 4323 1039 4399 corporis,quibus
1062 4321 1313 4399 absolutio
1339 4329 1661 4399 exspectatur
1676 4321 1886 4399 anima-

301 4390 443 4445 rum.
476 4391 653 4447 Ludos
672 4390 833 4447 etiam
854 4390 908 4447 et
926 4392 1303 4462 spectacula-in
1325 4390 1709 4461 diebusjejunii
1725 4390 1885 4445 luisse

300 4462 740 4532 proliibita,utin
767 4462 887 4518 aliis
911 4458 1099 4519 diebus
1129 4458 1295 4529 festis,
1321 4464 1469 4517 multi
1502 4458 1809 4531 opinantur.

378 4533 491 4625 1?;
509 4533 1322 4625 βθτιίιὲξιειέιυίδ,Εεεέεξιεὶυε
1344 4532 1881 4625 ,Ψεὶθιίθωὲννὲἓὲῗέ
1907 4566 1961 4625 n

299 4602 361 4658 in
405 4603 611 4675 aﬁ‘atim
654 4601 905 4674 corripit,
950 4606 1154 4675 colligit
1178 4619 1297 4674 cap.
1342 4604 1402 4659 11
1438 4603 1530 4659 lib.
1562 4601 1879 4675 uia/fatim

299 4673 484 4743 potius
512 4690 542 4729 a
569 4673 833 4745 fatigando
876 4675 983 4746 dici
1015 4673 1173 4746 quam
1203 4673 1411 4746 a’copia
1450 4675 1615 4746 fandi.
1649 4674 1878 4746 Dubium

300 4742 413 4817 non
444 4753 526 4817 est
569 4742 697 4817 quin
744 4760 805 4801 ea
852 4742 1057 4817 syllaba
1102 4746 1175 4800 sit
1204 4745 1399 4817 brevis,
1450 4742 1798 4817 undecunque
1827 4742 1881 4817 id

302 4814 621 4871 adverbium
667 4814 956 4872 derivetur.
1015 4820 1099 4871 An
1144 4816 1314 4884 possit
1366 4815 1583 4883 produci
1636 4815 1882 4880 exemplo

304 4887 552 4940 Aratoris
595 4885 688 4940 lib.
735 4902 773 4941 ll
804 4886 1050 4942 Historia:
1088 4883 1287 4955 apost.,
1330 4885 1566 4953 disputat
1593 4883 1881 4938 Ricciolius

303 4956 488 5010 Iudice
512 4956 547 5009 2
577 4956 868 5012 Prosodiaz.

378 5027 466 5080 16.
510 5027 675 5081 ilails.
709 5036 764 5082 et
809 5026 958 5081 Wid.
993 5041 1176 5097 supra,
1208 5026 1475 5090 voluntas;
1516 5023 1882 5097 Nebrissensis

303 5112 520 5166 pronam
549 5098 675 5151 dicit
706 5095 1213 5166 voluptatem,‘quia
1243 5097 1309 5151 ad
1341 5111 1455 5151 eam
1486 5095 1642 5166 proni
1668 5108 1873 5149 sumus.

305 5168 513 5238 Poterit
543 5168 762 5238 intelligi
795 5168 1036 5236 voluptas
1062 5183 1224 5237 prona
1256 5168 1309 5221 in
1335 5167 1491 5238 cibos.

380 5236 467 5293 19.
512 5238 684 5293 Verbo
717 5234 949 5292 iactandi
995 5234 1101 5293 non
1150 5238 1318 5307 semel
1362 5235 1528 5291 utitur
1554 5234 1876 5307 Prudentius

307 5307 699 5375 signiﬁcatione
766 5309 994 5378 quadam
1040 5308 1107 5362 ab
1155 5304 1274 5362 aliis
1332 5321 1438 5361 non
1472 5304 1881 5378 animadversa.

304 5380 428 5432 Alia
456 5376 841 5448 signiﬁcatione
869 5381 1000 5432 iacto
1031 5387 1115 5433 est
1142 5394 1171 5432 a
1210 5379 1358 5448 lacte,
1391 5376 1485 5432 sed
1517 5377 1603 5448 hic
1630 5386 1716 5448 est
1736 5390 1766 5448 a
1801 5378 1881 5430 la-

305 5448 407 5520 cio,
433 5466 462 5503 a
483 5446 588 5519 quo
612 5460 693 5505 est
719 5450 910 5517 allicio,
937 5450 1163 5520 pellicia,
1184 5458 1238 5502 ct
1258 5446 1644 5517 frequentativa
1668 5446 1882 5520 oblecto,

306 5516 521 5586 delecto,
547 5522 734 5583 illecto,
766 5516 1009 5589 proiecto.
1043 5520 1208 5589 Igitur
1236 5516 1389 5573 lactat
1412 5526 1495 5573 est
1516 5516 1731 5589 attrahit
1760 5516 1883 5589 alli-

308 5590 508 5660 ciendo.
542 5591 596 5643 in
629 5586 803 5654 Avito,
830 5591 925 5647 lib.
951 5607 1002 5659 ν,
1028 5586 1096 5645 ita
1124 5591 1243 5660 lego
1272 5599 1326 5644 et
1356 5588 1619 5660 intelligo,
1639 5586 1884 5660 Protinus

309 5668 357 5711 et
387 5658 520 5715 laxis
558 5664 702 5714 verbo
732 5661 949 5715 lactante
977 5658 1197 5715 venenis:
1230 5660 1340 5714 Hac
1368 5658 1757 5727 signiﬁcatione
1786 5659 1881 5713 de-

315 5728 526 5800 [endam
552 5746 690 5785 vers.
724 5732 826 5786 615
854 5732 1077 5800 ΑροιΙι.,
1108 5731 1409 5785 lactantibus
1436 5730 1592 5782 horis.
1625 5728 1682 5800 in
1713 5730 1885 5784 sacris

319 5798 536 5870 Litteris
557 5802 717 5855 simili
749 5798 1139 5870 signiﬁcatione
1165 5803 1384 5856 verbum
1412 5801 1546 5853 Iacto
1573 5799 1880 5854 adhibetur.

315 5869 474 5928 Prov.
506 5888 544 5941 ι,
574 5873 674 5929 1ος
700 5872 759 5927 Si
782 5869 827 5927 te
864 5874 1154 5928 lactaverint
1184 5883 1499 5947 peccatores;
1536 5880 1590 5928 et
1621 5884 1739 5939 cap.
1768 5885 1877 5937 xw,

1988 2480 2061 2537 29
2096 2499 2109 2536 :
2160 2482 2253 2555 Vir
2289 2484 2496 2555 iniquus
2538 2485 2693 2539 lactat
2740 2488 2994 2551 amicum;
3034 2484 3123 2540 ubi
3163 2500 3263 2541 vox
3312 2485 3568 2544 Hebraica

1989 2562 2145 2627 sonat
2169 2554 2428 2627 allicere.
2466 2556 2659 2610 lterum
2705 2556 3019 2627 brevitatem
3059 2556 3243 2626 jejunii
3276 2558 3568 2627 prmscripti

1987 2623 2185 2699 indicat
2200 2626 2287 2699 his
2301 2628 2498 2699 verbis,
2523 2627 2643 2699 levis
2660 2628 2942 2699 obsequela.
2958 2623 3091 2681 Dum
3109 2623 3289 2682 autem
3305 2628 3459 2683 toties
3474 2623 3568 2683 re-

1988 2694 2125 2777 petit
2166 2694 2570 2777 benignitatem
2589 2698 2678 2754 Dei
2704 2740 2720 2767 ,
2772 2694 2860 2777 qui
2907 2711 3043 2777 onus
3072 2712 3234 2767 grave
3280 2698 3434 2777 nobis
3462 2713 3567 2753 non

1988 2767 2259 2834 imponit,
2287 2767 2421 2824 satis
2458 2769 2731 2835 declarat,
2770 2769 3030 2839 jejunium
3062 2783 3125 2823 ex
3158 2769 3474 2824 necessitate
3516 2778 3567 2824 et

1989 2845 2219 2908 cogente
2249 2851 2515 2908 praecepto
2545 2840 2962 2905 observandum,
2990 2849 3177 2893 contra
3206 2854 3362 2908 quam
3395 2839 3567 2895 haere-

1984 2907 2077 2963 tici
2110 2908 2377 2965 blaterant
2401 2907 2436 2975 ,7
2461 2911 2549 2978 qui
2597 2921 2811 2967 veteres
2857 2910 3189 2965 Christianos
3220 2910 3392 2964 libere
3426 2910 3567 2978 jeju-

1985 2992 2145 3034 nasse
2175 2980 2410 3051 tradunt.
2442 2981 2586 3038 Sane
2612 2984 2657 3037 si
2689 2982 2739 3037 id
2782 2982 2920 3051 quod
2953 2978 3383 3035 Christianorum
3413 2981 3566 3051 primi

1986 3050 2245 3122 temporis
2276 3052 2445 3121 pietas
2474 3053 2640 3109 libere
2669 3050 3087 3122 exsequebatur.
3114 3058 3259 3122 esset
3287 3050 3569 3106 attendeno

1986 3119 2111 3174 dttm
2133 3162 2146 3185 ,
2176 3119 2447 3187 superflua
2478 3132 2661 3179 essent
2689 3124 2801 3178 haec
2823 3119 3009 3177 omnia
3038 3121 3101 3175 de
3140 3121 3266 3175 hora
3296 3137 3430 3175 nona
3454 3162 3470 3187 ,
3502 3122 3566 3174 de

1913 3196 1958 3260 α
1990 3190 2197 3244 remisso
2224 3190 2479 3262 dogmate,
2506 3194 2567 3247 de
2594 3195 2725 3247 brevi
2744 3207 2877 3257 voto,
2903 3193 2997 3247 levi
3022 3191 3304 3259 obsequela.
3331 3192 3565 3262 Etenim,

1992 3270 2047 3315 ut
2074 3276 2137 3315 ex
2169 3261 2370 3316 Irenaeo
2413 3265 2580 3319 refert
2612 3264 2875 3319 Eusebius
2918 3263 3052 3317 Hist.
3103 3262 3197 3317 lib.
3240 3278 3293 3327 v,
3322 3277 3440 3330 cap.
3472 3261 3564 3331 ‘25,

1989 3332 2079 3385 alii
2105 3331 2418 3401 jejunabant
2448 3333 2589 3388 diem
2620 3350 2806 3399 unum,
2836 3333 2922 3387 alii
2950 3332 3167 3387 biduum
3201 3332 3279 3386 vel
3311 3333 3564 3399 triduum,

1989 3402 2079 3456 alii
2112 3403 2458 3474 quadraginta
2491 3405 2636 3460 horis
2660 3404 2865 3459 diurnis
2887 3418 2948 3458 ac
2978 3403 3273 3474 nocturnis,
3297 3401 3561 3471 jejunium

1989 3487 2141 3546 suum
2170 3473 2556 3546 metiebantur.
2578 3474 2713 3546 Vide
2735 3490 2853 3546 qua:
2880 3490 2945 3530 ex
2973 3476 3030 3529 S.
3060 3473 3353 3543 Augustino
3392 3487 3561 3527 anno-

1993 3551 2039 3597 ta
2049 3544 2324 3617 v_i_pruleg.
2359 3560 2505 3617 num.
2540 3545 2661 3599 172.

2058 3614 2149 3670 21.
2190 3613 2378 3679 Aldus,
2412 3613 2688 3682 mendose,
2722 3614 2831 3669 adit
2863 3630 2957 3679 pro
2984 3613 3144 3676 addit,
3176 3621 3229 3668 ει
3257 3614 3308 3667 in
3335 3620 3561 3668 venusto.

1991 3685 2183 3750 llails.,
2227 3688 2279 3740 in
2307 3696 2518 3749 vetusto.
2554 3701 2711 3758 supra
2738 3687 3015 3741 invenusto.
3047 3683 3319 3758 Nebrissa,
3350 3684 3563 3758 invenu-

1989 3767 2085 3829 ste,
2114 3757 2446 3829 adverbium.
2478 3754 2896 3829 Expo'nitpoeta
2927 3756 3243 3812 sententiam
3273 3754 3564 3829 Salvatoris

1988 3828 2174 3883 Matth.
2223 3844 2339 3898 cap.
2374 3844 2447 3897 vi,
2494 3826 2574 3885 17⁷
2601 3841 2656 3885 ει
2685 3828 2753 3884 18
2796 3846 2808 3883 :
2856 3826 2931 3881 Tu
2969 3836 3154 3891 autem,
3201 3841 3313 3880 cum
3332 3828 3561 3898 jejunus,

1989 3916 2122 3966 unge
2153 3911 2304 3966 caput
2337 3911 2499 3965 tuum,
2529 3911 2633 3955 etc.

2056 3971 2147 4024 22.
2187 3970 2353 4024 Aldus
2378 4010 2392 4033 ,
2439 3974 2630 4025 cultum
2671 3990 2689 4026 :
2730 3971 2870 4024 cultu
2916 3969 3081 4038 exigit
3132 3983 3343 4025 sensus.
3378 3966 3561 4035 Aliqui

1988 4040 2204 4094 codices
2233 4039 2508 4094 Heinsiani
2541 4050 2594 4095 et
2613 4040 2728 4095 Gis.
2755 4041 2778 4093 1
2805 4040 2914 4103 ed.-,
2935 4040 3168 4093 sordibus
3192 4055 3287 4107 pro
3306 4038 3561 4100 sordidus,

1988 4111 2128 4178 quod
2176 4111 2331 4179 longe
2374 4111 2566 4165 melius
2607 4120 2707 4165 est.
2739 4109 2989 4179 Nebrissa
3031 4110 3155 4178 legit
3182 4124 3441 4163 macerare
3464 4122 3562 4177 pro

1989 4180 2245 4244 lacerare;
2276 4178 2379 4234 sed
2410 4198 2439 4232 a
2465 4181 2515 4234 in
2542 4195 2740 4233 macero
2793 4186 2877 4234 est
2902 4178 3138 4247 longum.
3194 4206 3203 4213 κ

2056 4247 2141 4301 23.
2185 4251 2240 4304 1η
2272 4249 2424 4319 Prag.
2450 4266 2514 4305 ex
2555 4266 2741 4319 pexum
2771 4248 2962 4304 factum
2991 4250 3215 4317 plexum.
3237 4248 3339 4305 Sed
3374 4263 3559 4317 pexum

1987 4334 2171 4373 verum
2201 4328 2301 4373 est.
2334 4320 2564 4387 Capillos
2595 4321 2852 4389 intellige.

2057 4389 2157 4463 26.
2188 4389 2371 4463 Matth.
2397 4407 2471 4455 vr,
2494 4390 2562 4447 16
2586 4410 2597 4444 :
2624 4391 2747 4445 Cum
2769 4399 2932 4444 autem
2947 4390 3218 4463 jejunatis,
3245 4389 3402 4445 nolite
3429 4389 3559 4458 ﬁeri,

1987 4460 2116 4531 sicut
2139 4461 2436 4531 hypocrita,
2469 4463 2654 4517 tristes.

2059 4530 2149 4587 27.
2180 4530 2248 4585 ln
2278 4532 2454 4599 glossa
2484 4532 2656 4589 Isonis
2686 4530 2934 4587 mendum
2965 4531 3114 4594 latet.
3146 4540 3204 4586 ut
3228 4531 3437 4601 npinor.
3464 4530 3559 4585 Coo

1986 4600 2067 4673 lor
2091 4601 2232 4673 enim
2263 4602 2433 4657 lutcus
2476 4618 2579 4666 non
2625 4611 2705 4658 est
2731 4601 3076 4673 rubicundus.
3107 4600 3559 4673 Fortasselegen-

1985 4671 2110 4726 dum
2143 4672 2246 4728 erit
2276 4690 2482 4727 croceus
2506 4716 2521 4739 ,
2567 4690 2668 4728 non
2715 4671 3050 4727 rubicundus.
3092 4672 3334 4738 Ovidius,
3366 4671 3459 4728 lib.
3496 4685 3560 4726 xv

1984 4742 2225 4813 Metam.,
2254 4745 2509 4812 sulphura
2535 4747 2669 4799 lutea
2692 4743 2998 4812 appellavit.

2057 4813 2144 4867 31.
2187 4814 2375 4869 Parrh.
2428 4825 2644 4882 cernat,
2691 4822 2746 4868 et
2790 4827 2929 4868 vers.
2982 4828 3121 4883 seq.,
3165 4830 3371 4869 munere
3418 4814 3559 4866 ditet.

1984 4882 2236 4953 Heinsius
2276 4896 2513 4953 argutam
2556 4895 2611 4940 et
2650 4883 2976 4953 ingeniosam
3020 4882 3172 4953 putat
3199 4887 3559 4953 conjecturam

1984 4952 2263 5025 Gronovii,
2278 4952 2465 5024 patenti
2490 4971 2696 5008 munere
2712 4952 2889 5019 donat,
2905 4952 3029 5009 cum
3042 4957 3094 5009 in
3108 4956 3291 5011 Noms.
3304 4952 3560 5025 repererit

1986 5023 2100 5086 ipse
2146 5023 2394 5095 Heinsius
2436 5025 2646 5078 latente.
2690 5025 2840 5095 Egnt.
2884 5040 3097 5095 quoque
3136 5036 3187 5080 et
3219 5026 3325 5079 Pal.
3352 5023 3451 5095 ,‘et
3494 5038 3559 5075 ex

1988 5094 2182 5147 nostris
2209 5093 2327 5147 Vat.
2358 5099 2422 5158 Α,
2450 5096 2655 5149 latente.
2687 5094 2812 5150 Mihi
2842 5110 2969 5149 vero
2998 5093 3165 5150 multo
3197 5096 3362 5163 magis
3393 5093 3558 5159 placct

1985 5164 2407 5235 latentetti,vjttod
2433 5175 2514 5219 est
2534 5167 2583 5219 in
2599 5165 2744 5232 Ald.,
2764 5166 2814 5220 in
2838 5167 3101 5235 plerisque
3122 5166 3328 5235 lleins.,
3343 5162 3529 5235 Weitz.
3544 5206 3558 5229 ,

1987 5233 2128 5311 _Vat_t.
2154 5235 2237 5311 _B,
2273 5234 2311 5311 |_,
2342 5235 2405 5301 Ο,
2432 5235 2490 5304 Ρ,
2518 5236 2593 5311 Q,
2616 5236 2771 5301 Urb.,
2818 5236 2998 5311 Ales”
3018 5232 3224 5311 _l’t'_a_g.,
3254 5234 3399 5311 Rat_._,
3443 5232 3558 5311 Gis.

1987 5305 2192 5375 Insistit
2222 5306 2360 5360 enim
2393 5318 2547 5374 poeta
2582 5309 2634 5362 in
2664 5307 2983 5375 evangelicis
3013 5305 3210 5370 verbis,
3242 5304 3415 5375 qualia
3446 5304 3557 5370 qui-

1988 5374 2110 5430 dem
2162 5391 2301 5430 nunc
2352 5371 2405 5432 iti
2437 5377 2655 5446 Vulgata
2705 5371 2970 5446 leguntur,
3019 5386 3075 5429 ct
3122 5371 3346 5446 olim’in
3377 5371 3559 5446 διξερε

1987 5446 2264 5514 evangelio
2292 5447 2348 5501 S.
2385 5444 2615 5502 Matthxi
2649 5444 2986 5514 legebantur;
3026 5453 3072 5499 et
3116 5444 3268 5499 Pater
3295 5453 3433 5510 tuus,
3476 5444 3561 5513 qui

1985 5517 2119 5569 videt
2146 5532 2195 5570 IN
2227 5532 2566 5581 sascoanno,
2598 5515 2771 5571 reddet
2795 5515 2905 5580 tibi,
2932 5516 3019 5571 ubi
3048 5516 3192 5570 nulla
3224 5516 3423 5571 mentio
3450 5531 3560 5567 mu-

1989 5587 2124 5641 neris
2155 5588 2391 5656 patentis,
2425 5589 2518 5642 sed
2544 5587 2659 5656 ejus
2681 5587 2767 5656 qui
2801 5586 2960 5641 latens
2987 5586 3208 5655 jejunat.

2057 5655 2479 5727 5L'chendum
2526 5655 2772 5727 sanotid
2808 5664 2891 5709 est
2934 5657 3105 5726 gregi,
3151 5672 3270 5711 cum
3326 5656 3446 5711 Vat.
3497 5655 3561 5727 Β.

1988 5726 2136 5793 Rat.,
2166 5725 2281 5782 Puf.
2302 5729 2466 5792 Thu.,
2491 5728 2639 5792 Rot.,
2663 5725 2885 5797 weitz.,
2915 5735 2968 5780 et
2998 5725 3368 5797 suspendenda
3392 5726 3560 5779 oratiu

1989 5812 2157 5863 usque
2181 5798 2247 5851 ad
2263 5808 2575 5867 sequentem
2606 5796 2904 5866 stropham.
2940 5798 3039 5852 Alii
3070 5796 3266 5854 habent
3292 5806 3461 5852 sanat.

2059 5867 2145 5925 55.
2171 5868 2294 5923 Rot.
2317 5878 2367 5924 et
2401 5884 2536 5925 unus
2562 5868 2676 5925 Vat.
2706 5867 2858 5938 Apud
2878 5867 3145 5938 Teolium,
3169 5871 3404 5941 afﬁxam,
3429 5867 3562 5924 satis
