4102 6348
451 355 552 414 859

448 465 522 520 55
624 463 802 520 Velius
829 460 1005 516 aftixls
1034 458 1285 530 vepribus
1316 473 1411 529 per
1440 459 1592 514 hirta

907 551 1070 608 Devia
1089 551 1259 608 silvae.
1427 553 1430 558 ’

628 647 855 716 Impiger
881 654 1066 715 pastor
1094 653 1333 712 revocat,
1370 645 1613 716 lupisque

627 739 813 792 Gestat
832 735 1084 803 exclusis,
1119 735 1373 792 humeros
1399 744 1652 807 gravatus

627 831 754 886 lude
787 840 1070 901 purgatam
1099 830 1366 887 revehens
1389 831 1576 899 aprico

454 923 522 979 40
916 921 1109 976 Reddit
1138 921 1284 976 ovili.

631 1016 822 1072 Reddit
851 1027 907 1071 et
932 1017 1122 1086 pratis,
1165 1015 1427 1086 viridique
1453 1029 1667 1085 campo,

633 1109 817 1164 Vibrat
847 1109 1072 1180 impexis
1099 1111 1184 1165 ubi
1211 1109 1356 1163 nulla
1388 1109 1560 1179 lappis

629 1201 814 1271 Spina,
845 1215 942 1256 nec
963 1216 1192 1270 germen
1223 1200 1447 1256 sudibus
1478 1208 1746 1270 perarmat

918 1291 1162 1347 Carduus
1185 1291 1410 1347 hor-rens
1437 1309 1448 1343 :

459 1380 528 1435 45
632 1383 736 1438 Sed
760 1384 1010 1451 frequens
1040 1381 1230 1452 palmis
1253 1395 1466 1448 nemus,
1498 1392 1551 1435 et
1581 1380 1778 1435 reﬂexa

635 1477 796 1548 332
820 1476 1017 1531 Vernat
1046 1475 1331 1530 herbarum
1361 1489 1543 1531 coma:
1571 1483 1681 1528 tum
1717 1475 1967 1542 perennis

637 1569 910 1640 Gurgitem
941 1568 1077 1624 vivis
1107 1569 1337 1625 vitreum
1367 1568 1581 1624 ﬂuentis

923 1660 1130 1716 Laurus
1167 1659 1470 1716 obumbrat.

636 1752 793 1809 llisCe
818 1769 913 1823 pro
939 1754 1097 1809 donis
1126 1753 1242 1819 tibi,
1276 1753 1380 1809 (ide
1399 1762 1609 1823 .pastor,

464 1842 530 1898 5t)
635 1844 875 1900 Servitus
903 1851 1148 1914 quaenam
1185 1846 1384 1914 poterit
1412 1844 1681 1912 rependi?

633 1933 786 1993 Nulla
817 1945 1174 2008 compensant
1197 1937 1428 2007 pretium
1458 1937 1646 1992 sa‘lutis

928 2029 1062 2084 Vota
1089 2036 1425 2099 precantum.

1511 348 1788 407 musam
1827 347 2192 406 PRUBENTII
2227 349 2558 406 CARHINA.

2063 474 2115 536 Δ

2067 1849 2114 1908 Β

3613 343 3715 402 ses

2317 461 2620 528 Quamlibet
2658 469 2842 530 Spreta
2865 461 2985 516 sine
3007 473 3162 516 more
3179 466 3339 528 pastu

2313 554 2512 622 Sponte
2538 553 2816 609 confectos
2836 560 3125 608 tenuemus
3149 558 3326 617 anus,

2137 646 2207 700 55
2314 647 2494 716 Teque
2522 646 2845 714 contemptis
2865 644 3054 714 epulis
3083 654 3340 713 τοεθωιιε

2597 735 2765 791 Nocte
2789 735 3011 806 dieque:
3280 791 3291 798 κ

2318 831 2558 886 Vincitur
2582 844 2795 898 semper
2833 828 3010 884 minor
3036 829 3424 897 obsequentum

2313 911 2474 987 Cura,
2517 937 2617 978 nec
2655 937 2849 976 munus
2874 914 3151 976 Gen-horis
3171 929 3366 989 aequat,

2319 1015 2537 1084 Frangit
2576 1023 2630 1067 et
2653 1021 2858 1068 cratera
2877 1012 3086 1066 luteam
3115 1012 3316 1069 laboris

2141 1109 2209 1165 60
2607 1106 2872 1160 Graudior
2895 1120 3050 1161 usus.

2318 1200 2476 1269 Ergo,
2506 1213 2573 1253 ne
2597 1197 2784 1251 limum
2805 1197 3051 1267 fragilem
3081 1197 3272 1252 solutae

2320 1293 2580 1346 Deserant
2610 1290 2771 1356 vires,
2799 1298 2856 1344 et
2878 1303 3114 1360 aquosus
3137 1290 3273 1343 albis

2320 1383 2518 1438 Humor
2547 1385 2598 1438 in
2630 1383 2781 1438 venis
2804 1383 3132 1449 dominetur,
3167 1393 3365 1450 aegrum

2602 1478 2808 1548 Corpus
2837 1490 3122 1540 enervans.

2143 1569 2211 1623 65
2319 1568 2478 1638 333
2511 1568 2688 1623 Luxus
2713 1582 2777 1623 ac
2793 1567 2934 1623 liber
2966 1566 3157 1622 modus
3178 1563 3478 1620 abstinendi

2319 1661 2539 1716 Ponitur
2563 1661 2794 1728 cunctis,
2829 1675 3006 1730 neque
3031 1675 3130 1714 nos
3157 1673 3382 1714 severus

2320 1755 2516 1810 Terror
2532 1754 2766 1824 impellit
2790 1771 2802 1807 :
2827 1768 2924 1809 sua
2943 1767 3213 1822 quemque
3235 1752 3378 1821 cogit

2599 1843 2753 1902 Velle
2773 1853 3035 1916 potestas.

2322 1939 2553 2004 Sufﬁcit,
2585 1938 2840 2009 quidquid
2873 1938 3062 2006 facias,
3097 1944 3282 1992 vocato

2142 2031 2208 2085 7t)
2319 2031 2560 2084 Numinis
2589 2040 2719 2086 nutu
2753 2037 2920 2100 prius,
2950 2032 3223 2096 inchoare,

1765 2118 2052 2175 GLOSSA‘I
2093 2119 2436 2177 VETERES.

531 2239 621 2296 58.
650 2234 918 2306 (Exclusis,
946 2238 1191 2307 expulsis,
1225 2236 1268 2290 l.
1291 2264 1360 2276 -—
1382 2234 1664 2300 Gravalus,
1698 2234 1888 2289 habens
1909 2252 2030 2306 gra-

469 2322 602 2366 l'atox
631 2313 883 2375 humeros,
915 2309 1048 2378 ,Vat.
1082 2311 1148 2362 A.

536 2382 624 2436 59.
657 2375 953 2440 lieveheus,
986 2389 1268 2449 reportans.
1295 2405 1363 2417 —
1383 2375 1604 2449 Aprica,
1629 2378 1818 2449 wstivo,
1848 2377 2034 2449 calido,

467 2469 660 2512 sereno,
691 2454 837 2521 quasi
865 2448 1058 2518 Africo,
1089 2450 1127 2503 i.
1151 2466 1217 2521 e._
1236 2449 1400 2521 locus,
1422 2449 1509 2521 qui
1539 2448 1646 2502 sine
1682 2448 1892 2521 (rigore,
1927 2448 1966 2502 Ι.
2023 2494 2033 2499 .

538 2523 622 2583 42.
662 2517 863 2590 Vibrat,
890 2517 1085 2576 crescit.
1115 2518 1448 2586 -—|mpexis.
1482 2517 1805 2573 horrentibus
1857 2521 1892 2573 Ι.

534 2596 623 2648 45.
656 2593 906 2656 Sudibus,
938 2591 1122 2660 spinis,
1149 2590 1187 2642 1.

535 2666 624 2718 45.
654 2663 949 2731 Frequens,
975 2662 1155 2726 densa,
1190 2660 1292 2714 lso.

534 2735 624 2789 46.
657 2730 871 2798 \‘ernat,
901 2735 1072 2803 ﬂoret.
1095 2759 1162 2803 -τ
1191 2731 1342 2796 Tum,
1374 2731 1548 2796 etiam,
1576 2730 1612 2784 Ι.

537 2804 625 2858 ta.
659 2805 838 2871 Hisce,
863 2802 954 2872 pro
980 2803 1109 2866 istis,
1140 2802 1182 2857 ι.

2217 2238 2306 2292 51.
2339 2237 2724 2305 Compensant,
2748 2237 3056 2307 rependunt,
3083 2227 3128 2291 ’1.

2216 2307 2307 2380 ᾗῇ.
2331 2308 2643 2380 Qonfectos.
2674 2309 2995 2372 constrictos,
3022 2307 3268 2380 afﬂictos,
3289 2307 3332 2364 1.

2216 2371 2304 2432 5'9.
2331 2371 2582 2443 Luteam,
2618 2381 2874 2444 limosum,
2901 2380 2939 2432 i.
2984 2371 3033 2432 ε.
3058 2371 3270 2448 corpus,
3308 2387 3514 2435 vrovter
3545 2390 3725 2435 costas.

2144 2451 2230 2503 ΑΙ.
2257 2465 2440 2520 corpus
2467 2467 2498 2504 a
2515 2452 2692 2515 castis,
2709 2452 2756 2504 1.

2216 2520 2305 2575 ϐο.
2339 2520 2496 2584 Usus,
2509 2523 2721 2591 jejnuii,
2758 2521 2862 2576 lso.

2217 2592 2307 2646 6|.
2334 2591 2566 2658 bimum,
2595 2593 2874 2655 hominem,
2908 2592 2946 2644 I.

2217 2663 2308 2716 64.
2345 2662 2641 2728 Enervans,
2664 2662 2952 2730 inﬁrmatis,
2979 2661 3062 2716 lsn

2218 2732 2443 2797 71.,Tu,
2470 2749 2542 2786 sc.
2566 2735 2708 2797 dum,
2736 2733 2775 2787 I.

1833 2890 1964 2944 CUM
1975 2879 2385 2944 MENT'ARIUS.

471 3025 722 3076 congrue,
756 3005 1163 3078 quodICauchio
1195 3004 1458 3078 placebat.
1494 3004 1643 3078 Rat.,
1670 3003 1842 3057 minus
1881 3004 2037 3068 bene,

475 3081 663 3146 aiﬁxit.
695 3076 1026 3149 EtvmoIOgia
1060 3077 1231 3149 leonis
1255 3077 1304 3129 in
1337 3076 1497 3149 vellus
1522 3077 1837 3149 deprompta
1865 3084 1948 3149 est
1975 3091 2038 3128 ex

478 3151 714 3204 Varrone
729 3145 829 3202 lib.
860 3164 910 3203 IV
935 3145 1002 3203 de
1021 3146 1169 3216 Ling.
1201 3147 1316 3200 Lat.
1341 3146 1432 3200 alii
1454 3147 1613 3201 vellus
1635 3145 1832 3199 dictum
1865 3147 2032 3210 aiunt,

480 3221 594 3289 quia
627 3220 750 3273 velat
789 3234 964 3274 ovem.

481 3362 611 3416 riter
635 3369 892 3431 gravatos.
925 3360 1073 3428 Apud
1102 3369 1311 3413 veteres
1332 3358 1595 3414 interdum
1637 3375 1670 3411 ιι
1702 3372 1795 3426 per
1833 3375 1864 3410 ο
1915 3358 2045 3411 scri-

480 3433 724 3493 bebatur.
753 3441 809 3485 ut
834 3447 1000 3486 servos
1024 3444 1117 3499 pro
1145 3446 1336 3484 servus.

549 3503 637 3558 39.
670 3501 912 3557 Glossam
942 3501 1111 3554 [sonis
1165 3503 1232 3554 ita
1291 3500 1552 3570 intellige,
1603 3507 1662 3554 ut
1706 3499 1935 3570 apricum
1982 3501 2052 3554 sit

482 3573 634 3642 quasi
690 3574 940 3643 Africum,
982 3572 1084 3625 hoc
1117 3581 1200 3625 cst
1241 3572 1357 3643 sine
1401 3568 1631 3643 horrore
1670 3568 1761 3623 aut
1799 3568 1992 3643 frigore
2021 3585 2050 3643 _a

483 3640 672 3718 φρίκης.
691 3640 824 3697 Ilinc
853 3643 1092 3718 Africam
1113 3642 1352 3718 nonnulli
1383 3641 1582 3696 dictam
1625 3648 1837 3709 putant,
1863 3641 1953 3694 alii
1984 3640 2052 3694 ab

484 3711 684 3781 Kpher,
717 3722 909 3782 nepote
937 3711 1243 3764 Abrahami.

557 3779 928 3837 “(Montium
963 3782 1104 3845 Aldi,
1147 3790 1194 3832 et
1238 3782 1416 3846 patris.
1464 3782 1684 3836 Videtur
1738 3779 2054 3835 Prudentius

487 3854 788 3921 respexisse
815 3853 878 3905 ad
911 3853 1042 3920 psal.
1075 3865 1370 3921 xxu,rvers.
1400 3852 1465 3905 ‘2:
1491 3851 1555 3904 In
1598 3853 1707 3904 loco
1743 3867 1946 3920 pascua:
1987 3853 2054 3904 ibi

489 3939 566 3975 me
583 3920 871 3976 collocauit.
912 3921 1042 3974 Vide
1081 3920 1374 3986 Barthium,
1400 3923 1493 3977 lib.
1525 3937 1688 3984 xxx",
1721 3937 1835 3989 cap.
1869 3923 1923 3983 9...
1965 3923 2053 3990 qui

397 4011 403 4018 ·
491 3993 632 4047 hunc
656 3993 836 4048 locum
853 3993 1080 4061 explicat
1109 3991 1176 4046 de
1210 4001 1371 4060 prato
1417 4002 1474 4047 et
1520 4008 1642 4047 rore
1673 3993 1859 4056 psalmi
1902 4008 2052 4055 xxm,

492 4066 563 4117 uti
594 4064 753 4118 etiam
777 4079 990 4118 carmen
1023 4063 1088 4116 de
1119 4062 1411 4118 Passieno:
1453 4062 1521 4118 Te
1551 4062 1916 4130 rorefovebunt
1945 4063 2055 4116 (1w-

489 4133 601 4187 lesti
640 4135 870 4204 pratique
913 4135 1028 4187 boni
1085 4133 1352 4187 dulcedine
1381 4144 1607 4204 poscent.
1649 4131 1880 4202 Corrigit
1915 4133 2054 4186 cnim

490 4205 738 4277 Barthius
767 4207 1019 4277 prati-pro
1051 4206 1209 4273 pacti.
1259 4204 1380 4259 Hmc
1403 4219 1530 4260 vero
1567 4204 1817 4277 parabola
1861 4205 1928 4257 de
1957 4218 2058 4260 ove

491 4275 706 4341 an'iissa,
732 4273 888 4346 quam
921 4273 1198 4330 inveniens
1218 4285 1424 4346 pastor,
1451 4275 1674 4344 imponit
1721 4274 1772 4326 in
1808 4273 2058 4330 humeros

491 4360 615 4400 suos
649 4347 907 4416 gaudens,
957 4347 1184 4402 refertur
1227 4347 1383 4409 Luca:
1425 4361 1546 4414 cap.
1600 4360 1695 4410 xv,
1744 4359 1885 4399 vers.
1924 4347 1954 4399 4
2003 4353 2059 4400 ct

488 4429 637 4487 seqq.
672 4417 811 4470 Prati
862 4418 1094 4472 «mlesnis
1123 4416 1312 4469 similis
1347 4416 1635 4485 descriptio
1680 4429 1838 4484 supra
1860 4419 2058 4487 hymno

492 4485 524 4538 5
551 4501 687 4540 vers.
724 4487 823 4539 11⁵5
843 4496 898 4540 et
924 4501 1084 4555 seqq.

561 4557 651 4608 42.
686 4556 874 4622 Aldus,
904 4549 1163 4622 implexis,
1187 4556 1362 4610 minus
1393 4557 1544 4611 bene.
1575 4554 1768 4627 Lappte
1787 4549 2055 4627 suutber-

492 4624 717 4694 baequa'.
775 4627 928 4696 vulgo
966 4627 1017 4680 in
1072 4628 1236 4692 pratis
1285 4627 1522 4696 vestibus
1569 4624 1864 4681 adhaerent.
1909 4626 2055 4696 Virg.

2149 3005 2495 3066 bibliotheca.
2550 3004 2754 3076 Gellius
2802 3012 3047 3067 testatur,
3081 3015 3134 3060 et
3165 3015 3373 3060 vetusta
3401 3009 3734 3076 exemplaria

2146 3077 2497 3144 enmprobant
2522 3075 2688 3130 semel
2715 3083 2918 3128 tantum
2962 3076 3190 3143 exprimi
3222 3093 3252 3129 η
3273 3077 3323 3130 in
3351 3075 3629 3134 vocabulis
3659 3084 3737 3133 in-

2141 3149 2325 3210 nittor,
2359 3149 2576 3210 innecto,
2611 3155 2666 3201 et
2691 3145 2974 3210 similibus,
3001 3161 3228 3214 quorum
3279 3148 3581 3205 imitatione
3603 3153 3737 3204 iner-

1959 3258 1961 3260 -
2149 3233 2272 3271 vana
2296 3218 2461 3341 aliqui
2491 3227 2678 3286 putant
2707 3216 2923 3278 factum,
2958 3218 3110 3284 quasi
3142 3218 3439 3274 inneruans.
3483 3220 3734 3276 Heinsius

1959 3301 2045 3341 Da-
2070 3309 2116 3341 n
2150 3289 2367 3341 aliauan
2411 3304 2441 3339 n
2463 3289 2764 3341 susnicalus
2791 3297 2871 3341 est
2897 3289 3144 3341 inerrans.
3177 3288 3229 3341 Si
3261 3291 3569 3341 coniectura
3592 3304 3734 3341 esset

545 3293 631 3345 58.
675 3290 973 3372 Mdi‘erro‘r
996 3295 1079 3372 est
1117 3298 1368 3372 gravatos.
1392 3289 1453 3372 lu
1487 3289 1638 3372 Egm.
1673 3296 1726 3341 et
1752 3286 1917 3341 llails.
1951 3301 2045 3369 ρει-
2070 3309 2118 3372 c
2150 3289 2367 3372 aliquan

2411 3304 2441 3339 n
2463 3289 2764 3354 suspicatus
2791 3297 2871 3341 est
2897 3289 3144 3343 inerrans.
3177 3288 3229 3344 Si
3261 3291 3570 3346 coniectura
3592 3304 3737 3346 esset

2155 3358 2431 3422 utendum,
2468 3359 2680 3412 mallem
2715 3360 2972 3411 inermans
3002 3358 3525 3424 abinermis.Festus
3549 3366 3735 3416 memi-
3779 3365 3788 3372 ’

2155 3431 2233 3484 nit
2257 3430 2406 3483 verbi
2447 3431 2663 3494 inerma,
2695 3445 2774 3494 as,
2815 3443 2914 3494 pro
2943 3427 3107 3484 armis
3137 3430 3392 3498 spoliare.
3438 3432 3736 3487 Salmasius

2155 3503 2269 3554 vult
2315 3501 2552 3574 inerrans
2602 3515 2700 3574 pro
2729 3513 2996 3574 enervans
3014 3508 3226 3574 mutato
3255 3521 3294 3574 γε
3328 3503 3385 3574 in
3419 3503 3456 3568 i,
3485 3513 3545 3557 ut
3568 3505 3738 3574 poSsit

2155 3573 2348 3638 corripi
2377 3589 2390 3626 :
2421 3571 2498 3623 sic
2531 3567 2730 3639 Apoth.
2765 3583 2904 3624 vers.
2934 3567 3040 3624 400
3068 3571 3229 3640 aliqui
3254 3567 3454 3628 habent
3483 3567 3736 3644 inci-ginta

2156 3656 2251 3711 pro
2277 3657 2556 3709 energema.

2225 3712 2314 3766 65.
2339 3709 2835 3782 Minimeasseritur
2859 3709 2961 3765 hoc
3008 3710 3125 3765 loco
3167 3711 3386 3768 libertas
3421 3714 3732 3782 jejunandi,

2156 3784 2364 3854 qua-lem
2385 3779 2620 3854 haeretici
2644 3779 2936 3854 defendunt
2960 3781 3080 3836 :sed
3105 3784 3275 3837 solum
3300 3785 3351 3839 in
3370 3779 3594 3854 ieiuniis
3615 3779 3740 3842 esse

2158 3853 2372 3926 modum
2402 3851 2792 3926 put-scripturn,
2848 3851 2987 3926 ultra
3020 3868 3176 3926 quem
3209 3851 3591 3926 abstinentiam
3613 3872 3740 3926 pro.

2160 3922 2372 3976 trahere
2417 3921 2635 3975 cuilibet
2678 3920 2997 3988 relinquitur
3039 3920 3282 3978 liberum.
3320 3925 3545 3980 Adducit
3592 3920 3735 3982 enim

2157 3995 2388 4066 pncta_in
2411 3991 2908 4066 exemplumipsutn
2934 3991 3110 4066 cibum
3138 4010 3296 4066 quem
3323 4006 3444 4065 post
3468 3997 3737 4066 jejunium

2157 4060 2460 4136 Snmebant,
2485 4076 2643 4136 quem
2666 4061 2935 4136 salubrem
2974 4060 3088 4118 fore
3118 4060 3358 4136 conlidit.
3407 4060 3738 4136 Bibg'hamus

2158 4148 2280 4188 cum
2319 4123 2579 4202 l-lieremia
2602 4123 2850 4202 Tayl’orio
2879 4148 3156 4202 perperam
3185 4133 3415 4190 abutitur
3451 4123 3537 4192 his
3563 4123 3738 4194 versi;

2158 4204 2259 4258 bus
2287 4201 2354 4257 ad
2381 4203 2590 4273 plenam
2626 4201 2811 4273 jejunii
2843 4201 3138 4258 libertatem
3177 4207 3568 4273 suStiucudam.
3608 4211 3739 4264 \‘ide

2161 4289 2319 4343 supra
2354 4283 2552 4347 notata,
2583 4282 2636 4327 et
2657 4274 2881 4347 observa
2913 4284 3131 4347 poetam
3157 4274 3208 4330 in
3240 4285 3350 4331 toto
3382 4277 3584 4347 hymno
3633 4281 3736 4333 sibi

2159 4341 2454 4400 coimrere.
2507 4341 2583 4417 Ne
2629 4343 2876 4413 grandior
2899 4341 3018 4417 usus
3060 4345 3248 4399 laboris
3287 4341 3492 4417 frangat
3542 4353 3737 4403 luteam
3766 4365 3778 4374 '

2159 4424 2349 4469 cratem
2379 4415 2626 4484 corporis,
2673 4429 2734 4468 ac
2785 4430 2846 4467 ne
2876 4415 3056 4470 soluta:
3099 4418 3226 4470 vires
3269 4415 3502 4472 deserant
3561 4422 3739 4473 [inium

2162 4487 2420 4558 fragilem,
2443 4484 2736 4558 concludit,
2765 4486 2940 4558 laeum
2983 4503 3044 4558 ac
3092 4486 3303 4542 liberum
3347 4505 3526 4544 uonuu
3572 4491 3736 4544 absti-

2162 4555 2314 4630 neridi
2340 4573 2443 4630 esse
2473 4556 2669 4630 cunctis
2717 4556 2962 4630 positum,
2985 4555 3087 4613 hoc
3113 4568 3214 4623 cst,
3264 4573 3368 4614 non
3417 4574 3539 4615 esse
3587 4577 3733 4630 pra:-

2163 4629 2357 4691 scripta
2382 4628 2600 4680 nimium
2626 4625 2777 4694 longa
2799 4626 3018 4694 jejunia.

491 4686 682 4767 Georg.
719 4697 806 4750 lib.
832 4686 1030 4763 l,vsubit
1059 4686 1237 4765 aspera
1256 4698 1404 4763 silva,
1429 4694 1737 4767 Lapptt’que,
1765 4686 2054 4767 tribulique.
2088 4686 2137 4746 1)
2231 4686 2321 4752 69.
2351 4695 2442 4751 Pia
2473 4707 2524 4752 et
2553 4686 2916 4767 constans-est
2941 4697 3367 4753 Christianorum
3397 4695 3740 4754 consuetudo

563 4765 648 4817 45.
681 4767 844 4821 Sudes
872 4777 996 4822 sunt
1025 4767 1144 4820 \‘alli
1177 4782 1206 4821 e
1233 4765 1551 4837 quocunque
1581 4765 1725 4837 ligno
1757 4768 1806 4820 in
1839 4765 2053 4822 modqu

493 4851 805 4902 lllllfl‘Ollllm
851 4847 1033 4892 contra
1085 4847 1500 4907 transgressum,
1543 4849 1635 4892 aut
1681 4849 2055 4893 transcensum

488 4923 674 4962 eorum
706 4909 791 4976 qni
831 4908 1028 4963 vellent
1077 4907 1298 4964 insilire.
1349 4907 1667 4965 Prudentius
1708 4910 1857 4964 sudes
1880 4908 2056 4979 posuit

492 4995 588 5046 ιιι-ιι
620 4979 808 5048 spinis,
836 4993 930 5034 seu
962 4979 1168 5032 tribulis
1197 4979 1400 5033 cardui.

556 5045 661 5102 46(
679 5045 902 5114 Widm.,
935 5051 1092 5113 dum;
1119 5051 1306 5104 melius
1334 5059 1460 5104 tum.

489 5121 668 5258 ﬂuui-
703 5119 860 5174 Fabr.
902 5130 956 5176 et
984 5121 1094 5176 Gis.
1134 5119 1344 5182 2cdit.,
1392 5121 1510 5175 vivi.
1558 5117 1693 5176 Tum
1736 5118 1837 5190 legi
1878 5130 2055 5189 posset

566 5207 624 5242 ιή
653 5208 688 5242 i.

532 5199 688 5242 uenti.

560 5261 649 5316 58.
681 5259 972 5317 Genitorem
1001 5261 1165 5316 Deum
1195 5263 1445 5332 appellat,
1491 5270 1548 5318 ut
1595 5263 1792 5333 sacpius
1852 5262 2058 5316 Patrem

489 5345 637 5403 more
666 5335 990 5403 evangelico.

490 5473 518 5541 Ι
563 5401 826 5524 59.7w":
878 5405 934 5459 Β.
985 5407 1210 5476 frangat.
1269 5405 1367 5459 Alii
1429 5409 1485 5458 et
1538 5416 1729 5458 sensus
1791 5403 2060 5477 postulant

514 5487 702 5541 rangr.

514 5481 702 5525 'ranait.

562 5543 650 5615 64.
683 5544 788 5597 Cur
816 5562 1075 5612 mter-rans,
1111 5547 1281 5615 prima
1328 5552 1596 5615 correpta,
1623 5543 1896 5611 elleratur,
1948 5545 2056 5599 dixi

493 5613 695 5684 proleg.
724 5630 867 5668 num.
905 5616 1029 5672 219.
1061 5613 1527 5672 lii—vetustioribus
1564 5615 1785 5684 lleinsii,
1833 5625 1888 5671 et
1935 5617 2061 5668 Am-

492 5683 758 5740 brosiauis
793 5685 1008 5741 schedis
1041 5688 1226 5742 Parrh.
1263 5697 1316 5741 ct
1344 5689 1498 5740 A'lex.
1524 5685 1775 5741 scribitur
1805 5691 2059 5750 inerrans,

489 5760 544 5831 et
582 5755 773 5833 eodem
803 5757 1041 5833 modoiu
1074 5758 1258 5833 codice
1290 5756 2062 5833 valdeantiquo‘Althelmide

491 5826 804 5888 virginitatis
831 5827 1029 5892 Laude,
1059 5828 1149 5894 qui
1180 5828 1424 5885 exstabat
1454 5832 1502 5883 in
1533 5827 1816 5885 Bodleiana
1844 5827 2064 5884 Oxnnia:

2166 4767 2330 4823 Deum
2362 4767 2425 4842 ad
2454 4766 2688 4842 singulas
2728 4765 2961 4842 actiones
2985 4769 3296 4842 invocandi,
3327 4778 3383 4824 ut
3429 4783 3522 4839 per
3565 4771 3738 4842 Deum

2165 4853 2379 4907 semper
2409 4839 2681 4907 incipiant,
2707 4838 2844 4905 quod
2876 4839 3098 4906 publicis
3121 4839 3372 4906 precibus
3399 4838 3743 4906 canim'us,et

2165 4925 2259 4979 per
2288 4924 2407 4962 eum
2439 4925 2629 4978 caepim
2670 4908 2940 4979 liniantur.
2986 4908 3092 4962 lad
3121 4908 3365 4965 Corinth.
3390 4927 3444 4976 χ,
3489 4913 3550 4966 5|
3576 4930 3587 4962 :
3616 4911 3742 4966 Sire

2165 4978 2283 5050 ergo
2313 4979 2653 5046 manducatis,
2706 4979 2805 5051 sive
2839 4978 3182 5051 bibitis,__sive
3208 4980 3353 5051 aliud
3380 4983 3502 5049 quid
3531 4984 3735 5051 facitis:

2165 5047 2335 5116 omnia
2361 5051 2411 5102 in
2439 5051 2655 5119 gloriam
2705 5047 2796 5102 Dei
2825 5051 2993 5118 facile.
3021 5047 3152 5104 Vide
3181 5051 3244 5104 ad
3290 5047 3470 5105 Colus.
3501 5047 3622 5119 cap.
3658 5068 3739 5116 tu,

2167 5121 2251 5175 i7.
2280 5120 2331 5174 In
2355 5119 2614 5176 conviviis
2647 5135 2712 5173 ne
2744 5122 2881 5173 inter
2909 5121 3107 5186 cibum,
3131 5129 3185 5174 et
3207 5131 3386 5189 potum
3417 5121 3506 5176 Dci
3532 5138 3742 5176 metm-

2165 5191 2242 5246 ria
2289 5190 2608 5257 elaberetur,
2669 5189 2952 5244 Christiani
2999 5191 3202 5261 antiqui
3249 5205 3392 5261 vasa,
3443 5192 3640 5261 quibus
3671 5196 3740 5246 ad

2163 5261 2388 5331 prandia
2417 5261 2726 5323 utebantur,
2761 5261 3078 5328 imaginibus
3125 5259 3250 5315 Jesu
3281 5259 3476 5316 Christi
3517 5278 3736 5316 samzio-

2164 5347 2390 5402 rumque
2418 5333 2759 5402 decorabant.
2794 5331 3024 5386 Consule
3051 5331 3414 5386 doctissimum
3441 5349 3573 5400 upus
3597 5333 3741 5386 liuo-

2166 5401 2359 5458 narotii
2387 5402 2452 5456 de
2475 5401 2637 5457 Vitris
2660 5402 3129 5457 cmmeterialibus.
3253 5459 3262 5470 ι

2235 5473 2321 5526 71.
2349 5473 2528 5541 Prag.,
2583 5489 2798 5525 mensas.
2835 5471 3084 5526 lleinsius
3123 5488 3242 5526 cum
3291 5474 3400 5525 suis
3451 5472 3737 5538 omnibus,

2167 5544 2314 5608 Ald.,
2350 5543 2536 5606 nostri,
2565 5543 2726 5598 etiam
2754 5541 2932 5607 Alcx.,
2966 5542 3119 5600 llrb..
3166 5542 3301 5595 Vatt.
3334 5543 3398 5602 0,
3433 5541 3491 5607 Ρ,
3519 5545 3584 5606 ρ,
3618 5541 3736 5598 Gis.

2165 5616 2200 5668 2
2233 5614 2344 5678 ed.,
2377 5628 2581 5668 renuas.
2631 5611 2800 5677 Wid.,
2844 5627 3046 5667 renues.
3088 5610 3304 5676 Wcitz.,
3340 5612 3510 5674 Sich.,
3538 5612 3735 5681 lioug.,

2165 5685 2347 5751 Gold.,
2376 5683 2490 5739 Gis.
2524 5684 2575 5736 in
2610 5697 2777 5750 marg.
2809 5681 2832 5733 l
2866 5682 3021 5746 edit.,
3047 5699 3270 5746 renoves,
3322 5681 3460 5751 quod
3485 5684 3647 5736 etiam
3685 5687 3735 5736 in

2168 5771 2272 5809 uno
2294 5753 2581 5817 'l‘orrentii,
2609 5763 2661 5808 et
2688 5753 2738 5806 in
2772 5752 2889 5806 Val.
2933 5752 2952 5804 l
2991 5753 3280 5820 reperitur:
3311 5763 3363 5806 et
3403 5753 3480 5806 sic
3512 5765 3657 5807 recte
3684 5772 3733 5804 tu

2169 5826 2288 5882 Vat.
2321 5825 2360 5892 l,
2405 5825 2683 5894 cibumque,
2723 5839 2827 5878 non
2867 5822 3105 5879 cibmnve.
3153 5822 3278 5879 ludo
3311 5823 3558 5883 lleiusius
3603 5825 3730 5879 olim
