4102 6348
1397 358 1935 418 CATIIEMERlNON
1975 360 2067 416 IX.
2111 358 2276 416 OMNI
2320 358 2525 413 IIORA.
3484 364 3594 423 836

2195 470 2406 537 Mando,
2440 478 2497 524 ut
2527 468 2830 535 abluantur,
2880 469 3050 539 inquit
3084 486 3099 529 ;
3140 471 3199 526 lit
3225 480 3419 540 ratum,
3450 482 3588 545 quod

513 474 663 532 Nulla
689 475 985 547 linguarum
1006 474 1242 538 silescat,
1284 486 1384 527 vox
1425 482 1480 528 et
1524 474 1697 529 omnis
1720 489 1912 528 conso-
1940 476 1989 535 Α

1705 566 1837 639 [net.
3248 564 3520 634 ljusserat,

335 663 407 719 25
587 660 742 729 Ecce,
773 675 930 731 quem
958 670 1105 717 vates
1132 659 1355 715 vetustis
1404 658 1760 715 concinebant
1814 676 1914 716 δειε-
2192 657 2480 735 Turgidam
2505 668 2683 713 cutem
2707 670 2993 729 repurgant
3022 659 3299 714 vulnerum
3338 662 3588 731 piamina.

1664 751 1841 824 [culis,
2265 750 2343 806 Tu
2375 753 2701 821 perennibus
2731 754 2963 809 tenebris
3000 754 3112 824 jam
3152 756 3358 827 sepulta
3390 757 3588 813 lumina

507 844 674 914 Quem
725 846 1101 915 prophetarum
1137 843 1321 900 lideles
1362 844 1568 915 paginas
1613 845 1916 915 spoponde-
2018 838 2087 897 55
2193 841 2364 896 lllinis
2393 841 2523 897 limo
2545 842 2767 909 salubri,
2794 845 2930 899 sacri
2955 854 3007 900 et
3035 847 3145 901 oris
3167 856 3420 903 nectare:

1678 934 1843 1008 [rant,
2198 933 2317 989 Mox
2365 934 2564 1002 apertis
2604 933 2703 989 hac
2734 935 2939 990 medela
2969 936 3055 990 lux
3083 937 3299 993 reducta
3330 948 3414 994 est
3449 939 3589 994 orbi-

511 1030 715 1084 Emicat
776 1027 1075 1099 promissus
1126 1025 1252 1081 olim
1302 1043 1314 1079 :
1384 1034 1575 1081 cuneta
1612 1027 1917 1084 collaudent
3379 1032 3518 1103 [bus.

1667 1119 1829 1192 [eum.
2268 1117 2513 1187 lncrepas
2552 1125 2766 1172 ventum
2813 1118 3075 1175 furentem
3101 1162 3116 1188 ,
3159 1122 3303 1192 quod
3344 1124 3590 1193 procellis

575 1213 856 1270 Cantharis
895 1212 1069 1269 infusa
1105 1212 1319 1284 lympha
1368 1212 1427 1267 lit
1479 1211 1762 1269 Falernum
1810 1228 1912 1269 uo-
3263 1214 3523 1285 [tristibus

1689 1304 1839 1377 [bile,
2201 1302 2386 1358 Vertat
2423 1316 2606 1372 aequor
2649 1299 2813 1356 fundo
2853 1302 2919 1356 ab
2962 1303 3087 1369 imo,
3137 1315 3300 1361 vexet
3326 1316 3379 1362 et
3407 1323 3589 1378 vagam

504 1397 913 1456 Nuntiatvinum
938 1396 1183 1452 minister
1200 1410 1318 1452 esse
1352 1404 1655 1466 promptum
1700 1411 1767 1451 ex
1816 1395 1896 1467 hy«

2284 1385 2289 1389 ’
3289 1401 3477 1471 [ratein
3504 1419 3518 1455 :

1677 1486 1838 1559 [dria.
2187 1492 2351 1565 350
2382 1492 2476 1550 llle
2511 1492 2679 1564 jussis
2716 1492 3074 1559 obseeundat,
3118 1495 3263 1550 mitis
3289 1496 3429 1551 unda
3458 1507 3589 1551 ster-

326 1581 395 1637 50
575 1580 691 1651 Ipse
717 1596 810 1637 rex
836 1593 1027 1650 sapore
1076 1579 1254 1635 tinctis
1298 1579 1632 1649 obstupescit
1676 1579 1903 1649 poculis.
3332 1587 3521 1657 luitur.

502 1674 665 1745 339
708 1672 945 1730 υθωιπλ
977 1671 1179 1728 morbis
1207 1672 1480 1739 1³10⁸1⁵08³,
1512 1672 1778 1727 νῖεοθτυηι
1808 1687 1907 1742 Pll-
2004 1676 2075 1733 40
2257 1676 2523 1742 Extimum
2556 1676 2721 1732 vestis
2754 1682 2976 1732 sacrata:
3016 1673 3196 1730 furtim
3231 1677 3424 1733 mulier
3469 1689 3545 1733 all
3571 1710 3587 1720 -

810 1780 817 1783 ‘
1551 1763 1830 1836 [tredines,
3343 1769 3448 1838 git:
3534 1784 3539 1793 ‘

1608 1856 1901 1915 ϐιοδδιε
1943 1859 2288 1917 VETERES.

391 1980 482 2035 28.
506 1976 806 2044 Cantharis,
833 1978 985 2044 vasis,
1018 1976 1236 2048 hydriis,
1270 1974 1312 2031 1.

391 2050 477 2105 50.
507 2050 640 2111 ltex,
664 2046 1072 2115 Architriclinus,
1098 2064 1263 2117 regem
1299 2046 1707 2101 arehitriclinum
1748 2046 1902 2117 dicit.

322 2120 709 2174 Architriclinus
760 2120 894 2173 enint
931 2114 1171 2189 princeps
1215 2118 1478 2172 lectorum.
1525 2117 1707 2189 Cum
1730 2114 1907 2173 Greece

320 2190 497 2244 lectus.
523 2190 731 2259 Antiqui
752 2192 890 2243 enim
908 2188 1008 2243 tres
1029 2188 1184 2243 lectos
1209 2188 1473 2254 habebant,
1492 2204 1653 2259 unum
1674 2188 1904 2253 domino,

1933 1982 1983 2043 Β
2081 1979 2171 2035 52.
2204 1978 2417 2040 Italum,
2450 1978 2683 2046 ﬁrmum,
2715 1975 2816 2030 lso.

2085 2049 2173 2103 55.
2204 2045 2469 2114 Piamina,
2493 2048 2848 2114 medicamina,
2867 2045 3093 2118 piacula,
3117 2049 3466 2117 mundamina,
3487 2049 3586 2105 lso.

2082 2119 2172 2174 55.
2203 2120 2449 2185 Nectare,
2474 2130 2646 2189 sputo,
2676 2116 2935 2183 saliva,'l.

2084 2191 2174 2246 56.
2202 2191 2453 2253 Orbibus,
2487 2190 2645 2243 oculis
2667 2204 2685 2240 :
2714 2190 2857 2242 orbes
2898 2202 3134 2241 vocamus
3173 2190 3348 2243 oculos
3380 2201 3586 2258 prapter

318 2261 599 2315 secundum
632 2256 912 2331 r'dominw,
961 2261 1163 2313 tertium
1228 2260 1436 2329 hospiti.
1486 2256 1714 2331 Regem
1764 2268 1909 2331 vocat
2008 2262 2403 2326 rotunditatem;
2430 2261 2550 2314 hinc
2571 2269 2615 2313 et
2643 2259 2813 2331 orbem
2832 2259 3047 2313 dicimus
3066 2257 3124 2310 ob
3147 2256 3529 2328 rotunditatem,
3550 2261 3586 2314 I.

318 2331 578 2384 dominum
604 2330 806 2395 domus,
831 2330 907 2384 vel
936 2332 1271 2396 sacerdotem,
1309 2331 1396 2399 qui
1422 2328 1493 2382 ad
1537 2328 1906 2384 benedicendas

316 2402 523 2469 nuptias
553 2411 773 2455 venerat.
801 2431 870 2440 —
900 2404 1101 2470 Sapore
1140 2400 1343 2466 tinctis,
1392 2401 1664 2469 saporatis,
1705 2401 1908 2455 colora-

315 2472 405 2533 tis.
430 2472 652 2538 mutatis,
686 2471 788 2527 lso.

2086 2334 2173 2388 58.
2210 2331 2394 2393 Vexet,
2428 2340 2637 2395 moveat,
2674 2329 2712 2383 1.

2082 2403 2171 2476 59.
2203 2402 2565 2476 Qbsecundat,
2600 2400 3173 2476 obtemperant-Mitis,
3198 2406 3479 2476 mitefacta,
3511 2403 3549 2457 1.

2085 2472 2173 2528 40.
2203 2473 2489 2537 Extimum,
2523 2473 2905 2538 extremitatem,
2938 2472 2974 2527 1.

1652 2536 2209 2622 COMMENTARIUS.

386 2658 475 2712 2t.
506 2658 661 2711 Brev.
688 2656 821 2711 Moz.
846 2655 917 2711 ita
947 2655 1222 2727 distinguit
1269 2663 1324 2711 et
1354 2655 1481 2725 legit
1533 2673 1545 2708 :
1595 2653 1762 2710 Nulla
1791 2655 1896 2710 lin-

311 2744 536 2799 guarum
560 2727 760 2799 silescat
779 2743 893 2793 vox,
916 2727 1005 2781 sed
1034 2728 1197 2799 omnis
1225 2735 1486 2799 consonet.

386 2798 479 2851 25.
502 2797 792 2867 Spiegelius
812 2808 944 2851 vates
967 2798 1077 2867 vult
1097 2812 1217 2852 esse
1246 2796 1489 2867 sibyllas.
1516 2796 1664 2851 Haud
1695 2797 1901 2867 liquere

318 2878 475 2936 puto.
543 2868 949 2936 Nostri,A|dus,
998 2866 1221 2933 Weitz..
1274 2866 1389 2923 Gis.
1438 2866 1789 2932 concinebant,
1845 2870 1899 2924 In

308 2938 1722 3034 Iorieutiauiildit-o-bus‘mtecirrebunntiuuﬁottend,
1767 2956 1902 3034 ρίαξ-

311 3009 513 3064 cinebat
534 3025 550 3073 ;
574 3011 625 3062 in
656 3009 887 3077 Thuan.,
917 3009 1034 3064 Vat.
1064 3009 1079 3061 I
1105 3024 1134 3062 a
1166 3009 1334 3078 prima
1363 3022 1543 3071 manu,
1579 3010 1894 3066 concinebat.

307 3080 801 3149 Siprrrcinebataut
842 3079 1136 3150 concinebat
1170 3078 1417 3150 amplecti
1466 3079 1623 3150 velis,
1666 3080 1903 3150 intellige

308 3151 589 3213 Davidem,
620 3165 775 3220 quem
807 3159 962 3203 antea
990 3149 1241 3220 laudavit.
1276 3148 1433 3206 Brev.
1462 3148 1622 3215 ΜυῑῚ
1667 3148 1903 3206 concine-

307 3223 456 3287 bant,
488 3222 607 3275 etin
633 3219 776 3274 textu
803 3236 971 3289 quant.
998 3219 1063 3273 ad
1083 3235 1230 3275 oram
1262 3234 1427 3289 quem.

387 3293 477 3347 27.
502 3291 649 3346 Unus
672 3290 829 3357 Tor.,
855 3290 1145 3344 collaudent
1171 3290 1358 3343 Deum.

384 3362 475 3417 28.
512 3362 699 3428 Incipit
721 3377 935 3416 narrare
957 3362 1152 3432 Christi
1181 3360 1435 3415 miracula
1465 3377 1535 3417 ex
1592 3362 1899 3432 evangelica

311 3433 562 3488 historia.
596 3433 750 3487 .lesus
777 3446 967 3501 aquam
1001 3433 1053 3485 in
1077 3431 1254 3486 vinum
1286 3433 1547 3487 convertit
1597 3431 1751 3489 Joan.
1777 3447 1894 3500 cap.

308 3520 375 3559 ιι.
403 3503 511 3557 Hoc
533 3504 841 3558 miraculum
866 3502 1059 3569 smpius
1088 3502 1139 3556 in
1184 3503 1528 3573 sarcophagis
1570 3504 1899 3558 Christiano-

308 3590 433 3629 rum
467 3583 699 3627 veterum
739 3573 1133 3641 inscutpebatur
1154 3587 1274 3627 eum
1298 3573 1415 3628 aliis
1447 3576 1898 3630 resurrectionem

309 3659 600 3713 ceruorum
642 3643 1012 3699 indicantibus.
1070 3643 1268 3713 Lupius
1316 3652 1460 3699 torno
1512 3644 1789 3712 l,dissert.
1840 3646 1896 3713 2,

308 3714 550 3781 coniicit,
574 3716 761 3769 cadum
798 3716 903 3768 vini
930 3716 979 3769 in
1008 3715 1268 3784 sepulcris
1284 3714 1602 3771 Christianis
1630 3715 1897 3772 interdum

312 3785 951 3853 exjircssnmsignilicare
1001 3801 1217 3854 corpus,
1275 3785 1565 3855 aliquando
1607 3787 1898 3843 uniendum

314 3855 535 3914 animm,
569 3854 719 3921 cujus
751 3855 913 3921 ligura
938 3855 1006 3908 sit
1031 3855 1231 3909 vinum.

391 3925 480 3978 29.
515 3924 747 3997 Tltuan.,
776 3924 997 3997 .‘Vuntias
1046 3926 1238 3989 vinum,
1286 3927 1533 3993 minister,
1580 3944 1686 3982 esse
1730 3946 1901 3997 pram-

311 4003 460 4066 ptum
482 4008 543 4044 ea:
572 3993 1006 4066 Itydria._Ambr.,
1039 4003 1295 4066 suntptum
1324 4010 1417 4063 pro
1435 3993 1741 4066 promptum,
1782 3999 1900 4052 Vini

312 4063 568 4124 minister,
612 4071 663 4115 et
688 4063 789 4115 vini
812 4064 1140 4117 ministerium
1166 4066 1221 4117 S.
1265 4063 1730 4121 Ambrosiusdixit
1759 4068 1893 4121 lib.t

309 4134 496 4197 Oillc.,
551 4146 668 4201 cap.
692 4132 760 4188 29
785 4142 837 4187 et
854 4148 975 4201 cap.
1007 4134 1040 4188 6
1064 4134 1130 4187 de
1157 4134 1413 4202 Josepho.

392 4203 480 4257 50.
511 4202 761 4274 Libenter
786 4202 1016 4274 legerent
1042 4203 1212 4257 colore
1233 4204 1401 4258 tinetis
1419 4206 1634 4274 poculis,
1654 4205 1751 4259 nisi
1784 4221 1900 4261 0m-

314 4289 420 4328 nes
442 4288 572 4327 mss.
604 4273 946 4343 obsisterent.
978 4273 1249 4341 Evangelii
1288 4273 1449 4329 etiam
1480 4276 1626 4331 locus
1654 4290 1898 4343 saporem

311 4344 607 4412 exprimit:
646 4342 712 4397 Ut
755 4353 929 4415 autem
964 4345 1179 4415 gustavit
1215 4345 1591 4399 architriclinus
1624 4342 1897 4415 aquamvi-

310 4417 662 4482 nmnfacram,
687 4423 789 4468 etc.
833 4414 1081 4470 Sedulius
1130 4424 1414 4483 utrumque
1452 4414 1727 4484 conjunxit
1763 4418 1899 4471 colo-

307 4501 425 4537 rem
446 4496 497 4538 et
525 4500 755 4555 saporem
786 4484 912 4538 vini.
943 4485 1015 4539 De
1045 4500 1170 4555 rege
1194 4486 1427 4540 convivii
1444 4486 1691 4540 Horatius
1712 4486 1813 4540 oda
1837 4487 1893 4553 4,

308 4556 410 4608 lib.
438 4569 451 4607 t
479 4572 491 4607 :
527 4554 633 4608 Nec
651 4571 828 4626 ιιεωλ
854 4557 957 4608 υἰηί
980 4554 1190 4609 sortiere
1215 4556 1353 4621 talis,
1382 4555 1470 4609 tibi
1489 4556 1735 4626 intelligit
1769 4571 1898 4611 con-

306 4626 534 4696 vivium,
559 4625 767 4696 collatis
811 4625 1068 4696 symbolis
1123 4626 1470 4680 celebratum.
1526 4625 1791 4681 Ausonius
1843 4628 1894 4682 in

310 4694 702 4763 Epliemeride,
726 4694 916 4766 ntideo
941 4696 1169 4751 convivii
1194 4712 1209 4751 :
1241 4698 1477 4766 Quinque
1499 4698 1743 4751 advocavi
1766 4713 1786 4751 :
1806 4714 1897 4753 sea:

1927 3470 1974 3535 C

2075 2659 2162 2713 55.
2184 2658 2456 2714 Giselinus
2486 2658 2550 2713 ad
2577 2673 2723 2714 oram
2750 2659 2979 2713 ulcerum
3016 2673 3110 2728 pro
3138 2661 3420 2713 vulnerum.
3454 2658 3582 2715 Loc.

2004 2730 2097 2784 cit.
2131 2729 2314 2784 Matth.
2348 2745 2485 2784 vers.
2516 2729 2548 2782 4
2573 2746 2585 2781 :
2620 2730 2841 2784 Ostende
2867 2739 2915 2783 te
2943 2731 3211 2793 sacerdoti,
3242 2742 3289 2785 et
3317 2729 3444 2798 offer
3474 2748 3582 2786 mu-

2005 2816 2101 2853 nus
2141 2802 2273 2869 quod
2306 2800 2543 2869 prmcepit
2574 2799 2799 2870 Moyses,
2843 2802 2896 2870 in
2927 2804 3265 2855 testimon'um
3296 2800 3417 2855 illis.
3462 2801 3582 2857 Hmc

2004 2882 2137 2944 sunt
2159 2871 2411 2944 piamina.
2429 2869 2674 2944 Eruenda
2695 2870 2849 2925 Brev.
2877 2869 3034 2932 Moz.,
3050 2872 3136 2944 ubi
3156 2882 3244 2944 est
3271 2888 3578 2944 repugnans.

2077 2941 2165 2996 3t.
2188 2941 2344 2996 Joan.
2367 2955 2487 3010 cap.
2516 2956 2564 2994 ix
2592 2940 2745 2995 Jesus
2766 2954 2911 2995 caeco
2944 2955 2974 2994 a
3006 2942 3277 2995 nativitate
3307 2940 3476 2996 visum
3502 2958 3581 2996 re-

2005 3010 2196 3066 stituit.
2245 3012 2496 3066 Perennes
2534 3013 2746 3065 tenebrte
2772 3021 2897 3064 sunt
2925 3010 3039 3079 ipsa
3076 3013 3285 3066 ctecitns
3321 3027 3349 3064 a
3396 3013 3581 3067 ηειιὶνῇ

2008 3089 2133 3147 tate,
2166 3084 2284 3138 sive
2304 3098 2332 3135 a
2360 3083 2530 3151 primo
2553 3092 2695 3136 ortu.
2734 3080 3179 3143 Elmenhorstins.
3209 3084 3260 3135 in
3284 3083 3577 3138 Arnobium

2007 3166 2125 3221 pag.
2159 3154 2227 3206 72
2262 3153 2393 3206 edit.
2429 3152 2718 3221 llamburg.
2766 3152 2926 3216 1610,
2960 3151 3056 3206 hos
3090 3167 3272 3221 Vgrsus
3300 3153 3477 3207 laudat
3515 3156 3581 3209 ad

2004 3214 2225 3276 Arnobii
2268 3223 2427 3277 verba
2460 3214 2736 3275 Oculorum
2774 3214 3027 3275 orbiculos
3057 3214 3282 3286 "tardes,
3313 3232 3368 3275 et
3396 3239 3581 3278 exem-

2005 3292 2109 3360 plis
2136 3293 2363 3359 plurium
2400 3300 2673 3361 poetarum
2707 3292 2848 3346 orbes
2868 3294 3132 3345 oculorum
3152 3293 3255 3346 dici
3278 3292 3578 3351 continuat.

2076 3364 2164 3417 55.
2190 3363 2388 3430 Apoth.
2417 3378 2559 3416 vers.
2591 3362 2715 3425 675,
2742 3363 2895 3415 illevit
2926 3378 3082 3414 cwcos
3112 3364 3283 3415 oculos
3307 3374 3353 3415 et
3381 3362 3577 3419 lumina

2004 3432 2127 3486 limo
2154 3432 2412 3486 Reddidit.
2452 3432 2582 3484 Vide
2608 3432 2709 3485 alia
2738 3432 2862 3485 ibid.
2895 3430 2962 3485 de
2984 3432 3175 3486 Christi
3205 3433 3497 3499 miraculis,
3523 3445 3577 3490 et

2006 3504 2059 3557 in
2083 3503 2394 3557 Dittoehzeu.
2430 3504 2582 3557 Brev.
2616 3502 2772 3565 Moz.,
2801 3502 2991 3566 odoris,
3025 3502 3140 3570 lege
3167 3512 3213 3555 et
3239 3504 3362 3556 oris.

2073 3574 2163 3629 56.
2191 3573 2415 3629 Ovidius
2443 3590 2456 3628 ι
2498 3572 2734 3636 Metam,
2765 3571 2970 3625 luminis
2999 3572 3154 3633 orbis,
3185 3573 3251 3627 de
3280 3573 3454 3627 oculo.
3490 3574 3573 3629 ln-

2004 3645 2164 3715 Ielligi
2196 3655 2415 3714 possunt
2456 3644 2729 3715 foramina,
2775 3643 2909 3694 intra
2952 3657 3070 3715 quas
3110 3643 3273 3715 latent
3312 3643 3475 3708 oculi,
3519 3655 3577 3700 ιιι

2002 3713 2203 3786 hymno
2242 3716 2276 3768 2
2325 3714 2748 3786 Peristeplianmn
2793 3713 3081 3786 vers._i«l6
3122 3732 3135 3766 :
3179 3714 3352 3786 Urbes
3379 3726 3577 3772 cavatos

2036 3783 2290 3857 rteferens.
2340 3786 2556 3855 Corrige
2610 3786 2662 3837 in
2719 3784 2871 3839 Brev.
2927 3783 3082 3850 Moz.,
3138 3801 3196 3837 ac
3240 3785 3483 3851 medulla,
3523 3797 3576 3842 et

2036 3803 2290 3857 rtejerens.
2340 3803 2556 3855 corrige
2611 3803 2662 3837 ιιι
2720 3803 2871 3839 nrev.
2927 3803 3059 3838 moz.

1998 3803 2115 3927 rege
2148 3859 2244 3911 hac
2271 3857 2481 3912 medela.
2616 3925 2631 3927 _
2806 3926 2817 3927 ί
2838 3926 2849 3927 7
3058 3898 3063 3901 ς

2070 3929 2158 3982 57.
2217 3930 2270 3981 lu
2316 3927 2478 3981 llails.
2533 3934 2586 3980 et
2615 3925 2768 3979 Br’ev.
2804 3926 2940 3979 Moz.
2970 3941 3118 3980 error
3156 3934 3239 3980 est
3278 3926 3566 3983 increpans.

2000 3996 2642 4069 Spiegeliussuspieatur,
2658 3996 2997 4069 Prudentiqu
3015 3997 3203 4065 legisse
3220 3997 3355 4069 apud
3386 3996 3569 4057 Matth.

1999 4065 2118 4133 cap.
2137 4065 2234 4120 vin
2265 4085 2276 4118 :
2310 4065 2453 4119 Tunc
2474 4082 2683 4135 surgens
2710 4066 2981 4132 increpavit
3006 4071 3179 4127 ventis,
3210 4065 3351 4133 quod
3382 4069 3572 4134 primi-

1999 4143 2086 4189 tus
2115 4136 2277 4190 fuisse
2302 4139 2559 4205 scriptum
2595 4136 2865 4205 Erasmus,
2897 4146 3156 4205 annotans
3182 4138 3321 4189 hunc
3338 4136 3568 4192 Mattliwi

2000 4205 2199 4276 locum,
2224 4204 2490 4274 opinatur.
2514 4204 2670 4258 Certe
2698 4220 2763 4276 ex
2788 4204 3103 4276 Prudentia,
3128 4207 3301 4276 inanis
3324 4217 3427 4272 est,
3452 4225 3572 4276 qua:

1998 4274 2213 4328 ducitur
2232 4273 2559 4344 conjectura,
2578 4290 2697 4327 nam
2721 4275 2765 4326 is
2788 4273 2965 4339 potius
2985 4275 3137 4327 Luem,
3165 4275 3322 4329 verba
3349 4273 3568 4345 expres-

1999 4345 2070 4399 sit
2099 4359 2218 4408 cap.
2252 4362 2361 4408 vm,
2399 4345 2467 4398 24
2504 4360 2520 4396 :
2556 4350 2615 4398 At
2642 4346 2727 4398 ille
2750 4360 2959 4413 surgens
2995 4346 3266 4415 increpavit
3298 4356 3495 4399 ventum
3523 4359 3570 4401 et

1999 4423 2340 4485 tempestatem
2364 4431 2531 4485 aquae,
2545 4425 2590 4469 et
2610 4414 2817 4485 cessavit
2842 4430 2857 4466 :
2886 4421 2931 4466 et
2956 4418 3091 4481 facta
3112 4424 3183 4468 est
3206 4418 3566 4484 tranquillitas.

1998 4483 2318 4540 Prudentius
2347 4483 2510 4540 verbo
2529 4486 2587 4541 S.
2621 4484 2803 4540 Matth.
2829 4485 2998 4538 utitur
3030 4485 3224 4550 Apoth.
3251 4483 3393 4541 vers.
3428 4488 3564 4543 65.0:

2007 4554 2162 4609 Video
2189 4556 2665 4626 luctantiaimagnis
2707 4554 2944 4626 {Equam
2978 4556 3261 4610 turbinibus
3298 4559 3571 4626 tranquillo

1998 4642 2246 4679 marmore
2270 4627 2411 4681 tendi
2433 4624 2657 4695 Imperia
2688 4624 2896 4680 Christi.

2068 4695 2157 4752 38.
2189 4697 2346 4751 Fabr.
2386 4707 2440 4751 et
2489 4693 2680 4762 llails.,
2723 4704 2911 4768 verrat.
2951 4693 3166 4763 Caneri,
3205 4706 3383 4762 vertat,
3430 4700 3568 4768 quod

309 4766 753 4838 enim_convivium
773 4764 899 4838 Qum
920 4781 1035 4838 rege
1046 4770 1243 4838 justum
1273 4782 1290 4819 :
1332 4770 1376 4838 si
1393 4764 1566 4834 super,
1612 4770 1894 4822 convicium
1931 4837 1934 4838 ν
1999 4766 2219 4822 Heinsio
2249 4768 2404 4822 unice
2432 4766 2953 4838 probatur:_Vat._A,
2994 4783 3211 4838 summa,
3262 4776 3317 4822 et
3359 4764 3459 4837 pro'
3492 4770 3572 4824 di-

308 4844 411 4889 est.
448 4835 555 4909 ilex
580 4836 808 4909 convivii
838 4846 940 4903 est,
976 4835 1270 4905 ut'quidam
1292 4837 1500 4909 volunt,
1551 4840 1638 4905 qui
1696 4840 1891 4907 pra'het
1920 4837 1971 4898 D
1998 4853 2149 4893 versa
2174 4835 2650 4906 scripturafundo.
2678 4836 2800 4909 Va_t_.
2841 4836 2900 4909 Β.
2928 4836 3107 4909 fundo,
3137 4838 3201 4890 ad
3234 4835 3401 4909 marg.
3434 4858 3571 4893 εωη.

308 4905 653 4980 convivium:
681 4895 788 4980 vel,
821 4915 877 4959 ut
899 4895 1087 4980 putant
1108 4906 1366 4980 nonnulli,
1411 4895 1723 4980 (pconoinu's
1764 4924 1892 4963 con-

311 4975 462 5038 vivii,
495 4986 582 5028 aut
639 4975 797 5030 etiam
850 4976 1101 5031 sacerdos
1156 4976 1245 5045 qui
1281 4977 1535 5035 .convivio
1587 4977 1890 5033 .lndccorum

308 5055 591 5115 pur-esset.
615 5045 873 5101 Universe
902 5060 991 5101 rex
1042 5057 1261 5101 vocatur
1289 5047 1555 5102 interdum
1604 5049 1680 5102 rei
1717 5048 1895 5116 cujus-

306 5130 420 5188 gite
444 5118 710 5188 dominus,
736 5125 794 5188 ut
819 5116 955 5188 apud
1011 5116 1155 5187 Virg.
1193 5118 1374 5187 ecloga
1397 5117 1449 5185 1,
1480 5134 1591 5170 mea
1621 5135 1795 5188 regna.
1830 5118 1888 5174 S.

307 5184 565 5258 Paulinus
596 5185 711 5258 Nat.
744 5184 868 5258 (ide
892 5184 1340 5258 Homine'rustico
1385 5206 1396 5239 :
1440 5184 1775 5258 Oblatumque
1794 5190 1892 5243 sibi

309 5268 440 5327 mox
475 5256 586 5325 ipso
614 5258 666 5327 in
692 5256 866 5311 limine
885 5273 1051 5327 regem
1079 5256 1402 5327 Cognoscunt
1441 5258 1627 5313 hilares
1658 5256 1887 5327 (boves).

307 5324 507 5379 Cicero
534 5328 601 5381 de
627 5326 853 5382 Oratore
879 5324 997 5396 pag.
1020 5326 1077 5381 11
1114 5324 1277 5382 :Nisi
1298 5330 1378 5379 hic
1402 5328 1453 5381 in
1505 5337 1593 5381 tuo
1628 5324 1781 5397 regno
1815 5346 1893 5382 es-

307 5410 516 5466 semus,
568 5412 669 5450 non
718 5398 980 5462 tulissem,
1029 5398 1276 5466 intelligit
1305 5398 1661 5453 Tusculanum
1685 5398 1885 5455 Crassi.

310 5464 432 5517 lloc
476 5465 673 5537 Christi
732 5468 1043 5522 miraculum
1093 5477 1146 5521 et
1208 5464 1346 5533 alia,
1403 5484 1521 5535 qua!
1565 5478 1888 5537 sequuntur,

308 5536 643 5591 carminibus
681 5537 952 5593 celebrant
995 5546 1181 5592 auctor
1220 5538 1318 5591 sub
1357 5536 1891 5595 Claudiani’nomine

308 5604 383 5657 de
400 5605 678 5661 'Miraculis
696 5606 905 5674 Christi,
938 5608 1224 5673 Juvencus,
1247 5608 1495 5663 Sedulius
1512 5618 1567 5664 et
1586 5610 1694 5663 alii.

391 5674 666 5748 3i.Malth.
701 5692 826 5748 cap.
846 5694 936 5732 vm
968 5679 1233 5745 leprosum
1264 5687 1414 5732 curat
1438 5678 1593 5733 Jesns
1619 5688 1675 5734 et
1699 5682 1764 5734 ad
1796 5695 1884 5734 sa-

310 5746 566 5825 cerdutes
593 5746 781 5802 mittit;
794 5747 866 5825 λιι
896 5748 1132 5825 editione
1169 5749 1447 5825 i’armensi
1475 5765 1713 5825 errorem
1737 5761 1886 5820 typo-

310 5817 505 5886 graplii
536 5828 662 5885 puto
689 5817 907 5871 menibra
938 5820 1129 5873 mortis.
1160 5821 1378 5885 Corrige
1411 5821 1615 5874 morbis.

1998 4924 2155 4971 mum,
2189 4905 2330 4977 quod
2363 4905 2475 4962 non
2492 4909 2712 4962 omnino
2738 4905 3002 4977 displicet.
3025 4905 3372 4963 Communqu
3399 4918 3454 4963 ct
3482 4926 3570 4966 ve-

1998 4978 2107 5031 rior
2140 4975 2297 5032 lectio
2320 4988 2403 5032 est
2430 4979 2592 5046 fundo
2617 4977 2680 5029 ab
2706 4979 2827 5029 imo.
2858 4975 2920 5047 lu
2948 4977 3067 5032 Vat.
3102 4981 3143 5032 Δ
3167 4979 3351 5034 deerat
3374 4990 3419 5033 et
3453 4990 3569 5047 post

1994 5058 2153 5111 vexet,
2197 5048 2334 5116 quod
2370 5056 2515 5102 recte
2546 5047 2783 5100 additum
2822 5046 3017 5112 aliena,
3053 5058 3109 5103 ut
3138 5049 3347 5104 videtur
3385 5046 3564 5104 manu.

1999 5119 2375 5172 Deeratetiam
2420 5128 2466 5171 et
2511 5119 2566 5171 in
2597 5116 2716 5171 Vat.
2766 5116 2824 5170 P.
2864 5117 2992 5182 Qum
3018 5120 3086 5172 sit
3116 5119 3197 5173 vis
3226 5119 3383 5185 hujus
3423 5121 3568 5175 verbi

1993 5203 2136 5254 vexo,
2170 5188 2363 5242 docent
2393 5188 2654 5243 Asconius
2693 5187 2981 5251 Pedianus,
3024 5188 3245 5253 Probus,
3290 5188 3491 5243 Gellius
3516 5200 3571 5244 et

1995 5256 2291 5313 Macrobius
2329 5258 2593 5315 adversus
2626 5257 2871 5313 Anneum
2900 5259 3211 5320 Cornutum,
3245 5259 3335 5328 qui
3367 5260 3418 5311 in
3454 5258 3569 5313 Vir-

1995 5328 2126 5397 gilio
2174 5338 2469 5395 notaverat,
2507 5328 2774 5382 Dulichias
2824 5344 3027 5382 vexasse
3072 5338 3224 5390 rates,
3270 5329 3421 5397 quasi
3466 5330 3567 5383 levi

1999 5399 2162 5523 Eerbio
2209 5414 2335 5454 usus
2386 5401 2570 5455 fuisset
2615 5400 2682 5453 ad
2722 5408 2920 5451 tantam
2968 5397 3322 5453 calamitatem
3367 5398 3570 5454 descri-

2040 5483 2103 5523 en
2146 5485 2255 5523 am.

2040 5483 2255 5524 endam.

2070 5541 2158 5595 59.
2190 5539 2435 5595 Mendum
2465 5542 2515 5594 in
2546 5542 2703 5595 Brev.
2730 5541 2890 5607 Moz.,
2914 5540 2999 5593 ille
3018 5540 3174 5608 jussit
3203 5539 3566 5595 obsecundans.

2070 5611 2159 5665 40.
2190 5611 2473 5681 Mulierem
2496 5626 2526 5681 ᾳ
2555 5611 2830 5681 sanguinis
2858 5608 3116 5681 proﬂuvio
3160 5609 3352 5681 liberat
3389 5610 3543 5665 Jesns

1999 5681 2184 5737 Matth.
2216 5698 2290 5747 ix,
2322 5681 2429 5745 20;
2460 5680 2621 5734 Marc.
2654 5680 2707 5745 v,
2738 5681 2839 5747 25;
2866 5680 2998 5735 Luc.
3029 5695 3141 5744 vnt,
3174 5681 3263 5735 44.
3298 5680 3566 5747 Est'tmum

1997 5768 2095 5819 pro
2140 5754 2472 5807 extremitate
2517 5751 2703 5805 Latine
2748 5761 2801 5805 et
2851 5752 3121 5821 eleganter
3164 5751 3378 5821 dicitur.
3427 5751 3568 5807 Loco

1996 5822 2179 5887 quinto
2223 5822 2529 5890 spondaeum
2568 5821 2855 5878 admissum
2899 5820 2956 5877 in’
2993 5824 3169 5890 furtim
3214 5822 3322 5877 dixi
3355 5820 3562 5891 Proleg.
