4102 6348
357 374 454 431 809

1648 572 1864 643 [tnillia,

356 671 422 727 60
530 671 777 740 Quinque
801 668 1030 739 panibus
1058 668 1286 737 peresis,
1317 673 1372 721 et
1399 664 1646 736 gemellis
1676 665 1934 733 piscibus.

441 755 448 773 ’
609 763 688 819 Tu
729 763 902 830 cibus,
935 761 1192 831 panisque
1217 767 1419 824 noster,
1453 765 1507 811 tu
1540 757 1789 826 perennis
1815 769 1938 812 sua—

1665 846 1826 918 [vitas
1849 863 1864 902 :

532 948 713 1005 Nescit
735 947 941 1001 esurire
969 947 1019 1000 in
1044 959 1237 1007 aevum,
1252 942 1342 1012 qui
1370 951 1511 998 tuam
1533 942 1700 996 sumit
1721 941 1936 1009 dapem,

533 1040 639 1096 Nec
665 1040 907 1093 lacunam
931 1036 1134 1092 ventris
1167 1034 1374 1104 implet,
1401 1037 1493 1088 sed
1518 1032 1659 1087 lovet
1680 1032 1880 1088 vitalia.

603 1129 825 1185 Clausus
848 1130 1053 1181 aurium
1079 1135 1305 1192 meatus,
1332 1134 1387 1180 et
1413 1138 1665 1178 sonorum
1699 1124 1934 1186 nescius,

359 1224 423 1280 65
534 1223 730 1292 Purgat
754 1219 818 1276 ad
852 1227 1118 1290 praecepta
1153 1217 1352 1274 Christi
1381 1230 1562 1270 crassa
1589 1230 1812 1283 quaeque
1834 1215 1933 1272 ob-

1617 1308 1864 1380 [stacula,

535 1407 763 1462 Vocibus
785 1421 950 1476 capax
981 1403 1242 1470 fruendis,
1273 1418 1335 1458 ac
1357 1403 1594 1457 susurris
1618 1401 1853 1471 pervius.

604 1500 787 1556 Omnis
807 1497 1068 1568 aegritudo
1085 1497 1246 1562 cedit,
1265 1496 1487 1566 languor
1503 1496 1677 1550 omnis
1698 1494 1932 1563 pellitur,

549 1603 553 1614 '
582 1594 738 1660 ingua
771 1589 930 1652 fatur,
954 1603 1112 1655 quam
1146 1596 1364 1641 veterna
1386 1586 1668 1640 vinxerant
1695 1585 1931 1651 silentia,

536 1682 694 1756 3&3
732 1682 921 1738 Gestat
959 1692 1011 1736 et
1051 1694 1206 1733 suum
1242 1693 1334 1746 per
1375 1679 1560 1733 urbem
1606 1677 1758 1732 lzetus
1798 1692 1940 1747 :eger

1565 1771 1863 1843 [lectulum.

1429 364 1963 423 CATHEMERINON
1999 363 2092 420 ΙΧ.
2133 363 2298 421 οΜΝΙ
2339 363 2542 422 HORA.

529 484 687 558 352
736 483 948 540 Aﬂ‘atltn
1001 481 1196 538 referta
1245 481 1354 550 jam
1405 489 1529 534 sunt
1573 481 1926 536 accubantum
1958 483 2003 539 Α
2033 477 2103 533 70

3516 363 3620 420 870

2280 476 2421 544 Quin
2447 489 2501 532 et
2527 477 2723 547 ipsum,
2755 491 2823 533 ne
2853 476 3044 533 salutis
3078 475 3230 532 interi
3262 486 3510 544 expertes
3539 476 3620 532 to-

3386 568 3549 643 [t‘ent,

2213 665 2493 721 Tartarum
2522 666 2784 737 benignus
2813 664 2998 730 intrat,
3032 663 3202 719 tracta.
3227 661 3375 718 cedit
3398 663 3582 733 janua,

2219 757 2465 812 Vectibus
2492 757 2636 812 cadit
2665 757 2895 812 revulsis
2924 755 3091 810 cardo
3119 754 3466 810 dissolubilis.

2285 849 2374 902 llla
2426 859 2669 920 prompta
2719 851 2784 904 ad
2835 851 3118 916 irruentes,
3172 849 3236 903 ad
3287 859 3621 905 reverti-ires

3340 942 3515 1012 [tenax
3534 986 3548 1003 .

2216 1035 2399 1104 Olujice
2426 1044 2725 1088 extrorsum
2749 1035 2962 1091 recluso.
2981 1043 3128 1101 purta
3160 1032 3334 1089 reddit
3357 1044 3620 1097 mortuus,

2044 1128 2108 1179 75
2223 1125 2358 1195 Lege
2403 1139 2552 1178 versa
2604 1125 2763 1178 limen
2812 1134 2984 1179 atrum
3054 1125 3162 1193 jam
3241 1125 3617 1180 recalcandum

3448 1226 3616 1286 patet.

2289 1308 2394 1363 Sed
2436 1306 2576 1362 Deus
2614 1305 2742 1361 dum
2778 1306 2895 1362 luce
2931 1305 3072 1360 fulva
3101 1306 3288 1361 mortis
3315 1313 3470 1360 antra
3508 1306 3626 1361 illu-

2915 1406 2920 1410 ·
3343 1397 3557 1469 imm.

2218 1491 2383 1566 344
2403 1492 2533 1548 Dum
2563 1491 2897 1560 stupentibus
2923 1490 3158 1548 tenebris
3185 1490 3472 1546 candidum
3498 1505 3630 1558 prx-

3237 1582 3366 1653 [stat
3393 1581 3553 1645 diem,
3572 1615 3587 1632 .

2218 1677 2415 1732 Tristia
2448 1678 2746 1748 squalentis
2771 1676 2955 1730 πωπω
2987 1673 3292 1743 palluerunt
3313 1672 3509 1727 sidera.

2294 1773 2385 1828 Sol
2416 1772 2630 1842 retugit,
2660 1780 2716 1826 et
2740 1768 2945 1840 lugubri
2976 1766 3225 1825 sordidus
3253 1766 3522 1838 ferrugine

1648 1867 1939 1924 GLOSSAS
1982 1868 2319 1925 VETERES.

431 1968 520 2025 59.
554 1964 793 2027 Referta,
821 1964 1025 2026 satiata,
1048 1962 1098 2024 Ι..

429 2041 516 2094 65.
555 2037 843 2097 Lacunam,
878 2039 1096 2102 foveam,
1125 2036 1338 2102 fossam,
1375 2031 1413 2084 l.

429 2108 516 2164 64.
552 2107 776 2167 Meatus,
803 2106 1066 2170 transitus,
1101 2103 1138 2156 1.

430 2181 518 2236 68.
555 2177 802 2234 Veterna.
833 2177 1065 2228 morbosa
1092 2173 1166 2228 vel
1197 2175 1426 2243 antiqua,
1458 2175 1493 2227 Ι.

428 2251 518 2305 7i.
562 2248 748 2310 Intrat,
773 2245 1026 2310 Christus,
1053 2245 1092 2299 l.

1973 1968 2020 2028 B
2121 1966 2208 2020 74.
2249 1965 2456 2033 Objice,
2483 1976 2639 2027 recte,
2669 1964 2706 2018 Ι.

2120 2036 2208 2090 76.
2254 2035 2445 2101 Fulva,
2472 2035 2668 2102 lucida,
2695 2035 2739 2089 Ῑ.

2115 2106 2205 2161 78.
2248 2106 2577 2177 Squalentis,
2605 2108 2880 2176 nigrantis,
2906 2106 2946 2160 I.

2116 2178 2203 2303 73:
2250 2175 2506 2302 ngubri,
2535 2175 2715 2246 ﬂebili,
2740 2175 3081 2247 lacrytnabttt.
3104 2203 3173 2220 -
3205 2175 3518 2249 Ferrugine,
3547 2179 3631 2234 ni-

2047 2266 2134 2318 gre
2176 2265 2276 2312 tne,
2333 2290 2346 2302 .

1698 2339 2258 2399 COMMENTARIUS.

432 2438 519 2493 59.
545 2438 759 2498 Ambr.,
785 2432 1140 2498 Alt.,Noms.,
1169 2432 1391 2486 Davent.
1419 2431 1571 2495 cd-it.,
1599 2434 1808 2500 refecta,
1832 2435 1944 2502 ple-

359 2511 513 2579 rique
557 2509 750 2564 melius
796 2510 1006 2579 referta.
1053 2503 1304 2579 Ch_ar_nil.,
1353 2502 1512 2579 Gell..
1565 2505 1714 2579 'I‘eol.
1759 2513 1946 2579 tenent

360 2575 565 2652 refecta.
614 2581 776 2652 Poeta
812 2575 1018 2652 videtur
1057 2575 1291 2628 voluisse
1327 2577 1534 2652 referta,
1577 2575 1712 2652 ut_iu
1743 2577 1940 2652 Apoth.

362 2644 429 2706 de
453 2651 639 2706 eodem
663 2646 944 2710 miraculo,
971 2655 1273 2698 saturata...
1297 2644 1486 2698 crudus
1510 2647 1716 2699 conviva
1736 2649 1943 2700 resudat

363 2723 660 2792 Congeriem
681 2719 888 2792 ventris:
933 2717 1118 2778 Aldus,
1152 2715 1534 2792 accumbentum
1561 2731 1669 2792 pro_
1686 2720 1943 2792 accubuit-1

364 2787 505 2855 tum}
551 2793 703 2850 Ριιι..
749 2799 803 2843 et
849 2788 1048 2852 Oxou.,
1095 2787 1466 2848 adcubentum,
1513 2787 1790 2841 mendose.
1837 2788 1949 2842 Nisi

365 2864 512 2933 legas
535 2861 937 2922 accumbenlum,
971 2858 1208 2913 admisso
1235 2857 1492 2925 spondan
1516 2858 1700 2927 quinta
1727 2860 1872 2922 sede,
1893 2868 1950 2913 ut

364 2950 508 2990 vers.
531 2935 621 2990 40.

432 3007 523 3059 61.
558 3003 770 3068 Ambr.,
801 3011 849 3057 et
878 3002 1133 3071 perennis,
1165 3002 1340 3071 minus
1383 2999 1723 3071 benc.__.loan.
1756 3001 1948 3065 vt,b6:

365 3078 499 3131 Caro
525 3091 637 3129 mea
661 3090 770 3127 vere
800 3069 887 3126 est»
914 3072 1090 3130 cibus:
1118 3081 1171 3123 rt
1205 3069 1358 3133 ibid.,
1391 3071 1452 3123 51
1487 3089 1497 3121 :
1528 3069 1636 3138 ligo
1667 3087 1780 3122 sum
1805 3074 1952 3140 panis

364 3148 528 3213 vivus,
559 3147 645 3217 qui
681 3144 748 3217 de
773 3144 897 3197 caelo
927 3142 1182 3217 descendi.
1219 3141 1281 3217 Et
1312 3155 1500 3194 rursus
1528 3156 1674 3217 vers.
1701 3141 1770 3195 59
1797 3159 1810 3195 :
1841 3142 1949 3217 Qui

367 3211 641 3271 mandabat
671 3215 805 3268 hunc
836 3229 1037 3283 partem,
1080 3215 1202 3264 vivet
1242 3212 1292 3263 in
1334 3219 1596 3283 retentum.
1639 3212 1713 3264 Ex
1755 3211 1946 3283 eodem

365 3293 560 3356 capite,
603 3287 690 3342 ubi
731 3280 1046 3356 miraculum
1090 3290 1172 3334 est
1213 3291 1522 3356 narratutn,_
1552 3280 1665 3335 lucc
1695 3282 1949 3356 pulcher-

365 3352 499 3413 rima
526 3352 856 3427 apostmphe
874 3362 957 3408 est
981 3353 1284 3427 desumpta,
1314 3352 1556 3420 quamvis
1585 3366 1690 3406 non
1714 3353 1858 3406 illico
1885 3367 1946 3408 ea

369 3431 531 3484 verba
561 3423 590 3482 ξι
621 3429 678 3483 S.
711 3423 912 3480 Joanne
946 3423 1267 3478 referantur.

439 3500 530 3554 65.
561 3501 719 3553 Brev.
757 3498 918 3559 Moz.,
951 3495 1156 3558 lacuna,
1185 3493 1342 3547 male.

441 3569 528 3624 65.
577 3571 718 3633 Put.,
769 3568 966 3624 Oxon..
999 3565 1182 3620 Nonis.
1228 3575 1283 3618 et
1331 3563 1448 3617 Vat.
1499 3566 1541 3618 Α
1594 3580 1688 3633 pro
1739 3565 1948 3620 diversa

371 3641 634 3709 scriptura
676 3643 871 3693 clausa.
918 3638 1082 3704 Magis
1122 3638 1290 3709 probo
1330 3652 1505 3688 crassa
1543 3652 1663 3690 cum
1706 3637 1946 3709 reliquis,

369 3707 530 3766 etiarn
563 3712 717 3765 Brev.
748 3712 908 3772 Ποῖ..
931 3709 1020 3761 ubi
1060 3707 1315 3761 mendose
1351 3724 1566 3776 grassa:
1595 3723 1715 3761 nam
1743 3708 1949 3762 clausus

365 3797 510 3836 vers.
557 3781 796 3848 proxime
837 3779 1162 3848 prmcedenti
1209 3779 1418 3846 legitur,
1463 3789 1516 3832 et
1566 3779 1949 3847 congruentius

367 3853 561 3906 dicitur
585 3867 760 3904 crassa
794 3851 1002 3902 auditus
1028 3851 1318 3912 obstacula,
1351 3865 1510 3916 quam
1538 3853 1734 3903 clausa.
1772 3849 1949 3903 Histo-

370 3923 506 3976 riam
532 3922 694 3974 habes
723 3934 842 3986 cap.
869 3934 938 3970 vu
963 3919 1124 3972 Marci
1156 3934 1295 3971 vers.
1333 3920 1420 3972 52.

443 3992 530 4043 66.
557 3991 716 4044 Brev.
751 3989 910 4052 Moz.,
941 3989 1164 4040 susurris
1195 3991 1427 4056 prmvius.

443 4060 531 4114 67.
565 4060 694 4127 Cap.
731 4075 797 4112 xv
829 4059 1014 4112 Matth.
1048 4073 1189 4110 vers.
1219 4059 1289 4111 30
1318 4068 1371 4110 et
1398 4061 1485 4113 5t.

441 4132 529 4184 68.
561 4130 809 4184 Veternus
830 4137 912 4182 est
942 4129 1270 4182 inveteratus
1295 4143 1322 4178 τι
1354 4137 1510 4182 vetus.
1535 4129 1607 4182 lle
1632 4131 1760 4190 otio,
1791 4130 1951 4196 pigri-

370 4203 444 4255 tia
467 4212 523 4256 et
551 4215 741 4255 somno
771 4200 936 4254 nimio
965 4200 1102 4251 solet
1124 4197 1249 4251 dici.
1278 4197 1523 4252 Fortasse
1549 4200 1826 4266 legendum
1847 4202 1951 4255 erit

368 4282 570 4326 veterno
599 4272 850 4325 vinxeriut
871 4270 1094 4323 silentia.
1125 4269 1228 4322 Sed
1259 4268 1576 4321 concinnum
1610 4277 1693 4323 est
1721 4281 1950 4324 veternus

371 4344 674 4413 adjective,
723 4344 966 4411 quamvis
1013 4339 1182 4408 magis
1234 4340 1284 4392 in
1335 4353 1432 4391 usu
1483 4340 1552 4393 sit
1597 4339 1948 4395 substantive.

369 4415 527 4468 Brev.
561 4415 719 4473 Moz.,
750 4414 909 4476 male,
935 4413 1110 4478 lingua
1140 4420 1303 4462 vatur.

441 4486 528 4538 69.
558 4485 746 4549 llails.,
775 4483 928 4537 Brev.
957 4483 1117 4543 Moz.,
1139 4481 1282 4535 Wid.
1309 4495 1489 4550 supra,
1513 4490 1567 4536 et
1587 4481 1742 4536 Gold.
1767 4495 1948 4553 supra,

369 4557 541 4608 orbem
571 4572 667 4620 pro
694 4554 887 4607 urbem.

443 4626 531 4678 70.
566 4627 744 4692 l’rag.,
779 4641 882 4677 non
917 4624 1077 4688 male,
1111 4624 1245 4688 Quin
1276 4634 1344 4685 et,
1375 4624 1472 4690 ipsi
1500 4640 1561 4676 ne
1589 4622 1773 4676 salutis
1798 4623 1951 4693 infeti

367 4705 599 4763 expertes
629 4700 816 4764 forent,
844 4695 1062 4748 Tartara
1092 4697 1334 4762 benignus
1361 4697 1533 4747 intrat.
1587 4728 1590 4730 -

445 4769 528 4820 71.
577 4767 754 4835 Prag.,
805 4775 1024 4835 tartara.
1074 4766 1176 4819 Alii
1208 4776 1489 4828 tartarum,
1539 4764 1680 4832 quod
1723 4766 1950 4820 carmini

371 4839 539 4905 magis
571 4834 839 4890 convenit.
891 4834 1160 4888 Christum
1212 4837 1276 4887 ad
1327 4838 1525 4888 inferos
1567 4849 1688 4886 vere
1727 4836 1950 4890 descen—

371 4909 517 4961 disse
548 4917 814 4976 negaruut
838 4906 998 4974 aliqtti
1031 4905 1265 4959 haeretici
1286 4945 1299 4966 ,
1327 4921 1552 4974 quorum
1583 4905 1948 4976 discrepantes

370 4975 654 5044 opiniones
685 4987 957 5046 exponunt
999 4987 1054 5029 et
1095 4976 1343 5028 refellunt
1389 4975 1738 5028 Bellartninns
1765 4985 1893 5028 toni.
1932 4979 1948 5030 Ι

369 5059 424 5099 et
457 5048 703 5102 Petavius
734 5059 864 5100 tom.
893 5047 981 5104 IV.
1016 5055 1151 5114 part.
1187 5062 1243 5109 tt,
1279 5047 1364 5114 qui
1397 5047 1493 5099 hos
1525 5047 1796 5100 Prutlentii
1833 5062 1948 5101 ver-

370 5134 464 5170 sus
495 5119 729 5171 laudant.
783 5118 979 5170 Christi
1011 5118 1239 5170 animum
1279 5117 1343 5168 ad
1389 5119 1563 5170 omnia
1599 5117 1790 5170 iul'crni
1835 5120 1947 5171 loca

367 5191 712 5243 descendisse
745 5189 1019 5256 probabile
1041 5198 1143 5240 est.
1181 5189 1335 5240 Brev.
1362 5188 1521 5246 Muz.,
1557 5193 1692 5256 facta
1724 5204 1818 5254 pio
1843 5204 1949 5254 quo

370 5269 515 5312 recte
543 5261 706 5326 fructu
735 5259 966 5325 coniecit
1004 5258 1196 5310 editor.
1249 5258 1378 5311 Ibid.
1414 5273 1552 5312 vers.
1585 5271 1696 5324 seq.
1731 5262 1867 5312 male
1896 5259 1945 5312 in

375 5339 519 5382 chtn
551 5330 754 5396 refrt/sis
787 5345 883 5396 pro
910 5330 1140 5381 revulsis.

441 5401 529 5453 72.
561 5400 711 5459 Ald.,
763 5401 911 5468 Egm.
938 5440 950 5459 .
989 5399 1158 5452 Oxon.
1184 5441 1195 5461 ,
1237 5400 1445 5462 Nerua,
1489 5399 1621 5462 Alt.,
1669 5403 1942 5468 Rottend.,

369 5470 758 5538 indissolubilis,
809 5469 949 5535 quod
1001 5481 1186 5523 tenent
1235 5471 1393 5522 etiam
1425 5470 1562 5524 V-att.
1597 5474 1662 5536 Λ,
1698 5474 1752 5538 Β,
1788 5474 1850 5536 O,
1885 5474 1942 5536 P,

369 5540 549 5604 Alex.,
587 5541 738 5603 Urb.,
771 5549 825 5593 et
855 5541 983 5594 mihi
1018 5541 1256 5593 nonnihil
1300 5541 1496 5608 placet.
1549 5544 1767 5610 Opinor,
1811 5545 1947 5598 l’ru-

368 5612 606 5665 dentium
635 5611 944 5680 spondmum
970 5614 1152 5680 quinta
1181 5611 1309 5666 sede
1331 5613 1616 5681 aliquando
1638 5616 1940 5678 admisisse,

370 5691 428 5733 ιιι
449 5685 670 5738 rotatiles
694 5683 958 5736 troeltmos
973 5683 1356 5750 aliquantulum
1379 5683 1650 5749 graviores
1674 5687 1940 5739 redderet.

372 5751 504 5826 _Vide
533 5769 674 5808 vers.
704 5753 772 5805 59
802 5763 854 5805 et
878 5753 968 5826 40.
1003 5754 1057 5806 In
1085 5753 1200 5805 Vat.
1236 5756 1273 5818 Ι,
1305 5756 1640 5818 dissolubilis,
1673 5758 1824 5826 quod
1849 5759 1940 5810 Ita-

373 5822 495 5877 lLeut
527 5827 645 5889 alii,
699 5833 750 5875 ct
792 5825 996 5880 retineo
1017 5863 1033 5888 ,
1077 5826 1198 5894 quia
1233 5836 1372 5880 recte
1403 5827 1638 5898 procedit
1670 5822 1856 5883 sensus
1888 5837 1940 5886 ct

2052 2444 2304 2490 metrum.
2335 2433 2504 2487 Cardo
2534 2434 2851 2505 dissolubilis
2876 2436 3027 2502 quasi
3059 2435 3358 2503 dissolutus,
3390 2443 3447 2490 ut
3472 2448 3634 2505 supra

2053 2507 2222 2575 fracta
2241 2509 2434 2577 juncta,
2459 2514 2516 2559 et
2541 2503 2680 2558 infra
2706 2505 2966 2577 dissolutis
2993 2508 3230 2560 vinculis.

2124 2578 2212 2630 75.
2243 2575 2389 2631 ‘Vitle
2421 2575 2619 2645 bymn.’
2638 2577 2696 2640 3,
2725 2590 2870 2632 vers.
2899 2576 3003 2632 499
3032 2587 3087 2633 et
3112 2587 3310 2633 notam.
3353 2577 3553 2632 Tassus
3583 2577 3634 2634 in

2055 2647 2380 2701 Hierusalem
2425 2647 2636 2718 liberata
2684 2662 2851 2701 carm.
2901 2663 3007 2711 vn,
3056 2648 3277 2718 stropha
3317 2649 3418 2712 46,
3471 2649 3633 2704 simili

2053 2719 2231 2782 phrasi
2263 2719 2466 2771 utitur:
2498 2717 2604 2771 Clu
2644 2718 2760 2786 quel
2799 2719 3056 2785 serraglio.
3094 2719 3121 2771 ὸ
3163 2717 3262 2772 con
3298 2719 3500 2772 mirabil
3541 2735 3634 2774 uso

2056 2788 2270 2856 Scntpre
2297 2787 2560 2842 all‘eutrar
2587 2799 2784 2855 aperto,
2807 2806 2842 2842 α
2864 2787 3032 2843 l'uscir
3051 2789 3249 2845 chiuso.
3282 2790 3442 2845 Brev.
3467 2790 3628 2857 Μαι..

2056 2859 2338 2919 tuetulosc,
2367 2875 2427 2911 ac
2456 2869 2776 2914 revertentes.

2127 2933 2213 3002 74.
2248 2930 2415 2984 Aldus
2456 2930 2697 2984 ediderat
2733 2930 2870 2984 obice
2909 2940 3184 3002 retrorsum
3227 2933 3465 3002 repulso,
3513 2947 3634 2987 cor-

2057 3001 2195 3054 rexit
2242 3011 2424 3066 postea
2463 3002 2630 3072 obice,
2639 3010 2922 3072 retrorsum
2949 3003 3115 3070 pulso.
3149 3001 3444 3072 Utrumque
3472 3003 3630 3057 male.

2060 3073 2202 3134 Pul.,
2231 3071 2568 3142 Torrentius,
2611 3071 2732 3126 Vat.
2761 3073 2805 3127 A
2826 3113 2840 3142 .
2891 3073 3030 3142 obice
3075 3071 3368 3126 extrorsum
3401 3075 3629 3142 repulso.

2061 3143 2238 3214 Prag.,
2271 3141 2414 3214 itan,
2445 3141 2782 3214 Tot-renuant
2805 3141 2932 3208 duo,
2957 3141 3190 3211 Spiegel.
3217 3158 3337 3197 eum
3365 3144 3632 3214 Pcuting.,

2058 3213 2234 3276 Sich.,
2271 3211 2406 3267 Vatt.
2444 3213 2501 3275 ll,
2537 3213 2574 3277 l,
2605 3212 2668 3274 O,
2705 3213 2766 3276 Ρ,
2793 3214 2870 3278 0,
2913 3214 3075 3280 objice
3098 3226 3388 3282 cett-orsum
3413 3211 3633 3282 recluso,

2057 3282 2196 3353 quod
2229 3283 2362 3353 lortc
2391 3283 2558 3336 voluit
2591 3284 2746 3336 llrev.
2776 3283 2911 3336 Moz.
2947 3285 3110 3353 objiee
3145 3295 3378 3338 eatarsus
3415 3288 3632 3340 recluso.

2055 3352 2273 3408 Teolius
2296 3352 2588 3408 Puteanum
2615 3353 2820 3406 Heinsii-
2843 3352 3058 3408 secutus
3082 3365 3164 3408 est
3193 3365 3379 3408 eontra
3401 3359 3637 3423 quinque

2062 3424 2200 3476 Vatt.
2246 3423 2509 3492 aliosque,
2555 3432 2610 3476 et
2644 3423 2860 3490 scripsit
2901 3424 3041 3478 obice
3079 3436 3366 3480 extrorsum
3409 3428 3633 3494 repulw.

1976 3481 2023 3543 C
2055 3496 2237 3560 Δίρκη
2267 3481 2508 3553 Τιιιιιίιι..’
2532 3494 2694 3566 obiice
2719 3481 3014 3566 cantorum
3037 3499 3257 3560 reclusa,
3289 3495 3431 3566 quod
3463 3481 3626 3550 sti-ti-

2058 3567 2172 3620 neri
2195 3574 2393 3634 potest,
2419 3579 2540 3618 nam
2562 3565 2694 3619 obex.
2711 3564 2966 3620 feminino
2995 3581 3193 3635 genere
3224 3567 3274 3620 in
3306 3564 3632 3621 membranis

2054 3639 2380 3704 optimorum
2411 3645 2692 3690 auctorum
2723 3635 2986 3700 occurrit,
3033 3645 3091 3690 et
3129 3651 3273 3706 stupe
3313 3638 3454 3701 apud
3486 3639 3631 3692 Alci-

2055 3723 2198 3761 mum
2233 3709 2464 3779 Avitunt.
2514 3707 2569 3760 ln
2601 3707 2754 3761 Alex.
2792 3717 2966 3762 tamen
2989 3707 3065 3779 ad
3096 3723 3265 3776 marg.
3294 3716 3378 3763 est
3405 3709 3630 3779 repulso.

2053 3779 2292 3834 Olenius
2319 3778 2616 3832 audiendus
2647 3793 2761 3830 non.
2781 3785 2866 3832 est
2892 3778 3054 3845 obiice
3080 3789 3365 3832 extrorsum
3403 3778 3630 3832 excluso.

2057 3849 2127 3904 Ut
2153 3850 2350 3904 vocalis
2377 3852 2545 3918 prima
2580 3848 2924 3917 producatur,
2967 3849 3128 3904 scribi
3164 3851 3304 3905 solet
3337 3849 3516 3917 obiice.
3573 3849 3630 3903 In

2057 3919 2180 3974 Urb.
2193 3962 2207 3983 ,
2242 3923 2540 3974 introrsum.

2125 3993 2212 4045 75.
2259 3992 2414 4044 Brev.
2449 3991 2583 4064 llos.
2617 3990 3186 4064 correctioneitsdiget
3211 3992 3538 4064 legsvema,
3581 4002 3627 4045 et

2053 4061 2207 4113 limen
2225 4073 2419 4113 atrum.
2455 4059 2672 4121 Weitz.,
2702 4071 2848 4127 porta
2877 4060 3048 4112 reddit
3077 4059 3301 4114 mortuos
3331 4063 3438 4131 lege
3462 4079 3626 4127 versa,

2053 4141 2102 4182 et.
2129 4131 2300 4183 limen.
2336 4131 2541 4193 Huius,
2572 4140 2833 4184 mortuos:
2865 4131 2982 4198 lege
3000 4146 3162 4196 versa,
3193 4131 3366 4185 linunt
3409 4132 3543 4186 Cell.
3572 4142 3628 4186 et

2054 4201 2226 4264 'l‘eul.,
2258 4212 2522 4254 mortuos:
2554 4201 2661 4269 lege
2693 4217 2836 4254 versa
2863 4210 2910 4252 et
2938 4200 3112 4252 limen.

2127 4272 2215 4323 70.
2250 4271 2426 4337 Prae,
2449 4281 2672 4323 annum.
2704 4270 2958 4324 Heinsius
2976 4278 3130 4338 putati
3154 4270 3434 4337 legendum
3462 4273 3633 4339 furva,

2055 4353 2112 4395 ut
2140 4341 2204 4394 ad
2235 4352 2386 4393 antra
2416 4340 2696 4395 referatur.
2745 4340 2852 4395 Sed
2889 4355 3004 4393 non.
3025 4341 3162 4394 male
3190 4341 3301 4394 luce
3329 4345 3494 4410 fulva,
3537 4341 3636 4396 hoc

2053 4420 2136 4467 est
2164 4412 2340 4467 rutila.
2393 4412 2481 4466 Sic
2523 4425 2712 4482 aurum
2754 4411 2987 4477 fulvum,
3033 4411 3216 4467 sidera
3252 4411 3428 4479 fulva,
3464 4411 3635 4482 iaspis

2055 4484 2192 4537 t'ulva
2226 4485 2275 4536 in
2309 4481 2766 4552 praetentissimis
2797 4483 2992 4550 poetis;

2260 4554 2413 4675 Brfv.
2443 4553 2603 4617 Non,
2635 4553 2793 4618 male,
2823 4552 3143 4623 polluerunt.
3177 4552 3346 4609 Recte
3367 4552 3636 4617 adtul-am,

2200 4641 2326 4678 eruu
2355 4665 2369 4678 .

2055 4626 2369 4693 palluerunt.

2126 4697 2214 4750 79.
2255 4695 2438 4749 'l‘ertio
2463 4695 2581 4748 loco
2604 4695 2834 4750 tortasse
2860 4695 3036 4761 posuit
3061 4693 3380 4764 spondaum
3403 4707 3510 4764 ιιι-οι
3529 4704 3637 4748 tre-

2053 4768 2231 4833 ehmo,
2281 4766 2383 4820 nisi
2420 4765 2603 4831 nialis,
2649 4767 2972 4834 corripuisse
3021 4766 3252 4832 primam:
3294 4766 3532 4820 vocalem
3584 4767 3636 4818 in

1976 4838 2277 4923 D’Wf’i"°
2329 4834 2714 4923 Α¹ἳ¹ιτΪ³ίί¹ἶ
2739 4846 2792 4923 ei
2824 4836 3083 4923 MPO???)
3115 4836 3376 4923 δίέΐῗίίῗέῖίδ·
3405 4835 3531 4923 3°."
3566 4837 3634 4923 θ’

2052 4906 2307 4971 sai-dibus,
2350 4907 2538 4960 addito
2564 4906 2808 4974 supra-tt.
2867 4906 3099 4961 lumini
3123 4907 3326 4962 alicubi.
3358 4917 3593 4961 notatum
3613 4947 3626 4967 .

2054 4975 2714 5033 Sicbardum-restituisse-
2739 4976 2993 5030 sordibus.
3045 4978 3118 5032 At
3139 4979 3314 5032 verior
3353 4984 3438 5031 est
3480 4978 3639 5031 lectio

2054 5048 2319 5111 sordidus,
2365 5056 2418 5100 ut
2461 5045 2602 5100 inira
2643 5062 2874 5100 moerens.
2930 5047 3250 5102 Prudentius
3293 5047 3540 5100 tenebcas
3584 5047 3638 5102 in

2058 5119 2305 5183 passione
2337 5118 2546 5172 Domini
2579 5118 2744 5171 laetas
2773 5129 3011 5185 enarrav,
3046 5118 3332 5186 Virgilium
3354 5117 3590 5171 imitatus
3621 5132 3637 5170 l

2058 5188 2360 5257 Georgicwn
2394 5189 2447 5242 in
2478 5189 2600 5241 line.
2655 5187 2856 5242 Eodem
2898 5189 3011 5243 fere
3052 5189 3214 5242 modo
3243 5187 3536 5257 iuvencus,
3585 5196 3639 5241 et

2054 5255 2304 5314 Sedulius
2342 5260 2396 5312 in
2439 5259 2536 5311 hnc
2568 5269 2884 5328 argumento
2925 5268 3056 5312 sunt
3091 5259 3313 5312 versati.
3344 5255 3639 5328 Att—verus

2055 5331 2182 5384 stilis
2210 5329 2448 5383 delectus
2485 5327 2670 5395 fuerit,
2712 5345 2742 5382 a
2782 5329 3054 5383 nonnullis
3082 5330 3146 5383 ιιι·
3166 5327 3516 5396 quaestionem
3545 5342 3636 5379 vo-

2054 5412 2230 5454 catum
2258 5411 2357 5455 est.
2403 5400 2709 5468 Spiegelius
2737 5409 2916 5468 putat,
2957 5399 3305 5452 Prudentium
3339 5413 3442 5450 nou
3475 5413 3639 5465 agno-

2053 5472 2192 5526 visse
2224 5485 2418 5524 ver-um-
2451 5472 2742 5538 deliquiuni
2787 5470 2949 5534 solis,
2997 5470 3092 5523 sed
3141 5468 3318 5537 reipsa
3367 5483 3637 5532 asserere,

2051 5543 2218 5596 solem
2251 5541 2530 5612 nefogisse,
2564 5552 2618 5596 et
2645 5541 2843 5595 ctelum
2873 5539 3184 5612 reliquisse;
3216 5547 3283 5612 et
3311 5539 3499 5594 eadem
3545 5555 3638 5592 ra-

2051 5614 2195 5668 tione
2234 5610 2450 5667 locutos-
2477 5628 2598 5666 esse
2635 5612 2944 5666 iuvencum
2969 5620 3029 5664 et“
3063 5610 3370 5673 Sedullum,
3429 5624 3637 5663 necnon

2048 5685 2105 5740 8.
2141 5685 2546 5751 Hieronymum,
2581 5691 2637 5734 ut
2671 5681 2982 5748 impleretur
3011 5682 3326 5749 prophetia:
3361 5681 3638 5733 Occttmbet

2046 5756 2124 5810 sol
2152 5757 2378 5813 meridie.
2408 5767 2454 5807 et
2481 5752 2916 5806 contenebrabitur
2943 5768 3094 5817 super
3119 5763 3306 5806 terram
3331 5755 3382 5804 in
3414 5753 3494 5804 die
3521 5751 3632 5803 lux.

2050 5828 2210 5886 Addit
2237 5827 2554 5902 Spiegelius,
2592 5823 2838 5879 tenebras
2864 5823 3034 5877 solum
3066 5825 3228 5884 laetas
3264 5820 3428 5882 fuisse
3468 5838 3637 5894 super
