4102 6348
481 359 571 407 871
877 394 890 405 .
1590 354 1868 410 Αυιιειιι
1912 354 2274 412 PRUDENTII
2313 354 2636 410 CAHMINA.

482 468 546 525 80
655 470 865 541 Igneum
898 471 1109 542 reliquit
1139 482 1314 537 axem,
1344 482 1509 540 seque
1538 482 1771 524 maerens
1800 467 2007 523 abdidit
2035 486 2049 524 :
2080 475 2130 533 Α

653 564 844 619 Fertur
868 564 1141 619 horruisse
1170 562 1401 617 mundus
1432 563 1599 617 noctis
1626 571 1839 617 mternm
1864 562 2054 618 chaos.

725 656 880 713 Solve
906 673 1114 725 vocem,
1139 672 1312 723 mens,
1334 672 1621 724 sonoram,
1646 659 1796 714 solve
1827 658 2058 727 linguam

1682 751 1983 822 [mobilem,

3641 364 3745 421 ετξ

2339 468 2499 541 345
2524 468 2617 523 Dic
2650 476 2903 536 tropreum
2940 468 3223 538 passionis,
3260 470 3345 527 die
3376 472 3748 542 triumphalem

3411 562 3673 634 [crucem,

2345 653 2521 723 Pange
2538 651 2817 717 vexillum,
2840 649 3035 705 notatis
3052 652 3191 721 quod
3218 652 3445 724 refulget
3465 655 3747 713 frontibus.

2168 743 2238 798 85
2414 741 2460 798 0
2484 757 2681 798 novum
2701 742 2850 798 caede
2871 742 3131 813 stupenda
3150 745 3385 801 vulneris
3406 749 3743 805 miraculum!

1750 860 2036 919 GLOSSE
2079 854 2423 913 VETERES.

545 956 633 1012 81.
674 951 868 1022 Chaos,
902 953 1151 1009 tenebras.
1192 953 1357 1009 Chaos
1399 964 1447 1009 et
1485 955 1639 1009 melos
1671 956 1833 1009 neutri
1871 968 2042 1025 gener.
2076 964 2275 1004 numer.
2306 948 2505 1018 singul.
2538 948 2638 1002 lso.

1801 1059 2364 1120 COMMENTARIUS.

481 1179 691 1219 omnem
733 1171 927 1217 terram
956 1161 1224 1224 Iudaeam,
1258 1173 1320 1213 ac
1350 1158 1516 1212 multa
1553 1158 1603 1212 in
1634 1157 1896 1227 ejusmodi
1933 1172 2058 1211 sen-

480 1236 701 1289 tentiam
751 1234 986 1288 disserit.
1044 1232 1369 1294 Augustinus
1408 1228 1615 1283 Calniet
1660 1241 1790 1284 tom.
1820 1228 1906 1281 Vll
1947 1227 2059 1281 dis-

480 1306 822 1359 sertationem
845 1303 1013 1359 edidit
1035 1303 1098 1355 de
1121 1300 1357 1355 Tenebris
1382 1302 1433 1352 in
1454 1300 1589 1353 obitu
1610 1299 1820 1363 Christi,
1850 1298 2057 1353 erudite

482 1376 702 1445 inquirit
732 1376 793 1445 in
812 1388 999 1445 causas
1016 1416 1035 1445 ,ί
1064 1370 1316 1445 effectus,
1348 1370 1685 1445 dura‘tionem
1706 1379 1771 1445 et
1799 1369 2057 1445 amplitu-

482 1440 661 1501 dinem
708 1444 867 1513 hujus
908 1442 1308 1498 celebratissimi
1358 1440 1618 1513 prodigii,
1670 1440 2057 1513 allatis_etia_m

485 1506 805 1571 testimoniis
822 1515 1139 1583 scriptorum
1158 1506 1453 1578 gentilium,
1471 1506 1779 1583 Plilcgontis
1795 1506 2057 1583 etThalli.

476 1588 525 1644 ³1·
534 1588 698 1657 riplex
731 1578 954 1655 praponi
990 1586 1127 1657 solet
1156 1583 1292 1657 ratio
1333 1583 1488 1657 hujus
1521 1578 1855 1657 phaenomcni
1885 1578 2058 1647 expli-

484 1652 681 1714 candi:
728 1652 932 1727 prima,
972 1655 1140 1727 solem
1173 1652 1352 1707 radios
1384 1653 1435 1706 in
1478 1666 1550 1727 se_
1576 1666 1732 1716 suos,
1776 1652 2059 1727 lumenque

486 1722 790 1797 recepisse;
833 1724 1096 1792 secunda,
1141 1739 1258 1797 quae
1285 1722 1619 1797 communior
1651 1736 1788 1775 nunc
1818 1732 1929 1786 cst,
1976 1723 2059 1797 in_-

486 1791 710 1867 terjectu
743 1798 881 1851 luna:
913 1797 1089 1867 radios
1121 1791 1254 1867 solis
1281 1792 1597 1867 prohibiws,
1627 1806 1691 1867 ne
1722 1802 1919 1845 terram
1950 1791 2060 1844 col-

487 1863 794 1930 lns'trarent,
826 1876 881 1920 ιιι
908 1867 959 1921 in
992 1865 1281 1928 eclipsibus
1308 1863 1530 1926 accidit;
1566 1866 1741 1925 tertia,
1768 1878 1886 1930 qua:
1916 1876 2061 1914 com-

487 1938 698 1994 modior
748 1945 801 1993 et
847 1938 1049 1991 facilior
1077 1934 1318 1989 Calmeto
1357 1935 1469 1987 visa
1515 1943 1625 1997 est,
1676 1933 1974 2001 prmsertim
2017 1933 2061 1985 si

486 2010 751 2063 universa:
796 2018 951 2063 terra:
997 2006 1213 2061 nomine
1253 2004 1436 2059 Judma
1488 2012 1690 2057 tantum
1731 2003 2060 2072 designetur,

489 2080 667 2135 radios
697 2079 825 2134 solis
856 2078 1009 2133 nubis
1034 2076 1258 2141 alicujus
1288 2076 1467 2128 densae
1501 2076 1713 2141 objecta
1748 2072 1910 2128 fuisse
1943 2088 2064 2140 pro-

487 2150 707 2205 hibitos.
758 2148 1021 2218 Equidem
1062 2146 1192 2200 nihil
1236 2160 1409 2218 causa;
1446 2158 1566 2218 esse
1605 2144 1791 2218 video,
1838 2160 1933 2198 cur
1962 2143 2063 2218 hoc
2106 2170 2109 2173 -

484 2221 605 2275 loco
637 2213 899 2275 universa:
928 2227 1085 2273 terra:
1122 2231 1316 2270 nomen
1347 2214 1409 2269 ad
1444 2216 1612 2267 solam
1640 2213 1879 2267 Jutlaeam
1921 2214 2061 2268 refe-

488 2304 655 2345 ratur.
708 2288 1023 2344 Prudentius
1052 2287 1266 2357 quidem
1297 2286 1439 2357 clare
1473 2286 1678 2357 innuit,
1710 2293 1876 2357 totum
1906 2300 2064 2357 mun-

487 2360 614 2416 dum
642 2361 911 2415 horruisse
937 2355 1109 2414 noctis
1134 2366 1350 2411 a-ternre
1375 2355 1557 2410 chaos.
1587 2355 1805 2409 Videtur
1827 2355 2063 2409 imitatus

485 2431 644 2485 verba
685 2429 867 2485 Hilarii
894 2429 968 2484 .de
1000 2428 1261 2483 Trinitate
1292 2427 1386 2480 lib.
1414 2441 1501 2492 ιιι,
1534 2440 1653 2491 cap.
1684 2424 1779 2478 ll:
1828 2425 1924 2479 Sol
1964 2441 2065 2479 non

487 2501 693 2567 occidit,
716 2500 803 2555 sed
829 2500 1032 2571 refugit.
1070 2498 1209 2571 Quid
1235 2497 1479 2571 relugisse
1507 2497 1666 2571 dico?
1694 2495 1813 2571 No_n
1837 2505 2063 2571 recgptus

485 2574 539 2624 in
570 2566 748 2626 nubem
773 2580 846 2625 est
865 2566 895 2633 ,⁷
927 2566 1015 2624 ἱρά
1044 2570 1105 2623 de
1136 2584 1286 2629 cursu
1316 2568 1481 2637 aperis
1507 2567 1709 2637 defecit.
1761 2566 1891 2620 Tam
1925 2566 2063 2621 Pru-

484 2642 695 2697 dentius
718 2656 877 2712 quam
904 2638 1226 2712 Hilariusad
1258 2636 1479 2712 primam
1507 2636 1653 2691 illam
1683 2637 1945 2692 rationem
1972 2652 2063 2692 ex-

484 2713 717 2783 plicandi
738 2708 981 2767 miraculi
1008 2710 1245 2783 alludere
1272 2708 1540 2783 videntur.

554 2783 645 2838 8i.
677 2784 832 2838 Brev.
858 2784 1018 2849 Moz.,
1047 2781 1301 2835 horruisse
1327 2779 1601 2832 mundum.

556 2854 644 2909 82.
677 2853 823 2916 Ald.,
848 2854 983 2907 solve
1008 2847 1213 2922 lingua;
1247 2850 1424 2922 Alex.,
1444 2849 1613 2922 Brev.
1643 2847 1799 2922 3191.,
1823 2847 2059 2922 Vatt._l\,

483 2925 543 2990 B,
583 2927 621 2988 l,
651 2924 716 2988 0,
752 2924 898 2989 Rat.,
942 2918 1157 2983 sonora,
1202 2920 1344 2989 quod
1385 2920 1545 2975 etiam
1589 2921 1639 2990 in
1689 2918 1804 2972 Put.
1851 2928 1904 2973 et
1925 2919 2065 2990 ialiis

481 2988 846 3063 compluribus
884 2988 1097 3063 invenit
1143 2988 1424 3063 Heinsius;
1475 2990 1530 3044 in
1574 2988 1694 3063 Os._
1735 3004 1861 3042 vero
1909 2989 2063 3043 Solve

483 3058 623 3117 mens
650 3080 769 3117 voce
796 3079 997 3118 sonora.
1034 3062 1111 3117 Ex
1139 3076 1246 3130 quo
1273 3062 1573 3129 suspicatur
1602 3058 1753 3115 Solve
1777 3076 1896 3113 uoce
1920 3076 2059 3115 mens

2166 1150 2435 1227 vulneris,
2472 1149 2655 1227 inflicti
2685 1149 2853 1216 caede,
2884 1165 2979 1227 seu
3012 1152 3299 1227 punctione
3328 1158 3612 1225 stupenda,
3644 1173 3745 1227 est,

2165 1222 2307 1292 quod
2353 1222 2569 1291 sanguis
2610 1231 2664 1275 et
2702 1236 2837 1290 aqua
2878 1221 3119 1296 fluxerit,
3165 1224 3288 1296 hinc
3328 1221 3745 1296 san'guis,’inde'

2165 1308 2332 1361 aqua,
2390 1302 2446 1345 ut
2491 1307 2555 1347 ex
2598 1307 2755 1346 versu
2803 1295 3046 1360 sequenti
3098 1295 3447 1351 manifestius
3479 1301 3745 1357 redditur.

2166 1363 2384 1435 '[eolius
2408 1362 2818 1435 Ambrosianum
2848 1364 3045 1418 Heinsii
3069 1367 3361 1435 expressit,
3383 1379 3437 1422 et
3457 1373 3753 1427 vetustiores

2172 1433 2318 1489 Vati.
2346 1448 2443 1502 pro
2464 1433 2651 1489 eadem
2675 1434 2935 1502 scriptura
2962 1433 3159 1491 laudat.
3194 1436 3418 1502 Vellem,
3444 1454 3539 1493 eos
3564 1442 3751 1496 distan-

2168 1504 2306 1580 etius
2334 1505 2682 1580 nominasset.
2718 1502 2907 1580 Ceteri
2936 1504 3570 1580 interpretes_novitatem
3601 1527 3751 1580 pecu-

2168 1576 2353 1629 liarem
2398 1574 2636 1629 miraculi
2685 1589 2789 1629 non
2837 1575 3202 1630 adverterunt.
3252 1576 3465 1634 Primus
3504 1574 3769 1637 Cli:imil-.

2167 1644 3015 1721 tardus.notavit,_Prudeutiunr
3056 1656 3243 1716 aperte
3282 1649 3418 1721 velle
3458 1659 3751 1721 utrumque

2168 1715 2307 1789 latus
2337 1715 2500 1789 fuisse
2524 1715 2869 1785 perforatum,
2893 1726 2949 1789 et
2966 1715 3271 1786 discrepare
3294 1720 3361 1773 ab
3381 1715 3749 1789 evangelisiis,

2167 1786 2255 1855 qui
2284 1786 2516 1841 militem
2546 1801 2653 1841 uno
2682 1795 2889 1842 tantum
2942 1787 3137 1841 lanceae
3190 1792 3295 1843 ictu
3346 1790 3483 1844 latus
3526 1786 3750 1850 Domini

2165 1858 2441 1924 aperuisse
2484 1857 2744 1911 scribunt.
2800 1859 2868 1913 At
2910 1856 3188 1912 Prudentii
3235 1870 3467 1915 mentem
3514 1877 3622 1916 non
3666 1877 3753 1921 est

2166 1935 2477 1983 assecutus:
2504 1942 2676 1997 neque
2701 1928 2843 1982 enim
2868 1929 2913 1981 is
2936 1930 3148 1998 asserit,
3178 1930 3373 1998 duplici
3405 1932 3515 1986 ictu
3543 1945 3753 1988 ntrum~

2166 2012 2272 2067 que
2304 1999 2440 2052 latus
2470 1994 2631 2052 fuisse
2660 2007 2921 2067 apertum,
2968 1994 3023 2052 et
3051 2001 3218 2066 potuit
3248 1994 3384 2067 fieri,
3420 2012 3475 2056 ut
3503 2018 3611 2057 uno
3640 2006 3748 2060 ictu

2168 2080 2450 2137 utrumque
2491 2067 2876 2141 perforaretur,
2924 2069 3062 2138 quod
3106 2072 3447 2141 evangelista;
3496 2090 3603 2128 non
3652 2091 3751 2130 ne-

2166 2148 2324 2215 gant;
2357 2149 2414 2193 ut
2442 2140 2705 2203 omittam,
2732 2154 3045 2215 expressum
3071 2140 3325 2215 non_eSse
3350 2143 3406 2215 in
3432 2145 3745 2215 Evangelia,

2166 2209 2500 2285 fui_ss_e_ununt
2522 2219 2720 2285 tantum
2744 2210 2940 2285 lanceae
2964 2211 3147 2265 ictum.
3172 2212 3452 2285 Cornelius
3474 2230 3506 2268 a
3525 2209 3749 2285 Lapide,

2166 2280 2255 2349 qui
2275 2280 2880 2355 Chamillardoperitius
2901 2295 3106 2355 sacram
3131 2283 3374 2352 paginam
3400 2280 3746 2355 interpretari

2166 2359 2425 2422 noverat,
2494 2350 2660 2422 nostri
2712 2360 2883 2419 poetae
2932 2350 3237 2417 opinionem
3290 2350 3578 2422 amplexus
3632 2368 3743 2413 est.

2167 2420 2488 2475 Prudentius
2520 2421 2709 2474 iterum
2749 2436 2811 2475 ac
2853 2422 3012 2477 teitio
3055 2436 3204 2477 suam
3247 2420 3396 2479 hanc
3424 2430 3747 2483 sententiam

2170 2492 2426 2562 inculcat,
2455 2491 2637 2562 hymn.
2690 2493 2719 2543 7
2768 2492 2982 2557 Perist.,
3018 2493 3248 2548 Dittoch.
3293 2498 3608 2552 tetrasticho
3648 2500 3743 2554 42.

2178 2561 2500 2632 Iiaynaudus
2530 2571 2657 2615 tom.
2690 2562 2951 2631 Pliilolog.
2986 2577 3105 2632 pag.
3136 2565 3240 2618 103
3268 2565 3360 2629 ait,
3394 2566 3746 2624 Prudentium

2166 2633 2361 2709 exponi
2395 2634 2645 2709 po_sse_de
2678 2632 3007 2709 perfossione
3039 2635 3197 2709 unius
3238 2636 3419 2709 lateris
3448 2638 3584 2692 adeo
3624 2656 3744 2709 pro—

2168 2702 2361 2768 funda,
2410 2704 2469 2757 u't
2509 2702 2575 2757 ad
2616 2716 2710 2757 cor
2739 2712 2897 2772 atque
2927 2703 3060 2758 adeo
3092 2706 3251 2759 etiam
3293 2702 3637 2772 aliquatenus
3672 2711 3743 2763 ad

2167 2776 2441 2829 sinistrum
2473 2773 2609 2828 latus
2639 2775 2960 2843 pervaserit,
2994 2778 3243 2843 quamvis
3272 2778 3605 2833 extrinsecus
3634 2796 3743 2835 non

2168 2846 2269 2899 nisi
2314 2861 2474 2899 unum
2516 2845 2655 2899 latus
2701 2844 2859 2899 fuerit
2898 2844 3221 2914 perfossum.
3275 2847 3562 2904 Gretzerus
3596 2852 3690 2904 lib.
3726 2869 3740 2905 ι

2167 2915 2235 2970 de
2261 2916 2460 2979 Cruce,
2511 2929 2630 2986 cap.
2663 2914 2752 2984 55,
2799 2914 3005 2969 dubitat
3044 2932 3110 2969 an
3168 2916 3484 2973 Prudentius
3514 2922 3747 2977 tenuerit

2168 3001 2285 3061 eam
2314 2986 2665 3052 sententiam,
2697 2986 2837 3061 quod
2866 2988 3023 3061 miles
3060 2987 3295 3061 lanceam
3340 2992 3744 3061 transadigens,

2168 3056 2306 3130 latus
2358 3067 2640 3130 utrumque
2686 3056 3211 3130 confoderit,_sicut
3257 3060 3421 3130 moris
3468 3071 3552 3115 est
3583 3056 3743 3130 'apud

482 3150 699 3198 sonora,
739 3135 874 3187 solue
902 3133 1127 3204 linguam
1156 3127 1648 3204 niobiteni_.g_Weit‘.,
1699 3130 1851 3204 solue
1894 3147 2061 3204 vacem
2090 3142 2135 3204 ο
2167 3127 2417 3204 Japones.
2438 3198 2449 3204 _
2469 3128 2575 3204 sed
2602 3128 2781 3182 verius
2815 3138 2993 3204 putat,
3031 3128 3376 3204 Prudentium
3405 3127 3744 3189 altitudinem

482 3222 621 3259 mens
648 3220 854 3270 sonora,
876 3203 1014 3257 solue
1040 3204 1266 3274 linguam
1295 3201 1550 3256 mobilem.
1581 3202 1719 3274 G_is.,
1749 3201 1876 3274 Urb.
1902 3202 2063 3255 alios-

480 3290 585 3345 que
624 3275 795 3329 secuti
836 3289 1053 3338 sumus;
1097 3271 1191 3328 sed
1232 3273 1457 3327 fortasse
1495 3272 1665 3345 magis
1693 3288 1757 3325 ex
1792 3271 1907 3345 lldeg
1929 3287 2058 3345 mss.

479 3342 606 3410 erit,
630 3346 782 3401 Salve
809 3360 998 3412 rocem,
1030 3360 1191 3409 mens,
1219 3358 1406 3397 sonora
1428 3342 1565 3397 solve
1588 3344 1779 3412 lingua,
1803 3342 2060 3408 mobilem,

480 3426 539 3471 ut
565 3432 749 3472 sonora
777 3417 949 3485 lingua
973 3416 1044 3469 sit
1072 3417 1125 3470 in
1154 3414 1406 3477 ablativo,
1437 3423 1493 3469 et
1523 3412 1763 3485 mobilem
1794 3412 2059 3467 referatur

479 3488 545 3542 ad
566 3502 749 3541 vocem.
778 3483 1066 3541 Possumus
1086 3487 1246 3541 etiam
1268 3485 1537 3554 conjicere
1556 3483 1706 3538 Solve
1728 3499 1897 3536 vocem
1918 3499 2058 3539 mens

480 3573 751 3622 sonoram,
794 3558 929 3611 solue
957 3556 1135 3628 lingua
1161 3555 1503 3628 m_obili,;_aut
1529 3555 1882 3628 Sol_ve_vocem
1920 3571 2058 3608 mens

481 3645 740 3696 sonoram,
764 3629 899 3682 solve
920 3622 1095 3698 lingua
1117 3626 1337 3698 mobilis.
1367 3625 1484 3698 Vat.
1508 3626 1578 3698 ρ,
1602 3622 1757 3679 Solve
1780 3640 1918 3677 mens
1944 3641 2061 3679 voce

480 3715 692 3767 sonora,
719 3698 907 3753 eodem
938 3696 1133 3752 mendo
1160 3710 1267 3766 quo
1292 3696 1633 3767 Oxoniensis:

555 3770 646 3824 83.
678 3765 839 3822 Hunc
867 3768 1141 3823 Prudentti
1168 3765 1342 3820 locum
1370 3766 1575 3821 viderat
1600 3765 1943 3827 Fortunatus,
1968 3768 2057 3835 qui

485 3840 708 3910 cecinit,
757 3837 938 3910 Pange
988 3838 1184 3910 lingua_
1208 3836 1419 3910 gloriosi
1466 3835 1712 3910 prwliunr
1750 3836 2058 3910 certaminis,

482 3908 625 3978 quod
656 3921 799 3962 nunc
837 3904 1095 3978 dicimus,
1146 3904 1319 3976 Pange
1365 3904 1790 3978 linguagloriosi
1835 3906 2060 3978 lauream

485 3974 798 4049 certaminis.
833 3977 946 4032 Vox
968 3978 1138 4049 passio
1156 3974 1338 4047 paucis
1362 3974 1598 4049 profanis
1627 3974 1952 4049 cognira,_ab
1974 3992 2061 4049 cc-

484 4047 798 4105 clesiasticis
814 4046 977 4117 vulgo
996 4046 1229 4103 adhibita
1241 4087 1255 4111 ,
1268 4056 1442 4101 exstat
1461 4046 1697 4117 etiamin
1710 4046 1831 4100 cod.
1852 4046 2055 4101 ‘l‘heod.

551 4120 644 4179 84.
674 4119 862 4175 Crucis
884 4116 1135 4175 vexillum
1161 4118 1387 4188 refulget
1406 4118 1601 4172 notatis
1622 4116 1910 4184 frontibus,
1931 4120 2057 4187 quia

480 4194 532 4245 in
559 4199 899 4247 sacramento
926 4187 1348 4245 confirmationis
1369 4187 1573 4243 frontes
1599 4203 1759 4243 cruce
1782 4197 2053 4243 amantur.

477 4261 612 4333 Vide
653 4263 910 4333 hymnum
940 4260 995 4327 6,
1040 4258 1333 4333 vers.128.
1385 4258 1628 4333 Gitanius
1665 4258 1961 4333 Collectanr
2003 4261 2053 4313 in

475 4329 889 4388 Lucretiverho
928 4346 1097 4387 pauco
1136 4330 1244 4397 ait,
1290 4329 1636 4385 Prudentium
1680 4344 1818 4384 nove
1856 4330 2058 4385 dixisse

478 4419 696 4474 pangere
715 4417 813 4473 pro
836 4418 1045 4474 canere;
1077 4416 1197 4456 nam
1216 4417 1435 4471 pangere
1453 4401 1771 4474 proprieest
1794 4400 2051 4474 scribere,

476 4470 616 4528 certe
646 4470 836 4542 figere.
860 4472 1203 4538 Fortunatus,
1236 4481 1294 4542 ut
1317 4470 1483 4542 versu
1513 4470 1773 4542 superiori
1804 4470 2051 4535 vidimus,

473 4542 661 4598 eadem
677 4540 1060 4611 signiﬁcatione
1078 4541 1295 4611 protulit
1312 4540 1485 4610 Pange
1505 4541 1702 4611 lingua.
1728 4540 1983 4609 Equidem
2002 4543 2055 4596 in

478 4610 869 4682 antiquioribus
890 4626 1009 4666 eam
1031 4610 1474 4682 significationem
1499 4610 1603 4666 non
1627 4611 1860 4682 invenio,
1885 4626 2057 4681 neque

474 4679 813 4752 celebeHimi
836 4679 1685 4752 lexicograpbigquidquamyeade
1711 4696 1769 4734 re
1794 4679 1999 4752 notant.

547 4752 637 4809 85.
668 4751 909 4823 ltailegit
946 4750 1281 4823 Ald.,Urh.,
1320 4751 1467 4823 Vatt.
1496 4751 1561 4817 A,
1595 4751 1658 4823 is,
1693 4751 1862 4823 P,_Q,
1909 4752 2051 4818 Put.,

476 4825 685 4888 Oxon.,
730 4820 940 4891 Nonis.,
984 4822 1264 4888 Rottend.,
1304 4820 1443 4885 Gis.,
1492 4821 1636 4889 quod
1680 4821 1811 4875 mihi
1858 4823 2048 4892 placet.

477 4894 645 4949 Vocat
692 4893 880 4949 aedem
926 4894 1229 4965 stupendum
1278 4892 1621 4963 punctionem
1673 4892 1911 4965 militis,
1951 4909 2053 4963 qua

475 4975 761 5032 utrumque
790 4965 928 5019 latus
955 4962 1040 5019 est
1063 4962 1420 5033 perforatum,
1464 4971 1524 5017 ut
1565 4973 1719 5033 poeta
1760 4962 2049 5019 existimat.

474 5037 651 5102 Alex.,
684 5035 1022 5105 Torrentiani
1046 5035 1175 5105 duo,
1204 5035 1339 5105 ccede
1366 5035 1417 5087 in
1444 5037 1717 5105 stupenda,
1750 5035 1837 5089 ubi
1867 5050 2054 5103 super-

473 5109 635 5163 tluum
670 5114 754 5162 est
791 5106 862 5160 in.
914 5104 1127 5161 Etenim
1176 5122 1202 5159 e
1246 5104 1300 5159 in
1347 5105 1485 5159 ca’de
1528 5104 1847 5174 producitur
1893 5106 1961 5160 ob
2007 5118 2053 5160 st

470 5175 1249 5247 dictionisgsequentistHat.,
1293 5174 1476 5243 Prag.,
1521 5177 1687 5231 Gisel.
1733 5174 1798 5247 ad
1830 5190 2042 5247 imarg.,

472 5249 646 5311 Sich.,
679 5245 898 5311 Weiti.,
923 5247 1042 5301 Vat.
1067 5246 1109 5315 ι,
1140 5245 1294 5301 credis
1322 5248 1606 5312 stupendw,
1638 5245 1777 5316 quod
1805 5245 2052 5301 Heinsius

472 5320 755 5387 improbat.
809 5321 964 5375 Brev.
1000 5318 1135 5372 Moz.
1171 5316 1449 5387 nobiscum
1480 5316 1641 5387 facit,
1690 5317 1791 5371 nisi
1823 5317 1965 5386 quod
1998 5319 2049 5371 in

469 5386 614 5445 textu
641 5388 896 5444 mendose
925 5390 1175 5443 miracula
1204 5388 1384 5442 habet.
1436 5386 1489 5439 ln
1524 5386 1725 5442 llailsh.
1753 5395 1834 5441 est
1868 5402 2052 5441 rasura

466 5477 585 5524 t;u:e
616 5459 812 5513 indicat
845 5460 1006 5515 fuisse
1033 5460 1171 5512 cazde
1195 5457 1466 5527 stupenda.
1503 5456 1559 5508 In
1587 5458 1799 5512 schedis
1822 5458 2052 5512 Ambro-

469 5533 654 5594 sianis,
691 5532 733 5583 Ο
760 5546 944 5584 novum
971 5530 1135 5583 caedes
1178 5528 1428 5596 stupenda
1469 5528 1691 5580 uulneris
1718 5527 2047 5592 miraculum,

471 5613 525 5654 ιιι
555 5617 649 5669 per
678 5601 994 5672 epexegesin
1023 5599 1201 5672 caedes
1232 5598 1495 5672 stupenda
1528 5608 1579 5651 ct
1611 5598 1851 5652 vulneris
1890 5598 2050 5652 mira-

469 5672 643 5741 culum
670 5670 931 5741 dicantur.
963 5670 1116 5741 Quod
1146 5685 1276 5725 sane
1303 5671 1506 5735 nescio,
1535 5682 1631 5741 cur
1655 5677 1934 5741 tantOperc
1967 5685 2051 5723 re-

470 5739 796 5793 centioribus
826 5738 1119 5809 placuerit:
1166 5757 1270 5797 non
1302 5740 1443 5795 enim
1475 5739 1650 5794 easdes
1679 5738 1940 5807 stupenda
1970 5749 2052 5793 est

474 5809 783 5865 miraculum
832 5824 1022 5866 novum
1067 5812 1339 5871 vulneris;
1373 5810 1468 5865 sed
1512 5824 1705 5865 novum
1738 5810 2050 5865 miraculum

2169 3200 2404 3253 vulneris
2438 3198 2732 3261 indicasse,
2778 3198 3025 3253 nimirum
3068 3208 3173 3253 tam
3216 3203 3322 3255 alte
3350 3203 3542 3257 dextro
3585 3205 3741 3258 lateri

2171 3271 2409 3324 lanceam
2452 3271 2702 3323 intortam
2734 3268 2917 3332 fuisse,
2965 3278 3022 3323 ut
3064 3280 3120 3323 et
3162 3270 3214 3324 in
3255 3271 3531 3326 sinistrum
3576 3276 3745 3340 perti-

2165 3342 2332 3409 gerit,
2361 3340 2599 3406 adeoque
2626 3355 2737 3403 cor,
2766 3342 2908 3411 quod
2941 3341 2992 3393 in
3023 3341 3238 3395 sinistro
3265 3351 3376 3406 est,
3409 3344 3740 3411 vulnerarit,

2167 3420 2222 3465 et
2244 3412 2322 3465 sic
2348 3420 2630 3480 utrumque
2653 3412 2789 3463 latus
2810 3410 2971 3465 fuisse
2993 3411 3171 3479 aliquo
3191 3412 3353 3466 modo
3376 3410 3740 3480 vulneratum,

2167 3497 2273 3554 non
2307 3491 2480 3536 tamen
2513 3480 2978 3554 omninotrajecta
3010 3482 3211 3535 lancea.
3262 3482 3526 3538 Caeterum
3570 3500 3744 3554 neque

2167 3553 2451 3606 Gretaerus
2499 3566 2668 3621 neque
2717 3551 3036 3622 Haynaudus
3084 3556 3403 3611 sententiam
3456 3551 3736 3609 Prudentii

2166 3624 2490 3696 expendunt,
2524 3638 2625 3691 qua
2656 3632 2804 3691 parte
2821 3622 2924 3696 _ait,
2956 3622 3074 3674 hinc
3098 3636 3369 3696 cruorem,
3397 3626 3517 3677 inde
3541 3642 3735 3696 aquam

2168 3692 2411 3765 fluxisse.
2447 3694 2500 3765 In
2527 3706 2773 3765 sermone
2802 3693 2869 3745 de
2899 3696 3148 3765 passione
3176 3693 3373 3765 Christi
3405 3696 3547 3750 inter
3573 3692 3743 3765 opera

2164 3764 2223 3818 S.
2252 3764 2503 3835 Cypriani
2542 3762 2752 3836 similis
2794 3772 2888 3836 est
2922 3762 3140 3831 opinio:
3186 3764 3262 3816 De
3298 3766 3454 3819 latere
3487 3777 3577 3820 tuo
3611 3762 3745 3836 '[ons

2164 3832 2485 3903 egreditur...
2518 3832 2690 3887 divisis
2718 3833 2963 3887 limitibus
2989 3850 3145 3901 aqua,
3173 3844 3219 3887 et
3244 3839 3449 3903 sanguis
3477 3832 3742 3891 emanant.

2162 3894 2439 3959 Cornelius
2469 3920 2497 3957 a
2531 3904 2729 3974 Lapide
2768 3904 2833 3957 ad
2872 3918 2989 3972 cap.
3020 3894 3085 3959 i9
3132 3894 3293 3959 'Joan.
3328 3894 3487 3961 docet
3531 3908 3741 3972 vidcr’i,

2172 3975 2409 4029 lanceam
2432 3974 2674 4029 adactam
2698 3990 2793 4043 per
2810 3977 2947 4028 latus
2961 3975 3155 4029 Christi
3182 3976 3452 4041 dextrum,
3478 3987 3535 4032 et
3561 3988 3740 4033 transo

2166 4046 2294 4100 iisse
2342 4061 2435 4115 per
2463 4060 2557 4100 cor
2594 4054 2646 4100 et
2675 4045 3076 4115 [pericardium,
3114 4046 3183 4099 ita
3232 4058 3287 4099 ut
3327 4049 3508 4115 cn5pis
3550 4052 3741 4105 exierit

2162 4130 2255 4184 per
2288 4119 2425 4170 latus
2454 4117 2727 4171 sinistrum
2759 4116 2822 4170 ad
2855 4116 3135 4185 papillam,
3176 4117 3315 4186 quod
3345 4119 3631 4173 confirmat
3671 4136 3739 4174 ex

2163 4188 2468 4253 Prudentio,
2498 4186 2766 4258 Cypriano
2804 4196 2861 4258 et
2883 4186 3305 4256 'l‘heophylacto,
3340 4191 3428 4258 qui
3461 4191 3514 4243 in
3545 4191 3734 4257 plurali

2162 4272 2384 4329 numero
2431 4266 2585 4329 vocat
2631 4257 2733 4311 hoc
2781 4257 2974 4329 vulnus
3021 4262 3239 4329 τύπους,
3286 4257 3505 4329 ειηιιίει
3546 4261 3739 4315 vulnus

2160 4328 2332 4382 dextri
2368 4328 2550 4383 lateris
2581 4338 2783 4398 tantum
2818 4328 3038 4398 fuit,7nt
3067 4328 3302 4383 Thomas
3330 4328 3519 4383 manus
3552 4339 3739 4398 posset

2160 4398 2463 4452 immittere.
2527 4397 2809 4452 Existimat
2840 4397 3185 4453 Prudentium
3217 4399 3461 4465 innuere,
3498 4397 3594 4469 per
3623 4416 3739 4455 ma-

2158 4469 2264 4537 jus,
2299 4471 2413 4540 sive
2441 4473 2710 4540 potentius
2737 4469 2927 4522 vulnus
2955 4470 3288 4538 sanguinem,
3322 4486 3415 4540 per
3446 4474 3647 4532 minus.
3684 4482 3739 4527 et

2165 4539 2463 4608 pericardio
2494 4539 2718 4593 vicinius
2748 4555 2935 4609 aquam
2968 4543 3229 4609 erupisse.
3284 4539 3603 4596 Franciscus
3630 4542 3739 4597 Xa-

2163 4610 2345 4682 verius
2390 4609 2459 4664 de
2506 4610 2766 4682 ldiaquezr
2796 4611 3021 4682 (nomen
3074 4621 3155 4664 tor
3195 4626 3461 4682 magnum
3493 4614 3732 4681 pietate,

2157 4680 2421 4745 doctrina,
2454 4681 2664 4749 generis
2691 4680 3022 4750 splendore),
3052 4680 3320 4737 indefesso
3346 4680 3528 4738 studio
3560 4694 3615 4737 et
3642 4698 3739 4740 ex-

2156 4750 2349 4820 quisita
2380 4751 2707 4813 eruditione,
2753 4752 2978 4819 plurima
3021 4767 3084 4805 ac
3124 4767 3257 4820 pene
3291 4753 3519 4808 dixerim
3553 4756 3739 4808 omnia

2155 4821 2370 4891 collegit
2399 4836 2519 4891 qnzc
2547 4821 2643 4876 SS.
2668 4820 2850 4876 Patres
2878 4821 3075 4891 aliique
3104 4833 3348 4877 auctores
3380 4825 3740 4880 ecclesiastici

2154 4891 2222 4946 de
2247 4890 2383 4946 sacri
2413 4890 2591 4946 cordis
2616 4891 2743 4945 Jesu
2774 4892 2921 4947 cultu
2948 4890 3009 4946 nc
3037 4893 3106 4947 de
3136 4893 3315 4949 lateris
3344 4896 3565 4950 vulnere
3596 4895 3741 4951 litte-

2156 4962 2229 5016 ris
2258 4963 2657 5030 consignarunt.
2712 4963 2783 5017 Ex
2829 4963 2945 5031 ejus
2988 4963 3201 5018 schedis
3232 4964 3488 5032 quaedam
3524 4982 3737 5021 mecum

2155 5035 2546 5105 communicata
2576 5042 2737 5105 sunt,
2782 5033 2974 5105 quibus
3009 5034 3108 5087 hoc
3150 5044 3519 5104 argumcntum
3568 5037 3741 5105 possit

2154 5103 2431 5176 illustrari.
2502 5102 2646 5176 Multi
2694 5114 2819 5176 sunt
2864 5104 2952 5171 qui
3003 5106 3141 5176 latus
3186 5102 3501 5175 perforatum
3549 5102 3740 5176 aperte

2156 5175 2404 5237 tradunt,
2447 5174 2600 5241 cujus
2626 5175 2775 5229 verbi
2806 5188 2868 5227 ea
2899 5184 2981 5227 est
3010 5175 3119 5239 vis,
3164 5174 3219 5228 ut
3260 5177 3501 5230 lanceam
3533 5174 3599 5232 ex
3630 5193 3740 5233 una

2155 5245 2337 5316 lateris
2369 5258 2517 5313 parte
2550 5244 2602 5297 in
2637 5244 3062 5316 alteramitotum
3093 5259 3290 5315 corpus
3319 5247 3596 5316 trsjecisse
3627 5263 3738 5303 non

2158 5315 2425 5369 immerito
2454 5317 2600 5385 argui
2632 5316 2821 5382 possit.
2867 5315 2961 5368 llis
2988 5316 3220 5375 omissis.
3254 5315 3427 5385 neque
3453 5319 3599 5373 enim
3630 5334 3742 5373 uno

2157 5386 2323 5440 verbo
2350 5401 2437 5440 res
2467 5387 2829 5456 tantaconlici
2861 5386 3050 5451 debet,
3097 5387 3151 5440 S.
3183 5386 3476 5456 Gregorius
3504 5388 3741 5443 Naz'an-

2158 5458 2403 5527 zenusin
2437 5455 2691 5525 tragtedia
2721 5456 2947 5511 Christus
2993 5458 3189 5527 potiens
3227 5455 3335 5510 ait:
3380 5458 3646 5527 νίψειεν..
3684 5472 3742 5513 ιιι

2156 5528 2269 5595 fons
2308 5525 2502 5594 duplex
2554 5528 2797 5579 scaturiat
2857 5528 2965 5595 ejus
3008 5543 3034 5579 e
3072 5526 3247 5580 latere.
3309 5528 3367 5583 S.
3424 5525 3745 5584 Eustathius

2157 5596 2439 5669 episcopus
2473 5598 2847 5669 Antiochenus
2876 5598 3013 5669 apud
3038 5597 3437 5652 Theodoretum
3470 5600 3686 5669 dialogo
3708 5601 3746 5654 2

2160 5666 2491 5733 lnconfusus,
2526 5676 2652 5721 tom.
2684 5666 2745 5733 ll,
2774 5682 2890 5736 pag.
2916 5668 3020 5721 5’29
3047 5669 3175 5722 edit.
3198 5669 3511 5735 Colonien.,
3544 5666 3744 5723 Eorum

2156 5748 2324 5809 autem
2348 5740 2577 5791 oculis...
2602 5736 2861 5807 perforata
2883 5740 3107 5792 latera...
3128 5740 3397 5809 subjiciens
3420 5741 3740 5795 ostendebat.

2159 5808 2325 5864 lucidi
2370 5818 2551 5873 postea
2590 5811 2641 5864 in
2675 5810 3105 5867 dissertationem
3137 5810 3199 5864 G.
3231 5811 3503 5876 Sagittarii
3535 5812 3597 5863 de
3625 5811 3742 5865 lan-
