4102 6348
303 399 408 457 875

1471 600 1561 668 [ex
1590 600 1755 654 altera
1783 616 1796 653 :

476 692 717 766 Lympha
746 707 937 763 nempe
967 693 1059 748 dat
1083 693 1352 749 lavacrum
1372 734 1385 758 ,
1425 700 1536 747 tum
1578 705 1775 748 corona
1806 706 1871 751 ex

1390 782 1671 854 [sanguine
1698 796 1799 838 εει.

550 875 694 931 Vidit
733 876 921 947 anguis
959 874 1286 931 immolatam
1316 875 1561 945 corporis
1598 876 1735 931 sacri
1774 875 1873 931 ho—

1600 968 1798 1039 issam.

480 1056 643 1127 Vidit,
672 1066 728 1115 et
756 1059 894 1115 fellis
923 1060 1128 1130 perusti
1160 1074 1283 1115 mox
1312 1074 1573 1115 venenum
1613 1058 1871 1129 perdidit,

302 1151 370 1206 90
480 1150 707 1207 Saucius
733 1150 919 1207 dolore
945 1152 1135 1217 multo,
1164 1151 1299 1206 colla
1326 1150 1527 1206 fractus
1555 1150 1726 1206 sibila.

548 1241 681 1309 Quid
695 1240 812 1307 tibi,
830 1242 1052 1313 profane
1070 1257 1313 1312 serpens,
1334 1242 1530 1313 profuit
1547 1244 1707 1300 rebus
1729 1244 1879 1300 novis

478 1334 684 1390 Plasma
714 1335 941 1405 primum
974 1335 1267 1404 perculisse
1294 1336 1562 1404 versipelli
1588 1337 1783 1392 asuttia
1807 1336 1831 1389 ‘t

479 1424 635 1497 347
656 1425 817 1481 Diluit
839 1426 1047 1496 culpam
1079 1436 1295 1495 recepto
1311 1428 1476 1482 lorma
1499 1428 1737 1483 mortalis
1752 1429 1877 1484 Deo.

546 1515 629 1571 Ad
668 1516 882 1574 brevem
917 1532 974 1573 se
1014 1518 1203 1574 mortis
1234 1532 1385 1574 usum
1424 1518 1530 1572 dux
1574 1519 1759 1575 salutis
1788 1518 1884 1575 de-

1635 1611 1809 1683 [didit,

335 1703 405 1757 95
480 1703 718 1758 Mortuos
748 1702 873 1758 olim
902 1702 1140 1772 sepultos
1170 1710 1228 1756 ut
1258 1701 1433 1756 redire
1462 1702 1809 1770 insuesceret,

379 1824 387 1833 -
481 1794 765 1849 Dissolutis
793 1793 1136 1864 pristinorum
1160 1793 1387 1847 vinculis
1414 1794 1800 1862 peccaminum.

551 1884 701 1941 Tunc
756 1894 971 1955 patres,
1020 1886 1295 1955 sanctique
1343 1885 1494 1940 multi
1547 1886 1877 1943 conditorem
1910 1883 1957 1942 Β

1590 1992 1808 2032 ramum

1590 1992 1738 2032 1⁸81⁷11

474 2068 591 2125 Jam
624 2076 978 2125 revertentem
1010 2068 1199 2135 secuti,
1235 2068 1391 2124 tertio
1412 1977 1626 2125 demltfm
1653 2070 1738 2125 die

1365 391 1906 451 CATI‘IEMERINON
1949 392 2040 447 IX.
2081 391 2242 447 OMNI
2284 391 2488 447 IIORA.

479 506 640 580 ’τις
670 504 805 563 Hinc
828 506 1035 563 cruoris
1070 506 1221 563 ﬂuxit
1251 506 1420 573 unda,
1465 506 1678 577 lympha
1717 515 1869 577 parte
1897 508 1949 565 A

1982 685 2081 743 100

3448 388 3554 443 δη

2151 503 2339 561 Carnis
2404 502 2711 558 indumenta
2753 479 3001 568 sumunt,
3042 512 3179 569 eque
3219 498 3391 555 bustis
3433 515 3556 571 pro-

3279 590 3484 662 [deunt.

2223 685 2483 741 Cerneres
2514 685 2657 741 coire
2685 684 2922 740 membra
2952 682 3019 739 dc
3045 682 3238 739 favillis
3261 682 3447 749 aridis,

2155 775 2318 850 35.8
2346 777 2617 849 Frigidum
2669 775 2816 832 venis
2847 775 3135 846 resumptis
3180 774 3449 845 pulverem
3474 782 3554 829 te-

3221 864 3485 937 “temere,

2157 960 2313 1026 Ossa,
2343 971 2557 1024 nervos,
2591 972 2654 1012 ac
2681 956 2942 1013 medullas
2966 956 3170 1026 glutino
3201 955 3340 1011 cutis
3372 958 3496 1026 tegi.

2234 1051 2395 1120 Post,
2426 1058 2487 1104 ut
2514 1062 2761 1105 occasum
2792 1049 3031 1115 resolvit,
3059 1049 3183 1103 vitae
3206 1056 3261 1104 et
3287 1048 3559 1104 hominem

3216 1138 3488 1211 [reddidit,

2169 1238 2407 1294 Arduum
2448 1233 2680 1290 tribunal
2708 1232 2799 1287 alti
2830 1232 3001 1287 victor
3021 1232 3260 1288 ascendit
3286 1233 3488 1299 Patris,

1988 1334 2089 1390 105
2164 1332 2421 1402 lnelytam
2449 1329 2584 1384 coelo
2612 1335 2893 1397 reportans
2923 1325 3188 1396 passionis
3217 1328 3462 1397 gloriam.

2234 1424 2401 1478 Macte
2436 1420 2598 1489 judex
2649 1428 3015 1486 mortuorum,
3047 1427 3221 1474 macte
3255 1433 3347 1475 rex
3382 1419 3562 1475 viven-

3315 1508 3492 1580 ilium.

2166 1606 2359 1659 Dexter
2391 1603 2441 1656 in
2482 1604 2717 1672 parentis
2739 1616 2862 1656 arce
2901 1602 2991 1671 qui
3018 1600 3153 1657 cluis
3184 1602 3493 1668 virtutibus,

2165 1696 2413 1752 Omnium
2458 1702 2714 1749 venturus
2744 1694 2867 1753 inde
2892 1693 3066 1763 justus
3097 1694 3238 1748 ultor
3258 1695 3561 1751 criminum.

2243 1788 2319 1843 Te
2375 1800 2563 1849 senes,
2615 1794 2665 1839 et
2713 1794 2764 1839 te
2806 1784 3076 1854 juventus,
3126 1785 3466 1854 parvulorum
3514 1796 3566 1841 te

3254 1876 3491 1949 [chorus,

1991 1975 2093 2030 110
2168 1972 2344 2029 Turba
2377 1976 2627 2035 matrum,
2666 1967 3065 2039 virginumque,
3112 1967 3380 2038 simplices
3412 1972 3563 2037 puel-

3334 2057 3497 2127 'lulze,

1574 2159 1862 2219 GLOSSE
1904 2159 2243 2218 VETERES.

370 2252 459 2307 87.
499 2248 708 2305 Corona
738 2263 802 2305 ex
834 2251 1109 2318 sanguine,
1142 2268 1234 2321 per
1258 2250 1558 2320 martyrium
1583 2262 1675 2318 est,
1704 2252 1740 2307 Ι.

368 2322 457 2378 88.
502 2320 726 2389 Anguis,
756 2322 993 2389 antiquus
1022 2322 1200 2386 hostis,
1228 2322 1266 2375 Ι.

370 2392 458 2447 89.
500 2392 727 2455 Perusti,
754 2394 1057 2458 consumpti,
1088 2394 1127 2446 Ι.

368 2464 457 2535 90.
500 2460 686 2535 _S_ibilt_t,
711 2461 1091 2535 si‘bilosa,_IIat.
1116 2469 1169 2515 et
1196 2460 1235 2514 Ι.

298 2603 340 2657 ν
370 2530 817 2657 Versipelli,
871 2532 1081 2586 callido.
1130 2563 1197 2571 —-
1257 2530 1602 2598 Hoitamine,
1654 2536 1875 2598 astutia,

348 2618 421 2655 a.
501 2640 516 2655 .

328 2603 421 2656 fat.
450 2603 516 2656 A.

369 2672 456 2727 95.
491 2672 668 2736 Diluit,
700 2672 880 2737 abluit,
914 2672 951 2725 1.

373 2742 461 2799 94.
497 2742 631 2806 Dus,
666 2741 822 2808 Deus,
855 2742 894 2796 Ι.

2061 2253 2147 2307 95.
2183 2253 2539 2318 lnsuesceret,
2570 2254 2937 2312 consuesceret,
2966 2248 3205 2312 activum,
3237 2246 3275 2299 Ι.

2062 2325 2183 2378 100.
2218 2323 2499 2389 Cerneres,
2526 2317 2575 2374 si
2604 2322 2823 2380 adesses,
2856 2334 3058 2389 cernere
3085 2333 3275 2387 posses,
3308 2317 3409 2375 lso.

2060 2395 2179 2448 101.
2211 2388 2530 2461 Tepescere,
2561 2390 2883 2461 incalescere,
2916 2388 2953 2441 l.

2056 2465 2181 2520 105.
2214 2459 2498 2525 Occasum,
2527 2470 2760 2521 mortem.
2792 2459 2831 2513 Ι.

2065 2535 2185 2588 105.
2214 2533 2387 2599 Caelo,
2413 2534 2480 2586 ad
2508 2528 2710 2595 etclam,
2739 2530 2778 2583 I.

2060 2605 2181 2659 106.
2218 2603 2410 2667 Macte,
2441 2602 2600 2663 salve,
2631 2601 2795 2670 magis
2820 2608 2985 2663 aucte,
3013 2599 3053 2653 I.

2061 2675 2182 2728 107.
2215 2673 2383 2739 Cluis,
2407 2672 2663 2741 splendes,
2688 2668 2764 2725 vel
2792 2669 3044 2735 abundas,
3074 2669 3113 2723 I.
3145 2668 3339 2738 Palles,
3362 2671 3475 2727 Vat.
3501 2674 3563 2729 A.

1989 2744 2268 2809 Gloriaris,
2294 2744 2452 2813 Prag.

1638 2835 2197 2895 COMMENTARIUS.

297 2928 418 2996 eea',
462 2935 735 2999 qua_5atus
758 2924 947 2999 Christi
977 2928 1260 2999 perfossum
1286 2938 1387 2992 est,
1438 2928 1527 2984 ubi
1574 2929 1769 2999 allegat
1819 2933 1877 2986 S.

298 2996 535 3067 Leonem
567 2996 820 3068 Magnum
860 2996 1019 3066 epist.
1050 2998 1139 3065 98,
1177 3012 1297 3068 cap.
1326 3000 1381 3068 5,
1430 3001 1518 3068 qui
1554 2996 1709 3055 vocai
1760 3003 1881 3055 vul-

299 3086 422 3123 nera
453 3066 649 3133 lateris,
694 3076 748 3121 et
786 3066 1121 3121 Eustathium
1161 3067 1298 3137 apud
1331 3066 1726 3124 Theodoretum
1756 3072 1877 3125 dia-

298 3140 421 3213 lego
450 3140 475 3194 1
508 3141 602 3213 τᾲς
629 3139 947 3213 τετρωμένας
970 3140 1220 3213 πλευρὰς.
1252 3137 1421 3213 Negat
1451 3154 1581 3213 vero
1611 3141 1822 3213 dialogo
1846 3142 1882 3194 2

297 3208 407 3278 legi
440 3209 697 3279 perforata
721 3208 914 3261 latera.
969 3209 1081 3274 Ego
1107 3208 1250 3261 'vero
1296 3208 1415 3277 lego
1455 3209 1668 3278 dialogo
1712 3208 1882 3271 ε’τάς

296 3282 617 3359 τιτρωμένᾳς
660 3279 913 3359 ultimae;
965 3279 1061 3333 sed
1109 3279 1374 3345 interpres
1417 3281 1577 3333 vertit
1617 3280 1749 3335 latus
1788 3296 1886 3349 pro

296 3353 465 3405 latera
492 3349 621 3405 edtt.
654 3347 825 3402 Parts.
860 3347 1029 3412 1642,
1074 3357 1202 3402 tom.
1232 3348 1319 3415 IV,
1356 3364 1474 3419 pag.
1505 3348 1595 3404 90.
1651 3350 1766 3404 Non
1797 3359 1881 3404 ta-

318 3369 465 3405 αισα
492 3369 621 3405 catt.
655 3369 825 3402 rarts.
860 3369 1029 3412 ποθι,
1074 3369 1202 3402 tom.
1232 3369 1319 3415 IV,
1356 3369 1474 3415 pag.
1505 3369 1595 3404 υυ.
1651 3369 1766 3404 non
1797 3369 1881 3404 ta-

295 3436 427 3477 men
477 3418 823 3489 negaverim,
886 3419 1208 3473 sententiam
1254 3428 1308 3472 et
1356 3418 1781 3475 cotnmuniorem
1830 3430 1885 3475 et

296 3488 627 3561 evangelicis
670 3488 848 3561 verbis
893 3490 1359 3561 congruentiorem
1405 3504 1526 3561 esse
1575 3493 1731 3561 unico
1773 3491 1882 3545 ictu

298 3558 684 3617 latus'Domini
715 3558 853 3627 (sive
890 3558 1135 3614 dextrum
1158 3601 1174 3625 ,
1229 3559 1341 3616 sive
1385 3560 1681 3629 sinistrum)
1719 3561 1883 3618 fuisse

296 3633 599 3702 apertumf,
630 3644 697 3685 ex
726 3645 833 3700 quo
859 3644 994 3700 aqua
1020 3630 1178 3684 simul
1211 3633 1513 3702 et_sanguis
1544 3630 1878 3697 efﬂuxerint,

298 3700 524 3772 quiue:
554 3700 898 3772 alteraiparte
925 3715 1091 3771 aqua,
1140 3715 1204 3755 ex
1242 3700 1411 3756 altera
1450 3702 1665 3771 sanguis
1694 3702 1881 3758 divisis

298 3770 566 3828 limitibus
592 3770 956 3839 intelligantur
980 3770 1285 3825 emanasse.

378 3842 467 3896 87.
499 3841 644 3903 Rat.,
675 3841 920 3909 sanguine
950 3841 1065 3895 sine
1094 3851 1187 3894 est.

377 3910 467 3965 88.
505 3910 660 3962 Brev.
689 3908 827 3961 Mos.
856 3910 986 3962 vitio
1012 3925 1071 3963 se
1097 3911 1433 3964 immolatum.

378 3980 467 4050 90.
500 3978 642 4045 Lego
671 3977 835 4050 _sibila
880 3992 999 4030 cum
1019 3979 1230 4050 __lsone,
1280 3980 1437 4044 Put.,
1491 3980 1608 4035 Rat.
1635 4023 1649 4044 ,
1700 3984 1878 4050 Gold.,

299 4047 509 4121 VVidm.
544 4061 590 4121 a_
604 4046 773 4115 prima
804 4062 981 4121 manu,
1001 4046 1316 4121 ‘ﬂeins_i0_et
1344 4050 1484 4103 aliis.
1520 4051 1607 4106 Sic
1629 4046 1881 4121 Virgilius

298 4120 405 4173 lib.
451 4132 506 4170 tn
553 4117 749 4187 Georg.
783 4130 927 4170 vers.
959 4116 1100 4171 £21:
1158 4116 1537 4187 Tollentemque
1585 4116 1781 4186 minas,
1836 4133 1884 4177 et

296 4188 458 4243 sibila
497 4184 635 4239 colla
670 4195 958 4241 tumentem.
1012 4187 1330 4241 Prudentius
1370 4184 1526 4256 igitur
1565 4201 1712 4244 reme
1746 4184 1885 4247 dixit

298 4258 445 4312 colla
474 4260 667 4326 fractus
694 4256 864 4311 sibila.
919 4258 972 4310 In
1004 4257 1273 4326 plerisque
1304 4266 1388 4311 est
1418 4259 1609 4324 sibilat,
1639 4261 1799 4314 etiam
1827 4262 1883 4317 in

301 4327 578 4389 Fabricio,
607 4330 690 4380 cui
714 4326 929 4380 Teolius
956 4328 1178 4395 imputat
1202 4327 1392 4380 sibilas.

378 4398 466 4453 92.
492 4397 617 4469 Vat.
638 4396 704 4469 A,
730 4396 937 4469 palma;
960 4412 1113 4469 error
1134 4408 1331 4469 estipro
1354 4398 1573 4465 plasma.
1603 4400 1795 4469 llymn.
1821 4402 1877 4469 5,

299 4483 451 4524 vers.
480 4468 603 4532 185,
637 4466 848 4520 Plasma
878 4466 973 4520 Dei
1000 4468 1065 4521 de
1092 4467 1325 4522 homine.
1374 4471 1551 4534 Alex.,
1581 4466 1695 4524 Vat.
1724 4472 1789 4537 A,
1817 4466 1878 4537 Β,

300 4541 372 4603 P,
394 4538 597 4609 APrag.,
625 4537 843 4609 weitzq
882 4537 994 4609 Gis.
1027 4538 1093 4591 ad
1123 4554 1316 4607 marg.,
1361 4538 1529 4605 Sich.,
1575 4541 1877 4597 hortamine.

2062 2929 2151 2984 96.
2182 2927 2513 2984 Vocabulum
2546 2942 2836 2996 peccamen,
2868 2925 3009 2996 quod
3036 2926 3205 2982 Gildas
3232 2926 3570 2986 Vossius'im-

1990 3011 2289 3069 putaverat,
2330 3013 2483 3053 aeneo
2524 2996 2721 3052 szcculo
2745 3011 2809 3069 ex
2862 2996 3151 3069 Prudentio
3195 3000 3569 3057 restituitCel-

1988 3068 2179 3148 larius.
2222 3070 2521 3148 Spiegelius
2581 3068 3165 3148 vinculapristinorum
3220 3072 3569 3135 peccaminum

1989 3141 2206 3209 exponit
2236 3140 2303 3193 de
2334 3148 2567 3209 peccato
2591 3138 2861 3209 originali.
2901 3138 3014 3209 _Setl
3057 3138 3339 3207 diligenter
3382 3155 3511 3196 cave
3537 3159 3568 3199 a

1991 3206 2256 3274 laudibus,
2307 3206 2500 3280 quibus
2530 3208 2757 3280 Fabr_um
2806 3217 2861 3261 et
2900 3206 3183 3280 Erasmum
3234 3213 3569 3280 prosequitur

1990 3280 2132 3334 circa
2161 3276 2402 3347 Apostoli
2440 3279 2612 3331 locum
2647 3276 2811 3345 Epist.
2846 3277 2911 3329 ad
2946 3277 3215 3330 Romanos
3238 3276 3360 3346 'cap.
3394 3276 3446 3345 ὖ,
3478 3282 3564 3347 12,

1990 3365 2261 3411 asserens,
2288 3346 2730 3415 expendendum,
2767 3361 2891 3399 num
2930 3356 3352 3402 consentaneum
3384 3346 3567 3413 fuerit,

1990 3419 2209 3473 Paulum
2240 3419 2418 3472 statim
2452 3418 2579 3471 illud
2609 3415 2920 3485 mysterium
2958 3418 3203 3485 gentibus
3231 3420 3439 3485 aperire
3470 3436 3568 3474 vo-

1990 3490 2174 3545 luisse.
2206 3486 2439 3543 Consule
2464 3488 2533 3541 cl.
2570 3484 2801 3540 Ber’tium
2835 3484 2928 3539 lib.
2962 3484 3054 3540 im
3083 3488 3148 3540 de
3180 3484 3365 3542 Theol.
3397 3490 3565 3553 Disc..

1988 3575 2105 3629 cap.
2133 3561 2185 3625 1,
2218 3558 2621 3629 ubiErasmum
2649 3566 2704 3612 et
2729 3556 2884 3611 .loan.
2914 3556 3285 3626 Phercponum
3330 3560 3487 3616 docte
3515 3573 3569 3618 et

1990 3628 2217 3685 nervose
2245 3628 2458 3684 refellit.

2057 3700 2147 3759 97.
2190 3699 2349 3754 Fabr.
2401 3706 2455 3752 et
2501 3699 2692 3766 Bong.,
2721 3697 2998 3768 hancpro
3041 3708 3178 3751 tunc.
3210 3696 3265 3751 In
3315 3698 3468 3768 Egm.
3512 3714 3570 3756 et

1988 3770 2157 3825 Palat.
2198 3770 2356 3826 lectio
2384 3776 2467 3823 est
2492 3769 2775 3833 mendosa,
2806 3767 2905 3821 sub
2930 3783 3030 3837 qua
3065 3767 3263 3837 aliquid
3308 3767 3569 3827 reconditi

1988 3842 2154 3897 latere
2197 3841 2500 3908 suSpicatur
2536 3838 2815 3910 Heinsius,
2851 3837 2997 3891 Tunc
3028 3848 3195 3910 patres
3231 3844 3392 3910 sancti
3419 3858 3568 3910 quem

1986 3912 2169 3965 ultima
2194 3913 2419 3965 virorum
2445 3909 2691 3963 condidit.
2722 3909 2777 3963 ln
2803 3909 3043 3977 margine
3074 3909 3229 3963 lectio
3250 3909 3481 3979 vulgata.
3507 3912 3565 3966 In

1986 3983 2093 4035 Alt.
2117 4023 2129 4041 .
2164 3981 2305 4035 Tunc
2354 3992 2521 4049 patres
2562 3980 2765 4045 sancti,
2808 3994 2932 4049 quos
2973 3981 3152 4049 ultima
3194 3996 3304 4049 sors
3346 3982 3568 4035 virorum

1988 4052 2235 4105 condidit.
2266 4053 2323 4105 In
2359 4048 2538 4114 Vat.Q
2567 4049 2679 4101 sola
2713 4049 2826 4100 [nec
2858 4048 3034 4112 lectio,
3063 4048 3210 4102 Tunc
3232 4048 3415 4104 Patres
3442 4068 3564 4104 sau-

1987 4122 2077 4188 cti,
2109 4137 2255 4190 quem
2279 4120 2463 4190 ultima
2492 4121 2715 4190 virorum
2742 4117 2991 4190 condidit.

2057 4187 2146 4245 98.
2173 4192 2329 4243 Brev.
2354 4188 2489 4242 Moz.
2523 4187 2772 4241 mendum
2803 4187 2934 4239 diem
2966 4187 3019 4240 in
3048 4194 3215 4240 textu.

2058 4260 2146 4315 99.
2178 4258 2339 4312 Fabr.
2371 4266 2426 4312 et
2466 4256 2603 4323 Gis.,
2632 4257 2811 4325 deque.
2859 4256 2999 4323 Lege
3031 4271 3147 4323 cap.
3180 4272 3324 4309 xxvtt
3372 4258 3563 4316 Matth.

1988 4344 2128 4385 vers.
2157 4328 2227 4383 52
2267 4339 2320 4383 et
2361 4328 2449 4384 55.
2482 4327 2646 4382 Recte
2696 4325 3013 4381 Prudentius
3062 4326 3207 4379 tertio
3244 4326 3445 4381 demum
3484 4331 3568 4385 die

1989 4399 2038 4452 id
2067 4399 2324 4457 accidisse
2356 4407 2558 4462 narrat,
2586 4397 2725 4467 quod
2772 4411 2800 4449 a
2843 4396 2900 4451 S.
2934 4395 3184 4451 Mattbaeo
3213 4397 3441 4452 relatum
3484 4412 3568 4456 est

1986 4484 2083 4539 per
2114 4470 2573 4537 anticipationem,
2600 4477 2658 4521 ut
2693 4468 3015 4539 interpretes
3054 4477 3358 4539 exponunt;
3401 4470 3565 4538 quid-

1985 4536 2112 4609 quid
2162 4536 2346 4594 contra
2394 4554 2513 4593 cum
2563 4552 2660 4592 suo
2708 4539 2930 4609 Erasmo
2975 4536 3273 4609 Spiegelius
3324 4536 3560 4609 asserat,

302 4606 457 4688 Ald._,
482 4606 666 4688 ιτξιιηκ3
696 4607 865 4688 Palat.
892 4607 959 4688 ad
991 4622 1161 4688 oram,
1190 4606 1355 4663 Gisel.
1387 4611 1442 4688 in_
1472 4618 1639 4677 textu,
1667 4613 1876 4688 astutia,
1906 4628 1961 4688 Ι)
1987 4606 2122 4665 lianc
2148 4609 2641 4688 interpretationem
2674 4607 2915 4688 nonnihil
2938 4620 3058 4662 esse
3089 4606 3375 4661 detortam.
3408 4606 3565 4674 Quod

297 4678 450 4804 guod
492 4677 693 4746 placuit
722 4677 962 4740 Heinsio,
994 4679 1082 4746 qui
1124 4694 1220 4747 pro
1248 4695 1308 4733 ea
1340 4681 1601 4760 scriptura
1630 4690 1775 4737 stare
1802 4684 1881 4738 ait

351 4756 428 4801 ut.
460 4759 509 4801 ct
540 4748 737 4804 Oxon..
775 4756 830 4801 et
868 4748 1045 4801 denuo
1075 4764 1357 4804 occurrere
1386 4751 1699 4804 versipellem
1739 4762 1881 4804 astu-

351 4756 428 4801 ut.
460 4759 509 4820 ct
540 4748 737 4820 Oxon"
775 4748 1357 4820 etﬁdettuogoccurrere
1386 4751 1699 4820 versipellem
1739 4762 1881 4806 astu-

297 4821 433 4872 tiam
455 4818 651 4890 Apoth.
675 4831 819 4871 vers.
844 4817 912 4871 58
935 4818 1139 4890 pra:_i:tt.
1171 4818 1315 4873 Idem
1347 4820 1475 4890 mihi
1504 4817 1731 4884 videtur,
1755 4824 1878 4890 quia

296 4903 488 4945 sermo
513 4898 589 4943 est
618 4887 685 4943 de
710 4896 978 4958 serpente.
1011 4887 1123 4940 Non
1153 4895 1329 4942 tamen
1356 4887 1553 4943 damno
1573 4887 1877 4958 hortamine,

297 4959 454 5032 quod
475 4959 683 5013 videtur
707 4959 929 5032 verbum
953 4957 1392 5032 Prudentianum,
1414 4969 1606 5013 etcum
1626 4962 1880 5032 versipelli

301 5027 546 5085 indolem
576 5029 839 5097 serpentis
866 5028 997 5082 satis
1018 5027 1275 5082 declarat.

378 5100 469 5154 95.
504 5098 620 5152 Vat.
652 5096 716 5163 A,
747 5098 923 5151 deluit.
957 5096 1093 5161 Gis.,
1126 5098 1309 5166 It‘abr.,
1342 5108 1563 5168 recepta.

381 5170 472 5239 94.
506 5168 624 5223 Vat.
660 5169 732 5231 Β,
768 5168 885 5221 Rat.
930 5182 961 5220 a
992 5168 1159 5235 prima
1202 5169 1662 5239 manu,illailsb.,
1698 5171 1882 5237 Gold.,

303 5237 514 5291 Widm.
550 5254 579 5290 a
621 5239 853 5292 secunda
897 5252 1054 5291 manu
1077 5278 1092 5304 ,
1121 5238 1366 5293 reddidit.
1401 5238 1619 5303 Verius,
1650 5237 1881 5295 dedidit.

301 5308 631 5377 Spiegelius,
659 5308 858 5361 obtulit.

384 5379 472 5432 95.
505 5379 558 5431 ln
594 5378 752 5443 Aldo,
776 5386 1119 5447 mortuosque.
1152 5378 1428 5447 Repugnat
1461 5380 1636 5433 sensui
1661 5395 1723 5435 ea
1757 5396 1886 5436 con-

302 5449 515 5519 iunctio
542 5449 839 5519 que.Brev.
886 5449 1019 5502 bloz.
1040 5489 1054 5513 ,
1085 5448 1403 5519 sepultosque
1429 5490 1442 5513 ,
1489 5464 1671 5518 parum
1715 5462 1886 5507 metro

304 5517 567 5572 uolueret.
590 5518 858 5572 Iudicatur
877 5533 980 5573 una
1004 5533 1069 5573 ex
1097 5517 1272 5574 causis
1294 5517 1694 5575 reSttrrectionis
1709 5521 1887 5576 Domi-

307 5588 390 5651 ni,
423 5598 479 5641 ut
511 5589 753 5643 homines
775 5603 833 5643 se
859 5598 1251 5644 resurrecturos
1273 5601 1565 5657 sperarent.
1599 5591 1757 5647 Poeta
1791 5608 1885 5647 cx-

308 5657 506 5726 plicat,
558 5666 797 5711 mortuos
827 5659 954 5713 olim
992 5661 1229 5726 sepultos
1273 5670 1669 5716 resurrecturos
1700 5674 1884 5717 contra

308 5743 555 5798 errorem
595 5742 779 5781 eorum
810 5729 1184 5798 qui.putabant
1212 5739 1449 5785 mortuos
1490 5747 1591 5785 non
1631 5748 1725 5787 sua
1747 5776 1759 5797 ,
1790 5732 1884 5788 sed

311 5797 422 5851 alia
451 5812 673 5866 corpora
704 5812 821 5851 esse
833 5797 1224 5869 resumpturos.
1262 5801 1391 5857 Vide
1420 5815 1557 5858 vers.
1583 5818 1729 5875 seqq.

523 5894 790 5953 PATROL.
874 5891 1035 5955 LIX.

1984 4691 2160 4737 autem
2205 4681 2279 4734 ait
2328 4688 2502 4749 poeta,
2552 4688 2765 4735 sanctos
2813 4678 2901 4747 qui
2947 4690 3298 4749 surrexerunt
3346 4690 3561 4736 secutos

1983 4766 2103 4807 esse
2131 4748 2461 4807 conditarem
2488 4751 2765 4818 praevium.
2796 4751 3113 4802 sententiam
3144 4748 3354 4802 illorum
3388 4751 3563 4805 innuit

1982 4822 2071 4891 qui
2097 4837 2283 4877 eorum
2315 4836 2538 4891 corpora
2568 4820 2708 4891 cmlo
2740 4820 2946 4871 invecta
2976 4818 3137 4891 fuisse
3164 4819 3470 4886 opinantur,
3502 4833 3561 4877 ut

1982 4887 2055 4946 ita
2102 4893 2384 4957 Christus,
2415 4887 2681 4958 primitiae
2730 4887 3138 4958 resurgentium,
3171 4891 3467 4945 ascendens
3509 4893 3560 4945 in

1981 4963 2183 5084 album,
2232 4956 2495 5029 captivam
2548 4959 2769 5013 duceret
2818 4956 3201 5026 captivitatem.
3246 4960 3378 5014 Aliis
3417 4961 3600 5018 aliud‘

1981 5047 2029 5084 Vl
2072 5041 2207 5084 etur.

1980 5031 2207 5085 videtur.

2058 5101 2181 5155 100.
2216 5100 2272 5154 1η
2298 5100 2453 5155 Brev.
2482 5097 2617 5153 Moz.
2662 5113 2755 5167 pro
2781 5098 2954 5167 quoire
3002 5099 3118 5168 lege
3147 5098 3318 5158 coire;
3344 5106 3396 5151 et
3421 5113 3563 5154 vers.

1990 5171 2112 5226 102.
2144 5171 2315 5226 retine
2341 5185 2406 5223 ex
2443 5169 2679 5237 margine
2709 5168 2980 5233 medullas,
3017 5185 3121 5222 non
3150 5168 3391 5237 medulla.

2060 5240 2183 5297 102.
2221 5240 2339 5295 Vat.
2375 5242 2439 5306 A,
2476 5234 2625 5308 Egnt.
2648 5280 2661 5300 .
2694 5238 2919 5305 Hailsb.,
2946 5247 2992 5291 et
3019 5253 3115 5307 pro
3141 5255 3220 5291 ac.
3253 5234 3415 5291 Weit.
3445 5253 3565 5297 cum

1987 5311 2102 5364 solo
2133 5310 2267 5365 Aldo
2298 5309 2485 5364 scribit
2514 5310 2751 5378 gluttino.
2884 5378 2894 5379 ί
2922 5378 2927 5379 ί
2960 5368 2969 5379 ,

2062 5382 2186 5502 125ἱ
2225 5379 2372 5463 ,νίᾱο
2398 5376 2581 5452 Ιιγιιὶηὶ
2613 5381 2670 5434 1|
2697 5394 2840 5434 vers.
2869 5376 2967 5445 48,
2992 5376 3362 5445 Hominemque
3389 5388 3563 5447 porta.

2137 5468 2168 5502 a
2192 5467 2254 5502 Π.

1984 5459 2058 5504 ret
2088 5453 2254 5506 Patri.

2060 5520 2185 5576 104.
2240 5522 2295 5576 ln
2358 5520 2597 5576 editione
2637 5518 2913 5574 Parmensi
2977 5515 3337 5587 typographus
3387 5520 3563 5580 omisit

1991 5592 2105 5647 alti.
2140 5591 2229 5646 Sic
2258 5592 2400 5646 enim
2431 5592 2620 5661 legitur
2656 5607 2666 5641 :
2698 5590 2933 5643 Arduum
2961 5587 3186 5642 tribunal
3212 5589 3363 5642 victor
3390 5607 3563 5645 ascen.

1991 5664 2063 5715 dit
2089 5661 2279 5715 Patris.
2312 5661 2584 5717 Claudicat
2610 5674 2815 5714 versus.

2060 5732 2181 5788 105.
2218 5732 2365 5798 Ilat.,
2398 5748 2503 5785 non
2534 5733 2689 5795 bene,
2722 5730 2940 5783 inditam
2963 5728 3105 5783 calo.

2062 5803 2182 5857 110.
2208 5803 2351 5869 Rat.,
2377 5800 2648 5863 mendose,
2674 5802 2819 5855 turba
2843 5808 3121 5871 martyrum
3144 5814 3173 5852 a
3198 5800 3365 5868 prima
3383 5812 3563 5859 manu.

3133 5892 3211 5953 28
