4102 6348
1087 351 1121 363 ν

571 403 675 461 875

1919 613 2077 669 tibus.

1919 614 2077 669 tibus.

710 701 1009 757 Fluminum
1039 700 1249 771 lapsus,
1280 710 1333 756 et
1352 701 1536 767 undm,
1570 703 1805 758 littorum
1823 614 2147 775 crdpidines,

744 794 940 862 Imber,
972 802 1155 859 aestus,
1189 794 1297 862 nix,
1332 796 1542 864 pruina,
1571 795 1725 862 silva,
1754 804 1808 852 et
1834 812 1984 866 aura,
2019 813 2146 867 nox,

1920 888 2074 959 idics,

745 978 1005 1034 Omnibus
1039 986 1090 1034 te
1117 979 1496 1035 concelebrent
1525 982 1844 1035 saeculorum
1868 982 2096 1037 saeculis.

568 1072 728 1144 349
766 1070 832 1125 Χ.
859 1069 1134 1126 HYMNUS
1156 1070 1353 1125 CIRCA
1378 1071 1761 1139 EXSEQUIAS
1785 1073 2144 1130 DEFUNCTI.

816 1161 977 1227 Deus,
1006 1162 1161 1231 ignee
1185 1162 1302 1217 fons
1330 1162 1647 1228 animarum,

1678 382 1955 464 suasi."
1996 406 2365 509 revocarit
2404 405 2729 466 CARMINA.
3738 410 3829 465 sis

745 515 886 572 Voce
933 516 1227 573 concordes
1278 515 1482 586 pudicis
1529 527 1870 588 perstrepant
1914 536 2147 578 concen-
2174 526 2224 585 A

2503 523 2617 578 Duo
2641 522 2730 593 qui
2762 520 2977 577 socians
3006 522 3294 591 elementa,

2506 613 2697 668 Vivum
2722 612 2904 680 simul,
2930 628 2993 668 ac
3018 615 3415 682 moribundum,

2508 705 2670 776 350
2700 703 3002 773 Hominem,
3034 703 3214 773 Pater,
3245 705 3519 777 efﬁgiasti.

2259 798 2290 850 5
2475 795 2588 851 Tua
2618 805 2764 863 sunt,
2791 804 2915 863 tua,
2936 804 3137 861 rector,
3168 806 3416 867 utraque,

2542 887 2664 943 Tibi
2685 886 2875 957 copula
2899 886 3140 956 jungitur
3169 888 3357 942 horum
3385 907 3399 943 :

2546 982 2685 1048 Tibi,
2711 981 2835 1036 dum
2863 989 3105 1052 vegetata
3126 982 3419 1049 cohaerent,

2550 1072 2616 1127 Et
2645 1072 2863 1143 spiritus
2878 1114 2893 1141 ,
2924 1081 2980 1128 et
3008 1086 3133 1128 caro
3165 1074 3347 1128 servit.

2437 1166 2680 1221 ltescissa
2713 1162 2808 1221 sed
2840 1165 2939 1219 ista
2967 1177 3210 1220 seorsum

1852 1242 2141 1316 ctossns
2185 1258 2526 1317 VETERES.

643 1352 765 1408 111.
795 1350 1161 1419 Perstrepunt,
1194 1360 1485 1416 personant.
1503 1380 1568 1390 ——
1590 1351 1948 1406 Concentibus
1965 1393 1977 1415 ,
2009 1352 2157 1404 simul

558 1420 912 1486 'rantantibus,
940 1420 979 1473 Ι.

644 1494 694 1547 1.
736 1492 910 1560 lgnee,
935 1506 1081 1559 quem
1111 1489 1275 1543 (ἐνίησί
1303 1501 1479 1543 vocant
1510 1507 1604 1561 pyr
1630 1506 1833 1547 noeron
1858 1493 2023 1561 ignem
2044 1508 2159 1545 sen-

572 1565 782 1625 sualem,
817 1562 855 1615 Ι.

640 1635 693 1688 2.
735 1631 973 1698 Socians,
1013 1632 1308 1701 contingens
1340 1647 1542 1699 corpus,
1577 1643 1623 1685 et
1657 1636 1903 1700 animam,
1938 1633 2055 1685 Vat.
2088 1634 2153 1685 A.

2339 1354 2391 1407 5.
2436 1351 2647 1417 Vivum,
2678 1360 2807 1416 etc.,
2841 1349 3087 1414 animant,
3119 1358 3164 1403 et
3193 1365 3395 1419 corpus,
3432 1349 3453 1405 l

2338 1425 2388 1476 1.
2436 1422 2713 1491 Ettigiasti,
2749 1421 2962 1489 tinxisti,
2997 1420 3099 1475 lso.

2336 1494 2387 1545 6.
2430 1492 2571 1556 Tibi,
2592 1509 2621 1543 a
2651 1500 2721 1557 te,
2752 1494 2854 1546 Iso.

2339 1565 2391 1615 7.
2440 1564 2709 1631 Vegetata,
2742 1562 2999 1629 roborata,
3034 1562 3137 1616 Iso.

1899 1741 2467 1828 COMMENTAIEIUS.
3704 1812 3707 1815 ἰ

652 1839 766 1892 111.
820 1838 918 1901 Iso,
973 1837 1182 1902 Ambr.,
1236 1836 1354 1887 Rat.
1376 1878 1389 1899 ,
1424 1836 1564 1889 Vatt.
1603 1837 1659 1899 Β,
1717 1837 1757 1902 1,
1840 1846 2153 1905 erstreptmt,

652 1908 715 1959 od
732 1907 994 1959 Weitzius
1023 1906 1225 1959 invenit
1256 1907 1305 1957 in
1332 1904 1511 1959 Gold..
1539 1905 1730 1959 llails..
1752 1856 1948 1959 “lidm.
1973 1922 2151 1959 suurn.

2264 1836 2444 1890 libello
2473 1834 2718 1903 Gregorii
2750 1833 3137 1906 Thaumaturgi
3171 1835 3237 1889 de
3267 1849 3349 1897 ea,
3383 1850 3413 1889 e
3444 1834 3675 1890 Nemcsii
3707 1850 3849 1889 cem-

2264 1906 2530 1959 mentario
2559 1906 2627 1959 de
2659 1905 2897 1959 homine.
2927 1916 2980 1959 et
3005 1907 3233 1959 aliorum
3267 1904 3435 1959 libris.

572 1908 715 1978 quod
732 1907 994 1963 Weitzius
1023 1906 1225 1978 invenit
1256 1907 1305 1957 in
1332 1904 1730 1978 Gold.,hllails”
1752 1904 1948 1961 Widm.
1973 1904 2151 1974 sttpra.

529 1994 535 1999 ’
572 1976 738 2036 Aldus
788 1986 1119 2047 perstrepent.
1153 1976 1293 2029 Valt.
1326 1976 1391 2043 A,
1424 1977 1484 2037 0,
1518 1976 1577 2042 P,
1621 1976 1688 2042 ρ,
1733 1979 1906 2044 Egm.,
1935 1986 2155 2047 perure-

573 2062 719 2121 pant.
745 2046 905 2121 Brev.
948 2048 1107 2112 Moz.,
1140 2054 1408 2121 corrupt",
1452 2057 1755 2121 pestrepent.
1792 2046 2153 2121 (iis.,Weitz.

573 2117 626 2176 et
662 2120 907 2175 lleinsius
937 2133 1056 2171 cum
1091 2118 1201 2172 suis
1228 2158 1240 2178 ,
1276 2127 1615 2184 perstrepant.
1649 2117 1759 2170 lloc
1803 2117 2002 2185 placet;
2035 2133 2155 2170 nam

574 2191 711 2245 infra
755 2188 1119 2243 concelebrent.
1167 2186 1439 2240 Sententia
1471 2187 1749 2254 desumpta
1778 2197 1859 2241 est
1898 2203 1967 2240 ex
2013 2188 2154 2254 psal-

574 2262 697 2323 mis,
730 2258 1026 2328 prtesertim
1054 2257 1258 2325 psalmo
1276 2271 1478 2328 cuvtn
1501 2273 1514 2308 :
1538 2255 1766 2310 Laudare
1796 2257 2068 2328 Dominum
2094 2263 2158 2328 de

574 2325 746 2394 caelis,
778 2338 909 2393 etc.,
947 2334 1003 2382 et
1035 2342 1099 2381 ex
1147 2325 1355 2379 cantico
1404 2326 1560 2379 trium
1606 2341 1892 2394 puerorum
1927 2327 2157 2381 Danielis

575 2418 650 2456 111.
698 2401 782 2454 lso
821 2399 1141 2452 concentibus
1186 2410 1378 2450 nomen
1425 2396 1549 2450 fecit
1593 2397 1964 2465 participium,
2006 2398 2158 2466 quasi

574 2469 981 2527 concinentibus;
1015 2481 1314 2536 perperam.

652 2542 773 2595 H5.
806 2541 950 2603 Rat.,
985 2535 1139 2606 Prag.
1169 2547 1222 2591 et
1250 2535 1478 2601 Widm.,
1512 2551 1634 2589 arva
1672 2536 1847 2591 minus
1893 2540 2028 2592 bene
2060 2552 2157 2605 pro

577 2628 726 2667 aura.
778 2610 920 2665 Cave
959 2608 1119 2663 etiam
1163 2624 1191 2660 a
1241 2607 1478 2661 Giselino
1511 2623 1669 2672 aura,
1704 2609 1849 2660 silva.
1880 2608 1935 2662 In
1968 2609 1990 2661 1
2026 2610 2155 2663 edit.

578 2681 865 2749 scripserat
894 2678 1041 2742 silva,
1070 2688 1116 2732 et
1143 2694 1287 2730 aura.

650 2747 772 2805 114.
801 2750 856 2804 S.
903 2749 1263 2803 Damascenus
1309 2762 1428 2814 cap.
1464 2748 1487 2799 1
1526 2747 1646 2800 libri
1695 2748 1914 2802 secundi
1959 2749 2156 2803 Ortho-

580 2822 732 2876 doxa:
770 2819 891 2874 ﬁdei
928 2836 939 2871 :
975 2819 1123 2884 Quod
1154 2826 1323 2870 autem
1347 2818 1651 2870 surculorum
1680 2820 1870 2871 sarcula
1898 2820 2156 2885 dicuntur,

576 2894 693 2946 ideo
722 2892 781 2958 ﬁt
810 2888 947 2959 quod
975 2898 1164 2957 septem
1192 2888 1346 2959 hujus
1370 2888 1546 2939 mundi
1570 2887 1760 2959 swcula
1786 2890 1947 2941 multa
1974 2888 2162 2943 swcula

576 2979 661 3015 seu
692 2957 830 3013 vitas
860 2961 1125 3012 hominum
1156 2957 1579 3025 complectuntur.
1622 2957 1786 3025 Atque
1824 2976 1979 3012 unum
2029 2960 2160 3012 illud

577 3031 819 3084 saxulum
848 3029 1034 3083 stecula
1076 3028 1246 3079 omnia
1276 3026 1539 3094 complexu
1567 3043 1658 3079 suo
1691 3036 1820 3081 tenet
1845 3045 1863 3083 :
1892 3030 2160 3083 sarculum-

578 3117 671 3169 que
697 3101 873 3153 stvculi
897 3100 1081 3169 dicitur
1110 3112 1333 3169 praesens
1359 3096 1454 3148 hoc
1494 3108 1539 3150 et
1571 3098 1817 3166 futurum.
1851 3099 1924 3153 Ita
1955 3116 2018 3154 ex
2044 3099 2161 3155 edi—

530 3224 535 3229 ,
580 3167 723 3225 tione
751 3170 973 3225 Joannis
1004 3167 1261 3236 Lequien.

650 3240 857 3294 Titulus
906 3238 1090 3306 hymni
1137 3247 1239 3299 est,
1270 3253 1427 3306 quem
1457 3237 1713 3293 exhibent
1743 3238 1883 3293 Vatt.
1917 3241 1958 3293 A
2001 3249 2055 3294 et
2096 3240 2157 3306 B,

579 3311 726 3376 Bat.,
756 3310 899 3375 Put.,
925 3306 1155 3374 'I‘huan.,
1184 3308 1351 3363 Palat.
1378 3307 1566 3373 Aldus,
1592 3306 1657 3361 In
1680 3310 1925 3377 exsequiis
1953 3310 2161 3379 defunc-

578 3392 765 3435 torum.
800 3379 988 3445 Fabr.,
1027 3379 1105 3431 Ad
1149 3379 1501 3448 defunctorum
1530 3380 1821 3445 exsequias.
1854 3379 2059 3443 Oxon.,
2107 3390 2161 3435 et

578 3450 831 3507 Rottend.
879 3448 1027 3504 Circa
1074 3449 1335 3517 exsequias
1381 3449 1753 3518 defunctorum.
1798 3449 1981 3518 Alex.,
2015 3449 2162 3505 Circa

579 3523 793 3595 requies,
826 3518 1277 3595 11111111-11111111111111
1309 3534 1429 3595 c_u_m
1474 3519 1591 3595 aliis
1622 3520 1804 3595 paucis
1830 3530 2161 3575 commenta-

577 3588 713 3648 riolo
742 3588 1031 3645 illustravit
1059 3588 1294 3643 Adamus
1322 3588 1638 3655 Theodorus
1669 3590 1913 3654 Siberus,
1942 3600 1996 3645 et
2025 3606 2161 3645 non-

580 3662 778 3717 nullam
809 3661 925 3730 ejus
949 3670 1152 3730 partem
1170 3660 1422 3731 exposuit
1445 3659 1692 3731 Barthius
1716 3660 1806 3714 lib.
1825 3676 1937 3725 xxi,
1959 3676 2079 3731 cap.
2102 3662 2157 3725 4,

578 3732 671 3797 qui
713 3729 856 3786 hunc
897 3729 1151 3801 hymnum
1182 3730 1343 3801 plane
1372 3729 1832 3801 divinumjocat;
1865 3739 1919 3784 et
1939 3729 2056 3799 cap.
2096 3731 2164 3787 10

582 3796 676 3856 lib.
710 3817 818 3871 1_tL11
848 3796 1197 3871 Prudentium
1225 3798 1447 3871 laudans
1470 3800 1581 3871 ait:
1615 3796 1761 3853 Unde
1783 3798 1932 3869 longe
1959 3796 2164 3871 elegan-

582 3882 656 3924 ter
707 3868 1044 3933 Prudentius,
1097 3870 1244 3937 cujus
1268 3868 1434 3932 verba,
1480 3868 1759 3938 imogtotus
1802 3868 1888 3924 ille
1940 3868 2165 3938 funebris

582 3941 799 4010 hymnus
830 3938 971 3992 nullo
998 3936 1488 4010 verborum_ambi_tu,
1519 3936 1661 4010 nulla
1686 3940 1834 4010 copia
1866 3936 2162 3994 eruditionis

546 4050 549 4055 μ
582 4007 812 4064 enarrari
834 4010 957 4062 satis
983 4019 1210 4077 possunt.
1249 4007 1504 4062 Eumdem
1539 4008 1680 4063 hunc
1710 4008 1962 4077 hymnum
1989 4010 2163 4065 Crini-

580 4092 665 4136 tus
695 4079 984 4143 intellexit,
1012 4094 1133 4133 cum
1162 4079 1317 4141 dixit,
1349 4078 1713 4133 commendari
1742 4078 2012 4135 Prudentii
2044 4097 2160 4135 car-

580 4151 723 4205 mina
749 4152 816 4206 de
846 4150 1007 4204 natali
1038 4150 1268 4213 Domini,
1300 4148 1373 4201 De
1401 4149 1667 4217 expiandis
1689 4151 1891 4213 animis,
1923 4162 2028 4206 etc.
2052 4152 2163 4205 Ali-

579 4238 697 4290 qua;
737 4221 969 4289 strophae
998 4219 1167 4290 hujus
1219 4219 1402 4290 hymni
1444 4219 1690 4290 leguntur
1722 4220 1772 4273 in
1809 4221 1998 4290 Ofﬁcio
2028 4238 2159 4273 utor-

580 4288 786 4346 tuorum
811 4288 1040 4344 Missalis
1064 4288 1401 4359 Mozarabici,
1435 4289 1564 4343 edit.
1598 4289 1633 4341 2
1667 4305 1786 4359 pag.
1822 4288 1942 4357 Mt),
1971 4295 2163 4359 nempe

582 4372 812 4431 quatuor
835 4362 1042 4431 primm,
1067 4358 1404 4431 duodecima,
1430 4358 1821 4427 decimaquinta
1851 4371 1903 4415 et
1923 4361 2042 4415 dure
2079 4377 2163 4415 se-

580 4429 825 4500 quentes,
859 4430 1263 4498 quadragesima
1292 4438 1346 4483 et
1368 4429 1489 4483 duae
1539 4438 1843 4499 sequentes.
1879 4431 2164 4487 Lectiones

580 4502 851 4553 variantes
873 4500 996 4553 inde
1011 4514 1378 4566 excerpemus.

656 4571 681 4623 1
695 4608 707 4621 .
751 4570 913 4623 Deum
932 4570 1133 4637 igneum
1154 4569 1345 4637 fontem
1363 4568 1650 4622 animarum
1670 4578 1827 4624 vocat
1846 4570 2162 4625 Prudentius

508 4686 512 4693 ,
586 4653 690 4693 11011
722 4653 788 4693 eo
818 4634 978 4693 sensu
1004 4651 1109 4705 quo
1134 4634 1333 4691 ethnici
1362 4638 1659 4705 philosophi
1691 4640 1855 4694 Deum
1884 4651 1937 4694 et
1957 4643 2161 4695 animas

586 4654 690 4693 non
722 4654 788 4693 eo
818 4654 978 4693 sensu
1043 4654 1109 4690 uo
1134 4654 1333 4691 etnuict
1362 4654 1659 4705 pnnosopni
1691 4654 1855 4694 ueum
1884 4654 1937 4694 et
1957 4656 2161 4695 animas

586 4709 760 4774 ignem
808 4724 925 4763 esse
969 4654 1334 4770 aiiirmabant;
1385 4710 1478 4761 sed
1521 4709 1701 4776 phrasi
1746 4713 1959 4777 pr0pria
1999 4725 2162 4765 sacrae

585 4778 893 4848 Scriptura,
918 4779 1006 4833 ubi
1034 4777 1171 4832 Deus
1193 4777 1297 4847 igni
1313 4787 1675 4848 comparatur,
1703 4779 1943 4833 habitare
1966 4780 2017 4834 in
2043 4782 2163 4848 igne

584 4847 800 4905 dicitur.
829 4849 974 4919 ldem
1000 4849 1050 4902 in
1080 4848 1368 4919 Laurentio
1399 4862 1538 4903 vers.
1567 4847 1669 4905 595
1700 4867 1713 4901 :
1745 4849 1833 4904 Sic
1856 4850 1986 4919 ignis
2016 4847 2164 4905 mter-

495 4980 502 4989 .
582 4937 679 4973 nus
710 4919 864 4983 Deus,
900 4918 1043 4989 Nam
1065 4918 1292 4972 Christus
1322 4919 1453 4989 ignis
1479 4936 1627 4973 verus
1670 4928 1761 4974 est.
1792 4920 1858 4973 Et
1879 4918 2160 4975 Dittochaﬂ

582 4989 898 5045 tetrasticho
920 4989 952 5043 8
979 5005 990 5039 :
1025 4987 1159 5042 lotus
1182 5004 1231 5040 IN
1259 4987 1427 5044 nunc:
1460 4989 1700 5043 Sentibus
1730 4991 1995 5045 involitans
2027 4991 2161 5043 Deus

582 5062 761 5131 igneus
799 5075 884 5132 ore
918 5073 1146 5111 corusco.
1178 5058 1447 5132 Malacliite
1481 5058 1612 5126 111,2
1651 5079 1661 5112 :
1697 5060 1813 5132 Ipse
1852 5062 1985 5114 enim
2019 5063 2161 5129 quasi

584 5129 716 5198 ignis
736 5130 991 5199 con/lans,
1012 5136 1057 5181 et
1075 5130 1218 5197 quasi
1240 5129 1390 5181 herba
1415 5132 1689 5199 fullonum.
1709 5129 1923 5185 Denter.
1954 5147 2026 5193 ιν,
2050 5133 2118 5185 24
2146 5151 2158 5184 ;

587 5197 721 5255 Deus
750 5197 864 5254 tuus
885 5198 1020 5269 ignis
1050 5214 1344 5251 consumens
1372 5197 1466 5269 est.
1492 5197 1632 5253 Fons
1652 5202 1940 5254 animarum
1970 5200 2161 5255 dicitur

585 5271 749 5338 Deus,
778 5268 1048 5340 quiaft‘ons
1080 5278 1160 5340 est
1190 5269 1331 5323 vitte.
1367 5268 1496 5340 Vide
1528 5271 1779 5339 hymnum
1810 5271 1864 5337 4,
1898 5284 2039 5326 vers.
2073 5272 2158 5325 10.

584 5337 851 5396 Arnobius
880 5339 973 5393 lib.
1006 5354 1043 5392 11
1089 5339 1343 5394 adversus
1370 5337 1527 5393 Gent.
1567 5337 1582 5391 Ξ
1615 5341 1747 5405 Quia
1788 5358 1889 5395 uno
1920 5358 1981 5394 ea:
2026 5345 2163 5409 fonte

586 5412 811 5465 omnium
836 5419 1064 5463 nostrum
1090 5408 1320 5477 deﬂuunt
1341 5412 1543 5462 animae.
1570 5409 1817 5465 Fortasse
1842 5408 2161 5466 Prudentius

586 5481 811 5546 rejicere
839 5479 1003 5533 voluit
1026 5478 1239 5534 illorum
1264 5493 1501 5533 errorem
1530 5483 1618 5547 qui
1650 5482 1829 5533 nescio
1858 5496 2017 5548 quem
2048 5483 2161 5535 ton-

586 5559 692 5602 tem
720 5552 1016 5603 animarum
1047 5549 1338 5618 ﬁngebant,
1382 5564 1447 5603 ex
1477 5564 1583 5618 quo
1614 5548 1753 5603 Deus
1795 5552 2000 5604 animas
2027 5553 2160 5605 edu-

588 5628 751 5680 ceret,
784 5635 887 5673 non
919 5628 1027 5672 tum
1060 5625 1289 5687 crearet,
1321 5634 1439 5672 cum
1498 5618 1808 5685 corporibus
1838 5620 2160 5675 intunderet.

589 5691 721 5744 Vide
749 5689 808 5744 S.
858 5690 1230 5756 Augustinum,
1263 5688 1355 5743 lib.
1402 5705 1430 5742 x
1463 5688 1530 5743 de
1569 5687 1763 5743 Genesi
1794 5690 1859 5743 ad
1906 5692 2159 5746 litteram.

588 5761 767 5813 Monet
815 5758 1079 5829 Barthius,
1138 5760 1261 5813 huic
1310 5760 1508 5829 hymno
1558 5759 1814 5828 capiendo
1863 5760 2158 5814 doctrinam

592 5828 940 5884 Christianam
969 5827 1033 5884 de
1080 5830 1253 5884 anima
1302 5827 1646 5885 hauriendam
1674 5845 1791 5885 esse
1832 5846 1860 5884 e
1910 5832 2159 5897 peculiari

2186 3196 2236 3259 C

2263 1906 2530 1961 mentario
2559 1906 2627 1959 de
2659 1905 2897 1969 homine,
2927 1916 2980 1960 et
3005 1904 3233 1961 aliorum
3267 1904 3435 1959 libris.

2331 1976 2385 2029 2.
2428 1978 2543 2044 Quo
2559 1989 2719 2030 sensu
2737 1975 2981 2029 elementa
2994 1977 3061 2031 de
3074 1990 3301 2040 corpore
3314 1984 3366 2027 et
3387 1976 3563 2028 anima
3582 1975 3849 2039 dicantur,

2262 2046 2373 2101 dixi
2396 2047 2598 2115 proleg.
2625 2060 2772 2100 num.
2799 2045 2922 2101 169.
2948 2046 3214 2117 Principia
3234 2045 3489 2115 intellige.
3513 2046 3673 2100 Brev.
3691 2046 3850 2109 Moz.,

2262 2122 2450 2180 socias,
2481 2117 2638 2170 male.
2657 2163 2660 2167 .

2334 2187 2383 2240 5.
2432 2186 2650 2251 Weitz.,
2672 2186 2852 2251 Gold.,
2884 2187 3077 2242 Widm.
3103 2203 3130 2240 a
3160 2188 3328 2255 prima
3352 2200 3533 2238 manu.
3557 2185 3702 2239 Vatt.
3723 2186 3779 2248 ll,
3808 2188 3847 2249 l,

2264 2259 2328 2321 0,
2364 2258 2541 2327 Prag.,
2568 2257 2689 2311 Rat.
2718 2257 2957 2324 vividum,
2988 2256 3127 2326 quod
3158 2257 3350 2311 bonam
3376 2265 3577 2324 partem
3608 2257 3850 2311 codicum

2264 2328 2463 2383 habere
2489 2328 2683 2382 asserit
2705 2328 2974 2396 Barthius,
3004 2328 3098 2383 sed
3124 2341 3327 2391 crasse,
3360 2333 3413 2396 et
3437 2332 3624 2380 contra
3660 2330 3851 2381 carmi-

2264 2399 2346 2452 nis
2374 2399 2566 2467 legem.
2603 2396 2731 2451 Vide
2770 2394 2972 2468 proleg.
3024 2413 3170 2452 num.
3202 2397 3325 2468 230.
3384 2394 3527 2468 Rat.,
3563 2397 3851 2449 morbidum

2264 2482 2361 2537 pro
2384 2465 2944 2531 moribundumpmale'.
2975 2468 3083 2523 Hoc
3108 2465 3224 2522 loco
3240 2468 3377 2520 vivus
3393 2477 3473 2520 est
3508 2466 3850 2537 itrnmortalis,

2264 2536 2598 2592 moribundus
2624 2538 2884 2593 mortalis.
2907 2539 2995 2593 Sic
3016 2541 3154 2592 vivus
3178 2538 3315 2592 Dens
3339 2539 3389 2591 in
3415 2536 3580 2590 sacris
3614 2536 3851 2591 Litteris.

2265 2609 2331 2661 Et
2360 2609 2548 2663 eodem
2580 2610 2692 2663 fere
2723 2624 2881 2663 sensu
2903 2606 3177 2679 Virgilius,
3199 2608 3438 2679 Ovidius,
3465 2616 3518 2679 et
3542 2605 3856 2679 alii.:_Mori-

2266 2678 2491 2732 bundum
2542 2694 2638 2746 pro
2682 2679 2885 2733 caduco
2938 2676 3031 2733 seu
3088 2678 3296 2732 mortali
3328 2676 3583 2746 Virgilius
3637 2676 3730 2729 lib.
3777 2693 3853 2741 v1,

2264 2764 2406 2803 vers.
2441 2749 2588 2819 7527:
2621 2748 2926 2819 Terrenique
2969 2749 3202 2803 hebetant
3238 2758 3400 2811 artus,
3449 2748 3857 2819 moribundaque

2265 2820 2509 2873 membra.
2542 2818 2730 2874 Cicero
2756 2830 2810 2873 et
2836 2820 2924 2872 alii
2954 2819 3315 2872 moribundum
3346 2832 3443 2885 pro
3473 2818 3634 2869 morti
3667 2819 3853 2882 proxi-

2266 2902 2357 2943 mo
2382 2890 2668 2958 accipiunt.
2694 2890 2851 2943 Brev.
2874 2888 3009 2942 Moz.
3036 2890 3175 2944 male
3194 2887 3470 2956 distinguit
3493 2887 3852 2939 moribundum

2271 2959 2562 3030 Homitgzm,
2595 2969 2737 3030 pater
2766 2959 3016 3029 eﬂigiasti.

2335 3030 2392 3084 4.
2435 3024 2697 3101 Efﬁgiat'e
2732 3024 3083 3101 estformare
3124 3026 3191 3081 ad
3229 3024 3535 3095 imaginem.
3580 3026 3660 3101 E_o
3691 3027 3857 3081 verbo

2269 3095 2495 3154 utuntur
2510 3095 2791 3169 'A'puleius,
2821 3098 3093 3159 Sidonius,
3137 3107 3189 3153 et
3218 3112 3362 3169 smpe
3388 3106 3571 3169 noster
3600 3095 3852 3169 Prudens

2271 3172 2393 3233 tius,
2425 3165 2575 3236 quod
2593 3165 2867 3238 eleganter
2894 3170 3135 3238 usurpari
3176 3169 3249 3221 ait
3292 3165 3562 3229 Barthius,
3595 3170 3751 3236 quasi
3788 3168 3857 3221 ad

2267 3241 2551 3294 artiﬁcium
2582 3255 2871 3308 curamque
2899 3250 3049 3306 poeta
3080 3241 3396 3306 respexerit.

2339 3312 2393 3365 5.
2432 3311 2541 3363 Cur
2568 3327 2599 3362 a
2632 3310 2683 3363 in
2714 3306 2923 3379 utraque
2952 3306 3597 3379 producaturtrationem
3643 3307 3857 3379 reddidi

2268 3381 2323 3434 in
2354 3380 2554 3448 proleg.
2587 3376 2856 3435 Giselinus
2903 3376 2969 3433 in'
3004 3379 3271 3433 nonnullis
3304 3378 3450 3446 Vulg.
3484 3377 3689 3448 invenit
3738 3376 3856 3429 Turs

2267 3447 2404 3515 sunt,
2435 3447 2521 3504 tua
2541 3460 2678 3503 recta
2700 3461 2934 3519 utraque,
2959 3460 3144 3504 contra
3172 3448 3329 3503 fidem
3350 3462 3480 3503 mss.
3504 3447 3660 3501 codd.
3686 3448 3854 3512 Deus,

2266 3520 2357 3589 qui
2385 3528 2467 3589 est
2493 3522 2629 3586 fons,
2662 3521 2775 3588 ipse
2798 3530 2880 3574 est
2902 3529 3100 3574 rector.

2339 3590 2391 3645 6.
2424 3587 2602 3645 Placet
2629 3587 2843 3644 Barthio
2859 3590 3037 3659 glossa
3063 3589 3254 3659 Isonis,
3281 3602 3453 3659 neque
3471 3589 3596 3643 mihi
3628 3601 3859 3659 prorsus

2268 3659 2531 3729 displicet.
2562 3661 2667 3715 Sed
2701 3657 2898 3727 poterit
2916 3661 3077 3714 etiam
3106 3658 3329 3726 intelligi
3352 3657 3473 3729 linis
3500 3660 3709 3729 iniroce
3736 3657 3857 3729 tibi,

2269 3740 2326 3782 ut
2354 3726 2529 3785 statim
2555 3732 2643 3783 tibi
2664 3726 2785 3783 dum
2802 3740 3031 3799 vegetata
3058 3731 3330 3783 cohazrent.
3355 3727 3444 3782 Sic
3470 3729 3522 3781 in
3544 3726 3857 3799 0ili_cio_de-

2270 3799 2570 3855 functorum
2607 3800 2809 3869 Regem,
2844 3797 2923 3853 cui
2954 3802 3124 3853 omnia
3150 3800 3342 3861 vivunt,
3374 3808 3480 3851 etc.
3515 3797 3675 3869 Addit
3727 3797 3857 3850 Bar-

2268 3870 2436 3937 thius,
2469 3871 2572 3925 huc
2599 3866 2814 3925 trahere
2835 3872 3065 3939 aliquem
3096 3884 3253 3937 posse
3282 3869 3611 3939 entelecltiam
3640 3866 3856 3939 Aristu-

2269 3940 2405 4005 telis,
2434 3942 2501 3995 de
2531 3956 2631 4009 qua
2680 3937 2973 3994 Neinesius.
3024 3938 3234 3995 Clarius
3286 3937 3479 4007 aliquis
3517 3937 3583 3992 de
3628 3937 3857 4009 unione,

2267 4026 2361 4064 seu
2390 4010 2689 4065 admirabili
2722 4011 2809 4065 illa
2838 4011 3217 4078 conjunctione
3262 4020 3315 4063 et
3358 4008 3686 4063 commercio
3735 4022 3859 4061 eer-

2270 4081 2415 4148 poris
2441 4090 2495 4135 et
2523 4081 2684 4135 animi
2715 4080 2886 4135 locum
2916 4080 3057 4135 hunc
3080 4079 3351 4149 intelliget.

2340 4150 2393 4202 8.
2436 4151 2700 4205 Giselinus
2731 4150 2931 4205 Manilii
2976 4147 3268 4205 exemplar
3299 4160 3515 4203 secutus
3546 4147 3863 4203 emendavit

2270 4222 2482 4274 Animus
2526 4222 2699 4289 simul,
2734 4231 2777 4273 et
2809 4234 2926 4273 caro
2960 4221 3095 4273 vivit.
3142 4219 3390 4273 Barthius
3435 4219 3729 4272 assentitur
3754 4260 3769 4281 ,
3802 4230 3864 4273 es

2268 4291 2493 4344 barbare
2537 4292 2670 4344 alios
2700 4292 2861 4344 edere
2902 4291 3108 4356 spiritus
3162 4290 3411 4343 altirntat.
3444 4288 3577 4343 Vide
3622 4302 3765 4343 vers.
3800 4291 3861 4342 3.

2266 4362 2456 4426 Aldus,
2490 4361 2680 4415 Weilz.
2707 4368 2761 4415 et
2787 4360 2875 4413 alii
2909 4360 3091 4429 legunt
3118 4360 3347 4429 spiritus.
3384 4359 3631 4412 Heinsius
3659 4359 3716 4413 in
3741 4359 3861 4412 suis

2268 4432 2645 4485 vetustioribus
2675 4430 2870 4497 reperit
2902 4428 2965 4481 Et
2996 4432 3225 4499 spiritus,
3258 4441 3302 4483 et
3333 4445 3451 4481 caro
3498 4431 3642 4482 servit
3669 4468 3687 4491 ,
3711 4429 3865 4496 quod

2186 4530 2245 4590 Β
2271 4502 2463 4590 ξιμρρῐ,
2505 4503 2625 4590 qluia
2665 4510 2837 4590 tnvtro
2866 4501 3132 4581 congruit,
3177 4510 3237 4580 et
3264 4509 3459 4590 ‘exstat‘
3492 4501 3570 4590 inn
3594 4499 3749 4590 A'le‘x‘.
3791 4510 3865 4590 let.

2274 4567 2427 4635 Urb.,
2458 4571 2552 4624 sed
2581 4572 2633 4624 in
2665 4571 2765 4623 hoc
2791 4571 2905 4623 vivit
2934 4567 3029 4638 pro
3058 4572 3225 4623 servit.
3264 4568 3405 4623 Vatt.
3431 4570 3498 4634 A,
3529 4569 3591 4629 Β,
3623 4567 3665 4632 1,
3696 4570 3764 4632 0,
3789 4570 3856 4634 ιι,

2268 4641 2333 4708 Q,
2368 4641 2592 4707 Spiritus
2614 4642 2784 4701 simul,
2810 4649 2855 4693 et
2883 4657 3001 4692 caro
3024 4641 3194 4706 servit,
3222 4654 3341 4694 eum
3367 4640 3522 4693 Brev.
3555 4639 3692 4693 Mox.
3725 4639 3864 4691 Pru-

2266 4713 2479 4765 dentius
2510 4710 2629 4764 aliis
2678 4714 2725 4763 in
2760 4710 2888 4763 locis
2919 4710 3147 4778 primum
3194 4713 3208 4762 i
3243 4711 3294 4762 in
3337 4710 3547 4777 spiritus
3579 4708 3861 4775 produxit,

2267 4783 2505 4850 adeoque
2537 4780 2825 4849 rejicienda
2854 4790 2935 4833 est
2986 4780 3145 4834 lectio
3176 4780 3402 4847 Spiritus
3428 4780 3603 4850 simul,
3643 4788 3693 4830 et
3735 4794 3866 4831 caro

2266 4849 2438 4914 servit,
2465 4852 2555 4905 ubi
2584 4851 2890 4920 corripitur.
2925 4850 3190 4920 Qauclnius
3216 4850 3537 4918 conjiciebat
3567 4849 3723 4915 ﬂatus
3744 4865 3865 4920 pro

2267 4923 2486 4975 animus.
2520 4922 2574 4975 In
2610 4918 2900 4983 Ilvninario
2926 4918 2969 4971 V
2993 4921 3299 4984 Thomasii,
3334 4920 3569 4989 Spiritus
3595 4919 3774 4984 simul,
3814 4931 3866 4971 et

2266 5008 2383 5044 caro
2433 4994 2599 5044 servit.
2638 4990 2754 5044 Vat.
2807 4991 2873 5053 A,
2930 4990 3108 5058 Prag.,
3160 4989 3359 5042 Widm.
3411 5004 3604 5059 supra,
3658 4990 3864 5051 Palat.,

2266 5062 2458 5131 Bong.,
2492 5062 2665 5126 Sich.,
2692 5062 2839 5113 servit
2869 5075 2964 5128 pro
3002 5062 3137 5125 vivit,
3168 5060 3306 5129 quod
3340 5069 3423 5114 est
3446 5060 3497 5113 in
3527 5060 3642 5113 aliis
3687 5059 3865 5128 pluri-

2266 5145 2389 5186 mli.

2337 5202 2390 5255 9.
2431 5200 2627 5255 Versus
2658 5210 2941 5268 sequentes
2971 5200 3179 5254 edimus
3208 5214 3273 5253 eo
3298 5199 3487 5255 ordine
3512 5214 3616 5269 quo
3646 5208 3776 5253 sunt
3808 5200 3867 5253 in

2266 5271 2405 5324 Vatt.
2433 5272 2497 5337 A,
2522 5273 2588 5335 ρ,
2614 5269 2758 5333 Ald.,
2792 5269 2929 5333 Gis.,
2954 5270 3106 5323 Alex.
3136 5270 3191 5322 In
3216 5270 3453 5340 margine
3474 5270 3591 5322 Vat.
3618 5271 3663 5340 ᾼ
3687 5277 3817 5323 nota
3852 5289 3863 5321 :

2266 5341 2367 5394 Alii
2398 5341 2512 5394 libri
2541 5340 2724 5393 habent
2756 5356 2774 5394 :
2808 5340 3047 5394 Resoluta
3086 5342 3172 5392 sed
3202 5340 3297 5393 ista
3334 5338 3563 5393 seorsum
3608 5338 3869 5407 Proprias

2264 5419 2563 5463 revocantur
2592 5411 2643 5463 in
2677 5420 2817 5463 ortus
2851 5410 2983 5463 Petit
3012 5408 3202 5463 halitus
3242 5426 3358 5463 aere
3401 5411 3616 5474 favens,
3648 5409 3872 5463 Hamus

2265 5482 2448 5547 excipit
2475 5496 2589 5534 aere
2617 5496 2818 5551 corpus.
2855 5479 2987 5551 Quia
3010 5490 3220 5551 cuncta.
3252 5491 3369 5551 etc.
3392 5479 3496 5533 Pro
3525 5496 3642 5533 aere
3673 5482 3873 5548 legen-

2266 5552 2389 5604 dum
2420 5567 2540 5604 aera
2573 5552 2623 5603 in
2651 5548 2810 5605 versu
2840 5548 2973 5604 Petit
2998 5550 3184 5603 halitus
3212 5567 3327 5604 aera
3347 5550 3542 5619 fervens
3568 5567 3581 5603 :
3620 5552 3673 5603 in
3698 5565 3874 5605 versu

2266 5635 2380 5689 seq.
2411 5620 2605 5676 ibidem
2631 5630 2843 5675 notatur
2865 5622 3079 5675 diversa
3105 5621 3282 5686 lectio,
3311 5636 3430 5690 quae
3452 5636 3579 5675 vera
3602 5632 3687 5675 est
3704 5621 3877 5673 arida

2267 5704 2364 5759 pro
2390 5706 2525 5744 aere.
2564 5692 2678 5745 Vat.
2714 5692 2773 5755 P,
2804 5701 2861 5746 ut
2886 5691 3172 5758 edidimus,
3207 5690 3301 5745 sed
3332 5692 3396 5744 ad
3426 5706 3578 5745 oram
3614 5709 3626 5744 :
3666 5693 3771 5745 Alii
3802 5692 3878 5742 ti-

2268 5763 2340 5812 bri
2364 5761 2545 5814 habent
2573 5780 2585 5815 :
2620 5762 2865 5816 Resoluta
2886 5763 2974 5815 sed
2993 5763 3087 5814 ista
3114 5770 3487 5829 seorsum,etc.
3524 5762 3875 5829 Etadmarg.

2266 5834 2496 5900 stropha:
2527 5833 2657 5896 Quid
2680 5840 2857 5885 cuncta
2884 5848 2977 5900 pro
3000 5832 3107 5887 div.
3139 5833 3381 5897 lectione,
3408 5833 3495 5886 Sic
3517 5844 3721 5895 cuncta,
3751 5844 3880 5886 etc.
