4102 6348
566 413 669 470 879

852 517 980 590 Quae
1009 528 1226 589 germen
1254 512 1321 568 ah
1350 513 1547 567 aethere
1578 508 1755 565 traxit.

566 622 636 677 25
848 614 1007 687 353
1032 612 1089 668 Si
1120 619 1291 665 terrea
1320 606 1458 662 forte
1491 603 1766 659 voluntas.

847 707 1070 760 Luteum
1097 701 1267 771 sapit,
1291 707 1346 755 et
1369 710 1529 769 grave
1555 702 1735 764 captat

850 796 1073 851 Animus
1098 807 1309 864 quoque
1342 788 1581 860 pondere
1609 786 1784 840 victus

848 887 1099 958 Sequitur
1127 899 1220 941 sua
1249 882 1488 937 membra
1517 879 1788 936 deorsum.

785 982 854 1036 At
877 980 920 1034 si
950 978 1162 1048 generis
1186 990 1391 1032 memor
1420 973 1561 1044 ignei

566 1072 635 1127 50
853 1066 1108 1137 Contagia
1140 1064 1287 1134 pigra
1316 1070 1528 1118 recuset
1547 1072 1578 1130 ,'

852 1158 1013 1214 Vehit
1042 1157 1251 1225 hospita
1278 1156 1484 1210 viscera
1511 1166 1722 1217 secum,

812 1252 816 1261 '
853 1250 1166 1319 Pariterque
1194 1254 1437 1318 reportat
1461 1245 1527 1300 ad
1551 1253 1718 1300 astra.

784 1343 917 1398 Nam
944 1339 1085 1411 quod
1114 1338 1455 1407 requiescere
1486 1350 1683 1405 corpus

858 1433 1088 1487 Vacuum
1119 1428 1235 1484 sine
1263 1436 1442 1483 mente
1471 1427 1736 1491 videmus,

572 1530 641 1585 55
852 1522 1091 1592 Spatium
1122 1520 1283 1575 breve
1305 1525 1503 1582 restat,
1534 1528 1590 1571 ut
1617 1516 1711 1570 alti

852 1614 1076 1681 ltepetat
1099 1609 1322 1678 collegia
1348 1621 1559 1663 sensus.

785 1705 1014 1763 Venient
1040 1705 1147 1758 cito
1174 1701 1371 1757 saecula
1389 1742 1403 1767 ,
1427 1714 1548 1754 cum
1578 1698 1685 1767 iam

850 1798 1041 1855 Socius
1069 1796 1218 1851 calor
1236 1810 1357 1851 ossa
1387 1795 1618 1860 revisat,

856 1889 1019 1963 354
1047 1886 1398 1957 Animataque
1424 1885 1682 1956 sanguine
1714 1885 1835 1941 vivo

1678 393 1957 456 AURELII
1996 387 2365 449 rnuouuru
2403 370 2725 445 CARMINA.
3055 387 3087 419 π

2162 503 2310 570 Αιθ
2394 495 2402 503 ’

2186 1884 2331 1946 B55

2528 498 2834 554 Habitacula
2865 494 3087 566 pristina
3116 499 3307 564 gestet.

2434 598 2563 665 Qua:
2594 597 2743 666 pigra
2769 592 3027 649 cadavera
3064 589 3271 660 pridem

2498 686 2739 743 Tumulis
2764 683 3064 756 putrefacta
3086 680 3338 752 iacebant
3355 722 3370 745 ,
3456 687 3463 692 '

2498 781 2753 836 Volucres
2779 780 3055 849 rapientur
3085 776 3142 830 in
3168 788 3348 839 auras,

2498 873 2720 928 Animas
2751 870 3007 927 comitata
3035 868 3262 939 priores.

2253 967 2323 1024 45
2430 966 2563 1022 llinc
2592 966 2821 1021 maxima
2849 978 2976 1020 cura
3002 960 3268 1031 sepulcris

2500 1043 2830 1129 lmpenditur
2856 1074 2872 1110 ε
2906 1057 3032 1112 hinc
3058 1054 3326 1110 resolutos

2499 1151 2682 1207 Honor
2708 1150 2928 1205 ultimus
2956 1148 3154 1219 accipit
3182 1156 3356 1212 artus,

2502 1246 2570 1300 Et
2601 1244 2804 1300 funeris
2824 1243 3059 1298 ambitus
3080 1249 3256 1296 ornat.

2430 1338 2589 1410 355
2618 1334 2863 1391 Candore
2892 1333 3115 1389 nitentia
3144 1330 3291 1386 claro

2256 1435 2324 1488 50
2506 1430 2851 1487 Praetendere
2882 1429 3049 1483 lintea
3077 1439 3195 1480 mos
3225 1430 3325 1489 est,

2506 1524 2847 1593 Aspersaque
2878 1517 3099 1590 myrrha
3129 1516 3309 1570 sabaeo

2508 1612 2717 1683 Corpus
2738 1609 3095 1667 medicamine
3117 1614 3311 1663 servat.

2434 1707 2699 1775 Quidnam
2730 1704 2831 1760 sibi
2860 1716 2990 1758 saxa
3017 1706 3227 1761 cavata,

2512 1799 2648 1865 Quid
2676 1792 2899 1868 pulchra
2926 1794 3109 1849 volunt
3137 1787 3517 1845 monumenta?

2514 1891 2626 1947 Nisi
2656 1888 2799 1961 quod
2828 1902 2915 1944 res
2942 1884 3177 1942 creditur
3205 1882 3315 1937 illis

1875 2016 2163 2075 GLOSSIE
2204 2021 2545 2084 VETERES.

639 2142 728 2197 ‘26.
761 2142 1017 2201 Lnteum,
1051 2152 1150 2189 non
1181 2134 1366 2198 sobrie,
1400 2146 1605 2186 nomen.
1633 2159 1701 2171 --
1733 2128 1915 2198 Sapit,
1950 2131 2151 2183 vult.—

575 2214 793 2278 Captat.
823 2208 1053 2277 appetit,
1083 2204 1187 2278 lso_.

642 2269 732 2335 2'9.
766 2269 1019 2337 Generis.
1051 2274 1261 2341 originis
1296 2286 1422 2325 sure.
1448 2300 1517 2311 ——
1545 2270 1687 2341 Ignis
1707 2309 1725 2336 ,
1760 2269 1934 2324 anima
1968 2270 2151 2338 vivax,

578 2332 1029 2409 Ism—v-vMemor,
1052 2332 1247 2407 aniina,
1285 2341 1399 2393 Vat.
1428 2345 1490 2395 A.

646 2422 734 2478 3'5.
767 2417 1150 2488 Requiescere,
1172 2414 1223 2488 in
1249 2410 1570 2488 sepulcro,_l.

647 2492 737 2546 34.
768 2480 894 2543 Sine
921 2494 1122 2549 mente,
1148 2483 1256 2536 sine
1276 2483 1478 2545 anima,
1510 2480 1551 2534 l.

647 2560 740 2616 36.
775 2560 1029 2627 Repetat,
1079 2555 1259 2627 iterum
1305 2553 1549 2627 suscipiat
1604 2552 1891 2608 societatem
1934 2554 2149 2617 animae,

584 2631 698 2686 Vat.
728 2631 791 2687 Α.
820 2622 889 2670 -ξ-
914 2627 1136 2693 Sensus,
1159 2625 1361 2689 animm,
1393 2622 1494 2678 lso.

2338 2136 2427 2192 38.
2456 2138 2633 2202 Calor,
2662 2138 2864 2202 anima,
2899 2136 2937 2188 Ι.

2335 2209 2424 2263 45.
2451 2199 2747 2277 Sepulcris,
2767 2199 3014 2277 cymitron
3033 2202 3232 2277 Griece,
3249 2201 3429 2254 Latine
3450 2199 3842 2277 doriiiitoriim_:

2266 2280 2385 2331 hinc
2422 2270 2744 2348 cymiterium
2774 2270 2823 2331 et
2857 2274 3153 2348 cymiterio,
3173 2270 3522 2348 dicuntur-uid
3552 2280 3629 2322 est
3660 2271 3847 2322 dormi-

2263 2340 2513 2413 toria,in
2550 2350 2731 2417 quibus
2760 2340 2924 2401 sancli
2956 2345 3102 2413 quasi
3149 2342 3373 2395 dormire‘
3416 2340 3655 2394 videntur
3696 2354 3849 2403 usque

2261 2421 2329 2474 ad
2360 2422 2493 2473 diem
2514 2419 2735 2490 judicii,
2768 2418 2809 2471 ι.

2334 2490 2421 2544 48.
2460 2482 2725 2549 Ambitus,
2754 2495 2987 2551 ornatus,
3016 2486 3093 2538 vel
3122 2484 3305 2546 honor,
3338 2482 3437 2537 lso.

2333 2562 2425 2617 51.
2458 2560 2673 2625 διώξω,
2706 2559 2874 2625 thure,
2907 2557 2947 2611 1.

1926 2714 2489 2773 COMMENTARIUS.

651 2836 744 2891 25.
773 2834 894 2886 Vat.
924 2844 1062 2884 unus
1097 2826 1251 2881 Teol.
1273 2866 1289 2889 ,
1331 2826 1596 2895 voluptas,
1642 2826 1819 2880 minus
1865 2826 2019 2881 bene.
2055 2828 2161 2882 Eu-

586 2907 799 2964 cherius
829 2898 1197 2970 Lugdunensis
1223 2896 1277 2949 in
1300 2896 1525 2970 epistola
1552 2895 1618 2970 ad
1637 2895 2012 2970 _Vale_rianum,
2039 2912 2157 2968 pag.

586 2977 728 3031 38%:
757 2972 890 3027 Caro
913 2965 1172 3038 siquidem
1200 2966 1435 3035 proclivis
1465 2965 1517 3016 in
1558 2966 1681 3017 vitia
1718 2966 1786 3017 ad
1819 2976 2006 3019 terrant
2043 2965 2165 3021 tan-

589 3061 741 3118 qsta_m
771 3044 824 3095 in
851 3040 1096 3118 originem
1122 3051 1269 3118 suam
1305 3050 1394 3115 nos
1429 3046 1624 3118 revocat
1642 3052 1665 3118 ,2
1690 3040 1796 3118 haec
1825 3053 1939 3118 vero
1968 3038 2166 3118 veniens

591 3104 624 3170 ὁ
662 3115 817 3169 Patre
863 3104 1109 3163 luminum
1140 3104 1421 3177 (loquitur
1471 3104 1539 3159 de
1582 3104 1815 3177 anima),
1861 3108 1989 3160 sicut
2044 3108 2168 3177 ferri

592 3185 802 3256 ignibus
840 3195 947 3233 mos
990 3174 1185 3256 est,_in
1228 3174 1502 3256 superiora
1539 3176 1738 3256 nititur.
1785 3174 2165 3256 Barthius'lib.
2210 3176 2211 3181 “

594 3245 685 3311 {tv
726 3251 889 3315 Adv.,
932 3264 1051 3315 cap.
1105 3246 1215 3316 {0,7
1251 3252 1401 3316 putat
1463 3245 1780 3300 Eucherium
1838 3248 2168 3316 expressisse

2272 2844 2337 2884 ex
2376 2843 2525 2883 more
2557 2825 2933 2891 Hehrmorum,
2966 2832 3027 2880 ut
3057 2823 3171 2893 ipse
3212 2830 3392 2894 putat,
3431 2822 3570 2891 apud
3603 2838 3743 2894 quos
3775 2826 3854 2879 vi-

2271 2899 2526 2953 sebantur
2552 2898 2793 2966 sepulcra
2830 2892 3096 2955 dealbata,
3125 2908 3227 2964 quo
3249 2892 3476 2966 fortasse
3497 2892 3685 2949 allusit
3723 2895 3857 2949 Pau-

2276 2970 2379 3033 lus,
2417 2984 2538 3023 cum
2573 2964 2690 3023 Act.
2718 2984 2844 3021 xxm
2888 2967 3146 3020 Ananiam
3188 2964 3396 3019 vocavit
3430 2966 3682 3035 parietem
3702 2967 3859 3035 ideal-

2276 3040 2464 3093 batum.
2512 3038 2761 3093 Sedulius
2808 3038 2900 3092 lib.
2940 3052 2971 3088 v
3010 3036 3307 3091 carminum
3351 3035 3418 3088 de
3459 3035 3600 3089 Juda
3636 3052 3649 3084 :
3701 3034 3859 3089 Velut

2276 3126 2423 3163 omne
2452 3109 2740 3175 sepulcrum
2779 3108 3049 3161 Exteriora
3080 3121 3257 3177 gerens
3294 3105 3425 3177 tlle
3452 3105 3709 3177 velamina
3749 3107 3857 3175 for-

2274 3196 2401 3245 mae,
2453 3174 2706 3235 sordibus
2759 3178 3003 3243 interius,
3054 3174 3284 3245 [indeque
3329 3175 3574 3229 cadavere
3623 3174 3852 3242 plenum.

2271 3250 2405 3304 Vide
2441 3249 2575 3304 infra
2620 3262 2760 3302 vers.
2798 3247 2890 3302 49.
2918 3247 3181 3303 Recenset
3212 3254 3366 3315 poeta
3406 3259 3467 3299 ea
3511 3246 3628 3315 fere
3665 3246 3851 3300 omnia

595 3327 712 3396 haec
736 3324 852 3396 ipsa
875 3314 1050 3374 verba
1079 3315 1357 3371 Prudentii
1378 3354 1393 3381 ,
1416 3324 1472 3369 et
1509 3316 1612 3370 alia
1652 3331 1757 3370 non
1801 3314 2063 3372 absimilis
2099 3333 2166 3374 ex
2194 3334 2241 3396 ο
2272 3322 2601 3396 qua:_peragi
2638 3317 2909 3396 solebant,
2946 3329 2999 3371 ut
3030 3314 3223 3396 honos
3244 3316 3516 3396 defunctis
3540 3314 3852 3396 haberetur.

593 3394 789 3451 Psvch.

662 3412 1029 3529 agilPlerique
1050 3459 1230 3527 legunt
1255 3457 1406 3529 ignis,
1434 3464 1487 3529 e_t
1505 3456 1592 3529 lso
1615 3456 1837 3529 exponit
1860 3456 1927 3512 de
1950 3458 2162 3523 anima;

595 3535 737 3606 quod
787 3526 983 3606 pariter
1031 3526 1225 3606 habent
1272 3526 1413 3606 Vatt:
1445 3527 1517 3591 Ο,
1560 3526 1624 3606 P,
1669 3537 1722 3581 et
1760 3528 1779 3581 ι
1823 3542 1942 3606 cum
1978 3529 2165 3606 glossa

595 3596 804 3671 rinima,
848 3603 1028 3671 Ales.3
1062 3598 1285 3671 lerLet
1325 3596 1413 3671 alii
1453 3599 1793 3671 ‘nostri_;_nec
1835 3596 2017 3671 debuit
2054 3598 2169 3671 haec

595 3676 757 3730 lectio
791 3666 933 3727 'mala
981 3667 1261 3723 Gallandio
1297 3666 1465 3720 videri
1515 3667 1567 3719 in
1614 3667 1752 3721 Aldo
1791 3676 1845 3720 et
1882 3668 2021 3721 aliis.
2062 3667 2167 3722 Sed

597 3747 721 3800 Vat.
761 3744 838 3810 Q,
883 3741 1106 3810 Noms.,
1142 3736 1429 3810 Rottend.)
1470 3735 1857 3810 Torrentianus
1900 3746 2170 3810 unus,ue_t

598 3803 1156 3871 schediecrzevianae,
1183 3806 1351 3875 ignei,
1381 3803 1517 3857 facta
1545 3805 1801 3875 syumresi
1820 3848 1833 3869 ,
1863 3807 2003 3874 quod
2031 3807 2163 3860 mihi

600 3882 888 3936 admodum
929 3881 1132 3945 placet,
1181 3874 1301 3927 nam
1332 3874 1523 3945 primo
1566 3890 1720 3929 versu
1762 3876 1925 3928 Deum
1968 3877 2171 3945 igneum

628 3962 793 4006 autem
819 3943 1105 4002 animarum
1131 3952 1303 4000 vocat.
1332 3943 1451 3997 Vat.
1479 3945 1524 3998 A
1549 3945 1758 3999 videtur
1787 3943 2169 3999 eodem—modo

600 3958 823 4076 iecisse.
870 4020 1091 4076 saltem,
1135 4015 1223 4076 qui
1271 4013 1503 4076 glossam
1542 4016 1707 4069 verbo
1743 4032 1959 4076 menter.
2006 4017 2057 4070 id
2089 4026 2169 4071 est

622 4024 823 4091 egisse,
870 4020 1056 4091 saltem
1078 4057 1091 4079 ,
1126 4015 1239 4091 qui
1271 4013 1503 4091 glossam
1542 4016 1707 4091 verbo
1743 4032 1959 4091 memor,
2006 4017 2057 4070 id
2089 4026 2170 4071 est

598 4084 776 4146 an'ima
792 4084 819 4155 ,’
832 4087 1097 4159 apposuit.
1112 4084 1183 4159 lu
1203 4084 1404 4159 υξρῃ..
1429 4086 1617 4159 igneoli
1635 4126 1649 4148 ,
1684 4087 1953 4159 mendum.

670 4166 759 4219 30.
794 4153 939 4223 Aliil,
967 4157 1207 4223 Nebris.,
1241 4153 1386 4208 Sich.
1408 4199 1421 4223 ,
1454 4153 1568 4210 ϐιε.
1597 4158 1622 4210 1
1665 4160 1752 4210 ed.
1784 4156 1849 4209 ad
1881 4172 2059 4222 oram,
2091 4156 2171 4209 ni-

603 4250 719 4304 gra.
769 4231 1011 4304 Plerique
1032 4236 1106 4304 _ct
1148 4225 1366 4304 optimi,
1420 4226 1564 4295 pigra
1581 4244 1601 4304 _;
1648 4225 1788 4304 quod
1835 4226 1990 4304 longe
2010 4241 2168 4304 £09.

595 4294 874 4373 gruentius
906 4294 1006 4373 est.
1032 4298 1185 4373 Teol.
1211 4297 1261 4349 in
1296 4294 1552 4373 Vat._un_o
1579 4294 1779 4373 invenit
1811 4294 1976 4373 nigra.
2010 4297 2168 4350 Heri-

600 4366 698 4427 cus
751 4369 1217 4432 Altisiodorensis,
1262 4366 1351 4433 qui
1398 4366 1465 4419 ab
1514 4368 1615 4420 hoc
1657 4368 1854 4436 hymno
1905 4366 2053 4435 plura
2088 4377 2171 4422 est

596 4452 904 4516 mutuatus,
948 4437 1507 4516 exscripsitncontagia
1554 4438 1737 4516 pjgrlt.‘
1766 4436 2024 4516 VVeitzius
2073 4451 2170 4516 pro

602 4514 750 4582 nigra
780 4514 971 4577 allegat
1006 4503 1190 4569 F.;‘si
1231 4503 1528 4559 Fabricium
1555 4503 1851 4575 intelligit,
1888 4506 1973 4561 hic
2012 4506 2171 4562 habet

690 4597 769 4632 ra.

598 4584 769 4703 “95%,:
794 4646 967 4715 Aliqui
1004 4645 1238 4698 adverbii
1267 4654 1386 4697 uola
1418 4645 1709 4713 insigniunt
1741 4648 1896 4713 quod.
1934 4645 2046 4714 Ego
2084 4661 2167 4700 rc-

599 4720 817 4775 lalivum
847 4727 995 4787 puto,
1021 4715 1425 4787 utAinlelligatnr
1446 4731 1645 4781 corpus,
1675 4715 2082 4787 quodhvidemus.

676 4790 764 4843 58.
793 4785 1034 4851 llericus,
1063 4785 1245 4840 Serius
1271 4785 1412 4837 calor
1440 4800 1555 4838 ossa
1585 4786 1777 4837 revisit.
1804 4785 2050 4854 Virgilius
2074 4785 2164 4841 lib.

598 4878 675 4925 ix,
701 4874 841 4914 vers.
867 4859 991 4919 A75.
1020 4857 1161 4909 calor
1191 4872 1305 4909 ossa
1331 4855 1552 4923 reliquit.

672 4932 759 4986 40.
796 4931 933 4983 Ante
969 4927 1217 4980 lladriani
1254 4936 1345 4977 aut
1376 4925 1762 4979 Antoninorum
1799 4935 2035 4994 tempora
2063 4941 2169 4981 non

600 5009 825 5071 apparet
857 4999 957 5051 hoc
993 4996 1306 5071 vocabulum
1344 4996 1685 5071 habitaculum
1724 4998 1779 5050 in
1808 5010 1973 5071 Ausum
2019 4998 2171 5071 indu-

599 5065 774 5135 clurn;
812 5078 931 5138 post
960 5065 1109 5138 mnllj
1140 5076 1463 5138 usurparunt
1501 5068 1659 5120 etiam
1703 5068 1907 5135 profani
1946 5066 2173 5137 scripto-

598 5158 711 5207 res,
756 5134 1039 5200 Palladius,
1070 5134 1288 5207 Gellius,
1316 5135 1553 5203 Solinus,
1588 5134 1920 5191 Ammianus.

672 5215 764 5267 45.
800 5212 873 5264 Ex
925 5210 1129 5261 honore
1158 5206 1247 5273 qui
1294 5208 1555 5271 sepulcris
1602 5208 1956 5275 impenditur,
2002 5221 2160 5277 argu-

597 5292 839 5338 mentmn
898 5278 1092 5347 petitur
1143 5278 1547 5330 resurrectionis
1613 5288 1978 5341 mortuorum,
2024 5278 2161 5346 qum]

602 5353 963 5408 Tertullianus
1002 5347 1198 5416 aliique
1243 5357 1578 5416 promovent.
1620 5347 1838 5400 Novella
1876 5347 2163 5403 Theodosii

600 5434 657 5476 et
684 5420 1035 5476 Valentiniani
1062 5415 1131 5471 de
1157 5415 1415 5482 sepulcris
1446 5418 1523 5468 tit.
1552 5415 1584 5467 5
1610 5434 1620 5466 :
1657 5416 1882 5478 Scimus,
1916 5434 2006 5471 nec
2032 5434 2163 5471 vana

604 5495 749 5559 ﬁdes,
775 5504 821 5546 et
845 5492 1036 5545 solutas
1079 5486 1309 5542 membris
1339 5486 1533 5559 animos
1561 5486 1739 5559 habere
1775 5503 2007 5559 sensum,
2039 5498 2083 5541 et
2114 5490 2167 5542 in

604 5556 847 5633 uriginem
872 5576 1016 5614 suam
1043 5559 1275 5626 spiritum
1306 5556 1469 5633 redire
1496 5558 1835 5610 caelestem...
1864 5558 2029 5610 Nimis
2054 5560 2167 5612 bar-

605 5626 730 5689 bar'a
773 5639 844 5683 est
884 5640 928 5683 et
976 5646 1157 5683 vesana
1197 5626 1475 5680 crudelitas
1527 5642 1707 5678 munus
1742 5636 2019 5680 extremum
2057 5629 2167 5683 luce

604 5702 886 5756 carentibus
929 5701 1168 5752 inridere.
1212 5698 1521 5763 Pignorius,
1559 5699 1625 5751 de
1667 5696 1848 5751 Servis
1890 5712 2005 5767 pag.
2038 5699 2164 5767 250,

605 5776 705 5828 hos
760 5785 941 5826 versus
1004 5770 1247 5829 adducit,
1298 5776 1354 5821 ut
1416 5769 1634 5837 probet,
1690 5767 1948 5835 sepulcris
2005 5770 2164 5823 etiam

607 5842 1029 5903 Christianorum
1072 5840 1188 5893 vela
1230 5840 1451 5892 candida
1498 5839 1751 5907 praetendi
1789 5840 2165 5911 consuevisse,

2278 3385 2689 3445 Adhibelia'utur
2720 3390 2879 3442 etiam
2911 3388 3171 3449 candelae,
3198 3396 3280 3451 et,
3313 3395 3371 3439 ut
3397 3401 3464 3439 ex
3502 3385 3605 3439 hoc
3656 3386 3859 3455 hymno

2272 3460 2468 3527 liquet,
2503 3460 2685 3530 hymni
2716 3460 2796 3513 vel
2828 3460 3040 3526 psalmi.
3086 3458 3530 3530 S._llieronymus
3553 3454 3627 3530 ad
3661 3454 3857 3530 Eusto-

2271 3526 2449 3583 chium
2483 3526 2553 3585 de
2586 3530 2858 3599 epilaphio
2894 3530 3068 3583 Panhe
3094 3545 3109 3585 :
3140 3527 3269 3599 Cirin
3298 3526 3388 3599 alii
3422 3527 3688 3599 pontiﬁces
3723 3527 3857 3579 lam-

2272 3602 2432 3670 padas
2473 3597 2738 3667 cereosque
2781 3600 3109 3666 praeferrent,
3138 3598 3247 3670 alii
3290 3597 3498 3670 choros__
3522 3597 3857 3665 psallentium

2273 3665 2533 3725 ducerent.
2572 3672 2635 3724 Et
2659 3665 2713 3725 in
2741 3670 2857 3724 Vita
2889 3670 3034 3723 Pauli
3070 3667 3169 3722 sub
3214 3668 3413 3721 linem:
3450 3665 3681 3735 Hgmnos
3726 3683 3858 3733 quo-

2272 3758 2369 3807 que
2412 3752 2456 3793 et
2501 3740 2722 3810 psalmos
2767 3742 2829 3793 de
2879 3740 3170 3810 Christiana
3219 3738 3497 3810 traditione
3549 3738 3854 3810 decantatis.

2212 3860 2219 3865 .
2275 3802 2456 3865 Victor
2484 3802 2733 3873 Vilensis,
2771 3812 2862 3865 lib.
2904 3825 2949 3871 ι,
2986 3809 3184 3877 aliique
3224 3808 3465 3861 eamdem
3506 3809 3857 3862 consuetudi-
3892 3802 3905 3815 ’

2276 3896 2396 3935 nem
2444 3881 2811 3946 comprobant.
2866 3879 3090 3934 Concilii
3135 3877 3376 3932 Toletani
3425 3892 3514 3941 ιιι,
3560 3892 3736 3931 canon
3784 3878 3857 3931 ἓξ

2273 3960 2481 4005 exstat:
2526 3951 2895 4019 lleligiosorum
2928 3950 3155 4002 omnium
3190 3964 3405 4017 corpora
3434 3950 3521 4019 qui
3540 3949 3733 4019 divina
3766 3965 3853 3999 ro.

2274 4023 2469 4074 catione
2508 4022 2569 4073 ab
2611 4018 2705 4072 hac
2750 4024 2851 4072 vita
2890 4021 3162 4083 recedunt,
3202 4035 3315 4070 cum
3364 4018 3573 4086 psalm’s
3627 4028 3854 4071 tantum-

2274 4093 2425 4144 modo
2456 4093 2778 4158 psallentium
2815 4090 3015 4143 vocibus
3054 4090 3233 4142 debere
3272 4088 3340 4141 ad
3370 4088 3605 4156 sepulcra
3640 4091 3854 4157 deferri.

2276 4160 2415 4213 Nam
2458 4157 2670 4231 funebre
2715 4176 2945 4220 eirmen,
2986 4160 3119 4223 quod
3154 4157 3308 4231 vulgo
3351 4158 3609 4227 defunctis
3643 4161 3848 4231 cantari

2273 4235 2432 4295 solet,
2464 4234 2538 4285 vel
2578 4232 2859 4299 pectoribus
2896 4247 2974 4293 se,
3017 4230 3306 4300 proximos,
3349 4239 3443 4300 aut
3481 4230 3712 4300 familias
3749 4245 3851 4281 cae-

2273 4303 2391 4354 dere
2427 4304 2630 4356 omnino
2664 4300 2997 4367 prohibemus.
3019 4298 3237 4354 Confer
3276 4298 3469 4352 concil.
3500 4298 3715 4352 Valent.
3758 4315 3847 4353 an.

2275 4370 2412 4438 524,
2444 4388 2559 4437 cap.
2606 4371 2667 4436 4;
2718 4371 2961 4425 Braccar.
3007 4386 3053 4436 ι,
3088 4384 3208 4439 cap.
3258 4369 3326 4423 16
3367 4376 3422 4423 et
3467 4368 3561 4433 l7;
3612 4380 3666 4423 et
3712 4370 3848 4423 infra

2276 4455 2413 4495 vers.
2442 4444 2561 4497 H5.

2344 4514 2431 4565 47.
2468 4512 2644 4565 Funus
2665 4526 2784 4565 cum
2815 4510 3062 4576 sepulcro
3095 4519 3177 4563 est
3208 4509 3367 4562 honor
3397 4509 3641 4563 ultimus:
3676 4509 3729 4561 in
3755 4524 3851 4563 ve-

2276 4584 2373 4636 teri
2417 4582 2685 4649 epilaphio
2734 4582 2980 4649 Popiliae,
3012 4580 3317 4634 Extremum
3357 4579 3573 4649 oﬁicium
3610 4581 3853 4645 quoniam

2275 4653 2365 4704 tibi
2397 4648 2611 4706 reddere
2642 4648 3229 4723 cogor.’Virgilius,_l_ib.
3259 4665 3342 4710 vr,
3378 4662 3521 4703 vers.
3543 4648 3669 4717 215,
3705 4660 3751 4702 et
3780 4650 3853 4701 ci-

2272 4723 2381 4776 neri
2410 4726 2611 4790 ingrato
2634 4720 2868 4790 suprema
2898 4723 3081 4785 ferebat
3114 4720 3353 4774 Munera.

2344 4795 2431 4849 49.
2459 4787 2611 4846 Plura
2639 4787 2707 4846 de
2732 4792 2813 4845 his
2834 4792 3065 4845 diximus
3092 4791 3293 4858 proleg.
3320 4792 3463 4841 num‘.
3497 4787 3597 4843 156
3618 4799 3671 4842 et
3692 4805 3845 4858 seqq.

2275 4862 2453 4918 Videri
2504 4872 2722 4927 possunt
2762 4861 3020 4915 Baronius
3067 4860 3251 4914 tom.l
3298 4858 3517 4923 Annal.,
3566 4875 3689 4926 pag.
3720 4861 3848 4923 258,

2274 4945 2327 4986 et
2350 4934 2406 4989 S.
2444 4933 2797 5001 Hieronymus
2827 4932 2895 4985 de
2923 4932 3069 4985 obitu
3094 4930 3347 4995 Blesillae,
3376 4929 3462 4982 ubi
3490 4931 3743 5001 meminit
3760 4948 3852 5001 re-

2274 5003 2474 5056 laminis
2500 5000 2780 5071 aurei’quo
2803 5002 3054 5056 feretrum
3082 5002 3487 5061 obtendebatur,
3535 5012 3590 5052 et
3644 5002 3696 5052 in
3730 5000 3849 5053 Vita

2275 5073 2332 5128 S.
2366 5074 2537 5135 Pauli,
2582 5072 2671 5126 ubi
2696 5070 2890 5138 pariter
2928 5080 3186 5125 memorat
3228 5079 3434 5123 auratas
3462 5078 3622 5122 vestes
3653 5070 3851 5135 quibus

2276 5143 2471 5198 mortui
2500 5143 2939 5196 obvolvehantur.
2974 5141 3173 5208 Repete
3200 5141 3337 5194 dicta
3362 5153 3504 5193 vers.
3528 5140 3620 5204 45,
3650 5150 3703 5192 et
3726 5155 3852 5194 cou-

2275 5215 2355 5268 fer
2383 5214 2637 5269 Jacobum
2664 5212 2993 5275 Grctzerum,
3022 5212 3114 5265 lib.
3144 5211 3248 5266 lde
3280 5209 3486 5263 Funere
3515 5208 3848 5273 Christiano,

2273 5299 2389 5353 cap.
2424 5286 2477 5347 5,
2512 5294 2565 5336 ιιι
2595 5284 2771 5350 plures
2798 5285 2930 5337 alios
2961 5292 3315 5353 praeteream,
3343 5282 3431 5353 qui
3475 5278 3543 5331 de
3570 5278 3853 5353 funeribus

2273 5350 2518 5478 gii'iverse
2548 5354 2892 5420 scripserunt,
2937 5362 2987 5408 et
3040 5353 3137 5406 hos
3178 5350 3450 5405 Prudentii
3492 5364 3685 5403 versus
3728 5351 3848 5403 lau-

2311 5436 2484 5477 arunt.

2311 5436 2484 5477 Ill'llﬂl.

2346 5496 2433 5548 55.
2471 5494 2613 5560 Ald.,
2644 5510 2723 5547 res
2760 5496 2895 5564 quod
2923 5494 3019 5547 nisi
3056 5494 3299 5548 creditur.
3347 5491 3715 5564 Codd.gntss.,_
3749 5491 3855 5564 nisi

2282 5566 2419 5634 quod
2446 5581 2522 5618 res
2547 5562 2790 5618 creditur.
2820 5564 3107 5634 Utrumque
3138 5573 3307 5617 metro
3333 5562 3596 5634 congruit,
3622 5562 3857 5634 sedhoc

2275 5632 2600 5703 postremum
2632 5637 2844 5689 suavius
2864 5645 2964 5689 est.
2997 5632 3184 5688 Nescio
3209 5649 3307 5687 cur
3337 5632 3593 5685 Cellarius
3616 5632 3853 5703 ediderit

2273 5702 2349 5759 res
2372 5707 2505 5773 quod
2533 5707 2650 5771 nisi,
2700 5721 2929 5773 eumque
2979 5706 3373 5771 transcripserit
3401 5702 3638 5765 'l’eolius,
3695 5702 3853 5758 nullo

2277 5790 2374 5831 ms.
2410 5775 2526 5831 cod.
2558 5775 2829 5845 producto.
