4102 6348
589 311 693 366 885

590 426 658 477 80
842 424 979 477 Deus
1010 422 1140 476 illita
1172 420 1293 476 felle
1320 427 1552 473 serenat.

772 514 884 568 tam
915 524 1037 567 tunc
1061 512 1243 567 docuit
1269 520 1418 580 pater
1454 509 1621 575 orbis,

842 605 1007 672 Quam
1037 604 1105 657 sit
1133 601 1353 657 rationis
1384 601 1569 671 egenis

847 694 1084 757 Mordax,
1113 702 1167 747 et
1189 705 1370 747 amara
1397 689 1626 755 medela,

842 784 1006 855 358
1028 783 1158 838 Cum
1191 782 1278 837 lux
1302 783 1533 837 animam
1566 796 1699 837 nova
1732 790 1909 837 vexat.

595 878 660 927 δῦ
778 876 963 930 Docuit
992 884 1203 945 quoque
1231 888 1335 929 non
1362 875 1506 945 prius
1535 874 1700 928 ullum

846 966 1097 1021 Caelestis
1128 979 1353 1021 cernere
1384 978 1569 1035 regna,

842 1060 1009 1125 Quam
1042 1067 1221 1124 nocte,
1252 1066 1307 1113 et
1337 1059 1555 1112 vulnere
1587 1056 1723 1110 tristi

694 1214 703 1221 λ
847 1149 1175 1204 Toleraverit
1203 1162 1389 1217 aspera
1414 1146 1614 1201 mundi.

773 1239 911 1293 Mors
940 1240 1054 1309 ipsa
1086 1240 1292 1295 beatior
1319 1236 1443 1294 inde
1468 1246 1571 1302 est,

596 1331 664 1384 90
847 1332 998 1398 Quod
1026 1346 1123 1402 per
1148 1330 1475 1388 cruciamina
1501 1331 1631 1385 letlii

852 1422 946 1477 Via
978 1421 1228 1493 panditur
1254 1420 1419 1476 ardua
1447 1420 1629 1490 justis,

849 1515 915 1569 Et
944 1516 1010 1570 ad
1038 1523 1183 1570 astra
1214 1513 1490 1569 doloribus
1521 1513 1646 1567 itur.

774 1608 861 1662 Sic
888 1622 1110 1678 corpora
1144 1606 1460 1663 mortificata

840 1699 1085 1754 Redeunt
1112 1700 1424 1755 melioribus
1455 1700 1609 1754 annis
1636 1715 1649 1753 :

598 1788 664 1844 95
844 1788 952 1846 Nec
979 1800 1100 1860 post
1128 1790 1331 1846 obitum
1362 1790 1698 1847 recalescens

842 1881 1112 1952 Compago
1142 1882 1391 1938 fatiscere
1419 1882 1586 1939 novit.

776 1972 922 2039 Haec,
949 1986 1071 2043 quae
1102 1974 1262 2029 modo
1288 1974 1485 2043 pallida
1513 1976 1639 2029 tabo

842 2062 1005 2120 Color
1027 2066 1236 2121 albidus
1266 2057 1454 2133 inlicit,
1485 2082 1576 2122 ora

844 2154 993 2209 Tunc
1023 2154 1155 2213 ﬂore
1182 2159 1457 2214 venustior
1483 2160 1625 2213 omni

847 2246 1072 2313 Sanguis
1099 2256 1219 2301 cute
1250 2247 1416 2317 tinget
1443 2262 1674 2303 amoena.

776 2334 890 2390 Jam
918 2336 1062 2391 nulla
1094 2337 1287 2394 deinde
1316 2348 1561 2395 senectus

848 2427 1063 2485 Frontis
1088 2429 1253 2486 decus
1284 2432 1462 2487 invida
1494 2442 1697 2502 carpet,

845 2518 1037 2574 Macies
1067 2535 1239 2590 neque
1268 2522 1406 2576 sicca
1438 2523 1665 2577 lacertos

843 2612 1013 2665 Succo
1044 2612 1279 2666 tenuabit
1306 2612 1489 2669 adeso.

602 2243 704 2299 100

2209 1792 2254 1853 Β
2285 1792 2385 1851 120

1698 304 1969 366 AURELII
2008 300 2375 360 PRUDENTH
2414 298 2743 358 CARMINA.
3751 298 3848 361 θα

2198 428 2244 489 Α
2276 417 2373 471 105
2446 416 2608 487 359
2638 411 2853 468 Morbus
2882 424 3093 487 quoque
3124 409 3362 482 pestifer,
3398 419 3543 466 artus

2519 508 2615 573 Qui
2646 519 2783 560 nunc
2814 502 3098 575 populatur
3128 503 3353 560 anhelos

2520 600 2626 656 Sua
2654 607 2779 654 tunc
2808 603 3074 652 tormenta
3102 593 3365 651 resudans

2528 692 2659 747 Luet
2689 691 2827 745 inter
2848 688 3059 743 vincula
3095 687 3263 744 mille.

2453 786 2600 841 Hunc
2628 786 2841 840 eminus
2862 797 2987 838 aere
3011 781 3078 837 ab
3104 776 3212 835 alto

2524 876 2725 931 Victrix
2752 889 2915 941 caro,
2953 873 3171 944 jamque
3212 873 3463 942 perennis

2523 968 2716 1022 Cernet
2740 966 2855 1021 sine
2883 964 2987 1019 fine
3019 971 3322 1033 gementem
3343 1007 3357 1031 ,

2521 1060 2666 1126 Quos
2690 1066 2931 1113 moverat
2950 1058 3085 1126 ipse,
3117 1056 3356 1113 dolores.

2452 1150 2587 1217 Quid
2621 1150 2772 1204 turba
2805 1158 3077 1219 superstes
3108 1147 3287 1217 inepta

2524 1242 2788 1309 Clangens
2828 1238 3121 1294 ululamina
3165 1239 3350 1294 miscet

2282 1334 2381 1388 115
2526 1331 2631 1385 Cur
2661 1339 2767 1385 tam
2798 1329 2932 1385 bene
2958 1328 3171 1383 condita
3199 1329 3316 1399 jura

2527 1423 2695 1477 Luctu
2722 1421 2878 1476 dolor
2907 1419 3081 1492 arguit
3108 1418 3336 1474 amens?
3408 1482 3412 1486 _

2456 1516 2569 1571 Jam
2590 1523 2779 1571 moesta
2800 1515 3014 1584 quiesce
3043 1512 3259 1582 querela
3284 1553 3299 1575 ,

2531 1607 2819 1677 Lacrymas
2845 1604 3152 1674 suspendite
3172 1643 3187 1669 ,
3213 1610 3410 1658 matres
3428 1641 3443 1669 ,
3546 1668 3565 1681 ~

2529 1697 2712 1753 Nullus
2739 1710 2835 1753 sua
2867 1697 3084 1766 pignora
3108 1694 3358 1767 plangat:

2530 1790 2670 1846 Mors
2702 1788 2814 1844 haec
2836 1788 3099 1858 reparatio
3120 1786 3241 1843 vitae
3268 1797 3369 1842 est.

2460 1883 2549 1940 Sic
2581 1881 2785 1937 semina
2826 1879 2965 1935 sicca
2990 1879 3261 1935 virescunt

2528 1974 2644 2029 iam
2675 1979 2884 2028 mortua
2903 2010 2919 2038 ,
2946 1970 3165 2040 jamque
3187 1968 3388 2040 sepulta
3420 1982 3433 2021 :

2530 2064 2661 2131 Quae
2688 2061 2893 2119 reddita
2917 2061 3121 2131 cespite
3150 2059 3217 2115 ab
3252 2060 3357 2116 imo

2275 878 2378 933 110

2534 2154 2753 2209 Veteres
2776 2149 3103 2207 meditantur
3127 2150 3342 2206 aristas.

2286 2248 2387 2304 125
2457 2247 2620 2319 360
2646 2246 2795 2299 Nunc
2820 2244 3029 2312 suscipe
3055 2284 3068 2309 ,
3103 2252 3264 2308 terra,
3290 2238 3577 2295 fovendum
3608 2278 3625 2306 ,

2531 2337 2852 2405 Gremioque
2882 2333 3023 2389 hunc
3059 2334 3280 2400 concipe
3322 2331 3465 2386 molli
3495 2348 3506 2383 :

2531 2428 2772 2483 Hominis
2794 2426 2887 2482 tibi
2915 2425 3150 2480 membra
3171 2433 3451 2494 sequestro
3481 2464 3494 2489 ,

2528 2518 2801 2572 Generosa
2832 2527 2885 2571 et
2914 2514 3170 2585 fragmina
3194 2512 3375 2569 credo.

2453 2610 2659 2665 Animae
2688 2608 2785 2663 l‘uit
2812 2608 2924 2663 hzec
2955 2608 3145 2662 domus
3174 2606 3302 2660 olim
3324 2647 3337 2669 ,

1902 2722 2187 2779 GLOSSIE
2230 2721 2569 2777 VETERES.

787 2834 941 2906 Illita,
971 2836 1146 2889 tincta.
1181 2868 1248 2875 —
1278 2839 1518 2905 Serenat,
1546 2841 1685 2892 clara
1723 2842 1867 2906 facit,
1898 2840 1937 2894 1.

599 2904 980 3025 nestilEgena,
1010 2906 1237 2975 indigens
1258 2910 1376 2975 quia
1405 2904 1601 2963 necesse
1636 2904 1781 2963 estut
1812 2913 1989 2964 habeat
2010 2913 2160 2964 ratio-

668 3044 755 3111 85.
790 3043 1026 3107 Mordax,
1060 3050 1213 3111 dura,
1240 3048 1281 3101 1.

668 3110 755 3193 84..
788 3112 919 3193 Lnux!
972 3121 1211 3193 correctio
1239 3118 1580 3193 dicimurVat.
1617 3122 1677 3174 Α.
1714 3152 1779 3161 -
1817 3122 1995 3188 Vexat,
2044 3124 2165 3193 fati-

599 3192 703 3251 gat,
730 3181 765 3261 I_.
801 3182 938 3261 Quia
961 3198 1077 3261 post
1096 3190 1299 3261 longam
1324 3181 1635 3245 tenebrarum
1666 3181 2054 3248 ittstteludt'tte'm'
2078 3198 2167 3248 tua:

599 3254 910 3330 cum__labore
937 3254 1237 3330 suscipitur,
1276 3263 1427 3330 l’rag.

666 3324 755 3379 b5.
788 3323 994 3393 Docuit,
1025 3323 1181 3391 Deus,
1210 3323 1315 3383 l'so.

782 3394 969 3467 ljocte,
1001 3416 1102 3452 nos:
1124 3417 1213 3467 pro
1242 3402 1584 3465 tribulatione,
1617 3403 1652 3457 Ι.

666 3462 751 3539 90.
787 3462 1074 3539 fatiscere,
1105 3462 1307 3535 resolvi,
1334 3462 1700 3539 dissolvi,vlso.

665 3531 751 3589 98.
788 3536 966 3605 Color,
1015 3531 1200 3609 pallor.
1234 3531 1305 3580 -'
1340 3531 1882 3613 lnﬁcit,'corrumpit.
1931 3575 1999 3585 —
2041 3545 2166 3610 Ora,

2278 2842 2455 2909 facies,
2488 2843 2592 2895 lso.

2346 2913 2435 2966 99.
2472 2911 2775 2972 Venustior,
2803 2909 3085 2979 pulchrior,
3114 2908 3151 2961 I.

2349 2983 2468 3037 100.
2504 2982 2709 3049 Tinget,
2742 2976 2956 3042 colorat,
2982 2977 3263 3049 humectat,
3292 2976 3329 3029 Ι.

2355 3052 2474 3106 102.
2504 3048 2723 3120 Carpet,
2754 3058 3060 3118 corrumpet,
3083 3048 3132 3120 _l.

2352 3122 2473 3177 101.
2504 3117 2703 3187 Adeso,
2732 3117 3045 3188 consumpto,
3081 3117 3120 3171 1.

2350 3192 2474 3247 105.
2498 3186 2733 3256 Morbus,
2772 3186 3024 3253 diabolus,
3056 3189 3140 3257 qui
3178 3186 3372 3241 morbos
3386 3188 3568 3254 infert,
3604 3186 3647 3240 1.

2354 3263 2472 3317 109.
2506 3262 2745 3325 Eminus,
2777 3262 2947 3329 longe,
2972 3258 3013 3312 1.

2354 3332 2474 3386 112.
2511 3333 2765 3397 Moverat,
2792 3326 3095 3385 excitaverat
3124 3338 3300 3383 contra
3329 3328 3475 3382 alios.
3507 3357 3577 3367 —
3609 3326 3843 3389 Dolores,

2282 3404 2503 3466 morbos,
2533 3404 2634 3457 lso.

2354 3473 2475 3527 127.
2502 3472 2813 3542 Sequestro,
2841 3470 3153 3533 commendo,
3183 3485 3383 3539 separo,
3414 3470 3518 3523 lso.

2355 3544 2477 3599 129.
2514 3543 2660 3609 limo,
2708 3558 2849 3608 caro,
2880 3542 2919 3597 I.

1924 3675 2481 3734 COMMENTARIUS.

669 3786 757 3838 82.
790 3786 891 3857 lso,
920 3788 1036 3841 Vat.
1068 3788 1127 3854 Β,
1162 3790 1199 3851 Ι,
1236 3789 1411 3856 Prag.,
1464 3789 1609 3855 Rat.,
1658 3790 1849 3843 Weitz.
1879 3804 1998 3843 cum
2029 3796 2160 3857 suis,

600 3869 786 3938 egena.
813 3855 958 3938 ald.”
991 3857 1109 3910 Vat.
1139 3860 1203 3919 υ,
1320 3855 1400 3938 Ο,
1419 3858 1557 3938 Gis.,
1607 3862 1795 3931 egenis,
1822 3860 1983 3938 _qu_od
2016 3855 2167 3938 secn-

600 3932 683 3999 tus
713 3934 793 3978 est
814 3923 997 3979 Heins.
1029 3942 1151 3999 cum
1182 3929 1313 3982 suis.
1340 3928 1594 3999 Probum
1625 3923 1707 3982 est
1732 3923 1943 3983 rationis
1975 3934 2164 3999 egenis,

600 3993 699 4073 ltoc
720 4003 797 4049 est
826 3997 1213 4073 peccatoribus,
1261 3998 1351 4067 qui
1373 3999 1529 4054 etscis
1554 4010 1953 4069 comparantur,
2000 3993 2055 4055 et
2083 3993 2167 4055 ra?

600 4067 763 4137 tione,
786 4080 880 4137 seu
908 4067 1026 4121 luce
1051 4079 1226 4137 egent.
1420 4116 1423 4119 .

666 4136 753 4190 80.
786 4136 1121 4193 Torrentiani
1166 4141 1272 4193 duo
1311 4140 1570 4192 scandere.
1611 4140 1715 4196 Sed
1761 4156 1962 4195 cernere
1990 4150 2074 4196 est
2118 4141 2168 4195 in

597 4205 834 4279 reliquis.
869 4207 999 4279 Vide
1030 4208 1211 4279 hymni
1241 4211 1308 4264 12
1335 4224 1482 4264 vers.
1513 4210 1604 4265 88.

667 4276 755 4331 90.
781 4276 930 4332 Teol.
966 4276 1290 4348 pro'diversa
1325 4280 1552 4335 lectione
1574 4297 1687 4335 cum
1714 4297 1821 4350 per.
1855 4280 2057 4335 Hailsb.
2080 4294 2170 4335 su-

597 4359 687 4419 pra
708 4350 894 4419 mundi
924 4365 1020 4419 pro
1049 4350 1191 4405 lethi.

578 4442 581 4445 λ
787 4418 846 4473 S.
882 4418 1132 4475 Paulinus
1160 4420 1330 4475 Natali
1362 4422 1394 4475 6
1418 4420 1683 4497 ;_I_’lacida
1710 4437 1830 4497 caro
1850 4430 2014 4497 morte
2024 4421 2170 4497 ςαξο-

597 4488 689 4538 scit
716 4484 780 4539 In
801 4504 940 4555 spem
978 4506 1078 4543 non
1102 4507 1312 4544 vacuam
1339 4492 1572 4545 rediviva:
1608 4492 1813 4544 condita
1836 4492 1968 4544 vitae.
1998 4484 2174 4545 Verbo

599 4556 945 4675 morticcandi
970 4560 1133 4612 utitur
1160 4561 1539 4627 Tcrtullianus,
1570 4571 1626 4616 et
1654 4561 1713 4615 S.
1742 4560 1972 4630 Prosper
2001 4561 2171 4631 epigr.

600 4622 668 4676 96
692 4640 725 4696 :_
753 4694 763 4696 _
792 4642 836 4679 ts
866 4636 938 4679 est
967 4632 1195 4696 corporei
1221 4630 1581 4696 mortiﬁcanda
1609 4632 1846 4685 hominis.

692 4646 705 4676 ξ
753 4646 836 4679 118
866 4646 937 4679 est
967 4646 1195 4685 corpore:
1221 4646 1581 4685 morttncanaa
1609 4646 1846 4685 nomtnts.

692 4646 705 4676 ξ
753 4646 836 4679 118
866 4646 937 4679 est
967 4646 1195 4697 corpore:
1221 4646 1581 4696 ntorttpcanaa
1609 4646 1846 4685 nomtnrs.

676 4694 794 4749 100.
838 4696 919 4750 lso
967 4697 1176 4753 videtur
1216 4698 1411 4768 legisse
1451 4702 1617 4770 tingit.
1672 4701 1774 4755 Sed
1815 4702 1971 4768 tinget
2008 4699 2175 4769 exigit

600 4778 808 4818 SCIISIIS.

673 4835 795 4891 101.
828 4835 1051 4903 Widm.,
1103 4840 1295 4901 Palat.,
1328 4839 1492 4894 Aldus
1513 4854 1633 4894 cum
1657 4840 1875 4903 nostris,
1925 4840 2173 4895 Heinsius

600 4918 735 4986 cum“
752 4905 986 4986 :Fli'uanu
1016 4909 1132 4986 Put.
1158 4911 1447 4986 etduobus
1474 4910 1613 4986 aliis,
1636 4913 1771 4982 jam.
1808 4909 1909 4986 Alii
1931 4926 2071 4965 nam.

672 4974 795 5048 104.
822 4974 1040 5048 Weitz.,
1078 4978 1275 5033 Hailsb.
1306 4995 1335 5033 a
1365 4974 1606 5036 secunda
1631 4974 1812 5048 manu,
1840 4981 2015 5036 abeso.

674 5047 793 5099 107.
829 5046 997 5100 Aldus
1017 5087 1031 5111 ,
1069 5064 1161 5102 sua
1191 5064 1354 5113 nunc,
1380 5051 1557 5106 minus
1586 5052 1742 5107 bene.

670 5117 793 5189 108.
823 5116 1008 5183 Aldus,
1033 5118 1192 5189 male,
1212 5120 1370 5189 lucet.
1414 5121 1703 5178 Sicbardus
1747 5123 1982 5181 restituit
2028 5122 2127 5176 luet
2152 5163 2166 5189 ,

597 5186 896 5241 faventibus
929 5186 1276 5243 membranis.

667 5258 790 5331 tt“!-
822 5256 942 5331 Ptn-
968 5271 1181 5331 αφειιξυ
1207 5258 1462 5331 secunda.
1490 5262 1624 5331 ipsa-

668 5326 790 5380 115.
823 5327 1213 5399 Cbamillardus
1234 5328 1483 5398 intelligit
1505 5326 1744 5399 praebeas
1774 5331 1891 5386 illas
1917 5330 2171 5385 mulieres

596 5412 714 5463 quae
746 5398 1207 5464 conducebantur,
1263 5408 1321 5454 ut
1363 5398 1631 5454 mortuum
1672 5403 1910 5457 carmine
1959 5401 2169 5469 lugubri

600 5478 1087 5545 prosequerentur;
1120 5483 1225 5545 non
1271 5478 1449 5525 tamen
1477 5468 1773 5545 difﬁtetur,‘
1796 5472 1969 5525 locum
1999 5468 2169 5545 expli—

738 5553 891 5603 posse
912 5540 980 5620 de
1004 5539 1254 5620 lacrymis
1268 5540 1653 5620 quorumlibet.
1674 5541 1729 5595 Id
1761 5541 1987 5620 inlinunt
2004 5539 2170 5620 verba

599 5604 746 5677 turba
771 5619 1039 5677 superstes.
1065 5604 1200 5664 Vide
1219 5604 1509 5665 comment.
1534 5610 1601 5664 ad
1631 5625 1772 5667 vers.
1796 5612 1887 5677 45,
1909 5622 1964 5667 et
1982 5612 2172 5667 confer

598 5674 1023 5750 dissertationem
1054 5680 1362 5750 Hieronymi
1396 5680 1683 5736 Barufl'aldi
1710 5680 1781 5738 do
1810 5674 2044 5738 Praficis
2065 5724 2080 5749 ,
2112 5692 2171 5737 et

598 5744 813 5800 Antonii
842 5745 1070 5803 Lanzoni
1101 5749 1165 5803 dc
1198 5744 1367 5805 Luctu
1398 5751 1664 5808 mortuali.

2199 4452 2255 4514 D

2344 3789 2465 3843 111.
2498 3788 2678 3852 Fabr.,
2716 3789 2957 3855 plangens
2986 3800 3078 3855 pro
3106 3786 3363 3854 clangens.

2347 3859 2466 3911 liii.
2494 3858 2669 3927 Egm.,
2692 3860 2805 3928 jam
2836 3873 2931 3926 pro
2954 3866 3077 3910 tam.

2346 3929 2471 3984 118.
2508 3923 2752 3983 Barthius
2780 3923 2871 3981 lib.
2908 3944 3030 3980 XLVI
3061 3927 3217 3989 Adv.,
3257 3940 3374 3993 cap.
3411 3923 3496 3986 i5,
3530 3925 3840 3990 interpreta-

2276 4010 2383 4063 tur,
2408 4010 2590 4053 matres
2613 4013 2733 4053 esse
2774 3998 2998 4051 feminas
3039 3997 3211 4051 :etatis
3251 3996 3632 4063 provectioris,
3664 3996 3836 4065 quales

2278 4073 2390 4124 fere
2421 4078 2686 4138 praeerant
2739 4068 3058 4137 planctibus,
3092 4068 3333 4119 videlicet
3362 4066 3604 4138 praebeas
3654 4067 3733 4119 sic
3752 4066 3833 4138 rdi-

2280 4135 2583 4209 ctas,'qnod
2617 4135 2912 4208 planctibus
2953 4138 3370 4209 prteftcerentur.
3403 4135 3516 4189 Non
3558 4137 3835 4209 assentior.

2281 4206 2601 4265 Prudentius
2619 4206 2767 4264 enim
2796 4210 2975 4263 statim
3025 4208 3091 4263 de
3130 4207 3437 4277 pignoribus
3467 4219 3563 4261 seu
3611 4206 3731 4260 filiis
3773 4206 3840 4258 Ιο⁸

2323 4282 2483 4334 uitur.

2285 4295 2483 4350 quitur.

2355 4351 2474 4403 121.
2499 4349 2655 4405 Joan.
2682 4365 2775 4413 κη,
2798 4349 2867 4403 21
2896 4357 2951 4403 et
2976 4346 3067 4403 25.

2352 4421 2475 4475 124.
2511 4420 2753 4474 Meditari
2777 4426 2860 4473 est
2892 4418 3072 4472 moliri
3105 4428 3159 4472 et
3191 4416 3342 4485 quasi
3373 4416 3696 4485 exprimere.
3721 4414 3846 4467 Nam

2280 4493 2369 4557 qui
2391 4492 2737 4557 meditantur,
2766 4489 2991 4558 proximi
3012 4497 3156 4552 sunt,
3184 4484 3239 4541 ut
3266 4487 3516 4541 efficiant.
3544 4484 3660 4558 Non
3683 4485 3847 4558 semel

2282 4556 2602 4616 Prudentius
2632 4556 2733 4614 hoc
2762 4556 2921 4613 sensu
2949 4558 3219 4628 usurpavit
3244 4558 3466 4628 meditor
3480 4564 3585 4628 :et
3613 4556 3698 4628 S.‘
3719 4556 3851 4608 Pau-

2280 4632 2418 4685 linus
2451 4632 2501 4684 itt
2545 4630 2733 4685 eodem
2784 4625 3097 4697 argumento
3140 4628 3207 4682 de
3243 4626 3387 4681 obitu
3431 4625 3573 4697 Celsi
3608 4643 3620 4677 :
3660 4625 3851 4678 Cuncta

2278 4702 2576 4771 resurgendi
2608 4701 2788 4769 faciem
2830 4696 3231 4771 meditanturjn
3262 4698 3405 4771 omni
3436 4696 3691 4763 Corpore,
3725 4705 3775 4750 et
3802 4698 3852 4771 in

2280 4768 2703 4841 terris'germina,
2727 4778 2771 4823 et
2802 4778 2940 4841 astra
2979 4770 3117 4841 polo.
3153 4768 3472 4841 Prudentius
3503 4768 3853 4841 vetere-sari-

2279 4850 2391 4898 stas
2408 4836 2580 4906 vocat,
2597 4844 2717 4910 quia
2734 4839 2937 4894 semina
2955 4853 3019 4894 ex
3036 4839 3212 4892 aristis
3233 4838 3515 4910 prodeunt,
3531 4847 3581 4890 et
3598 4836 3649 4889 in
3663 4836 3854 4910 aristas

2280 4914 2524 4967 redeunt.
2557 4906 2772 4965 Teolius
2796 4910 3002 4963 invenit
3042 4910 3309 4961 imitantur
3351 4907 3489 4975 apud
3544 4906 3850 4960 nonnullos.

2354 4984 2474 5037 125.
2507 4984 2646 5047 Rat.,
2675 4980 2809 5034 hunc
2841 4994 2936 5049 pro
2963 4995 3114 5032 nunc.
3142 4979 3318 5049 Egm..
3347 4977 3463 5031 Vat.
3497 4977 3562 5039 υ,
3598 4975 3856 5031 mendose

2303 5054 2572 5106 bbendum.

2280 5053 2572 5121 favendum.

2354 5122 2474 5176 126.
2506 5122 2687 5190 Prag.,
2713 5136 2847 5173 nunc
2872 5133 2971 5188 pro
2992 5119 3141 5181 hunc,
3178 5119 3337 5190 male.
3375 5116 3596 5190 Vigilius
3624 5124 3849 5190 martyr,

2278 5207 2398 5275 pag.
2434 5194 2525 5275 17,
2557 5186 2803 5275 gremium
2825 5186 3043 5275 sepulcri
3066 5189 3226 5275 dixit,
3259 5188 3481 5242 fortasse
3507 5186 3856 5241 Prudentium

2278 5259 2534 5325 imitatus,
2558 5259 2635 5316 ex
2662 5261 2861 5315 Barthii
2901 5259 3298 5315 observatione.

2351 5334 2474 5388 12⁸7.
2510 5334 2713 5391 Aldus,
2753 5332 2868 5385 Vat.
2923 5333 2987 5397 Q,
3034 5329 3174 5383 male
3216 5328 3431 5381 nominis
3473 5340 3570 5395 pro
3618 5327 3854 5378 hominis.

2285 5404 2535 5459 Heinsius
2562 5404 2860 5471 suspicatur
2882 5402 2969 5455 tibi
2998 5408 3287 5471 sequestrat.
3319 5397 3423 5471 sed
3448 5405 3706 5471 sequestro
3733 5412 3857 5471 sen-

2288 5489 2407 5528 sum
2440 5467 2923 5540 rectum'prtet'ert.
2957 5467 3071 5525 Hoc
3096 5470 3261 5523 verbo
3301 5468 3380 5540 nsi
3409 5476 3535 5540 su_nt
3573 5467 3861 5520 Tertullia-

2288 5560 2411 5609 nus,
2446 5536 2701 5598 Sidonius
2726 5552 2777 5595 et
2806 5542 2915 5595 alii.
2961 5541 3323 5595 Tertullianus
3351 5536 3427 5609 de,
3452 5536 3854 5609 Besurrsearn.

2287 5607 2407 5681 cap.
2441 5615 2507 5665 27
2535 5612 2781 5665 :Protade
2810 5613 2939 5663 enim
2978 5621 3022 5662 et
3053 5624 3264 5677 corpora
3293 5607 3547 5681 medicata
3569 5607 3861 5658 condimen-

2288 5678 2369 5736 tis'
2390 5684 2666 5751 sepultum
2694 5681 2961 5733 mansa/eis
2988 5690 3033 5732 et
3061 5678 3397 5739 monumentis
3419 5685 3820 5731 scattestrantur.
