4102 6348
587 368 690 426 887

588 485 690 549 150
833 482 1104 549 Revocas,
1140 482 1296 548 Deus,
1330 491 1488 553 atque
1520 484 1810 553 reformas,

834 573 945 640 Qua
955 588 1074 627 nam
1116 573 1334 642 regione
1359 574 1569 641 jubebis

839 666 1085 721 Animam
1110 666 1449 735 requiescere
1481 681 1666 735 puram
1690 668 1713 720 ?

766 757 984 813 Gremio
1006 758 1151 813 senis
1179 758 1357 814 abdita
1388 760 1562 814 sa'ncti

834 850 1147 914 Recubabit,
1173 859 1230 905 ut
1259 858 1343 906 est
1372 850 1598 906 Eleazar
1626 866 1641 903 :

832 942 990 1012 363
1010 943 1177 1010 Quem
1209 943 1429 998 floribus
1460 942 1696 1012 undique
1728 950 1936 1012 septum

834 1036 992 1090 Dives
1022 1036 1204 1104 procul
1231 1036 1423 1106 aspicit
1451 1035 1665 1091 ardens.

766 1126 1051 1195 Sequimur
1073 1135 1162 1179 tua
1188 1126 1355 1193 dicta,
1391 1126 1740 1196 Redemptor,

836 1220 1056 1288 Quibus,
1088 1230 1201 1273 alia
1229 1235 1259 1275 e
1282 1229 1451 1275 morte
1480 1219 1829 1288 triumphans,

832 1310 945 1363 'I‘ua
978 1325 1071 1378 per
1096 1310 1314 1379 vestigia
1343 1312 1565 1365 mandas

834 1402 1047 1457 Socium
1075 1403 1248 1459 crucis
1277 1403 1352 1457 ire
1380 1404 1661 1458 latronem.

768 1493 917 1549 Patet
945 1509 1069 1549 ecce
1094 1493 1336 1548 fidelibus
1366 1494 1528 1559 ampli

837 1584 929 1638 Via
960 1584 1133 1640 lucida
1163 1585 1272 1654 jam
1298 1584 1555 1654 paradisi,

586 938 685 996 1ὕὸ

588 1401 691 1457 160

1690 368 1967 426 AURELII
2008 368 2373 427 PRUDENTII
2411 368 2730 425 CARMINA.

3739 358 3851 416 888

2510 486 2653 540 Licet
2679 494 2732 540 et
2760 497 2946 539 nemus
2975 484 3104 538 illud
3133 482 3302 552 adire,

2510 578 2721 632 IIomini
2746 575 2887 646 quod
2918 575 3192 630 ademerat
3216 572 3423 645 anguis.

2267 667 2368 723 165
2441 667 2573 732 Illic,
2605 681 2819 735 precor,
2846 665 3047 737 optime
3075 664 3283 730 ductor,

2511 758 2786 813 Famulam
2824 758 2918 812 tibi
2948 756 3180 826 praecipe
3207 764 3438 811 mentem

2516 848 2743 904 Genitali
2773 849 2826 903 in
2860 848 2989 904 sede
3023 848 3245 913 sacrari,

2516 940 2683 1007 Quam
2714 940 2940 1011 liquerat
2962 941 3137 1009 exsul,
3168 948 3226 997 et
3251 954 3457 997 errans.

2448 1030 2557 1085 Nos
2582 1040 2722 1086 tecta
2754 1031 3055 1086 fovebimus
3085 1046 3207 1087 ossa

2526 1120 2710 1185 Violis,
2745 1128 2799 1175 et
2825 1119 3013 1176 fronde
3043 1120 3308 1189 frequenti
3336 1139 3349 1173 :

2522 1212 2684 1282 364
2712 1212 3071 1283 Titulumque,
3101 1221 3157 1267 et
3185 1214 3369 1283 frigida
3396 1228 3525 1270 saxa

2518 1302 2739 1373 Liquido
2760 1318 3070 1374 spargemus
3098 1304 3281 1360 odore.

2380 1438 2468 1493 XI.
2503 1436 2782 1493 IIYMNUS
2810 1436 2925 1492 VIII
2955 1436 3319 1493 KALENDAS
3341 1436 3743 1492 IANUAIiIAS.

2274 1119 2377 1174 170

2520 1578 2656 1643 Quid
2686 1587 2787 1645 est,
2815 1577 2954 1648 quod
2982 1587 3188 1633 arctum
3216 1578 3474 1634 circulum

1882 1669 2167 1731 GLOSSA‘}
2205 1670 2543 1727 VETERES.

665 1768 785 1822 159.
827 1769 1205 1837 Requiescere,
1236 1783 1392 1837 usque
1420 1766 1487 1821 ad
1516 1767 1949 1831 resurrectionem,
1978 1767 2019 1821 I.

662 1838 780 1895 155.
810 1840 983 1898 Senis.
1016 1838 1299 1907 Abraham,
1330 1840 1368 1892 I.

590 1977 628 2032 γ
816 1910 1054 1973 Eleazar,
1085 1910 1170 1975 qui
1192 1918 1237 1962 et
1270 1911 1529 1974 Lazarus,
1554 1910 1592 1963 ἰ.
1629 1908 1854 1963 Lazarus
1880 1908 2162 1992 mendicus,

638 1994 663 2030 a
698 2020 710 2031 .
794 2020 806 2032 .

638 1988 710 2031 at.
745 1981 806 2033 A.
2110 1979 2123 1992 ’

662 2050 785 2103 166.
819 2049 1113 2116 Famulam,
1145 2050 1498 2118 famulantetu,
1530 2050 1629 2105 Iso.

664 2120 785 2175 169.
820 2119 1165 2180 Fovebimus,
1193 2136 1453 2184 amemus,
1484 2122 1583 2174 lso.

660 2191 783 2244 171.
815 2190 1068 2250 Titttlum,
1099 2190 1433 2258 epitaphium,
1464 2191 1502 2243 I.

662 2262 785 2314 172.
819 2261 1019 2322 Odore,
1048 2259 1219 2317 odore,
1246 2260 1320 2312 vel
1349 2260 1576 2312 adodore
1605 2258 1751 2327 (lege
1780 2260 1934 2314 adore
1955 2260 1994 2329 ).
2025 2258 2171 2311 Ador

594 2342 665 2385 est
686 2347 841 2402 genus
860 2329 1035 2398 farris,
1069 2329 1203 2399 quod
1229 2329 1281 2382 in
1308 2330 1574 2397 sacriﬁciis
1601 2331 1812 2383 deorum
1837 2332 2118 2400 ponebatur
2152 2344 2169 2380 :

2194 1772 2243 1831 Β
2268 1765 2397 1818 venit
2436 1773 2606 1817 autem
2627 1780 2657 1816 a
2692 1762 2837 1817 verbo
2882 1778 3076 1828 anouo,
3108 1764 3242 1817 unde
3269 1761 3589 1833 producitur.
3623 1762 3728 1817 Sed
3752 1764 3867 1815 alia

2274 1835 2451 1905 regula
2481 1843 2749 1904 repugnat,
2781 1850 2895 1905 nam
2927 1837 3098 1887 omnia
3150 1835 3355 1887 nomina
3383 1834 3551 1887 neutri
3576 1834 3779 1901 generis
3806 1835 3870 1887 in

2274 1921 2337 1959 or
2383 1906 2663 1958 desinentia
2712 1904 2992 1973 corripiunt
3051 1919 3134 1970 or,
3160 1915 3213 1958 ut
3266 1919 3509 1967 marmor,
3562 1905 3867 1969 marmoris,

2276 1992 2472 2044 azquor,
2503 1976 2741 2042 wquoris.
2779 1973 2933 2026 Hisce
2975 1990 3095 2044 ergo
3118 1974 3303 2044 regulis
3333 1974 3545 2026 invicem
3570 1990 3871 2044 repugnan—

2277 2045 2409 2099 tibus
2439 2047 2623 2098 mansit
2656 2043 3012 2097 indeclinabile
3041 2059 3199 2109 suos,
3229 2044 3344 2097 Vat.
3371 2045 3437 2097 A.

2352 2119 2402 2171 1.
2427 2115 2562 2182 Quid
2595 2126 2696 2177 est,
2726 2116 2872 2184 quasi
2912 2116 3136 2168 nesciens
3180 2116 3459 2184 interrogat
3486 2117 3742 2183 quomodo
3783 2118 3872 2170 sol

2278 2186 2339 2240 ab
2371 2187 2590 2239 australi
2631 2184 2823 2239 circulo
2849 2186 2916 2236 ad
2960 2184 3403 2253 septentrionalem
3432 2187 3748 2238 ascendendo
3774 2202 3867 2239 re-

2278 2258 2475 2381 c‘prritA
2493 2286 2560 2296 ——
2591 2257 2804 2310 Arctum
2830 2295 2843 2317 ,
2890 2255 3081 2309 brevem
3104 2296 3118 2317 ,
3173 2255 3450 2309 brumalem
3470 2294 3485 2323 ,
3541 2259 3813 2309 australem
3842 2298 3861 2322 ,

2326 2338 2401 2381 at.
2492 2367 2502 2379 .
3156 2362 3161 2367 -

2326 2338 2401 2387 at.
2439 2331 2502 2381 A.

1923 2418 2291 2477 COMMENTA
2305 2418 2479 2474 RIUS.

667 2516 788 2572 155.
840 2516 983 2582 Put.,
1018 2516 1182 2585 Bong.
1225 2524 1280 2569 et
1324 2515 1513 2579 Palat.,
1550 2515 1763 2578 addita;
1803 2514 1943 2585 quod
1994 2514 2164 2568 tenuit

593 2586 866 2651 Ileinsius,
896 2596 952 2641 et
978 2602 1100 2641 cum
1124 2586 1340 2640 Heinsio
1364 2585 1598 2640 Teolius.
1627 2585 1813 2638 Abdita
1853 2586 2021 2655 magis
2054 2586 2162 2652 pla-

592 2668 698 2723 cet,
740 2658 880 2721 quod
925 2668 1099 2712 exstat
1126 2657 1182 2710 in
1218 2657 1485 2726 plerisque
1531 2670 1686 2724 tnss.,
1716 2664 1772 2710 et
1802 2654 2157 2721 Ald.,’Fabr.,

596 2725 733 2790 Gis.,
756 2726 924 2782 Weit.
945 2729 1190 2794 aliisque.

667 2798 788 2852 154.
812 2797 975 2851 Vat.l
1006 2815 1035 2851 a
1067 2796 1297 2852 secunda
1328 2811 1509 2862 manu,
1543 2796 1758 2857 Weitz.,
1786 2795 1898 2853 Gis.
1933 2798 1957 2851 ‘l
2005 2795 2161 2864 cdit.,

598 2867 894 2930 Recubabit,
922 2876 976 2920 ut
1002 2868 1092 2921 illa
1115 2866 1323 2919 Lazari.
1350 2868 1530 2930 Aldus,
1560 2867 1729 2920 nostri
1757 2867 1940 2929 codd.,
1973 2881 2161 2920 omnes

596 2937 869 2991 Heinsiani
903 2947 1099 3006 prteter
1134 2936 1278 2998 Put.,
1309 2936 1492 3001 Fabr.,
1523 2938 1790 2999 Termes,
1825 2946 1878 2990 et
1907 2944 1963 2989 ut
1998 2936 2164 2989 Weit-

594 3006 677 3060 zio
705 3005 1152 3073 visum,Widm.,
1205 3005 1514 3071 Recubabit,
1551 3015 1604 3059 ut
1627 3017 1697 3059 est
1748 3006 1992 3068 Eleazar;
2020 3006 2163 3074 quod

2344 2512 2396 2565 In
2446 2511 2827 2568 vetustissimis
2871 2510 3027 2565 codd.
3081 2509 3227 2575 Put.,
3273 2509 3399 2572 Ox.,
3430 2510 3587 2574 Man,
3623 2510 3772 2579 Vat.,
3818 2512 3862 2565 Β

2270 2599 2359 2637 VIII
2404 2584 2508 2636 kal.
2539 2582 2664 2635 Jan.
2696 2581 2879 2635 titulus
2925 2589 3007 2635 est
3052 2581 3206 2647 hujus
3255 2580 3457 2649 hymni,
3487 2595 3647 2649 quem
3694 2582 3867 2636 Aldus

2268 2655 2466 2721 aliique
2510 2661 2914 2722 expresserunt.
2950 2651 3093 2715 Vat.,
3128 2650 3191 2712 Α.
3241 2650 3362 2718 Eg.,
3406 2651 3579 2722 Rott.,
3618 2650 3863 2721 Ilyntntts

2268 2724 2455 2776 natalis
2497 2721 2721 2777 Domini.
2748 2722 2851 2777 Alii
2894 2730 3176 2790 utrumque
3207 2721 3417 2775 titulum
3440 2721 3859 2790 coniunxerunt,

2268 2796 2473 2848 scilicet
2514 2793 2728 2856 Wcitz.,
2762 2792 2921 2848 Fabr.
2953 2792 3156 2861 IILVal.
3186 2791 3226 2844 Β
3256 2798 3377 2860 post
3418 2792 3674 2861 hymnum
3724 2809 3863 2861 [trae-

2273 2865 2549 2918 cedentem
2585 2866 2662 2918 sic
2703 2866 2958 2930 sequitur,
2984 2859 3128 2915 Finit
3150 2859 3275 2914 liber
3293 2859 3487 2931 primus
3530 2859 3859 2931 hymnorum.

2276 2932 2463 3004 Incipit
2482 2935 2607 2987 liber
2632 2932 3054 3004 Peristephanon.
3080 2933 3206 2985 Post
3232 2931 3491 3004 hymnum
3514 2947 3641 3004 vero
3668 2933 3729 2987 S.
3753 2932 3862 2989 Ro-

2274 2998 2417 3057 mani
2446 3003 2639 3058 Aurelii
2668 2998 2936 3058 Prudentii
2960 2998 3480 3072 Clementis.i'lncipit
3519 3002 3741 3072 hymnus
3762 3020 3858 3059 vnt

596 3078 766 3145 magis
786 3076 851 3130 ad
878 3071 1146 3132 rationem
1167 3077 1440 3131 metricam
1460 3077 1683 3132 accedit.
1719 3075 1831 3130 Gis.
1861 3077 1895 3129 ‘2
1924 3071 2054 3132 edit;
2078 3091 2171 3131 ne-
2205 3134 2243 3145 _
2274 3073 2398 3145 lt'al.
2426 3072 2687 3145 Januarii.
2729 3074 2820 3128 Sic
2850 3072 3034 3145 omnia
3081 3072 3132 3145 in
3173 3071 3355 3126 codice
3384 3071 3633 3145 Morietti,
3664 3075 3717 3128 in
3749 3090 3861 3144 quo

595 3134 715 3200 scio
735 3147 878 3200 unde
910 3146 1070 3201 traxit
1093 3146 1390 3212 Recubaln’t,
1412 3148 1495 3199 ubi
1512 3158 1587 3201 est
1610 3147 1845 3214 Eleazar,
1874 3146 2015 3216 quod
2048 3161 2171 3216 pro-
2195 3134 2244 3198 C
2273 3144 2467 3200 desunt
2496 3145 2586 3199 alii
2620 3144 2802 3214 hymni
2830 3142 3250 3216 Cathemerinon
3270 3153 3476 3216 praeter
3502 3134 3648 3216 hunc
3677 3153 3740 3216 et
3766 3134 3857 3199 se-

594 3218 802 3279 harem,
836 3218 879 3271 si
934 3231 1064 3272 mss.
1114 3217 1375 3272 faverent.
1407 3218 1616 3281 Chaun,
1644 3217 1777 3271 Ccll.
1818 3226 1872 3271 et
1900 3217 2049 3271 Teol.
2081 3231 2172 3272 se-

596 3288 707 3341 cuti
747 3296 870 3341 sunt
914 3288 1218 3353 Heinsium,
1260 3300 1315 3342 et
1343 3299 1530 3343 contra
1564 3296 1793 3342 tnetrutn
1839 3288 2163 3355 ediderunt,

598 3356 902 3421 Recubabit,
928 3371 981 3410 ut
1020 3358 1112 3411 illa
1139 3358 1345 3411 Lazari.

668 3428 789 3483 158.
830 3429 949 3482 Ald.
980 3470 993 3489 ,
1033 3428 1217 3495 Nebr.,
1274 3427 1454 3494 Fabr.,
1516 3429 1694 3498 Egm.,
1753 3428 1942 3498 Bong.,
1986 3428 2169 3484 Oxon.

595 3498 790 3567 aliique
819 3501 925 3551 duo
954 3499 1248 3567 Heinsiani,
1282 3498 1469 3566 prisca:
1499 3499 1785 3564 editiones,
1812 3509 1923 3552 atra
1968 3508 2172 3561 morte;

596 3565 733 3634 Gis.,
767 3569 947 3623 Heins.
981 3585 1099 3622 cum
1130 3565 1243 3624 suis
1286 3565 1521 3634 eptimis,
1568 3568 1748 3638 Prag.,
1791 3579 1904 3622 atra
1933 3585 1960 3622 e
1987 3579 2168 3624 morte.

598 3639 655 3691 ln
691 3640 807 3693 Vat.
843 3643 884 3693 A
914 3639 1148 3693 additum
1181 3647 1297 3693 erat
1323 3654 1369 3699 e,
1397 3647 1454 3691 ut
1490 3650 1635 3694 esset
1662 3651 1774 3693 atra
1800 3656 1827 3691 e
1865 3652 2044 3705 morte,
2077 3640 2170 3694 sed

597 3723 784 3762 rursus
814 3709 1085 3764 inductum
1116 3717 1232 3763 erat
1269 3725 1313 3761 ρ.
1348 3709 1464 3761 Vat.
1494 3708 1535 3760 Β
1565 3724 1591 3760 a
1626 3712 1796 3777 prima
1824 3724 2004 3776 manu,
2039 3720 2169 3775 atre,

596 3791 624 3827 a
651 3777 883 3831 secunda
908 3794 1065 3831 manu
1091 3788 1203 3831 atra
1229 3794 1274 3830 e.
1312 3778 1427 3830 Put.
1453 3779 1751 3847 triumphas.

671 3847 794 3899 159.
825 3848 1157 3912 Oxon.,Vat.
1188 3848 1276 3900 Ba
1307 3849 1473 3915 prima
1505 3862 1683 3911 manu,
1717 3849 1986 3907 mandans.
2010 3849 2172 3904 Eum-

599 3915 720 3989 dem
752 3918 924 3970 locum
957 3917 1204 3989 intelligit
1235 3924 1386 3989 poeta
1415 3930 1534 3971 esse
1560 3919 1735 3989 sinum
1755 3918 1983 3974 Abrahae
2011 3928 2063 3974 et
2080 3935 2169 3989 pa-

599 3986 857 4049 ratlismn,
889 4001 994 4055 quo
1022 4002 1050 4041 a
1076 3986 1288 4041 Chrlsto
1310 3987 1446 4041 latro
1469 3987 1752 4055 perductus
1782 3999 1884 4043 est.

670 4058 790 4110 164.
828 4057 969 4121 Rau,
1001 4073 1104 4112 non
1150 4058 1310 4122 male,
1341 4057 1613 4119 hominem,
1652 4059 1722 4112 ita
1764 4059 1971 4113 duobus
2000 4061 2169 4115 versi-

596 4125 696 4179 hus
722 4128 1017 4199 distinctis,
1051 4126 1186 4181 Licet
1217 4136 1264 4181 et
1307 4143 1485 4181 nemus
1514 4128 1646 4181 illud
1684 4129 1826 4183 adire
1870 4128 2167 4199 Hominem,

593 4197 731 4265 quod
742 4198 1030 4268 ademerat
1040 4199 1242 4268 anguis.

821 4269 967 4339 Ald.,
1000 4266 1133 4336 Gis.,
1164 4268 1321 4333 led.,
1344 4269 1706 4339 illud,precor.

670 4336 788 4391 170.
823 4338 979 4403 Fab.,
1010 4339 1120 4392 Gis.
1152 4339 1240 4392 ed.
1272 4339 1307 4392 2
1332 4336 1552 4403 diserte,
1580 4341 1763 4409 fronde
1804 4339 2047 4408 sequenti,
2066 4355 2167 4409 ne-

593 4422 698 4475 que
731 4411 974 4473 mutavit,
1008 4423 1128 4462 cum
1150 4409 1439 4463 editionem
1465 4408 1602 4463 hanc
1623 4410 1874 4471 correxit.
1893 4408 2163 4472 Ileinsius,

594 4480 680 4541 qui
705 4476 997 4530 Giselinum
1025 4493 1173 4545 sequi
1196 4480 1355 4541 solet,
1379 4480 1467 4532 ubi
1498 4494 1555 4532 se
1576 4480 1644 4533 ab
1669 4494 1734 4533 eo
1757 4480 2032 4532 discedere
2059 4494 2164 4532 non

591 4554 793 4620 monet,
817 4547 917 4598 hoc
946 4547 1062 4620 loco
1083 4548 1221 4620 _l_egit
1246 4549 1427 4620 fronde
1447 4550 1715 4620 frequenti,
1752 4548 1844 4620 sed
1888 4549 2013 4620 nihil
2040 4564 2167 4603 cnn-

598 4624 673 4665 tra
725 4614 1046 4685 observavit.
1083 4614 1277 4670 Verum
1331 4614 1543 4676 caeteri.
1583 4629 1639 4671 et
1663 4620 1774 4685 ipse
1804 4618 1917 4672 Gis.
1951 4619 1972 4670 1
2012 4620 2162 4682 cdit.,

595 4683 777 4751 fronde
806 4686 1075 4755 frequenti.
1104 4686 1291 4739 l’osset
1334 4687 1525 4755 conjici
1572 4683 1783 4751 recenti,
1832 4688 1971 4756 quod
2004 4689 2163 4743 etiam

596 4758 647 4805 in
676 4762 908 4825 mentem
936 4757 1081 4809 venit
1108 4756 1432 4821 Burmanno,
1454 4768 1584 4811 tom.
1614 4757 1629 4809 I
1660 4757 1878 4810 Antbol.
1904 4758 2162 4825 pag.755;

593 4823 688 4877 sed
739 4822 961 4895 fortasse
1006 4836 1157 4894 poeta
1206 4828 1398 4888 innuit,
1428 4843 1548 4882 eum
1602 4828 1859 4881 honorem
1904 4822 2165 4895 sepulcris

590 4907 736 4958 szepe
773 4901 827 4949 et
871 4894 1175 4961 frequenter
1206 4899 1409 4953 haberi.
1446 4899 1519 4951 Dc
1552 4899 1633 4951 his
1682 4896 1926 4951 funerum
1976 4897 2165 4952 ritibus

588 4962 709 5015 vide
731 4964 1238 5036 proleg._num.157,
1261 4968 1360 5024 158
1379 4985 1393 5032 ;
1420 4968 1730 5030 Baronium,
1754 4976 1883 5021 tom.
1905 4967 1919 5019 Ι
1942 4967 2160 5036 AnnaL,

588 5033 892 5106 pag._238_;
944 5033 1382 5106 Ki‘rchmannum,
1430 5039 1497 5092 de
1545 5038 1841 5092 Funeribus
1873 5052 1991 5106 pag.
2024 5033 2161 5103 581;

586 5101 843 5177 Carolutn
867 5102 1178 5177 Paschalem
1205 5105 1274 5159 de
1293 5101 1538 5177 Coronis,
1565 5108 1800 5177 aliosque
1828 5101 2159 5161 innumeros.

661 5173 782 5246 l__7_l.
814 5173 889 5229 De
935 5176 1084 5246 titulo
1123 5174 1278 5246 plura
1328 5176 1499 5230 dicant
1547 5178 1610 5229 ad
1654 5173 1794 5231 vers.
1843 5178 1948 5231 392
1979 5177 2163 5246 hymni

586 5241 958 5316 S_._Vincentii,
992 5243 1318 5316 Titulumque
1362 5247 1485 5313 figat
1533 5249 1797 5316 martyris.
1848 5247 1951 5300 Pro
1995 5241 2164 5315 epita-

593 5312 716 5385 phio
744 5315 974 5368 sumitur
998 5314 1099 5368 hoc
1130 5312 1279 5379 loco;
1308 5312 1415 5383 quo
1437 5330 1596 5369 sensu
1622 5312 1744 5385 apte
1774 5312 1957 5371 titulus
1987 5312 2161 5371 crucis

588 5383 880 5438 Salvatoris
909 5400 973 5439 eo
994 5385 1211 5439 nomine
1233 5386 1483 5439 donatur.

643 5453 789 5531 .172.
813 5455 1149 5524 Unguentum
1182 5456 1420 5531 intelligo
1462 5456 1709 5531 liquidum
1741 5459 1980 5531 odorem.
2022 5455 2161 5511 Cha-

586 5520 860 5594 millardus
899 5520 1047 5580 certe
1077 5539 1181 5579 non
1208 5520 1423 5590 erravit,
1456 5520 1582 5578 dum
1627 5525 1820 5591 liquido
1864 5529 2021 5581 odore
2066 5543 2161 5594 per

581 5589 781 5663 eadem
798 5594 955 5663 verba
981 5595 1360 5663 interpretatus
1388 5589 1489 5650 est.
1508 5595 1637 5649 Vide
1655 5589 1857 5663 proleg.
1878 5589 2159 5652 num.l59.

578 5659 895 5737 ξζοιηᾼη.2
923 5666 1096 5720 Oxon.
1122 5659 1195 5719 'ad
1224 5680 1395 5732 oram,
1425 5667 1581 5721 Alex.
1607 5659 1926 5737 pro‘div'ers.
1949 5668 2158 5737 script.,

581 5728 697 5806 ,vai-
734 5732 801 5798 ρ,
829 5732 1331 5806 adereLperpet-ant,
1364 5728 1461 5805 pro
1501 5728 1677 5788 odore.
1705 5733 1892 5788 Glossa
1924 5728 2073 5803 tam;
2106 5728 2160 5795 ei

579 5802 756 5872 inepta
777 5812 877 5860 est.
909 5802 964 5860 In
989 5804 1103 5860 Vat.
1139 5807 1176 5875 I,
1212 5802 1500 5862 Finit'liber
1528 5808 1850 5880 hymnorum.

2275 3223 2548 3284 quentem,
2580 3213 2764 3283 utpote
2796 3214 2913 3284 alio
2960 3213 3077 3267 loco
3106 3228 3135 3265 a
3179 3213 3555 3284 cathemerinis
3598 3214 3858 3269 diStincto

2272 3283 2637 3350 conservatos,
2668 3287 2720 3339 in
2766 3283 2910 3338 Vatt.
2946 3287 2985 3337 A
3018 3290 3073 3338 et
3097 3284 3367 3354 Qipagiter
3414 3283 3466 3337 bi
3515 3284 3623 3354 duo
3664 3284 3857 3354 hymni

2273 3355 2604 3410 collocantur
2652 3362 2772 3424 post
2824 3354 3076 3424 hymnum
3130 3353 3189 3408 S.
3218 3352 3461 3424 Romani.
3512 3353 3570 3407 In
3621 3352 3747 3409 Boi.
3794 3364 3867 3410 et

2272 3424 2456 3507 Noms.
2481 3422 2942 3507 clauduntagmfn
2973 3422 3091 3507 libri
3123 3423 3548 3507 PeriSIephnan'wn
3578 3434 3701 3493 post
3730 3440 3855 3505 pas-

2274 3496 2477 3549 sionem
2506 3495 2564 3550 S.
2586 3494 2829 3549 Romani.
2853 3494 3113 3563 Equidem
3138 3494 3373 3566 puto,ita
3387 3494 3576 3549 fecisse
3603 3496 3854 3566 exscrip-

2277 3576 2439 3631 tores,
2472 3566 2560 3634 qui
2601 3580 2728 3636 cum
2771 3566 2998 3636 hymnos
3027 3566 3094 3636 de
3140 3565 3425 3633 Tempore,
3457 3575 3515 3636 ut
3559 3565 3852 3634 vocabant,

2274 3637 2341 3690 ab
2374 3636 2583 3706 hymnis
2612 3636 2678 3691 de
2708 3634 2918 3690 Sanctis
2945 3634 3265 3706 dividerent,
3296 3636 3431 3706 diuos
3474 3635 3570 3690 bos
3594 3637 3851 3706 hymnos,

2275 3705 2466 3774 quibus
2497 3708 2628 3761 festa
2657 3706 2849 3760 natalis
2875 3714 2928 3760 et
2962 3705 3270 3773 Epiphania.
3321 3705 3528 3759 Domini
3569 3705 3855 3761 celebran-

2276 3785 2380 3846 t_ur,
2413 3778 2579 3846 magis
2612 3776 2676 3830 ad
2722 3777 2948 3846 hymnos
2987 3776 3056 3846 de
3100 3775 3309 3846 Sanctis
3337 3790 3495 3843 quam
3526 3776 3591 3829 ad
3620 3777 3756 3830 alios
3782 3779 3852 3833 de

2274 3844 2539 3914 Tempore
2563 3844 2808 3916 spectare
2836 3845 3038 3916 opinati
3066 3854 3208 3899 sunt.
3233 3844 3345 3899 Non
3380 3854 3553 3899 tamen
3584 3846 3744 3916 valde
3764 3864 3849 3902 re-

2276 3916 2543 3984 pugnabo,
2566 3915 2609 3987 si
2632 3917 2751 3987 quis
2779 3915 3166 3987 contendat,ab
3195 3916 3310 3984 ipso
3340 3925 3556 3971 auctore
3584 3915 3686 3970 hos
3716 3918 3850 3972 duos

2276 3989 2506 4054 hymnos
2554 3986 2721 4041 fuisse
2761 4001 2791 4040 a
2839 3986 3218 4040 cathemerinis
3262 3996 3556 4054 separatos,
3604 4002 3671 4041 ex
3720 3998 3848 4044 vctt.

2274 4056 2433 4111 codd.
2463 4059 2796 4111 auctoritate.
2825 4056 2974 4109 Hunc
3001 4055 3254 4126 hymnum
3284 4056 3339 4109 in
3370 4056 3554 4124 paucis
3574 4072 3851 4113 commeo-

2274 4126 2367 4179 dat
2394 4126 2645 4192 Crinitus,
2678 4138 2732 4182 et
2776 4126 3026 4194 peculiari
3070 4129 3453 4180 commentario
3496 4127 3753 4182 Erasmus
3798 4140 3854 4184 et

2274 4199 2542 4265 Augustus
2576 4198 2886 4252 Buchnerus
2915 4197 3262 4265 illustrarunt.
3293 4195 3600 4251 Buchnerus
3642 4201 3695 4252 in
3725 4213 3853 4254 con-

2272 4264 2455 4335 spectu
2499 4268 2749 4322 carminis
2773 4268 2885 4321 haec
2920 4266 3114 4338 habet:
3146 4264 3581 4338 Egregiumrillud
3605 4285 3665 4320 ac
3702 4271 3852 4338 plane

2274 4338 2501 4391 divinum
2528 4339 2649 4408 (hoc
2675 4338 2935 4405 carmen).
2968 4335 3066 4389 Cui
3095 4352 3257 4405 neque
3287 4335 3363 4389 ’ad
3387 4337 3624 4391 dictionis
3646 4335 3853 4408 elegan-

2274 4408 2417 4474 tiam,
2460 4425 2549 4461 nec
2594 4410 2983 4462 concinnitatem
3030 4422 3383 4468 numerorum,
3416 4417 3522 4460 tum
3550 4410 3851 4464 inventionis

2272 4495 2486 4531 acumen
2526 4490 2675 4547 atque
2726 4481 2986 4547 ingenium
3032 4476 3308 4547 quidquam
3365 4477 3502 4531 deest
3551 4494 3569 4530 :
3615 4481 3851 4548 quodque

2273 4550 2482 4617 perinde
2505 4560 2558 4601 ut
2593 4544 2799 4602 cetera
2830 4550 3071 4617 pleraque
3117 4544 3454 4617 principatum
3496 4544 3671 4602 nostra
3702 4544 3851 4617 [δὲέκ

2273 4629 2485 4690 asserat,
2517 4634 2665 4690 quem
2706 4618 3113 4690 Christianorum
3156 4629 3420 4690 poetarum
3456 4619 3555 4688 ipsi
3591 4622 3711 4690 jam
3754 4623 3850 4672 du-

2273 4689 2394 4741 dum
2424 4686 2609 4742 summi
2634 4689 2808 4742 διεσαιὶ
2837 4689 2929 4740 viri
2959 4686 3314 4741 attribuerunt.
3341 4686 3485 4741 Post
3510 4686 3847 4745 Bucbnerum

2271 4768 2661 4813 commentatus
2701 4769 2783 4813 est
2828 4758 2969 4811 hunc
3015 4757 3545 4827 hymnumAndreas
3594 4762 3849 4815 Mollerus

2272 4830 2552 4897 chavius,
2586 4830 2676 4898 qui
2715 4829 2914 4883 multus
2936 4837 3018 4898 est
3046 4826 3096 4881 in
3131 4826 3479 4895 inscriptione
3526 4828 3844 4885 illustranda

2268 4900 2351 4951 Ad
2378 4901 2510 4953 diem
2553 4897 2645 4953 Vlll
2684 4900 2921 4952 calendas
2960 4897 3259 4962 Januarins,
3292 4899 3386 4952 sed
3410 4899 3589 4965 potius
3616 4904 3848 4956 scribere

2268 4968 2453 5040 debuit
2479 4987 2527 5023 a.
2562 4972 2613 5021 d.
2648 4970 2747 5023 hoc
2768 4978 2871 5031 est,
2897 4979 3014 5021 ante
3044 4969 3197 5031 diem,
3227 4983 3441 5040 names
3477 4968 3563 5023 his
3594 4988 3846 5040 compen-

2268 5038 2371 5091 diis
2403 5040 2697 5093 litterarum
2748 5040 2941 5092 factum
2991 5047 3093 5105 est,
3127 5046 3183 5092 ut
3214 5038 3373 5104 aliqui
3414 5038 3839 5095 scriberent‘ad.

2269 5108 2414 5162 Idem
2445 5109 2752 5163 Buclmcrus
2772 5108 3065 5172 contendit,
3083 5108 3421 5163 scribendum
3453 5110 3706 5175 calendar,
3739 5128 3841 5165 non

2268 5177 2518 5249 kqlettdw,
2553 5180 2619 5233 de
2647 5194 2749 5248 qua
2793 5178 3156 5249 controversia
3201 5179 3610 5249 orthographia
3668 5184 3843 5248 plures

2269 5248 2356 5302 alii
2378 5258 2560 5319 agunt.
2594 5251 2871 5315 Baronius,
2901 5248 3116 5318 Martyr.
3149 5263 3267 5318 pag.
3298 5249 3334 5301 2
3363 5251 3427 5303 ad
3458 5248 3618 5306 diem
3645 5252 3671 5303 1
3698 5252 3839 5316 Jan.,

2270 5320 2471 5386 primos
2500 5334 2686 5373 versus
2713 5319 2914 5378 laudat,
2942 5320 3082 5388 quod
3114 5319 3294 5374 divino
3322 5320 3481 5388 plane
3508 5323 3734 5377 consilio
3755 5338 3842 5374 ac—

2267 5389 2480 5454 ciderit,
2515 5398 2572 5460 ut
2616 5390 2803 5443 eodem
2836 5390 3001 5444 ferme
3031 5400 3269 5457 tempore
3296 5400 3504 5460 uterque
3530 5394 3611 5445 sol
3634 5393 3842 5447 diversa

2267 5460 2385 5513 luce
2415 5459 2531 5513 orbi
2582 5469 2843 5513 terrarum
2891 5459 3173 5516 affulserit.
3204 5459 3443 5529 Scaliger
3488 5464 3727 5529 putabat,
3751 5478 3839 5515 ne—

2268 5528 2465 5582 minem
2506 5530 2788 5583 Ambrosio
2815 5539 2867 5584 et
2912 5530 3201 5586 Prudentio
3248 5528 3603 5600 antiquiorem
3632 5528 3842 5587 Domini

2269 5602 2500 5669 natalem
2528 5600 2667 5653 diem
2700 5600 2998 5669 assignasse
3027 5617 3117 5654 Vlll
3152 5599 3259 5654 kal.
3281 5599 3425 5666 Jan.,
3459 5604 3572 5657 sive
3598 5603 3667 5657 25
3711 5604 3837 5657 Dec.

2271 5668 2462 5722 Verutn
2522 5669 2761 5738 ejusdem
2812 5668 3034 5723 natalitii
3097 5670 3199 5725 diei
3243 5673 3485 5726 meminit
3539 5674 3841 5728 Victorinus

2266 5741 2548 5807 cpiscopus
2569 5740 2915 5794 Pictaviensis
2938 5741 2989 5794 in
3020 5742 3256 5796 carmine
3282 5743 3350 5798 de
3377 5743 3507 5799 Jesu
3532 5744 3641 5799 Deo
3669 5756 3725 5800 et
3750 5746 3841 5797 lto-

2266 5808 2429 5881 tuine,
2463 5810 2551 5881 qui
2584 5818 2706 5867 ante
2731 5808 3139 5870 Conuantinum
3181 5812 3427 5871 ﬂoruisse
3468 5814 3683 5873 dicitur.
3716 5816 3841 5872 Sca—
