4092 6344
532 374 637 432 905

707 486 859 555 Quod
885 492 944 540 ut
973 485 1204 565 refulsit,
1235 487 1416 541 cmteri

533 580 604 635 30
784 578 1009 633 Cessere
1036 577 1309 648 signorum
1342 576 1481 646 globi
1512 593 1526 630 ε

780 674 889 729 Nec
915 672 1139 743 pulcher
1161 681 1243 727 est
1272 686 1437 727 ausus
1464 686 1614 727 suam

777 766 935 836 381
966 763 1225 819 Conferre
1256 764 1484 819 formam
1516 762 1749 819 Lucifer.

704 857 836 925 Quis
858 858 958 911 iste
983 864 1184 922 tantus,
1208 856 1474 926 inquiunt,

779 947 1070 1017 Regnator,
1100 946 1261 1002 astris
1290 947 1561 1017 imperans
1585 966 1599 1001 :

533 1038 602 1096 35
778 1036 946 1104 Quem
969 1037 1045 1091 sic
1076 1045 1312 1092 tremunt
1334 1036 1574 1092 etelestia
1592 1076 1606 1099 .

785 1128 882 1185 Cui
915 1129 1003 1183 lux
1023 1172 1037 1195 ,
1071 1138 1124 1184 et
1153 1128 1323 1183 aethra
1353 1128 1688 1184 inserviunt?

712 1221 919 1276 lllustre
941 1220 1189 1291 quiddam
1214 1220 1503 1287 cernimus,

782 1313 934 1381 Quod
962 1313 1163 1368 nesciat
1184 1312 1341 1368 linem
1365 1312 1506 1381 pati:

783 1402 1042 1470 Sublime,
1071 1402 1298 1468 celsum,
1333 1402 1701 1469 interminum,

537 1497 609 1567 ιθ
787 1496 1069 1565 Antiquius
1095 1494 1256 1561 caelo,
1284 1504 1339 1551 et
1367 1496 1525 1552 chao.

713 1592 809 1647 llic
835 1591 925 1647 ille
954 1608 1049 1647 rex
1074 1601 1156 1648 est
1181 1592 1440 1662 gentium,

784 1684 1078 1753 Populique
1105 1698 1201 1740 rex
1222 1682 1453 1750 Judaici,

780 1774 1081 1830 Promissus
1111 1774 1340 1829 Abraha:
1372 1774 1534 1843 patri,

781 1868 1016 1937 Eiusque
1045 1867 1099 1921 in
1129 1881 1298 1923 aevum
1329 1866 1539 1921 semini.

535 1960 604 2013 45
710 1957 991 2028 [liquanda
1020 1972 1143 2011 nam
1173 1956 1342 2013 stellis
1371 1970 1466 2011 sua

780 2049 1041 2121 Cognovit
1074 2049 1202 2104 olim
1230 2050 1471 2118 germina

780 2140 991 2195 Primus
1011 2151 1159 2194 sator
1177 2139 1530 2205 credentium,

782 2229 905 2284 Nati
931 2230 1235 2285 immolator
1256 2230 1419 2284 unici.

1667 373 1944 433 AURELII
1986 373 2354 432 PRUDENTII
2392 370 2716 428 CARMINA.

2130 492 2180 548 A

3689 378 3799 439 9οι

2381 488 2498 541 Jam
2532 486 2630 540 llos
2660 485 2803 540 subit
2832 486 3136 553 Davidicus,

2213 576 2282 633 50
2462 576 2661 631 Radice
2695 576 2840 632 Iesse
2869 577 3041 633 editus
3068 597 3081 634 :

2457 672 2617 741 382
2638 671 2948 741 Sceptrique
2974 688 3069 741 per
3092 675 3293 745 virgam
3326 678 3529 741 virens,

2458 760 2653 815 Rerum
2684 775 2941 816 cacumen
2969 774 3213 834 occupat.

2398 852 2529 907 Exin
2558 862 2855 922 sequuntur
2878 857 3065 925 perciti

2460 943 2605 998 Fixis
2628 944 2679 998 in
2713 945 2879 999 altum
2911 947 3168 1011 vultibus,

2215 1032 2281 1088 55
2460 1034 2573 1099 Qua
2603 1034 2758 1089 stella
2788 1035 3001 1091 sulcum
3035 1046 3291 1103 traxerat,

2465 1124 2782 1195 Claramque
2809 1126 3055 1195 signabat
3076 1128 3236 1183 viam.

2392 1214 2496 1270 Sed
2529 1216 2784 1270 verticem
2814 1216 2968 1284 pueri
2997 1232 3157 1287 supra

2464 1317 2687 1387 Signum
2711 1316 2964 1386 pependit
2987 1317 3298 1383 imminens,

2460 1418 2741 1488 Pronaque
2765 1418 3093 1474 submissum
3125 1419 3241 1475 lace

2214 1518 2282 1573 60
2458 1520 2630 1588 Caput
2653 1528 2921 1575 sacratum
2944 1520 3197 1590 prodidit.

2392 1618 2584 1674 Videre
2613 1618 2755 1689 quod
2778 1629 3060 1690 postquam
3084 1622 3246 1692 magi,

2463 1718 2572 1773 an
2596 1728 2848 1786 promunt
2880 1732 3122 1784 munera,

2463 1819 2734 1888 Stratique
2761 1818 2900 1873 votis
2923 1816 3157 1873 oll‘erunt

2459 1919 2622 1985 Thus,
2653 1919 2948 1991 myrrham,
2985 1928 3041 1975 et
3061 1934 3251 1976 aurum
3280 1921 3513 1992 regium.-

2217 2020 2284 2074 65
2392 2021 2636 2091 Agnosco
2661 2021 2803 2075 clara
2826 2020 3053 2091 insignia

2400 2133 2407 2145 '
2463 2122 2706 2187 Virtutis,
2738 2136 2801 2177 ac
2831 2122 2983 2191 regni
3010 2124 3109 2187 tui,

2464 2223 2605 2278 Puer
2636 2237 2697 2286 ο,
2728 2222 2815 2278 cui
2847 2222 3043 2278 trinam
3072 2220 3231 2277 Pater

1822 2314 2104 2373 GLOSS/E
2145 2312 2487 2372 VETERES.

600 2435 693 2491 ‘29.
716 2431 891 2500 Quod,
920 2430 1188 2496 vexillum,
1223 2431 1385 2495 sidus,
1418 2429 1540 2483 Vat.
1572 2431 1634 2483 Α.

602 2507 691 2561 32.
716 2503 996 2567 Conferre,
1027 2517 1256 2570 aequare.
1290 2500 1407 2555 Vat.
1441 2500 1507 2554 Α.

603 2577 693 2632 55.
727 2573 995 2641 lnquiunt,
1019 2573 1173 2642 magi,
1206 2571 1324 2625 Vat.
1348 2572 1415 2642 Α.

600 2647 691 2701 34.
721 2640 1013 2712 Imperans,
1046 2640 1368 2713 praecipiens,
1398 2640 1518 2713 Vat.
1552 2641 1619 2713 .

600 2715 691 2769 35.
714 2709 997 2777 Trémunt,
1028 2709 1386 2780 expavescunt,
1414 2709 1538 2763 Vat.
1569 2710 1635 2763 A.

600 2785 691 2839 56.
716 2783 927 2848 ᾹΞιΙπλ,
959 2798 1046 2852 per
1070 2778 1232 2836 tethra
1260 2782 1435 2834 omnia
1462 2780 1707 2834 elementa
1735 2778 2108 2849 intelliguntur,

531 2855 1026 2985 vaéaéilernimus,
1058 2936 1223 2988 regem
1244 2921 1372 2988 pati,
1402 2919 1522 2971 Vat.
1547 2921 1611 2973 Α.

602 2994 693 3049 '59.
724 2991 1091 3052 lntermiuum,
1116 2986 1253 3042 sine
1278 2990 1526 3052 termino;
1563 2986 1732 3039 multis
1755 2988 1915 3040 utitur
1941 2990 2110 3041 nomi-

532 3064 680 3118 nibus
710 3063 777 3114 ad
800 3060 1160 3129 ostendendam
1182 3057 1370 3111 Christi
1395 3060 1745 3129 majestatem,
1772 3056 1889 3111 Vat.
1916 3059 1980 3111 A.
2016 3058 2115 3123 Qui

535 3133 806 3187 terminum
834 3146 936 3183 non
962 3128 1195 3191 habebat,
1229 3129 1268 3183 l.

601 3204 689 3258 40.
716 3200 883 3265 Chao,
914 3198 1233 3269 primordiali
1263 3198 1602 3269 confusione:
1627 3197 1878 3269 chaosest
1900 3198 2114 3266 primor-

2280 2426 2368 2483 49.
2403 2426 2526 2480 Flos
2551 2424 2714 2491 subit,
2749 2422 2980 2478 Christus
3010 2424 3302 2488 succrescit,
3333 2423 3454 2477 Vat.
3483 2424 3549 2477 Α.

2285 2498 2374 2553 50.
2419 2496 2589 2559 Jesse,
2625 2494 2767 2548 Jesse
2812 2494 2993 2550 insula:
3044 2495 3353 2562 sacriﬁcium
3403 2496 3823 2565 interpretatur,‘

2224 2570 2342 2623 Vat.
2367 2570 2433 2622 A.

2284 2638 2373 2693 51.
2398 2636 2631 2704 Sceptri,
2656 2635 2893 2706 regni.—
2918 2635 3156 2706 Virgam,
3177 2643 3573 2706 potestatem.-
3586 2636 3800 2704 Vircus,

2214 2712 2433 2779 ﬂorens,
2466 2706 2586 2761 Vat.
2619 2706 2681 2761 Δ.

2287 2781 2377 2835 52.
2401 2779 2692 2843 Cacumen,
2726 2779 3070 2848 principatum
3090 2778 3315 2831 omnium
3337 2792 3530 2842 rerum,
3566 2776 3693 2832 Vat.
3730 2782 3799 2833 Α.

2290 2850 2379 2903 55.
2407 2848 2630 2903 Veloces
2648 2890 2662 2915 ,
2690 2850 2886 2918 perciti,
2912 2847 3032 2901 Vat.
3070 2849 3129 2901 A.

2291 2920 2380 2973 54.
2414 2918 2612 2983 Αιιυω,
2640 2917 2840 2986 caelum,
2870 2918 2985 2972 Vat.
3013 2918 3079 2972 Δ.

2290 2990 2377 3043 55.
2413 2990 2654 3054 Sulcum,
2685 2989 2815 3041 viam
2834 3004 2987 3057 quam
3023 2987 3139 3056 fecit
3161 2988 3327 3040 lumen
3349 2988 3535 3052 stella,
3575 2986 3695 3041 Vat.
3731 2988 3797 3042 Α.

2288 3059 2379 3115 56.
2413 3059 2687 3126 Signabat,
2716 3056 3051 3123 ministrabat,
3078 3056 3197 3110 Vat.
3231 3060 3295 3111 Α.

2292 3129 2378 3184 58.
2432 3129 2675 3197 Signum,
2707 3130 2873 3183 stella.
2926 3158 2995 3168 —
3036 3128 3349 3197 Imminens,
3401 3128 3673 3181 imminere
3717 3144 3798 3182 res

2228 3200 2417 3253 dicitur
2442 3196 2554 3268 qua'
2581 3215 2734 3267 super
2753 3200 2983 3253 uerticem
3014 3196 3216 3268 pendet,
3244 3198 3363 3268 Vat.
3396 3200 3461 3251 Α.

531 3266 1151 3363 dialit’confusionrer‘um,
1183 3278 1453 3363 antequam
1486 3268 1731 3322 elementa
1759 3266 2112 3363 discerneren-
2136 3301 2182 3363 C
2294 3269 2383 3363 52.
2411 3266 2584 3363 Pruna
2605 3310 2627 3350 ,ι
2652 3268 2939 3363 humilium.
2972 3298 3039 3308 -κ
3069 3266 3426 3332 Submissum,
3468 3268 3795 3322 inclinatum.

528 3353 632 3409 tur,
664 3338 894 3396 Vat.'A.
925 3338 1169 3407 Confusio
1196 3339 1589 3402 elementorum,
1634 3353 1745 3406 qua:
1785 3339 1884 3408 fuit
1924 3339 1974 3391 in
2001 3340 2108 3408 pri-

530 3412 752 3477 mordio,
781 3410 821 3466 Ι.

596 3483 689 3536 46.
717 3476 992 3544 Germina,
1016 3479 1152 3546 ﬁlios
1181 3494 1321 3543 suos,
1349 3476 1469 3532 Vat.
1503 3476 1587 3532 Δ-

596 3553 686 3609 47.
716 3550 947 3617 Primus,
971 3549 1247 3615 Abraham,
1275 3548 1393 3602 Vat.
1420 3550 1485 3602 Α.

597 3622 685 3677 48.
715 3620 865 3687 Nati,
896 3619 1071 3687 Isaac,
1108 3618 1226 3673 Vat.
1258 3619 1325 3673 A.

2214 3370 2284 3381 -—
2314 3340 2473 3405 Face,
2504 3341 2713 3406 lumine,
2749 3339 2862 3392 Vat.
2890 3341 2952 3393 A.

2286 3412 2374 3465 60.
2409 3409 2679 3475 Prodidit,
2710 3409 3079 3478 manifestavit,
3109 3406 3226 3461 Vat.
3262 3408 3323 3461 Α.

2287 3480 2374 3535 61.
2404 3479 2591 3549 Quod,
2614 3480 2835 3549 signum,
2866 3478 2983 3549 vat.
3017 3480 3081 3533 A.

2287 3550 2379 3606 62.
2409 3553 2541 3615 E'oa,
2571 3548 2864 3615 Orientalia,
2888 3548 3008 3602 Vat.
3034 3550 3097 3603 Α.

2287 3620 2377 3676 64.
2398 3620 2655 3691 Regium,
2686 3621 2805 3689 quia
2828 3618 3028 3689 regibus
3053 3615 3286 3686 σπανιεῖ,
3325 3616 3445 3673 Vat.
3468 3617 3535 3672 A.

1894 3732 2449 3793 COMMENTARIUS.

529 3850 639 3903 Deo
666 3852 804 3898 tanta
848 3843 1193 3896 convenientia
1219 3855 1569 3911 nuncupasse,
1603 3854 1716 3907 qua:
1767 3838 1855 3892 tibi
1895 3839 2098 3911 (Osium

527 3911 1195 3987 episcopttmmlioquitu!)
1246 3912 1404 3987 inulte
1454 3910 1653 3987 m_elius_
1686 3919 1801 3962 sunt
1846 3910 2101 3987 comperta

525 3979 677 4056 quam
698 3979 910 4038 ceteris.
937 3981 1100 4035 Recte
1134 3980 1451 4056 Prudentius
1480 3979 1613 4047 ﬁdos
1636 3980 1932 4056 interpretes
1960 3980 2101 4056 dixit

526 4049 671 4111 viros
718 4056 1022 4121 sapientes,
1075 4050 1502 4105 consideratione
1567 4065 1748 4121 rerum
1796 4049 2097 4121 cmlestium

524 4120 865 4183 exercitatos.
908 4122 1172 4179 Barthius.
1204 4121 1299 4175 lib.
1349 4135 1499 4183 LVIII,
1532 4134 1651 4188 cap.
1682 4120 1739 4185 2,
1774 4120 2094 4189 suspicatur,

523 4199 576 4252 in
604 4194 878 4251 Chalcidio
908 4191 1187 4258 legendum
1218 4205 1338 4246 esse
1376 4201 1620 4261 nocturno
1658 4190 1747 4242 icti
1800 4191 1971 4261 sidere,
2004 4205 2100 4261 pro

525 4274 775 4322 nacturno
804 4265 1001 4324 itinere,
1029 4262 1235 4317 scilicet
1259 4260 1408 4330 quasi
1455 4260 1913 4330 obstupescentes.
1944 4260 2100 4328 Quod

526 4348 705 4392 autem
730 4334 877 4388 addit
904 4332 1173 4396 Barthius,
1202 4329 1397 4401 magos
1414 4329 1751 4401 existimasse
1796 4330 1959 4401 Deum
1982 4400 1985 4401 ν
2006 4347 2101 4400 per

524 4409 691 4476 ipsam
710 4405 915 4476 stellam
930 4402 1270 4476 descendisse
1288 4400 1371 4456 {et
1385 4400 1553 4468 ipsam
1574 4400 1786 4476 stellam
1808 4400 2101 4457 credidisse

526 4468 723 4531 numen
753 4474 1011 4535 divinum,
1058 4472 1189 4524 mihi
1220 4487 1322 4525 non
1360 4468 1640 4538 persuasit.
1672 4468 1888 4539 Allegat
1916 4486 2100 4526 eorum

524 4545 686 4598 verba
718 4542 953 4611 Vidimus
980 4540 1179 4611 stellam
1202 4539 1515 4611 ejus_,_quo_d
1532 4577 1561 4611 ,Α
1584 4539 1687 4605 ait,
1716 4539 2102 4611 interpretatur

527 4610 842 4668 Prudentius
866 4610 1061 4676 Apath.
1098 4608 1239 4663 vers.
1272 4609 1410 4662 218:
1452 4608 1679 4661 Vidimus
1705 4608 1875 4672 hunc,
1922 4611 2097 4678 aiunt,

2278 3846 2369 3900 45.
2410 3845 2536 3899 Vide
2559 3844 2753 3900 Genes.
2787 3859 2904 3913 cap.
2932 3860 3062 3899 χχιι.

2280 3914 2452 3969 49.1n
2487 3915 2622 3986 Aldo
2657 3916 2947 3968 Davidicus.
2981 3914 3112 3969 Vide
3145 3914 3293 3986 Isaia:
3320 3928 3436 3986 cap.
3470 3930 3545 3969 ιι.
3577 3914 3632 3969 ln
3656 3930 3791 3986 quo-

2220 3986 2341 4040 dam
2376 3985 2586 4039 Weitzii
2615 3986 2905 4054 exemplari
2936 4000 3001 4039 ex
3022 3994 3129 4040 vet.
3152 3985 3273 4040 cod.
3300 3984 3364 4039 ad
3392 3998 3543 4039 oram
3565 3984 3793 4042 ascribi-

2209 4064 2296 4109 tur
2321 4057 2488 4109 subdit
2513 4065 2697 4110 contra
2722 4064 2972 4109 metrum.

2280 4127 2367 4181 50.
2402 4122 2540 4190 Gis.,
2570 4126 2765 4189 iessaza,
2801 4140 2905 4179 non
2936 4124 3251 4178 adversante
3270 4123 3509 4192 Heinsio,
3549 4126 3638 4194 qui
3681 4141 3791 4182 non

2211 4198 2384 4250 solum
2430 4198 2498 4250 ita
2533 4195 2677 4263 legit,
2705 4196 2815 4249 sed.
2843 4194 3038 4248 nullam
3067 4194 3457 4261 discrepantem
3499 4196 3787 4252 lectionem

2208 4267 2501 4321 adnotavit.
2556 4266 2737 4330 Alex.,
2783 4266 3015 4327 Mariet.,
3069 4264 3215 4330 Ald.,
3250 4264 3441 4319 Weitz.
3476 4280 3599 4320 cum
3648 4264 3785 4330 suis,

2210 4337 2404 4406 aliique
2427 4336 2593 4391 nostri
2637 4335 2774 4389 Iesse
2815 4350 2935 4389 cum
2968 4334 3258 4406 hiatu,_qui
3300 4335 3596 4389 concinnus
3622 4337 3782 4391 estin

2210 4403 2511 4461 huiusmodi
2541 4406 2845 4460 nominibus
2876 4405 3104 4474 propriis
3146 4403 3450 4459 extet-orum
3472 4448 3485 4469 ,
3520 4421 3641 4473 qua
3671 4421 3788 4460 om-

2208 4479 2294 4531 nia
2331 4476 2661 4546 pronuntiari
2701 4476 2916 4540 debent,
2950 4485 3007 4546 ut
3028 4474 3578 4546 clareintelligantur.
3611 4476 3788 4545 Virgi-

2206 4546 2310 4600 lius
2332 4544 2481 4616 saepe
2510 4547 2562 4601 id
2596 4547 2718 4602 facit
2741 4547 2793 4599 in
2821 4545 3023 4616 Graecis
3047 4544 3337 4616 vocabulis.
3361 4544 3639 4600 Nonnemo
3661 4544 3787 4601 cor-

2208 4615 2616 4684 rigebat’lessis.
2647 4616 2778 4670 Cum
2808 4615 2996 4670 Iessava
3019 4615 3230 4668 suavior
3252 4622 3334 4668 est
3361 4629 3567 4669 versus.

524 4699 735 4766 puerum
755 4697 852 4766 .per
878 4678 1218 4766 sidert'tnfer‘ri.
1241 4679 1418 4766 Neqpe
1444 4679 1960 4766 omittitversusvex.
1986 4681 2103 4766 ‘hoc
2128 4705 2181 4766 Ι)
2256 4678 2364 4766 "51.
2396 4689 2571 4766 ξτες..
2600 4696 2965 4766 sceptrumque.

524 4747 710 4807 eodem
755 4747 978 4821 hymno,
1008 4747 1215 4821 Illustre
1232 4747 1493 4821 quiddam
1519 4748 1790 4801 cernimus.
1820 4748 1962 4802 Nihil
1984 4749 2099 4805 haec

523 4830 763 4876 movent.
796 4817 935 4874 Nam
964 4820 1112 4873 stella
1137 4820 1269 4890 regis
1294 4817 1625 4890 Judteorunt,
1649 4828 1703 4872 et
1730 4834 1944 4886 puerum
1974 4821 2097 4890 [arri

522 4909 609 4961 per
624 4891 988 4961 sideradsolum
1014 4886 1215 4957 arguit,
1238 4889 1454 4961 stellam
1488 4886 1757 4961 indicasse
1782 4897 1957 4961 ortum
1975 4886 2102 4945 Sal-

520 4958 739 5016 vatoris.
785 4958 957 5013 Verba
1000 4974 1272 5028 magorum
1319 4958 1459 5028 apud
1488 4958 1855 5023 Prudentium,
1888 4958 2099 5014 Illustre

518 5033 763 5101 quiddam
790 5030 1065 5101 cernimus,
1096 5044 1203 5083 non
1243 5030 1309 5083 ad
1340 5028 1547 5083 stellam
1569 5070 1584 5094 ,
1615 5029 1727 5101 sed
1761 5030 1827 5083 ad
1866 5030 1928 5101 id
1957 5030 2097 5099 quod

521 5098 672 5157 stella
696 5100 958 5171 signiﬁcat
977 5098 1299 5171 releruntur,
1320 5108 1379 5153 ut
1406 5114 1472 5171 ex
1494 5099 1751 5154 orationis
1772 5100 1911 5155 serie
1932 5098 2095 5169 patet.

588 5172 677 5226 3'2.
702 5170 883 5236 Sicb.,
913 5178 969 5224 et
991 5170 1104 5225 Gis.
1132 5171 1198 5224 ad
1222 5186 1391 5233 oram,
1420 5170 1715 5236 ﬂammam;
1745 5172 1944 5229 caeteri.
1985 5175 2095 5238 for-

520 5260 677 5296 mam.
700 5242 909 5296 Lucifer
926 5240 1102 5295 Venus
1124 5250 1227 5305 est,
1264 5240 1470 5309 planeta
1498 5238 1977 5305 splendidissimus,
2008 5240 2095 5308 qui

520 5312 827 5380 aliquandiu
865 5310 1023 5366 etiam
1057 5312 1270 5366 lucente
1308 5309 1423 5364 sole
1454 5309 1804 5379 conspicitur,
1843 5320 1898 5365 et
1937 5319 2094 5365 noctu

520 5384 761 5436 umbram
778 5382 912 5451 jacit
936 5396 1097 5448 super
1121 5392 1340 5435 terram.

521 5454 678 5575 Η⁸59.
721 5452 1042 5575 Αρυιμῗειῗς
1072 5451 1324 5507 Sidonius
1354 5463 1483 5505 voce
1522 5450 1820 5503 interminus
1854 5463 1983 5505 usus
2010 5459 2095 5506 est

546 5540 615 5574 ιι.
647 5537 752 5575 vu.
786 5538 899 5575 ems
932 5560 944 5573 .
1018 5561 1029 5573 .

544 5523 615 5574 th.
647 5537 715 5575 vu
739 5565 752 5582 ,
786 5524 944 5582 epist.
973 5523 1029 5576 4.

589 5539 1299 5663 ἱυῗηῦνὲῗίἓιίξίθςὶιεὴοο
1318 5605 1459 5663 ᾼςυιῐι
1492 5588 1606 5663 solo
1634 5588 1861 5663 Widm._,_
1885 5589 1936 5643 in
1986 5604 2090 5658 quo

523 5665 712 5717 fatetur
756 5677 910 5730 supra
955 5660 1093 5717 esse'
1116 5662 1267 5716 chao.
1307 5660 1506 5715 Glossze
1540 5660 1706 5714 lsonis
1756 5660 1914 5712 nulla:
1965 5668 2089 5713 sunt

522 5744 639 5797 post
660 5736 800 5786 hunc
824 5729 1038 5787 versum
1060 5734 1112 5787 in
1145 5734 1246 5785 hoc
1294 5732 1509 5801 hymno.
1542 5730 1826 5798 Propterea
1868 5745 1930 5783 ex
1967 5729 2083 5783 Vat.

523 5806 565 5854 Α
594 5803 769 5869 plures
794 5803 1012 5869 sumpsi.

2276 4756 2365 4812 52.
2398 4756 2579 4817 Alex”
2604 4767 2826 4825 occupet.
2852 4756 3057 4817 Melius,
3093 4764 3325 4825 occupat.

2273 4827 2361 4882 56.
2386 4828 2505 4881 Put.
2528 4837 2583 4881 et
2602 4828 2772 4881 Oxon.
2797 4841 2826 4879 a
2842 4826 3073 4880 secunda
3093 4841 3267 4889 manu,
3292 4825 3602 4878 monstrabat
3624 4827 3781 4889 riam;

2201 4898 2377 4951 caeteri
2402 4897 2599 4951 habent
2616 4896 2868 4966 signabat.

2271 4967 2359 5020 59.
2387 4967 2556 5033 Rott.,
2585 4967 2853 5019 subnixum
2875 4966 3003 5034 face.

2274 5036 2361 5090 65.
2392 5037 2689 5091 Adventum
2717 5048 2769 5089 et
2798 5035 3161 5090 adorationem
3206 5047 3483 5091 magorum
3513 5034 3564 5086 iu
3596 5048 3783 5088 sarco-

2202 5104 2389 5173 phagis
2417 5116 2652 5161 veterum
2681 5106 3103 5161 Christianorum
3144 5104 3406 5159 interdum
3453 5118 3520 5173 ex
3535 5120 3776 5170 pressam

2203 5171 2491 5245 scriptores
2529 5178 2902 5243 antiquitatum
2942 5175 3421 5230 ecclesiasticarum
3460 5171 3649 5228 Roma:
3690 5190 3780 5229 ex-

2199 5249 2451 5300 stantium
2477 5247 2753 5302 exhibent.

2271 5317 2359 5371 67.
2407 5319 2656 5372 Erasmus
2682 5316 2872 5371 alicubi
2901 5317 3099 5372 invenit
3139 5317 3393 5385 scriptum
3425 5330 3587 5383 puero
3619 5330 3779 5368 men-

2200 5386 2348 5441 dose.
2376 5387 2627 5443 Fortasse
2666 5386 2983 5441 Prudentius
3014 5386 3229 5455 scripsit
3269 5385 3426 5447 Puer,
3473 5387 3557 5455 cui
3587 5386 3779 5437 trinam

2201 5455 2393 5521 Pater;
2416 5457 2607 5527 aliquis
2637 5459 2867 5527 glossam
2895 5472 3055 5526 supra
3086 5454 3289 5510 addidit
3312 5471 3365 5521 ο,
3398 5462 3457 5527 ut
3484 5454 3775 5527 iudicaret,

2198 5539 2318 5581 esse
2340 5529 2391 5581 in
2423 5523 2818 5592 vocandi'casu,
2840 5542 2903 5581 ex
2928 5523 3030 5596 qua
3060 5534 3241 5595 postea
3266 5540 3367 5579 una
3396 5523 3562 5596 dictio
3583 5524 3776 5596 ell‘ecta

2197 5605 2277 5649 est
2325 5612 2499 5665 puero,
2550 5606 2605 5654 et
2650 5591 2965 5663 correCtius,
3016 5591 3173 5661 Puer,
3204 5612 3233 5649 ο
3264 5598 3346 5649 cui
3376 5595 3569 5665 trinam
3608 5591 3772 5648 Deus.

2202 5664 2357 5747 Trina
2404 5668 2597 5723 indoles
2650 5682 2890 5737 quasnam
2921 5672 3020 5737 sit,
3054 5665 3272 5738 stropha
3317 5664 3563 5734 sequenti
3607 5678 3778 5734 espo-

2198 5746 2353 5791 ΙΙΙῑιιΓ.
