4092 6344
308 354 411 411 905

546 466 706 539 383
745 466 1152 523 Prtedestinavit
1181 467 1440 526 indolem.

480 561 700 633 Regem,
742 562 1017 634 Deumque
1056 563 1373 618 annuntiant

546 654 875 719 Thesaurus,
900 663 954 710 et
984 655 1227 726 fragrans
1247 656 1372 709 odor

546 746 741 801 Thuris
762 745 935 803 Sabaei
966 763 978 799 :
1010 755 1066 801 at
1086 746 1369 818 myrrheus

548 837 732 893 Pulvis
757 838 1065 907 sepulcrum
1094 837 1379 905 praedocet.

474 930 585 986 Hoc
612 940 698 986 est
722 930 1029 1000 sepulcrum
1048 970 1064 996 ,
1092 944 1200 1000 quo
1229 930 1390 995 Deus,

546 1022 679 1076 Dum
703 1035 899 1090 corpus
928 1020 1192 1090 exstingui
1222 1020 1369 1087 sinit,

541 1110 706 1184 38E.
740 1110 917 1182 Atque
952 1110 1006 1165 id
1037 1110 1303 1180 sepultum
1330 1112 1575 1179 suscitat,

541 1208 726 1265 Mortis
749 1208 969 1280 refregit
997 1221 1288 1264 carcerem.

302 656 369 710 70

299 1114 369 1170 75

1331 354 1869 417 cn'uuuanmou
1912 340 2023 417 Xll.
2068 362 2155 419 ne
2193 363 2576 420 EPIPHANIA.

1909 484 1965 543 Α

2166 479 2209 532 0
2237 480 2350 534 sola
2379 493 2692 551 magnarum
2723 478 2930 535 urbium

2237 570 2401 640 Major
2432 572 2672 628 Bethlem
2700 589 2712 625 :
2746 573 2831 628 cui
2852 571 3072 642 contigit

2236 663 2431 719 Ducem
2461 664 2644 719 salutis
2684 664 2893 720 caelitus

2239 754 2636 826 lncorporatum
2666 759 2886 828 gignere

2167 846 2363 901 Altrice
2390 857 2462 914 te,
2494 863 2703 905 summo
2728 850 2866 905 Patri

2239 938 2419 993 Haeres
2450 949 2661 996 creatur
2690 942 2877 998 unicus

2235 1031 2396 1102 385
2433 1030 2604 1085 Homo
2630 1047 2695 1087 ex
2717 1033 2975 1088 Tonantis
3001 1035 3201 1105 Spiritu
3218 1077 3235 1104 ,

2236 1122 2485 1193 idemque
2510 1124 2609 1178 sub
2631 1125 2885 1179 membris
2908 1126 3068 1182 Deus.

1992 1211 2062 1265 85
2170 1211 2321 1267 Hunc
2343 1222 2397 1267 et
2420 1212 2693 1283 prophetis
2720 1215 2964 1283 testibus,

1990 754 2059 809 80

1601 1298 1893 1357 ΕΙ.οὸδῶ
1934 1300 2275 1359 VETERES.

364 1396 455 1453 68.
486 1395 723 1452 lndolem
752 1436 768 1461 ,
796 1395 997 1450 indoles
1027 1402 1099 1448 est
1151 1394 1319 1465 imago
1359 1394 1549 1463 futurte
1576 1393 1882 1465 nobilitatis,

297 1484 445 1538 quam
468 1468 521 1549 in
546 1469 714 1549 pueris
738 1466 993 1548 videmus,
1125 1463 1307 1549 quibus
1336 1479 1437 1518 non
1465 1474 1540 1519 est
1571 1463 1739 1518 adhuc
1777 1466 1883 1518 vir-

296 1534 395 1601 tus,
427 1537 517 1593 sed
544 1534 747 1608 signum
773 1538 973 1591 virtutis
992 1576 1007 1598 ,
1041 1534 1157 1589 Vat.
1189 1536 1256 1590 A.

364 1610 451 1663 71.
483 1607 679 1675 Sabmi,
708 1608 931 1661 Arabici.
959 1606 1099 1662 Saba
1143 1606 1359 1673 Arabia,
1393 1623 1427 1659 a
1486 1615 1611 1676 potu
1646 1604 1768 1675 (sic)
1797 1619 1885 1661 sa-

295 1690 436 1742 neta,
470 1680 522 1732 id
552 1688 628 1734 est
656 1696 688 1732 a
735 1678 944 1733 colendo
980 1693 999 1731 :
1030 1677 1170 1746 apud
1210 1676 1328 1730 illos
1358 1676 1493 1731 enim
1535 1676 1647 1731 thus
1684 1678 1882 1730 inveni-

1991 1396 2257 1467 pet'mittit,
2288 1395 2406 1452 Vat.
2432 1398 2497 1452 A.

2062 1466 2149 1521 75.
2182 1466 2283 1531 ld.,
2313 1484 2515 1537 corpus,
2542 1468 2662 1522 Vat.
2695 1470 2757 1523 Α.

2060 1537 2151 1593 76.
2178 1537 2480 1603 Carcerem,
2514 1540 2793 1608 infernum,
2822 1540 2938 1595 Vat.
2970 1542 3036 1595 A.

2042 1608 2147 1677 .80.
2179 1608 2602 1677 lncorporatum,
2629 1612 2978 1677 incarnatum,
3006 1611 3125 1667 Vat.
3158 1616 3224 1669 Δ.

2058 1676 2148 1750 tu.
2183 1676 2447 1750 summa,
2469 1696 2562 1750 pro
2593 1680 2883 1746 divinitate,
2916 1676 3033 1736 Vat.
3074 1683 3141 1737 A.

295 1759 396 1817 tur,
432 1749 580 1806 Unde
609 1748 769 1838 Deus.
789 1748 1015 1832 .Myrrha
1044 1748 1428 1838 interpretatur.
1450 1762 1648 1801 amara.
1683 1745 1810 1802 Ideo
1836 1756 1883 1801 et
1910 1777 1961 1838 Β
2182 1748 2383 1838 Haeres,
2412 1745 2665 1838 Christus,
2696 1750 2815 1831 Vat.
2834 1754 2931 1838 HA:

297 1837 509 1892 corpora
538 1821 800 1892 putreﬁeri
820 1835 923 1873 non
951 1818 1216 1892 permittit,
1248 1818 1368 1892 Vat.
1398 1820 1462 1871 A.
1526 1889 1535 1892 Α
1668 1854 1677 1861 ο

411 1893 463 1947 4.
490 1888 723 1962 corpus,
748 1906 917 1945 suum.
948 1920 1018 1930 —
1056 1888 1365 1958 Exstingui,
1404 1889 1555 1944 mori.
1600 1919 1669 1929 —
1710 1889 1879 1958 Sinit,

2184 1819 2293 1875 Sub
2320 1821 2575 1891 membris
2598 1862 2611 1887 ,
2658 1823 2781 1890 quia
2812 1823 3051 1877 divinitus
3082 1824 3302 1891 latebat,
3349 1826 3468 1882 Vat.
3498 1829 3562 1887 Α.

2062 1888 2153 1944 85.
2184 1891 2352 1947 Hunc.
2387 1890 2613 1952 Filium.
2646 1888 2765 1947 Vat.
2794 1893 2861 1949 A.

1640 1978 2197 2042 COMMENTARIUS.

367 2078 456 2135 68.
493 2076 722 2147 Verbum
753 2078 1121 2145 praedestinare
1148 2076 1294 2132 idem
1317 2077 1619 2147 significare
1641 2093 1704 2133 ac
1725 2080 1883 2133 desti-

298 2165 438 2214 nare,
468 2146 609 2216 quod
633 2163 740 2216 prae
769 2163 828 2204 se
849 2150 951 2204 fert
972 2146 1419 2213 antecessionem,
1469 2158 1689 2203 monent
1729 2150 1877 2204 theo-

298 2221 427 2290 logi.
448 2219 858 2290 Vocemparum
890 2219 1134 2274 Latinam
1170 2234 1289 2290 esse
1335 2220 1483 2272 multi
1531 2220 1834 2274 docuerunt
1865 2236 1879 2273 :

300 2288 440 2344 seda
472 2288 625 2343 Livio
654 2288 821 2344 fuisse
842 2291 1133 2344 adhibitam
1176 2289 1347 2343 fassus
1390 2298 1473 2343 est
1518 2290 1782 2344 Cellarius
1829 2292 1882 2345 in

298 2360 455 2487 C(llll‘is
484 2359 867 2483 pfsterioribus
888 2361 955 2415 de
985 2360 1347 2423 barbarismis,
1373 2360 1439 2414 ab
1457 2360 1587 2414 Olao
1605 2360 1884 2415 Borrichio

300 2447 331 2485 a
372 2445 515 2485 monI
543 2444 624 2484 us.

300 2432 624 2485 admonitus.

372 2501 460 2556 69.
490 2499 665 2571 Magos
688 2499 1023 2571 divinitatem
1069 2501 1371 2571 agnovisse,
1422 2509 1476 2555 et
1514 2500 1767 2557 adorasse
1792 2518 1886 2557 ex-

301 2573 506 2642 plorata
530 2570 617 2626 res
643 2580 743 2626 est.
777 2570 1027 2643 Sedulius
1058 2570 1149 2627 lib.
1174 2587 1249 2627 II:
1289 2575 1457 2643 Aurea
1480 2575 1705 2643 nascenti
1736 2572 1888 2643 fude-

304 2641 426 2696 runt
454 2656 666 2695 munera
692 2642 821 2712 regi,
873 2641 1049 2695 Thura
1090 2643 1273 2697 dedere
1318 2642 1456 2707 Deo,
1497 2641 1754 2712 myrrham
1794 2644 1886 2696 tri-

305 2714 456 2769 buere
480 2714 730 2783 sepulcro.
752 2712 1027 2783 Helpidius
1058 2713 1111 2767 in
1157 2713 1395 2768 carmine
1434 2713 1501 2767 de
1527 2713 1728 2767 Christi
1759 2714 1887 2768 Jesu

307 2780 610 2854 beneﬁciis.
636 2780 794 2854 Gens_
814 2781 1079 2837 Chaldtea.
1102 2824 1117 2838 .
1142 2823 1154 2837 .
1188 2786 1275 2837 dat
1327 2800 1571 2849 munera,
1612 2784 1719 2854 regi
1750 2784 1890 2837 Divi-

307 2857 426 2919 tias,
459 2855 547 2925 dat
572 2852 725 2925 thura
751 2850 884 2925 Deo,
928 2854 1282 2924 myrrhamque
1319 2855 1573 2925 sepulcro.
1623 2850 1889 2909 Juvencus

307 2925 401 2980 lib.
433 2940 450 2979 ι
478 2942 490 2977 :
523 2924 870 2991 Submissique
911 2925 1066 2977 simul
1112 2941 1229 2979 mox
1274 2927 1483 2994 mystica
1532 2940 1743 2977 munera
1773 2941 1891 2992 pro—

310 3004 453 3050 munt
484 3010 503 3049 :
535 2997 748 3057 Aurum,
780 2996 927 3057 thus,
956 2996 1216 3064 myrrham
1256 2997 1483 3064 regique,
1537 2994 1767 3064 Deoque,
1800 2996 1893 3048 ho-

317 3067 540 3136 minique
569 3065 720 3119 Dona
747 3068 946 3136 ferunt,-
1001 3066 1091 3135 qui
1118 3080 1301 3119 versus
1346 3066 1566 3119 Juvenci
1610 3066 1894 3136 laudantur

312 3152 343 3191 a
367 3135 425 3192 8.
460 3135 804 3206 Hieronymo,
839 3135 1061 3189 Alcuino
1091 3136 1317 3205 aliisque
1349 3137 1601 3204 antiquis.
1642 3135 1890 3189 Barthius

311 3207 406 3263 lib.
438 3222 581 3273 LvIII,
603 3205 723 3274 cap.
751 3205 807 3272 2,
838 3205 889 3259 in
915 3206 1141 3275 quodam
1181 3222 1281 3259 ms.
1314 3205 1532 3260 Juvenci
1550 3207 1761 3275 reperit
1788 3206 1895 3257 Au-

312 3294 447 3342 rum,
472 3278 604 3343 thus,
636 3273 1163 3346 myrrham,regique,
1193 3276 1509 3345 hominique,
1540 3273 1762 3343 Deoque.
1787 3275 1895 3330 Sed

3258 2048 3289 2074 α

1990 2080 2254 2154 palorum;
2288 2079 2470 2154 hymn.
2498 2080 2562 2135 M
2591 2081 2807 2154 Perist.,
2832 2097 2974 2139 vers.
3002 2084 3127 2149 110,
3159 2085 3223 2139 Et
3244 2088 3381 2154 quod
3406 2092 3559 2144 malo«

1988 2153 2311 2227 rum__te_trius
2334 2151 2689 2227 omniumest,
2709 2153 3063 2227 Hellenismus
3095 2156 3179 2210 hic
3195 2151 3298 2223 est,
3323 2168 3375 2211 et
3409 2162 3558 2227 plira-

1990 2222 2065 2274 sis
2098 2220 2332 2300 Vulgat‘te
2361 2221 3017 2300 ςᾱὶιίρηὶε-Μθιιὴ.χχιιι.
3047 2227 3082 2278 2
3108 2220 3471 2300 _;_Qui'maj'or
3493 2244 3564 2287 est

1988 2292 2449 2368 uestrum_._Conler
2487 2293 2764 2368 Drusium,
2793 2294 3072 2349 Observat.
3108 2296 3201 2350 lib.
3241 2312 3293 2363 v,
3325 2292 3445 2368 ca'p.
3476 2302 3565 2357 23'.

1988 2360 2312 2437 Curtiiillud
2341 2371 2424 2437 est
2453 2361 2627 2437 :_Duo
2662 2366 2860 2437 majora
2899 2368 3124 2437 omnium
3154 2360 3374 2437 navigia.
3393 2360 3565 2425 'Auti.

1989 2433 2080 2506 qui
2112 2433 2400 2506 aliquando
2422 2435 2582 2506 etiam
2607 2434 2838 2506 positivo
2867 2436 3225 2503 adjunxerunt
3246 2433 3564 2506 genitivum.

1993 2502 2197 2557 Ennius
2226 2504 2402 2574 libat,
2430 2502 2667 2557 Constitit
2699 2505 2819 2558 inde
2848 2502 3181 2574 lociprOpter
3211 2502 3294 2560 sos
3317 2510 3406 2561 dia
3441 2512 3567 2564 dea-

1992 2573 2286 2647 rum,apud
2317 2572 2553 2628 Festum.
2589 2575 2839 2647 Virgilius
2871 2572 3053 2647 librtv
3074 2572 3233 2639 Ᾰίη..
3270 2593 3413 2633 vers.
3439 2582 3565 2647 576,

1991 2645 2250 2718 sequimur
2276 2654 2343 2712 te,
2369 2654 2542 2718 sancte
2562 2646 2791 2698 deorum.
2824 2645 2997 2714 potius
3018 2661 3176 2714 quam
3205 2648 3415 2701 deorum
3437 2645 3569 2718 quis}

1992 2714 2105 2789 quis
2133 2730 2183 2767 es
2195 2728 2228 2789 _:
2251 2715 2608 2789 nam_videtur
2636 2718 2929 2789 sumpsisse
2950 2730 3013 2789 eg
3040 2718 3210 2789 Ennio
3238 2734 3252 2773 :
3288 2714 3570 2789 Respondit

1992 2785 2133 2836 Juno
2184 2785 2450 2852 Saturnia,
2495 2795 2667 2839 sancta
2701 2787 2929 2839 deorum.
2968 2786 3139 2840 Graeci
3182 2786 3265 2842 δία
3293 2785 3448 2844 esse...
3479 2808 3569 2847 ea.-

1993 2854 2115 2908 dem
2146 2856 2325 2923 phrasi
2357 2856 2561 2909 dicunt.
2600 2856 2900 2910 Ludovicus
2944 2857 3193 2911 Cavallus
3234 2871 3571 2917 correctores

1996 2923 2317 2998 hymnorum
2344 2926 2622 2998 Breviarii
2668 2926 2891 2998 Romani
2930 2926 3297 2998 reprehendit,
3332 2932 3474 2998 quod
3512 2934 3570 2985 in

1994 2993 2197 3067 hymno
2216 2996 2375 3057 officii
2408 2996 2557 3065 parvi
2584 2996 2643 3049 Β.
2676 2997 2856 3067 Mariae
2893 2995 2959 3049 ad
2989 2995 3173 3050 laudes
3206 2993 3496 3067 ediderint,
3525 3002 3571 3054 0

1995 3012 2197 3116 hymno
2216 3012 2375 3057 oIIIcu
2408 3012 2557 3065 paer
2585 3012 2643 3049 ts.
2678 3012 2856 3050 mante
2893 3012 2959 3049 au
2989 3012 3173 3050 Iaudes
3206 3012 3496 3067 coluerint,
3525 3012 3571 3054 υ

1995 3068 2219 3146 g_oriosa
2246 3068 2521 3144 uirginum,
2536 3066 2688 3187 quod
2710 3066 2895 3120 Latine
2919 3067 3022 3121 dici
3038 3067 3279 3130 deberet,
3315 3070 3359 3121 0
3379 3072 3571 3141 glorio-

1996 3150 2198 3187 sisstma
2228 3139 2499 3187 virainum.
2583 3150 2733 3187 erum
2766 3137 3045 3187 exemplis.
3086 3152 3205 3187 uuae
3234 3141 3405 3187 attuli-
3451 3156 3570 3187 απ..

1996 3136 2198 3188 sissima
2228 3138 2499 3205 virginum.
2536 3136 2733 3205 Verum
2766 3137 3045 3202 exemplis,
3086 3152 3205 3205 quae
3234 3136 3406 3199 attuli.
3451 3156 3570 3195 cor-

1998 3213 2234 3279 rectores
2259 3204 2479 3279 possunt
2500 3204 2779 3260 vindicari.
2799 3206 3122 3261 Fortunatus
3148 3207 3356 3263 dixerat
3388 3209 3433 3261 0
3458 3212 3569 3279 glo-

1997 3275 2134 3327 riosa
2154 3276 2390 3340 Domina,
2422 3284 2679 3331 renuente
2699 3285 2891 3329 metro.

313 3360 441 3403 tunc
466 3350 583 3433 ‘hic
630 3343 765 3433 alius
818 3347 949 3426 ordo
996 3343 1144 3433 esset
1170 3343 1573 3433 constituendus
1616 3362 1629 3398 :
1675 3346 1891 3433 Aurum,
1920 3369 1967 3433 ο
2071 3345 2311 3433 Mar;
2336 3345 2859 3433 e'tIRathethljeemi
2876 3343 3044 3425 Wid.,
3068 3345 3248 3433 Gold.,
3279 3356 3331 3433 et
3362 3347 3566 3433 Hailsb.

311 3418 596 3489 myrrham,
644 3418 779 3481 thus,
830 3418 1053 3489 (egique,
1102 3416 1393 3489 hominique
1409 3432 1445 3481 ,ι
1476 3415 1701 3489 Deoqlte.
1732 3418 1788 3470 In
1830 3416 1892 3471 S.

310 3484 636 3560 Hieronymo
662 3488 753 3541 lib.
784 3503 800 3543 I
826 3484 977 3560 Com.
1011 3488 1062 3560 in
1111 3502 1231 3560 cap.
1278 3484 1315 3541 II
1342 3487 1525 3560 Matth.
1555 3503 1568 3539 :
1600 3484 1768 3560 Thus,
1792 3504 1893 3560 au-

312 3576 448 3623 rum,
473 3556 733 3629 myrrham
776 3559 999 3628 regique,
1040 3557 1351 3628 hominique,
1378 3556 1587 3627 Deoque
1639 3556 1785 3629 Dona
1813 3558 1893 3625 fe-

311 3642 457 3684 runt.
484 3628 668 3700 Neque
699 3630 796 3684 hoc
826 3629 986 3683 modo
1008 3630 1139 3683 ordo
1162 3643 1440 3683 munerum
1465 3635 1725 3700 servatur.
1762 3628 1892 3681 ηπ-

314 3701 458 3755 thins
489 3698 597 3767 ait,
647 3700 991 3755 Prudentium
1042 3700 1334 3769 Apotheosi
1389 3709 1617 3766 poemate
1652 3698 1801 3752 docto
1850 3706 1897 3751 et

319 3769 581 3825 luculento
605 3770 719 3824 haec
743 3785 962 3824 munera
991 3771 1259 3839 magniﬁce
1284 3780 1330 3824 et
1368 3770 1605 3823 Romana
1634 3770 1896 3836 majestate

311 3842 613 3909 appellasse
644 3841 857 3908 fercula.
914 3840 1043 3893 Vide
1089 3843 1284 3907 Apoth.
1343 3854 1483 3895 vers.
1514 3840 1615 3894 609
1646 3848 1700 3909 et
1737 3854 1891 3908 seqq.

321 3908 585 3965 ln’ollicio
615 3909 980 3963 ecclesiastico
1011 3909 1327 3976 Epiphaniae
1367 3910 1573 3963 canitur
1604 3928 1616 3961 :
1675 3908 1738 3961 In
1764 3926 1910 3974 auro,

318 3990 377 4033 ut
400 3980 691 4033 ostendatur
722 3980 854 4047 regis
884 3982 1142 4048 potentia;
1172 3980 1225 4031 in
1253 3979 1395 4032 thure
1434 3980 1747 4048 sacerdotem
1778 3994 1892 4030 ma-

314 4066 475 4137 gnum
494 4047 791 4137 considera;
820 4057 865 4101 et
901 4050 954 4101 in
994 4050 1199 4129 myrrha
1223 4048 1531 4137 dominicum
1558 4047 1888 4137 sepulturam.

313 4116 683 4176 Sacerdotium
716 4132 962 4188 magnum
1005 4116 1076 4171 ita
1102 4118 1428 4188 signiﬁcatur
1468 4117 1755 4188 thureLut
1813 4116 1892 4168 di-

311 4190 518 4258 vinitas
557 4195 608 4243 In
631 4188 744 4258 ipso
774 4184 1049 4243 sacerdote
1085 4184 1277 4257 magno
1312 4187 1505 4258 inesse
1546 4184 1886 4258 intelligatur.

387 4261 475 4316 70.
504 4257 560 4313 In
583 4254 727 4324 Pu—t.,
758 4261 984 4327 ﬂagrans
1013 4259 1158 4311 odos.
1176 4254 1195 4257 ⁷
1216 4257 1320 4311 Alii
1338 4257 1515 4327 etiam
1546 4254 1633 4308 hic
1680 4263 1735 4308 et
1763 4254 1888 4327 alibi

311 4336 543 4406 ﬂagrans
564 4344 662 4400 pro
683 4324 938 4400 fragrans,
980 4337 1036 4383 ut
1079 4337 1201 4382 ante
1240 4326 1368 4381 dixi.
1415 4325 1647 4379 lsidorus
1694 4324 1894 4378 mavult

313 4406 551 4451 {marans
605 4400 752 4451 odor.
1624 4405 1627 4409 ’

338 4416 551 4456 raarans
605 4416 752 4454 oaor.

310 4406 551 4474 fragrans
605 4406 752 4454 odor.
1624 4406 1627 4409 '

388 4476 474 4526 71.
508 4471 629 4525 Vat.
664 4470 723 4536 Β,
754 4470 935 4540 Alex.,
964 4469 1109 4535 Rat.,
1151 4477 1204 4523 at
1247 4468 1533 4540 myrrheus,
1564 4465 1703 4536 quod
1734 4464 1891 4537 longe

312 4544 610 4614 elegantius
634 4550 737 4614 est,
766 4556 925 4611 quam
954 4557 1013 4594 ac
1047 4540 1332 4614 myrrheus.
1378 4540 1655 4614 Hei_IIsius_
1677 4550 1888 4614 quoque

232 4682 235 4683 ν
309 4606 515 4687 ι’θιῇτίι
540 4614 590 4666 in
621 4606 889 4687 promat,
916 4621 968 4666 et
987 4606 1250 4687 probavit,
1276 4610 1517 4687 quamvis
1538 4606 1770 4687 ediderit
1782 4622 1850 4687 _ac
1865 4620 1887 4669 ,-

310 4679 538 4745 in—Put.,
567 4682 653 4748 ad,
684 4683 825 4753 quod
856 4679 1181 4753 tantumdem
1210 4679 1311 4735 est.
1344 4680 1403 4733 In
1439 4679 1678 4753 czeteris,
1724 4679 1882 4753 etiam

2001 3420 2230 3486 pariter,
2260 3414 2541 3481 Bethleem,
2584 3416 2721 3481 quod
2760 3416 2981 3486 retineri
3039 3422 3238 3486 potest:
3276 3415 3332 3467 ln
3357 3416 3564 3486 Egm.,

2002 3482 2175 3556 Major
2203 3484 2522 3556 Betltlcm,et
2542 3486 2623 3537 cui
2646 3483 2875 3552 contigit,
2900 3497 3004 3556 non
3022 3482 3177 3556 male3
3210 3482 3565 3556 Drtrsius'loc.

1998 3552 2100 3609 cit.
2114 3556 2326 3624 praefert
2347 3554 2652 3624 Bethlemex
2669 3552 3052 3624 consuetudine
3071 3552 3281 3624 antiqua
3308 3553 3566 3612 Hebraeo-

1998 3620 2136 3687 rum',
2162 3635 2217 3679 ut
2245 3627 2293 3677 in
2325 3624 2521 3693 hymno
2545 3622 2921 3693 5Peristeph.,
2945 3620 3261 3693 Belzebulis,
3264 3638 3384 3693 non
3417 3625 3564 3681 Beel.

1997 3697 2206 3749 zebulis.
2244 3690 2374 3748 Vide
2403 3693 2517 3759 ejus
2548 3692 2640 3745 lib.
2667 3704 2758 3745 vII.
2790 3707 2910 3760 cap.
2943 3692 3085 3760 isiet
3117 3691 3199 3745 19.
3242 3690 3565 3753 Prudentius

2000 3766 2086 3839 hic
2137 3775 2191 3820 et
2220 3763 2341 3839 alibi
2380 3761 2601 3829 corripit
2650 3759 2872 3839 primam
2917 3762 2969 3815 in
3002 3759 3264 3839 Bethlem,
3315 3770 3564 3839 quamvis

1998 3835 2183 3892 Graece
2214 3833 2477 3887 scribatur
2505 3848 2598 3899 per
2624 3855 2676 3890 η.
2706 3832 2847 3885 Nilnl
2878 3840 3053 3885 autem
3082 3829 3134 3883 id
3165 3829 3357 3888 mirum
3385 3829 3562 3893 :‘nam

1999 3906 2261 3977 corripuit
2310 3903 2471 3977 etiam
2522 3902 2578 3977 S,
2626 3902 2985 3977 Hieronymus
3025 3900 3302 3977 Hebraicae
3361 3906 3559 3977 lingua:

1994 3974 2347 4044 peritissimus
2397 3974 2451 4026 in
2493 3972 2764 4039 epitaphio
2818 3974 2883 4044 S.
2925 3972 3124 4044 Paulae.
3170 3974 3302 4028 Eum
3355 3972 3562 4035 dor'mi-

1997 4042 2154 4114 iasse,
2179 4052 2236 4114 et
2266 4044 2564 4114 deceptosa
2594 4052 2738 4114 muta
2767 4050 2821 4095 et
2854 4042 3075 4114 liquida,
3111 4045 3200 4110 qui
3242 4046 3559 4114 corripiunt,

1993 4115 2067 4165 ait
2097 4110 2411 4165 Ricciulius.’
2442 4115 2510 4166 At
2552 4112 2762 4179 regulas
2793 4126 2897 4163 non
2935 4110 3168 4178 antiquis
3212 4110 3567 4177 praescribere

1993 4181 2266 4243 debemus,
2298 4182 2392 4236 sed
2430 4183 2496 4235 ab
2516 4181 2595 4235 eis
2626 4183 2891 4247 accipere.
2912 4180 3007 4250 Ex
3046 4181 3146 4233 hoc
3177 4190 3231 4233 ct
3259 4196 3373 4250 seq.
3404 4202 3561 4243 versu

1991 4252 2356 4325 confirmatur,
2381 4252 2660 4325 legendum
2686 4264 2825 4325 vers.
2860 4252 2882 4303 1
2908 4249 3091 4325 hymni
3118 4251 3168 4315 7,
3185 4251 3290 4305 dua:
3310 4252 3560 4325 Bethlem,

1993 4322 2131 4392 quod
2157 4337 2369 4392 semper
2411 4322 2543 4377 mihi
2590 4321 2808 4391 placuit,
2848 4321 3091 4390 quamvis
3121 4335 3239 4375 cum
3289 4321 3563 4392 plerisque

1992 4390 2247 4447 ediderim
2273 4390 2380 4447 lux.
2894 4438 2897 4441 .

2062 4462 2147 4536 79.
2195 4464 2373 4533 Prag.,
2406 4464 2569 4517 lucem
2585 4476 2693 4536 pro
2720 4462 2917 4536 ducem,
2941 4462 3090 4536 quod
3119 4477 3302 4536 verum
3326 4473 3424 4536 est.
3456 4470 3565 4524 Re.

1991 4529 2322 4608 spicit_enini
2348 4529 2501 4603 poeta
2534 4529 2608 4587 ad
2646 4534 2831 4608 Ljattb.
2856 4548 2922 4599 II,
3042 4529 3129 4608 Et
3152 4542 3212 4608 tu
3248 4529 3561 4608 Del/Ilghem,

1992 4616 2125 4658 terra
2143 4604 2174 4657 J
2182 4605 2306 4672 uda,
2331 4620 2649 4674 nequaquam
2664 4604 2879 4657 'minima
2899 4620 2949 4656 es
2968 4604 3019 4655 in
3050 4604 3361 4672 principibus
3381 4604 3413 4657 Ι
3420 4609 3520 4661 uda
3541 4627 3560 4662 :

1990 4690 2056 4730 ex
2081 4684 2127 4728 te
2164 4677 2297 4729 enim
2325 4677 2454 4730 exiet
2476 4677 2602 4744 dux,
2631 4676 2719 4745 qui
2746 4683 2889 4744 regat
2912 4675 3159 4745 populum
3183 4690 3349 4745 meum
3368 4675 3553 4733 Israel.

309 4754 456 4808 Vatt.
485 4740 539 4820 ις
578 4740 653 4819 Q,
700 4740 779 4807 hc.
830 4753 1052 4807 Ibidem.
1098 4752 1343 4807 Glossam
1385 4749 1623 4818 corrige:
1655 4740 1758 4803 ’ἀπὸ
1791 4753 1882 4801 τοῦ
1910 4740 1964 4803 D
1991 4747 2094 4802 Pro
2126 4747 2379 4820 adverbio
2401 4740 3305 4820 caelitus_'laudahtur_Lactantius,
3338 4746 3558 4820 Cypria-

310 4827 501 4880 σέϐειν.

385 4896 473 4950 73.
505 4893 689 4959 Alex.,
746 4892 918 4946 hocem
937 4908 955 4957 ,'
984 4892 1123 4947 forte
1149 4891 1297 4945 hocce
1326 4899 1418 4944 est.
1464 4890 1604 4953 Put.,
1636 4887 1752 4953 hoc,
1783 4885 1881 4941 hoc

310 4972 389 5037 est
408 4958 717 5037 sepulcrum.
749 4962 995 5017 Heinsius
1020 4963 1241 5037 corrigit
1270 4964 1363 5015 hoc
1382 5000 1396 5024 ,
1424 4958 1873 5037 hoc-sepulcrum.

308 5034 382 5089 At
408 5028 473 5108 _si'
499 5035 768 5108 Puteanus
799 5044 892 5108 est
918 5028 1320 5108 emendandus,
1371 5030 1437 5108 ad
1489 5030 1623 5083 alios
1668 5028 1879 5108 codices

308 5105 485 5175 potius
509 5119 663 5175 quam
705 5103 770 5175 ad
816 5103 1092 5175 arbitrium
1140 5100 1473 5175 reducendus
1516 5109 1597 5153 est
1644 5100 1879 5175 :Aczeteri

307 5168 453 5229 enim
480 5168 621 5228 recte
652 5172 957 5227 habenthoc
985 5183 1057 5226 est
1085 5175 1384 5239 sepulcrum.
1408 5169 1617 5232 Cham.,
1665 5168 1798 5221 Cell.
1823 5177 1880 5239 _et

308 5245 525 5299 Teolius
551 5256 671 5298 cum
698 5243 914 5298 Heinsio
969 5236 1148 5310 legunt
1186 5243 1298 5305 hoc,
1346 5242 1439 5292 hoc
1479 5241 1786 5310 sepulgum.
1821 5236 1876 5289 ln

308 5314 468 5381 Mar.,
500 5316 633 5383 quod
676 5328 771 5383 pro
818 5328 937 5382 quo,
970 5308 1043 5366 ut'
1065 5326 1223 5379 supra
1272 5310 1570 5383 corrigitur.
1621 5308 1879 5383 Erasmus

308 5378 527 5455 quoque
544 5394 602 5457 et
626 5378 738 5439 Gis.
777 5378 843 5437 ad
869 5397 1017 5457 05am
1046 5378 1227 5450 legunt
1270 5380 1426 5448 quod.
1478 5380 1594 5433 Vat.
1628 5379 1689 5445 Β,
1718 5378 1876 5443 male,

307 5450 407 5508 hoc
436 5450 740 5525 sepulcrum,
771 5469 868 5521 quo
896 5450 1055 5505 Deus.

383 5518 936 5593 77.'Comparativum
968 5538 1064 5595 pro
1087 5519 1415 5595 superlativo
1451 5518 1671 5595 adhibet
1710 5523 1877 5595 major

310 5613 410 5666 pro
432 5588 656 5649 maxima
677 5610 695 5647 :
725 5602 796 5666 et,
820 5588 997 5666 tamen
1038 5588 1189 5666 facile
1230 5589 1422 5666 potuit.
1441 5588 1490 5666 0_
1524 5594 1634 5643 sola
1662 5588 1895 5666 magnis

311 5659 515 5721 itrbibus
544 5664 871 5736 major._Sed
912 5664 1212 5736 aliisietiam
1240 5662 1294 5714 in
1324 5660 1455 5736 locis
1479 5659 1636 5736 hanc
1654 5661 1873 5736 phrasin

312 5728 637 5807 usurpavit?
659 5734 789 5789 Vide
818 5734 1000 5807 hymn.
1026 5735 1082 5807 S.
1117 5731 1378 5807 Vincentii
1400 5745 1539 5807 vers.
1572 5728 1696 5794 294,
1735 5728 1873 5807 or-

315 5801 627 5864 tissimorum
657 5801 872 5873 {artiori
908 5805 1099 5876 Psych.
1122 5815 1269 5860 vers.
1312 5802 1435 5858 550.
1466 5817 1679 5871 magnus
1716 5801 1871 5856 disci-

515 5908 785 5967 PATROL.
831 5902 997 5966 LIX.

1214 6002 1283 6011 ηις-υ

1990 4834 2139 4943 eus,
2177 4818 2518 4883 Marcellinus
2605 4817 2859 4880 Orosius,
2913 4814 3298 4882 Hieronymus,
3362 4814 3559 4874 Marius

2040 4901 2191 4943 Ictor.

2040 4890 2191 4945 ictor.

2058 4962 2144 5014 80.
2188 4960 2367 5029 Prag.,
2398 4946 2798 5027 incorpo'atam,
2835 4956 2894 5010 tit
2923 4955 3191 5012 cohaereat
3219 4971 3338 5011 cum
3368 4958 3548 5017 lucem.

1988 5029 2053 5085 de
2077 5044 2181 5097 quo
2210 5044 2353 5083 vers.
2385 5044 2539 5099 prox.
2568 5042 2747 5099 super.
2820 5098 2823 5099 ν
2934 5044 2939 5049 ν

2059 5096 2147 5154 82.
2180 5096 2464 5167 Ρεειῐηζιι,
2492 5100 2525 5154 8
2559 5117 2572 5152 :
2605 5097 2747 5152 Dabo
2770 5098 2859 5152 tibi
2886 5107 3058 5168 gentes
3096 5096 3463 5155 htereditatem.
3498 5100 3554 5156 ln

1987 5170 2085 5239 Eg.
2116 5170 2365 5225 mendum
2395 5178 2609 5225 creator.

2055 5242 2143 5296 85.
2178 5241 2233 5294 ln
2266 5242 2399 5295 Mar.
2437 5248 2551 5294 erat
2583 5240 2824 5307 Tonanti,
2866 5240 2957 5295 sed
2998 5251 3144 5297 recte
3184 5242 3357 5296 aliena
3388 5256 3549 5296 manu

1982 5312 2177 5366 factum
2193 5311 2459 5365 Tonantis.
2477 5310 2631 5365 Gold.
2649 5314 2807 5366 etiam
2828 5318 2882 5364 et
2896 5310 3035 5363 Wid.
3052 5314 3115 5365 ad
3140 5327 3288 5366 oram
3306 5309 3549 5367 Tonanti.

1983 5381 2038 5436 III
2071 5383 2186 5435 Vat.
2213 5383 2230 5434 l
2256 5392 2337 5437 est
2360 5381 2601 5447 Tonanti,
2626 5382 2719 5436 sed
2744 5380 2952 5435 videtur
2977 5380 3138 5436 fuisse
3173 5381 3437 5436 Tonantis.

2053 5454 2143 5507 85.
2188 5452 2400 5508 Perstat
2428 5452 2482 5507 in
2509 5453 2697 5508 eadem
2729 5452 3019 5514 sententia,
3052 5451 3305 5507 lucredem
3332 5452 3549 5509 unicum

1979 5539 2188 5579 summo
2225 5525 2368 5578 Patri
2407 5524 2539 5577 dixit
2566 5523 2730 5575 lilium
2774 5522 3041 5575 hominem
3088 5532 3141 5575 et
3173 5522 3363 5590 Deum,
3410 5539 3552 5578 nunc

1979 5596 2213 5663 appellat
2235 5606 2401 5662 testes,
2430 5596 2714 5665 signatores
2744 5599 2798 5646 et
2819 5600 3130 5665 testator‘em.
3169 5591 3327 5650 Pater
3364 5604 3443 5649 est
3476 5605 3553 5646 tc-

1976 5662 2134 5718 stator
2150 5682 2169 5720 :
2183 5662 2555 5721 testamentum
2578 5677 2770 5716 novum
2795 5670 2849 5717 ct
2869 5662 3252 5729 sempiternum
3279 5676 3360 5720 est
3378 5666 3552 5718 Evan-

1972 5736 2193 5804 gelium.
2228 5736 2508 5803 Propheta:
2536 5742 2683 5787 testes
2709 5742 2763 5787 et
2802 5732 3171 5803 obsignatores.
3213 5736 3329 5791 sive
3358 5736 3550 5791 notarii

1972 5805 2273 5864 divinarum
2296 5804 2724 5863 promissionum.
