4092 6344
211 359 316 420 2109

456 475 602 544 Quos
630 473 766 530 locis
795 472 912 545 ipso
940 473 995 531 in
1024 475 1213 532 limine

458 569 622 639 388
645 565 844 622 Christi
879 568 1148 624 insecutor
1173 571 1406 640 sustulit,

455 657 564 713 Ceo
594 659 750 713 turbo
776 671 1059 716 nascentes
1094 676 1247 718 rosas

392 750 498 807 Vos
523 753 693 822 prima
720 749 920 808 Christi
950 754 1189 824 victima,

461 844 606 900 Grex
629 844 1024 901 immolatorum
1057 856 1229 917 tener,

473 939 634 992 Aram
664 947 789 994 ante
820 939 988 1009 ipsam
1011 941 1280 1009 simplices

467 1029 672 1099 Palma,
703 1041 757 1086 et
784 1033 1000 1086 coronis
1027 1033 1230 1087 luditis.

394 1123 530 1192 Quid
557 1126 768 1194 proficit
800 1134 1003 1180 tantum
1039 1127 1230 1182 nefas?

478 1219 608 1286 )uid
639 1219 840 1275 crimen
872 1219 1140 1276 llerodem
1167 1220 1363 1292 juvat?

476 1319 622 1372 Unus
652 1327 729 1372 tot
756 1317 896 1372 inter
926 1317 1113 1373 funera

472 1407 690 1478 Impune
715 1405 959 1465 Christus
987 1410 1215 1482 tollitur,

399 1501 544 1558 Inter
570 1503 741 1557 coaevi
772 1503 1046 1574 sanguinis

474 1595 706 1650 Floenta
736 1595 886 1650 solus
917 1597 1128 1666 integer
1156 1612 1169 1648 :

471 1686 635 1758 339
661 1686 909 1755 Ferrum,
944 1687 1086 1758 quod
1134 1686 1358 1745 orbabat
1389 1703 1575 1759 nurus,

213 845 317 902 150

220 1315 327 1373 155

1233 359 1780 424 CATHEMERINON.
1813 362 1931 424 ΠΙ.
1973 364 2065 424 DE
2105 364 2495 425 EPIPHANIA.

1826 487 1881 547 Α
1910 482 2013 538 MO

3383 367 3494 428 910

2159 483 2348 539 Partus
2377 481 2566 540 fefellit
2591 482 2832 554 virginis.

2086 575 2175 632 Sic
2204 576 2364 631 stulta
2397 576 2690 631 Pharaonis
2721 575 2848 630 mali

2161 669 2346 723 Edicta
2374 670 2642 739 quondam
2672 670 2901 740 fugerat,

2158 758 2358 815 Christi
2386 749 2608 831 ﬁguram
2634 762 2926 832 praeferens

2161 851 2360 918 Moses,
2390 865 2636 923 receptor
2657 855 2874 910 civium.

1856 991 1864 1000 .
1919 941 2021 998 145
2092 943 2343 1011 Cautum,
2365 953 2419 1000 et
2449 953 2709 1001 statutum
2736 948 2823 1016 jus
2849 956 2986 1014 erat,

2164 1034 2284 1102 Quo
2310 1049 2414 1090 non
2439 1035 2629 1092 liceret
2655 1040 2934 1104 matribus,

2167 1129 2299 1183 Cum
2331 1128 2541 1197 pondus
2578 1129 2684 1184 alvi
2709 1131 3074 1202 absolverent,

2169 1219 2383 1276 Puerile
2417 1220 2607 1291 pignus
2633 1221 2844 1279 tollere.

2095 1310 2245 1368 Mens
2267 1312 2572 1370 obstetricis
2622 1315 2849 1384 sedulae,

2168 1406 2263 1463 Pie
2291 1407 2344 1462 in
2376 1415 2661 1479 tyrannum
2681 1417 2989 1479 contumax,

2170 1499 2253 1555 Ad
2283 1516 2432 1570 spem
2461 1500 2697 1570 potentis
2718 1502 2906 1571 glorias

2170 1593 2365 1649 Forata
2393 1603 2573 1650 servat
2591 1596 2895 1664 parvulum.

2097 1686 2268 1752 Quem
2296 1700 2422 1741 mox
2447 1687 2785 1743 sacerdotem
2808 1687 2910 1744 sibi

1921 1405 2024 1462 150

1521 1781 1812 1840 αιοδεΑς
1849 1779 2195 1838 VETERES.

296 1897 420 1952 1‘28.
444 1894 645 1960 Turbo,
674 1895 864 1964 aufert,
893 1894 1013 1951 Vat.
1039 1898 1104 1950 A.

299 1969 421 2024 151.
457 1971 616 2020 Aram
647 1977 772 2020 ante
799 1969 988 2036 ipsam,
1017 1984 1108 2021 ara
1135 1968 1303 2037 passio
1336 1977 1410 2021 est
1433 1968 1661 2025 Christi:
1689 1979 1806 2022 ante

225 2055 371 2093 aram
401 2037 587 2109 Christi
613 2038 818 2109 dicitur,
849 2039 972 2109 quia
1002 2049 1119 2093 ante
1145 2040 1430 2109 passionem
1458 2039 1647 2093 Christi
1673 2039 1806 2092 occi-

225 2111 271 2165 si
306 2119 442 2164 sunt.
479 2108 626 2163 Unde
649 2110 713 2160 de
740 2108 866 2162 aliis
887 2109 1110 2164 dicitur:
1142 2108 1261 2162 Vidi
1283 2111 1375 2163 sub
1404 2112 1570 2164 altare
1609 2112 1808 2164 animas

225 2182 536 2244 occisorum,
561 2181 613 2231 id
635 2190 707 2233 est
738 2196 828 2244 per
855 2181 1142 2249 passionem
1170 2180 1381 2249 Christi,
1410 2180 1527 2237 Vat.
1557 2182 1622 2237 A.

302 2251 428 2305 158.
461 2251 688 2318 Integer,
718 2251 927 2314 illwsus,
961 2251 1074 2305 Vat.
1100 2252 1166 2309 A.

301 2322 424 2378 159.
450 2321 706 2390 Orbabat,
737 2325 887 2375 orbas
922 2325 1159 2390 faciebat,
1196 2323 1316 2378 Vat‘.
1348 2325 1412 2378 A.

301 2326 424 2378 159.
450 2326 706 2390 Orbabat,
737 2326 1106 2447 orbasJacieba

299 2393 426 2448 140.
469 2392 678 2460 Partus,
707 2393 867 2461 ﬁlius,
941 2403 1014 2447 at.
1042 2397 1106 2448 A.

228 2533 272 2590 γ
303 2464 438 2591 141A
473 2463 801 2530 Pharaonis,
851 2463 1063 2520 Pharao
1116 2465 1372 2535 dissipans
1426 2466 1815 2536 interpretatur,

277 2551 308 2590 a
339 2574 353 2589 .
442 2573 457 2589 .

277 2551 353 2590 al.
392 2551 457 2590 Δ.

1836 1902 1886 1962 Β

1987 1894 2422 1966 Μιεβεςθριον,
2441 1893 2705 1964 liberator,
2735 1895 2856 1965 quia
2882 1897 3074 1966 recepit
3094 1901 3297 1955 eosdem
3321 1902 3384 1956 de
3405 1919 3502 1959 ser.

1911 1969 2085 2030 uitute,
2110 1964 2234 2021 Vat.
2256 1968 2323 2021 A.

1988 2039 2111 2114 145.
2137 2034 2390 2103 Cautum,
2423 2037 2631 2114 firmum
2664 2052 2857 2114 :Acaoo,
2907 2042 3059 2101 cavis,
3109 2051 3181 2096 est
3224 2045 3508 2114 conﬁrmo;

1913 2109 2034 2184 inde
2063 2117 2266 2184 cautum
2290 2119 2348 2184 _et
2379 2107 2574 2184 cautio,
2609 2118 2656 2160 et
2685 2110 2808 2184 facit
2845 2114 3159 2184 praeteritum
3188 2107 3330 2167 cieri;
3357 2107 3511 2184 Ceno,

1916 2181 2040 2305 cvevi,
2069 2179 2364 2305 indicativo
2395 2179 2548 2230 modo
2574 2186 2649 2234 est
2685 2179 2864 2247 crisso,
2897 2181 2952 2235 id
2981 2192 3055 2238 est
3086 2184 3286 2238 clunem
3313 2179 3512 2256 moveo,

1967 2262 2042 2305 at.
2121 2290 2134 2303 .

1967 2262 2042 2305 at.
2069 2262 2134 2305 Α.

1994 2323 2122 2376 148.
2145 2319 2382 2386 Tollere,
2411 2320 2627 2388 nutrire,
2651 2319 2888 2389 educare,
2918 2323 3040 2379 Vat.
3073 2326 3140 2380 A.

1921 2464 1947 2533 f
1985 2392 2462 2518 .llfi(‘lfa(tloxtumax,
2508 2392 2750 2458 superba,
2780 2395 2902 2462 quia
2943 2397 3057 2467 ipsa
3083 2397 3322 2468 superbia
3351 2398 3516 2470 pietas

1943 2479 1998 2516 ui
2027 2505 2041 2526 ,
2175 2501 2187 2514 .
2272 2501 2285 2515 .

1943 2479 2041 2526 uit,
2075 2479 2187 2517 vat.
2219 2479 2285 2518 Α.

1997 2534 2123 2590 155.
2154 2533 2526 2600 Sacerdotem,
2557 2533 2783 2603 levitam,
2809 2533 2928 2591 Vat.
2962 2537 3028 2592 A.

1598 2646 2162 2707 COMMENTARIUS.

230 2765 375 2823 satis
402 2763 690 2820 verisimile
734 2777 852 2817 esse
891 2762 1143 2819 arbitror.

307 2837 431 2891 1ἳ6.
459 2837 512 2890 ln
548 2835 704 2888 lloris
722 2835 785 2887 ad
818 2849 970 2887 usum
1000 2834 1249 2888 dimcesis
1281 2834 1524 2906 Lugdun.
1561 2835 1691 2891 edit.
1726 2851 1818 2891 an.

234 2908 398 2970 1778,
441 2918 499 2961 ut
520 2922 815 2960 concursus
841 2906 1103 2958 voc-ilium
1136 2908 1417 2972 vitaretur,
1438 2911 1509 2960 ita
1539 2907 1655 2962 hinc
1681 2917 1824 2962 stro-

236 2982 342 3049 pha
375 2989 454 3032 est
480 2977 765 3049 reformata
800 2995 808 3028 :
837 2978 1060 3039 Satvrio,
1091 2977 1240 3044 ﬂores
1281 2990 1566 3049 martyrum
1596 2977 1661 3031 In
1685 2981 1824 3033 lucis

232 3048 347 3122 ipso
370 3051 542 3102 limine
575 3048 712 3122 Quos
737 3064 898 3100 siccus
917 3050 1052 3122 ensis
1081 3051 1312 3111 iiiessuit,
1326 3048 1424 3100 Ceu
1447 3051 1594 3102 turbo
1609 3067 1826 3104 nascen-

235 3120 310 3175 tes
358 3138 518 3174 rosas.
568 3120 676 3173 Cor
731 3135 834 3172 non
887 3121 1062 3186 potius
1107 3134 1294 3172 versus
1326 3122 1824 3185 trauspositisunt?

237 3192 462 3256 Salvete,
497 3195 646 3261 flore.
679 3200 984 3261 martyrum,
1013 3190 1150 3253 Quos
1178 3205 1340 3242 stevus
1369 3193 1502 3243 ensis
1531 3197 1732 3243 messuit
1757 3190 1824 3246 In

238 3265 368 3318 lucis
393 3259 506 3331 ipso
535 3264 728 3324 limine,
750 3259 856 3314 Ceu
884 3259 1028 3312 turbo
1054 3271 1313 3314 nascentes
1344 3277 1505 3314 rosas.
1538 3263 1674 3314 Alite
1706 3264 1822 3316 iue-

238 3345 347 3404 ptze
379 3337 720 3400 trajet'tiones
748 3348 996 3385 versuum
1044 3332 1380 3404 reformatori
1413 3335 1529 3401 ejus
1561 3334 1824 3389 Breviarii

2151 2764 2282 2846 Post
2319 2765 2937 2846 liancstrophammihtl
2965 2770 3106 2846 aliud
3138 2770 3295 2840 hujus
3330 2775 3518 2846 hymni

1926 2837 2210 2913 exstatuin
2226 2838 2720 2913 _codice_hlarietti.
2748 2839 2866 2913 Sed
2912 2843 3092 2913 statim
3149 2837 3410 2913 seauitui',
3445 2845 3520 2902 De

1923 2907 2182 2977 opusculis
2216 2905 2510 2973 Prudentii,
2547 2919 2601 2962 ut
2650 2909 2703 2963 iu
2748 2909 2869 2965 Vat.
2925 2911 2984 2964 Β.
3040 2913 3096 2967 lu
3145 2905 3264 2969 Val.
3321 2905 3407 2970 Βί
3437 2917 3520 2972 iu-

1928 2985 2280 3048 tegeresstat
2303 2980 2388 3032 hic
2420 2979 2672 3048 hymnus.

2002 3051 2124 3104 157.
2161 3053 2387 3118 Sanguis
2416 3049 2782 3105 innocentium
2815 3053 3032 3108 Christo
3062 3070 3258 3109 cotevus
3289 3066 3423 3115 erat.
3457 3058 3520 3114 S:

1928 3118 2292 3190 Hieronymus
2312 3121 2478 3174 utitor
2508 3121 2608 3174 hoc
2639 3124 2926 3188 vocabulo,
2957 3140 3061 3179 non
3093 3126 3303 3190 Cicero,
3333 3138 3391 3183 ut
3422 3131 3522 3185 ali-

1929 3192 2305 3267 qui_p_utar_unt
2331 3192 2420 3260 qui
2459 3193 2701 3267 legerunt
2734 3210 2932 3267 corcotis
2965 3211 3060 3267 pro
3085 3213 3300 3267 coquus,

2004 3263 2128 3338 159.
2170 3261 2349 3338 Nurus
2387 3277 2481 3338 pro
2515 3261 2772 3338 uxoribus
2814 3265 3068 3338 Martialis
3102 3261 3194 3320 liii.
3230 3283 3301 3333 tv,
3350 3272 3520 3338 epigr.

1932 3333 2032 3386 75:
2070 3335 2234 3400 Atque
2278 3335 2412 3385 inter
2443 3333 2594 3384 latius
2623 3334 2789 3402 gloria
2820 3336 2985 3402 priora
3017 3353 3194 3390 nurus.
3231 3333 3411 3394 Poeta:
3439 3333 3518 3396 lie-

241 3403 556 3476 plaeueront.
583 3423 594 3456 :
630 3415 684 3456 ut
712 3404 764 3456 in
786 3415 906 3476 uota
939 3404 1025 3476 illa
1049 3403 1308 3476 clausula,
1331 3403 1480 3470 Jesu,
1507 3405 1596 3456 tibi
1618 3405 1682 3458 sit
1700 3405 1822 3474 glo-
1858 3403 1914 3468 C’
1935 3406 2107 3458 minas
2132 3405 2245 3476 sive
2270 3417 2495 3470 sponsas
2526 3417 2908 3472 nonnunquam
2942 3419 3135 3461 vocant
3162 3425 3342 3462 nurus.

241 3473 350 3540 ria,
385 3477 484 3539 Oui
513 3489 661 3529 natus
685 3494 733 3528 es
757 3478 818 3526 de
863 3473 1084 3543 Virgine.
1119 3473 1470 3540 Transposuit
1503 3495 1515 3528 :
1551 3478 1652 3538 Qui
1682 3473 1831 3531 natus

243 3565 298 3602 es
321 3549 380 3600 de
421 3548 638 3618 Virgine,
661 3545 809 3618 .lesu,
845 3546 930 3598 tibi
949 3549 1012 3618 sit
1043 3547 1224 3614 gloria.
1250 3545 1472 3600 Videtur
1494 3549 1690 3615 legisse
1720 3553 1834 3603 Au-

243 3616 518 3688 gtistious'
537 3617 902 3671 Prudentium.
950 3616 1022 3669 Ita
1070 3619 1230 3672 habet
1261 3619 1346 3672 ille
1369 3635 1531 3672 serm.
1560 3619 1666 3672 220
1693 3634 1795 3688 app
1819 3635 1833 3672 :

248 3692 394 3754 Quos
428 3689 650 3742 Herodis
695 3690 928 3750 impietas
960 3688 1202 3742 lactentes
1230 3698 1453 3743 matrum
1482 3692 1713 3743 uberibus
1739 3689 1838 3742 ab-

243 3763 452 3826 straxit,
476 3763 559 3830 qui
566 3765 686 3830 jure
701 3763 942 3811 dicuntur
957 3769 1240 3829 martyrum
1267 3763 1440 3830 ﬂores,
1457 3779 1581 3830 quos
1597 3765 1647 3814 in
1670 3762 1838 3813 medio

243 3833 442 3902 frigore
472 3830 792 3898 infidelitatis
838 3841 1060 3902 exertos,
1111 3834 1244 3884 velut
1285 3835 1476 3896 primus
1521 3841 1840 3902 erumpentes

242 3900 500 3960 Ecclesia:
518 3916 760 3969 gemmas,
780 3900 1010 3969 quoidam
1030 3904 1390 3969 persecutionis
1415 3906 1600 3968 pruina
1616 3900 1838 3959 decoxit.

328 3974 452 4026 128.
481 3972 703 4035 Statius,
737 3985 812 4029 III.
838 3971 957 4023 silv.
987 3972 1020 4024 5
1049 3987 1062 4022 :
1096 3971 1281 4035 Qualia
1310 3977 1552 4038 pallentes
1583 3975 1843 4027 declinant

245 4045 366 4101 lilia
394 4042 607 4107 culmos,
653 4040 1002 4110 Pubentesque
1048 4057 1178 4094 rosa:
1223 4045 1413 4112 primos
1453 4043 1843 4112 moriuntur-od

245 4125 480 4170 austros.

333 4187 456 4240 151.
502 4181 573 4235 Ita
621 4181 818 4236 habent
860 4181 1011 4247 Ald.,
1046 4183 1218 4247 Sich.,
1253 4184 1470 4246 Weitz.,
1504 4184 1689 4238 Heins.
1724 4198 1846 4237 cum

254 4258 396 4322 suis,
443 4253 607 4308 nostri
657 4253 841 4316 codd.,
874 4256 1032 4307 etiam
1069 4256 1251 4319 Alex.,
1285 4255 1425 4308 Vatt.
1458 4255 1498 4320 Ι,
1531 4256 1594 4321 Q,
1649 4255 1843 4324 Ilytnn.

253 4328 455 4396 Thom.
486 4324 712 4387 Widm.,
744 4325 999 4388 llailshr.,
1022 4325 1178 4380 Gold.
1208 4328 1311 4381 Sed
1345 4331 1618 4388 Etasmos,
1645 4336 1698 4379 et
1726 4339 1846 4379 cum

257 4415 328 4454 eo
376 4396 666 4458 Giselinos,
713 4412 858 4448 aram
894 4407 1012 4448 ante
1040 4398 1206 4466 cujus.
1260 4398 1535 4451 Fabricius
1564 4413 1692 4451 vero
1725 4397 1851 4465 legit

255 4486 404 4525 aram
429 4478 546 4519 ante
573 4476 620 4520 et
650 4467 854 4532 ipsum;
888 4467 1041 4534 Egtn.
1083 4484 1230 4520 aram
1256 4480 1373 4522 ante
1401 4471 1566 4535 ipsam
1594 4479 1666 4521 et.
1711 4469 1846 4521 Tor-

258 4543 470 4596 rentius
491 4550 541 4593 et
571 4538 838 4592 Cauchius
867 4555 1011 4590 aram
1057 4541 1148 4591 sub
1192 4541 1355 4607 ipsam
1387 4555 1452 4592 ex
1501 4539 1851 4609 Apovalypsis

258 4612 422 4668 simili
454 4611 634 4679 phrasi
665 4625 782 4671 Cap.
814 4625 886 4671 vr,
915 4613 978 4674 9;
1015 4626 1174 4678 quam
1208 4613 1490 4664 lectionem
1517 4610 1846 4679 praeferrem,

261 4684 310 4737 si
339 4683 497 4735 eodd.
524 4697 652 4734 τηεμ.
687 4681 1128 4745 sullragarentttr.
1157 4681 1214 4734 lu
1243 4685 1357 4735 solo
1385 4682 1514 4737 Urb.
1541 4683 1741 4736 recenti
1767 4696 1853 4735 eo-

2012 3477 2137 3530 145.
2165 3475 2284 3528 Pot.
2319 3489 2348 3527 a
2379 3476 2612 3529 secunda
2644 3490 2825 3542 manu,
2872 3479 3094 3546 quadam
3127 3494 3223 3548 pro
3268 3483 3527 3549 quondam

1963 3555 2161 3600 uaerat.

1939 3548 2410 3690 [υςῃῗξήεεεριον
2434 3617 2732 3682 restitutor,
2770 3618 3046 3684 liberator,
3076 3618 3389 3690 Eutropius,
3420 3623 3521 3676 'l‘a-

1939 3689 2101 3752 citos,
2129 3688 2241 3741 alii.
2272 3690 2554 3742 Iltstoriatu
2599 3690 2870 3759 Itanelcge
2899 3691 3060 3746 Exodi
3084 3705 3203 3759 cap.
3236 3688 3291 3748 tt.
3314 3694 3370 3748 ln
3410 3696 3524 3748 Vat.

1943 3761 1984 3814 Β
2015 3773 2068 3813 et
2095 3761 2214 3814 ttat.
2241 3774 2456 3825 semper
2482 3759 2672 3828 legitur
2698 3758 2898 3830 Moyses
2926 3776 3022 3830 pro
3051 3758 3240 3816 Moses.

2016 3833 2137 3885 Hii.
2175 3832 2322 3892 Ald.,
2359 3831 2470 3884 Οἱς.
2526 3834 2575 3885 in
2610 3839 2777 3896 textu,
2825 3832 2977 3897 Urb.,
3030 3833 3148 3886 Vat.
3195 3838 3258 3900 ρ,
3303 3835 3526 3902 Weitz.,

1934 3907 2185 3975 jusserat.
2234 3902 2475 3954 Gil'aoius
2529 3918 2591 3956 ex
2623 3914 2795 3976 vett-rt
2850 3905 2984 3957 libro
3016 3907 3246 3959 restituit
3280 3909 3372 3976 jus
3426 3918 3531 3963 erat

1946 3977 1996 4029 in
2025 3976 2309 4027 collecta”.
2337 3979 2490 4025 Lucr.
2527 3974 2849 4044 verbojussa
2887 3989 2904 4026 :
2938 3979 3076 4039 quod
3106 3974 3331 4043 arripuit
3359 3977 3526 4031 lleiu-

1947 4047 2058 4098 sius
2107 4058 2228 4096 cum
2288 4046 2433 4103 Pot.,
2489 4047 2674 4107 Auni»,
2725 4058 2779 4096 et
2811 4045 3025 4097 Hotten.
3059 4046 3200 4096 ldum
3239 4057 3527 4100 notaverat

1949 4114 2218 4169 Giselinus
2243 4113 2304 4164 :id
2331 4114 2645 4181 marginem.
2683 4113 2945 4166 Cauchius
2977 4116 3300 4182 c-mjecerat,
3343 4114 3535 4170 Cautus

1948 4195 2139 4237 statuto
2180 4187 2426 4254 jusserat.
2470 4183 2680 4236 Alicubi
2704 4195 2879 4236 exstat
2908 4183 3187 4253 mendose,
3217 4194 3409 4239 statum
3436 4202 3535 4256 pro

1949 4263 2214 4308 statutum.

2026 4324 2147 4398 liti.
2175 4327 2323 4392 [ἰείη.
2351 4333 2403 4378 ot
2427 4323 2570 4390 PaL,
2597 4325 2686 4394 qui
2717 4338 2813 4398 pro
2833 4341 2955 4392 quo,
2973 4335 3032 4380 ut
3057 4335 3182 4381 ante
3202 4329 3290 4398 qui
3312 4328 3536 4397 proﬁcit.

2032 4397 2151 4450 147.
2180 4398 2301 4450 Ald.
2331 4411 2484 4450 error
2507 4405 2585 4447 est
2613 4396 2908 4448 absolveret.

2026 4467 2444 4540 148._Caoeliius
2475 4476 2660 4520 contra
2710 4468 3082 4540 auctoritatem
3134 4468 3541 4540 codd.corrigit

1953 4541 2116 4594 virile.
2150 4538 2312 4591 lteete
2339 4540 2533 4609 puerile
2563 4555 2590 4588 a
2618 4553 2796 4607 puero.
2833 4536 3032 4592 Tollere
3063 4549 3144 4595 est
3175 4541 3431 4595 educare.

2031 4612 2152 4664 149.
2179 4607 2416 4677 Ρτθεζθι
2442 4607 2670 4674 Widm.,
2690 4609 2892 4661 sedula.

2029 4681 2150 4736 155.
2177 4681 2386 4750 Moyses
2415 4681 2652 4733 sacerdos
2686 4679 2872 4732 laxiori
2897 4680 3305 4745 significatione,
3340 4689 3400 4734 ut
3421 4690 3544 4735 ante

178 4776 184 4781 ·
261 4754 383 4835 dice
411 4753 510 4820 legi
535 4768 686 4846 aram,
706 4753 796 4803 sub
815 4754 999 4846 ipsum.
1022 4754 1385 4833 Nonduhium
1408 4763 1490 4806 est
1521 4753 1648 4846 quin
1681 4757 1848 4846 prima
1880 4787 1931 4846 Β
1959 4753 2137 4846 Ποιῐτιδ
2168 4761 2220 4805 et
2251 4751 2413 4804 David
2443 4769 2454 4802 :
2480 4751 3030 4832 quanquamMoysem
3053 4754 3264 4818 proririe
3281 4752 3544 4846 fuisseesa:

263 4826 334 4878 sit
368 4830 532 4892 proba
569 4825 751 4887 lectio,
783 4837 887 4875 non
916 4824 1050 4875 eliso
1091 4838 1118 4874 e
1148 4822 1200 4876 in
1228 4834 1365 4887 ante,
1399 4825 1540 4893 quod
1583 4826 1850 4876 interdum

263 4897 550 4948 consuevit
577 4893 918 4947 Prudentius.
972 4893 1240 4955 Ileiusios,
1265 4895 1529 4947 Cellarius
1556 4903 1610 4947 et
1638 4895 1854 4946 'l‘oolios

265 4967 440 5030 aiunt,
493 4981 613 5020 esse
668 4965 1042 5034 synaltzpham,
1092 4977 1192 5025 ego
1221 4980 1348 5018 vero
1401 4965 1710 5033 dialazpliam
1741 4968 1855 5018 sive

267 5038 467 5090 hiatum
490 5053 642 5098 voco,
667 5050 788 5088 cum
804 5050 910 5087 nou
932 5034 1484 5102 absmbeturvoealis,
1507 5035 1855 5105 synalwpham

268 5125 420 5172 vero,
450 5122 568 5162 cum
593 5108 932 5160 absorbetur.

346 5180 469 5234 152.
502 5179 682 5238 Alex.,
712 5192 819 5231 non
849 5178 1010 5242 male,
1034 5192 1243 5233 corona.

345 5251 467 5306 155.
511 5250 661 5316 Ald.,
696 5248 894 5304 Gis.et
921 5251 1114 5311 nostri,
1147 5250 1290 5318 quid.
1328 5249 1507 5319 Egon,
1541 5250 1648 5318 qui.
1693 5249 1860 5302 Heiu-

271 5336 384 5375 srus
416 5337 537 5374 cont
567 5321 711 5385 Pot.,
743 5319 929 5384 Atnb.,
951 5319 1184 5384 Thuan.,
1208 5320 1379 5382 Rott.,
1422 5321 1552 5374 Boh.
1590 5321 1776 5388 priori,
1807 5327 1860 5372 et

272 5390 498 5447 Cauehii
532 5393 704 5453 libris,
734 5407 850 5458 quo.
878 5389 1097 5444 Teolius
1144 5392 1195 5444 itt
1241 5391 1382 5446 Vatt.
1413 5391 1621 5445 duobus
1662 5391 1863 5456 reperit

273 5465 423 5532 quid,
454 5479 576 5518 cum
624 5463 747 5532 aliis
775 5462 982 5515 duobus
1004 5471 1066 5514 et
1090 5460 1309 5515 Heinsio
1337 5462 1461 5530 legit
1491 5478 1610 5532 quo.
1659 5463 1866 5529 Atlegat

276 5531 562 5589 Erasmum
602 5546 655 5587 et
681 5531 967 5587 Weitziom
1005 5533 1208 5603 prorqui
1230 5547 1250 5586 :
1285 5534 1420 5587 alios
1450 5533 1674 5603 fortasse
1697 5532 1868 5586 voluit

278 5609 580 5670 nominare,
601 5620 720 5657 nam
743 5606 871 5657 mihi
895 5604 1017 5672 quid
1046 5602 1395 5669 wettzius,et
1424 5606 1561 5672 apud
1579 5602 1867 5656 Weitziom

280 5677 559 5732 Erasmus.
611 5676 759 5740 Rat.,
807 5676 962 5746 Prag.
1010 5689 1065 5730 et
1101 5675 1215 5731 Gis.
1251 5677 1318 5730 ad
1347 5689 1518 5739 oram,
1547 5674 1738 5746 profuit
1769 5688 1865 5742 pro

279 5748 505 5818 proficit.
526 5747 805 5803 Sententia
834 5745 1154 5814 eadem-est,
1179 5747 1310 5803 nihil
1336 5747 1595 5802 adversus
1618 5745 1870 5818 Deigcon-

282 5816 404 5873 sitia
435 5819 682 5875 homines
714 5818 997 5889 prolicere,
1027 5835 1192 5875 unum
1221 5819 1405 5875 Jesum
1447 5819 1587 5878 inter
1613 5825 1690 5875 tot
1719 5816 1874 5872 fune-

279 5903 372 5963 ra,
399 5904 434 5948 ο
461 5892 712 5951 menibus
734 5893 1089 5960 quaerentium
1115 5906 1263 5958 eum,
1290 5890 1451 5963 eripi.

1957 4826 2256 4890 cer-dotem,
2289 4823 2625 4874 eommuoior
2679 4822 2964 4888 veriorque
3004 4831 3087 4874 est
3115 4835 3402 4876 sententia.
3437 4822 3543 4877 Sed

1961 4895 2229 4948 interdum
2261 4893 2551 4945 Prudentio
2583 4891 2834 4944 sacerdos
2862 4891 3078 4958 dicitur,
3112 4895 3200 4962 qui
3223 4910 3308 4947 res
3339 4892 3544 4946 divinas

1963 4974 2178 5029 tractat,
2217 4963 2456 5028 disserit,
2499 4963 2841 5029 praenuntiat,
2890 4963 3146 5018 coacinit.
3184 4965 3292 5017 llac
3335 4963 3545 5015 ratione

1961 5021 2132 5103 pocla:
2163 5021 2467 5086 sat-erdotcs
2488 5021 3018 5103 Pluebinhilosorihi
3045 5044 3244 5086 oatmze
3269 5043 3548 5103 vocantur.

1962 5101 2274 5173 Propertius
2307 5119 2359 5157 Ill
2393 5115 2525 5169 θέρε.
2567 5106 2591 5155 1
2623 5120 2635 5154 :
2677 5101 2884 5157 Primus
2921 5120 3013 5172 ego
3044 5105 3304 5172 ingredior
3326 5116 3456 5170 puro
3488 5102 3549 5173 de

1963 5172 2107 5248 fonte
2133 5175 2402 5228 sacerdos.
2433 5173 2735 5248 Lactantius
2759 5175 3042 5248 ttap.2llb.
3065 5174 3285 5248 vlostit.
3302 5172 3550 5248 ureuiiuit

1965 5242 2264 5315 cujusdam.
2305 5249 2392 5313 qui
2423 5244 2702 5296 antistitem
2733 5262 2786 5298 se
2828 5243 3168 5315 philosOphia:
3191 5242 3547 5315 profitebatur.

1966 5313 2287 5373 Prudentius
2341 5315 2656 5369 vocabulum
2695 5313 2953 5384 praesulis,
3000 5314 3141 5378 quod
3173 5313 3331 5384 etiam
3364 5326 3552 5384 sacer-3

1967 5391 2152 5444 dolum
2181 5386 2456 5455 proprium
2483 5395 2618 5452 erat,
2660 5383 2756 5455 pro
2784 5387 2919 5438 doce
2948 5383 3554 5455 aCCipiileideJtymtli

1972 5461 2029 5514 11
2062 5453 2206 5512 vers.
2239 5453 2364 5521 115,
2393 5466 2446 5511 et
2468 5453 2709 5527 hymnis
2753 5471 2896 5508 Vers.
2924 5456 3014 5527 85,
3057 5453 3146 5507 ubi
3172 5453 3308 5506 idem
3343 5453 3555 5527 Moyses

1972 5527 2399 5600 prwsriljustitia:
2428 5523 2746 5600 appellatur.
2777 5529 2951 5600 Atque
2981 5525 3080 5600 hoc
3116 5537 3274 5577 scuso
3314 5523 3557 5600 noouulli

1973 5593 2251 5668 exponunt
2276 5599 2437 5653 verba
2464 5593 2666 5668 psalmi
2692 5611 2872 5668 xcvut,
2904 5595 2965 5648 6:
3000 5593 3276 5668 Moyseset
3308 5597 3480 5646 Aaron
3507 5595 3560 5645 in

1973 5666 2323 5726 sacerdotibus
2351 5666 2490 5743 ejus,
2512 5676 2557 5720 et
2582 5667 2796 5743 Samuel
2817 5666 2942 5743 inter
2970 5681 3051 5718 eos
3077 5668 3172 5743 qui
3207 5667 3442 5743 introeant
3474 5681 3560 5743 no-

1977 5757 2094 5797 men
2123 5743 2254 5807 eius.
2283 5735 2510 5794 Lai-inus
2538 5738 2776 5808 quinque
2813 5735 3054 5789 diversas
3073 5735 3241 5808 hujus
3263 5737 3361 5788 loci
3393 5735 3562 5802 expli-

1979 5814 2225 5868 cationes
2252 5811 2429 5878 affert,
2464 5807 2707 5879 quamvis
2735 5808 2851 5878 ipse
2871 5807 3305 5878 teneatMoysem
3327 5819 3455 5862 vere
3511 5815 3562 5858 et

1985 5887 2206 5956 proprie
2234 5881 2403 5943 fuisse
2428 5881 2783 5942 sacerdotem.
