4092 6344
548 380 644 438 911
1668 374 1943 434 AUBELII
1986 372 2350 433 PRUDENTll
2388 369 2711 430 CARMINA.

796 499 957 569 390
986 495 1286 564 Assumpsit
1314 493 1460 550 orbis
1486 492 1753 556 conditor.
2154 497 2204 555 Α
2240 491 2335 546 170
2478 486 2665 543 Pansis
2696 485 2749 539 in
2778 482 2946 537 altum
2974 476 3231 540 brachiis,

552 594 656 649 155
804 592 905 645 Per
933 605 1091 660 quem
1121 597 1355 644 notatam
1386 589 1563 643 saxeis
2489 581 2745 640 Sublimis
2765 572 3024 635 Amalech
3047 570 3261 643 premit,

798 683 992 751 Legem
1035 681 1239 736 labellis
1267 682 1520 736 traderet.
1606 732 1613 737 _
2481 676 2672 733 Crucis
2700 672 2841 746 quod
2868 673 3039 727 instar
3064 677 3190 722 tunc
3220 664 3335 720 luit.

728 775 942 830 Licetne
971 776 1239 830 Christum
1270 789 1495 829 noscere
2411 770 2509 825 llic
2538 782 2729 837 nempe
2757 766 2916 822 Jssus
2948 762 3148 827 verior,

798 868 955 922 Tanti
985 883 1078 935 per
1103 867 1404 936 exemplum
1430 866 1560 920 viri?
2481 861 2581 927 Qui
2613 861 2767 929 longa
2795 866 2917 928 post
2943 852 3223 925 dispendia

801 961 915 1014 Dux
940 960 1053 1027 illc,
1087 973 1226 1014 caeso
1250 959 1527 1029 IEgyptio,
2192 964 2199 973 '
2242 956 2342 1011 175
2485 953 2672 1007 Victor
2700 951 2812 1006 suis
2837 947 3124 1004 tribulibus

557 1053 656 1109 160
800 1053 1039 1107 Absolvit
1084 1053 1243 1108 Israel
1270 1052 1420 1122 jugo.

730 1147 797 1198 At
828 1159 946 1207 nos,
978 1144 1236 1197 subactos
1264 1143 1464 1213 jugiter

800 1234 1012 1289 Erroris
1047 1234 1274 1303 imperio
1298 1235 1470 1304 gravi,

803 1312 917 1381 Dux
944 1334 1146 1392 noster,
1178 1326 1331 1381 hoste
1360 1326 1567 1392 saucio,

801 1417 985 1471 Mortis
1018 1416 1253 1472 tenebris
1281 1416 1495 1471 liberat.

557 1511 660 1565 165
734 1509 830 1564 llic
859 1509 1121 1579 expiatam
1146 1509 1393 1564 ﬂuctibus

802 1601 1016 1656 Plebem
1042 1601 1247 1655 marino
1277 1601 1327 1655 itt
1364 1602 1587 1657 transitu

802 1694 1075 1762 [iepurgat
1106 1692 1261 1747 undis
1286 1692 1555 1757 dulcibus,

806 1786 964 1841 Lucis
983 1786 1285 1840 columnam
1311 1785 1621 1854 praeferens.

730 1880 888 1952 391
924 1879 1018 1934 llic
1048 1877 1322 1948 praeliante
1351 1876 1614 1943 exercitu,

2248 1877 2351 1932 185

2495 1044 2764 1100 Promissa
2789 1042 2955 1097 solvit
2980 1041 3169 1110 jugera
3197 1056 3209 1091 :

2420 1139 2518 1204 Qui
2546 1147 2628 1192 ter
2647 1144 2935 1205 quaternas
2959 1132 3192 1201 denique

2496 1229 2794 1284 Reﬂuentis
2815 1227 2989 1281 amnis
3019 1224 3175 1279 alveo

2492 1320 2773 1389 Fundavit,
2806 1328 2860 1374 et
2890 1317 3007 1372 lixit
3036 1324 3232 1387 petras,

2245 1416 2345 1471 181)
2490 1415 2650 1485 392
2677 1414 3057 1483 Apostolorum
3085 1416 3386 1464 stemmata.

2420 1506 2549 1561 Jure
2577 1520 2708 1575 ergo
2738 1519 2796 1559 se
2822 1503 2975 1559 Iudae
3004 1501 3194 1557 ducem

2492 1597 2719 1663 Vidisse,
2752 1604 3023 1652 testantur
3044 1594 3205 1664 magi,

2494 1689 2627 1744 Cum
2659 1689 2795 1743 facta
2829 1690 3128 1758 priscorum
3158 1687 3353 1741 ducum

2499 1781 2704 1836 Christi
2730 1781 2952 1851 ﬁguram
2980 1780 3269 1849 pinxerint.

2427 1874 2523 1931 llic
2551 1892 2649 1933 rex
2676 1875 2911 1946 priorum
2937 1874 3197 1943 judicum,

1872 1966 2163 2024 GLOSS/E
2204 1968 2545 2024 VETERES.

628 2069 754 2125 155.
777 2067 1041 2131 Notatam,
1077 2066 1407 2134 descriptam,
1438 2065 1555 2119 Vat.
1588 2067 1650 2122 Α.

627 2141 749 2194 158.
780 2140 877 2193 Per
894 2139 1192 2206 exemplum
1209 2132 1332 2202 viri,
1356 2154 1443 2206 per
1460 2137 1679 2205 ﬁguram
1696 2134 1909 2204 Moysis.
1930 2133 2046 2188 Vat.
2070 2132 2134 2187 A.

628 2210 742 2265 159.
785 2208 1043 2277 Duxille,
1066 2207 1289 2277 Moyses,
1330 2207 1446 2258 Vat.
1480 2207 1544 2259 Α.

590 2349 602 2373 Υ
634 2281 755 2373 1611.
804 2278 935 2344 Nos,
994 2274 1312 2347 allegorizat,
1356 2277 1479 2344 quid
1524 2275 1877 2347 signiﬁcaverit
1919 2274 2139 2345 Moyses,

564 2352 593 2403 κ
611 2349 920 2481 ³1ιέίέῗύιιιι,
953 2428 1082 2484 etc.,
1110 2417 1362 2484 Christus,
1390 2418 1594 2472 diabolo
1619 2413 1901 2483 vulnerato,
1929 2416 2047 2471 Vat.
2073 2417 2137 2470 A.

630 2490 754 2545 165.
797 2488 1099 2557 Expiatam,
1133 2487 1387 2559 aMoyse,
1425 2489 1543 2544 Vat.
1578 2491 1638 2543 A.

590 2630 605 2653 τ
628 2562 752 2653 1-67..
782 2560 1069 2629 llepurgat,
1111 2556 1299 2614 iterum
1317 2570 1523 2632 purgat.
1556 2591 1624 2601 —
1655 2557 1846 2625 Undis,
1869 2556 2141 2625 Iordanis,

562 2631 685 2685 Vat.
715 2632 781 2684 A.

631 2701 758 2758 168.
783 2700 964 2769 Lucis,
996 2702 1149 2772 ignis,
1183 2703 1305 2758 Vat.
1330 2707 1395 2757 A.

2170 2016 2234 2124 BV
2256 2016 2294 2024 κ
2628 2016 3039 2132 Moysescontra
3065 2060 3329 2132 Amalech,
3364 2059 3483 2114 Vat.
3508 2061 3573 2114 A.

2321 2136 2441 2188 1T5.
2476 2134 2687 2198 Verior,
2707 2129 2861 2200 quam
2890 2130 3116 2200 Moyses,
3151 2129 3268 2182 Vat.
3300 2130 3365 2183 A.

2322 2205 2442 2258 174.
2478 2203 2783 2273 Dispendia,
2810 2202 3035 2266 pericula
3062 2200 3130 2273 10
3156 2216 3425 2273 annorum,
3452 2200 3572 2254 Vat.
3607 2201 3674 2254 Α.

2324 2275 2442 2329 176.
2469 2271 2685 2343 Iugera,
2720 2284 2905 2326 terram
2933 2271 3304 2340 promissionis,
3338 2271 3458 2326 Vat.
3494 2272 3559 2324 A.

2323 2346 2445 2401 178.
2480 2342 2793 2407 Reﬂuentis,
2818 2344 3001 2412 iterum
3019 2343 3246 2411 ﬂuentis,
3271 2344 3381 2412 jam
3408 2344 3565 2410 ﬂuere
3584 2342 3838 2410 incipiem-

2250 2418 2334 2470 tis.
2363 2446 2430 2457 —-
2461 2418 2650 2483 Alveo,
2680 2417 2733 2469 in
2762 2415 2928 2468 medio
2954 2411 3223 2483 Iordanis,
3260 2411 3377 2467 Vat.
3405 2413 3471 2467 Α.

2321 2488 2444 2542 180.
2476 2488 2794 2550 Stemmata,
2826 2485 3050 2549 ordines,
3085 2482 3199 2536 Vat.
3233 2485 3300 2539 A.

2326 2559 2448 2612 181.
2480 2558 2700 2625 Ducem,
2729 2572 2916 2625 regem,
2941 2554 3063 2625 Vat.
3091 2557 3152 2608 Α.

2323 2630 2444 2683 185.
2475 2628 2655 2689 Facta,
2690 2624 2919 2696 operata.
2956 2624 3075 2678 Vat.
3101 2625 3166 2678 Α.

2321 2698 2442 2756 184.
2483 2694 2779 2761 Pinxerint,
2823 2696 3085 2758 ﬁnxerint,
3128 2694 3557 2753 adumbraverint.
3592 2696 3721 2752 Vat.
3765 2698 3812 2753 Α

1919 2790 2483 2849 COMMENTARIUS.

631 2886 755 2941 155.
785 2882 955 2938 Exodi
983 2898 1109 2936 xxxt
1136 2890 1190 2936 et
1214 2898 1384 2937 xxxu.

634 2956 759 3011 159.
791 2953 950 3017 lbid.,
975 2968 1094 3022 cap.
1130 2970 1189 3007 ιι.
1216 2953 1337 3007 Vat.
1367 2956 1424 3019 Β,
1451 2954 1558 3022 ipse
1586 2966 1682 3021 pro
1708 2951 1814 3006 ille.

635 3026 763 3078 161.
800 3023 977 3092 Egm.,
1004 3024 1091 3089 ad,
1120 3023 1237 3091 lege
1268 3032 1342 3075 at.

635 3093 761 3148 165.
795 3094 962 3147 Exodi
989 3109 1079 3147 xttt
1104 3103 1157 3147 et
1189 3110 1379 3148 xxxttt.
1405 3092 1559 3157 Nota,
1593 3093 1731 3162 quod
1752 3094 1834 3147 hic
1857 3101 1938 3148 est
1966 3093 2144 3160 Jesus,

564 3164 720 3234 cujus
745 3163 908 3234 ﬁgura
939 3173 1022 3217 est
1051 3164 1287 3232 Moyses.
1334 3166 1495 3218 Poeta
1527 3166 1789 3234 ﬁguram,
1818 3174 1871 3217 et
1922 3165 1975 3218 id
2005 3166 2145 3234 quod

564 3233 733 3303 ﬁgura
762 3233 1028 3288 indicatur
1055 3234 1211 3287 simul
1234 3244 1470 3289 enarrat.
1497 3233 1896 3289 Nebrissensis:
1923 3233 2044 3301 llic,
2073 3252 2147 3290 sc.

566 3306 789 3376 Moyses,
823 3304 911 3376 qui
958 3305 1203 3373 populum
1231 3322 1318 3373 per
1361 3321 1501 3376 mare
1532 3303 1760 3358 Rubrum
1789 3307 2032 3376 trajecit:
2058 3323 2149 3371 per

564 3375 701 3447 quod
731 3375 1118 3445 signiﬁcabatur
1146 3376 1396 3443 baptisma
1426 3375 1636 3438 Christi,
1666 3377 1803 3446 quod
1829 3375 1880 3428 in
1912 3377 2147 3430 dulcibus

565 3447 817 3500 Iordanis
863 3447 1010 3514 aquis
1036 3455 1110 3515 est
1160 3455 1333 3515 postea
1371 3454 1739 3515 consecratum.
1785 3447 2045 3501 Cellarius
2096 3448 2147 3501 id

565 3532 677 3572 non
707 3516 971 3586 intellexit
1002 3531 1017 3568 :
1055 3514 1400 3569 Nebrissensis
1443 3517 1511 3586 ad
1539 3514 1817 3569 Iordanem
1849 3519 2024 3586 refert,
2061 3534 2150 3585 per

604 3603 715 3642 uem
736 3584 953 3657 populus
978 3587 1240 3657 traductus
1270 3588 1368 3656 [uit
1388 3604 1404 3651 ;
1426 3596 1475 3639 at
1502 3582 1607 3639 non
1634 3586 1810 3651 Iosue,
1842 3582 1930 3641 sed
1954 3582 2149 3657 Moysis

604 3606 715 3642 ιιιηι
736 3606 953 3657 populus
978 3606 1240 3639 traaucms
1270 3606 1368 3656 ιαιι
1388 3606 1404 3651 ,'
1426 3606 1475 3639 αι
1507 3606 1607 3639 ηοη
1634 3606 1810 3651 Josue,
1842 3606 1928 3641 δεα
1954 3606 2001 3640 ΠΙ
2013 3606 2149 3657 oysts

565 3606 652 3711 Zic
701 3660 839 3728 facta
869 3666 1164 3728 narrantur.
1202 3656 1347 3711 Unde
1374 3674 1537 3712 stituit
1566 3658 1634 3709 ad
1662 3659 1861 3710 dulcem
1889 3675 2073 3727 aquam
2095 3660 2150 3711 in

572 3728 747 3782 Horeb
779 3727 948 3780 Exod.
986 3742 1092 3780 xvn
1121 3729 1317 3792 referri.
1343 3728 1608 3783 Cellarius
1637 3743 1665 3780 a
1694 3728 1881 3781 Teolio
1923 3729 2150 3796 corripi—

573 3810 658 3852 tur
685 3815 697 3850 :
733 3796 881 3860 Rrec,
911 3798 1099 3865 inquit,
1154 3799 1353 3851 sinistre
1384 3798 1635 3851 Cellarius
1682 3799 1960 3865 accipiens,
1987 3800 2147 3851 inter-

572 3878 763 3938 pretem
803 3866 1321 3938 huncjjeprehendit,
1340 3870 1473 3937 quod
1501 3879 1675 3921 contra
1706 3868 1933 3922 historia:
1962 3870 2146 3921 verita-

577 3936 675 3991 tem
699 3938 905 4005 dixerit,
931 3936 1142 4007 Moysen
1174 3956 1262 4007 per
1288 3936 1568 3991 Iordanem
1600 3940 1857 4007 trajecisse
1882 3940 2147 4009 papulum,

569 4011 709 4078 quod
732 4009 817 4062 ille
842 4024 1103 4076 nunquam
1132 4010 1418 4063 somniavit.
1446 4009 1572 4063 Mihi
1599 4009 1858 4063 Ccllarins
1887 4025 1988 4062 non
2007 4011 2151 4063 vide-

571 4077 660 4133 tur
678 4096 799 4135 eum
825 4094 1063 4134 errorem
1077 4077 1415 4134 Nebrissensi
1435 4080 1695 4148 objecisse
1712 4095 1726 4132 :
1744 4096 1864 4133 nam
1890 4080 2151 4135 Cellarius

569 4161 752 4205 notam
786 4151 1003 4219 apponit
1030 4151 1207 4205 versui
1251 4152 1351 4205 167
1377 4168 1391 4221 ξ
1423 4150 1682 4221 Repurgat
1712 4151 1863 4221 undis
1894 4152 2148 4217 dulcibus,

569 4221 820 4344 aqodlde
859 4222 1043 4291 Moyse
1089 4222 1321 4289 explicat
1361 4220 1645 4288 Ccllarius,
1697 4220 2063 4277 Nebrissensis
2084 4221 2151 4277 de

635 4307 728 4344 iris
754 4307 807 4344 ο.

573 4292 807 4345 Christo.

644 4362 769 4416 170.
794 4361 941 4424 Ald.,
969 4361 1187 4425 Weitz.,
1217 4361 1462 4416 lleinsius
1479 4377 1599 4414 cum
1619 4362 1993 4416 vetustioribus
2015 4362 2144 4429 suis,

573 4433 741 4487 nostri
785 4433 977 4499 pansis.
1020 4433 1109 4486 Sic
1151 4433 1455 4486 restituerat
1486 4432 1724 4486 Gilanius
1768 4448 1831 4487 ex
1882 4434 2152 4487 veteribus

574 4501 901 4572 membranis
932 4502 1097 4572 verbo
1144 4504 1415 4570 dispansus
1452 4502 1564 4556 lnd.
1599 4502 1782 4569 Lucr.,
1815 4515 1873 4555 ut
1921 4505 1972 4556 in
2021 4504 2151 4572 Psy-

576 4572 780 4635 cltom.,
810 4570 1057 4641 Cornibus
1100 4574 1364 4637 oppansis,
1404 4581 1471 4641 et
1504 4575 1706 4639 przel'at.
1753 4574 1842 4625 lib.
1900 4588 1915 4623 ι
1964 4570 2149 4627 contra

575 4640 915 4707 Symmacln,
949 4639 984 4691 γ
994 4641 1047 4693 ix
1074 4656 1233 4709 panso
1260 4651 1453 4703 poterat
1495 4658 1693 4695 currere
1726 4642 1955 4708 carbaso,
1989 4653 2042 4697 ct
2072 4659 2149 4696 re-

573 4712 738 4763 tunsis
768 4712 818 4763 in
853 4711 1092 4764 Romano
1120 4725 1214 4779 pro
1240 4712 1440 4763 retusis.

647 4781 769 4833 171.
794 4781 912 4836 Vat.
948 4784 1014 4843 A,
1036 4782 1323 4847 sublimem,
1354 4780 1628 4835 mendose.

646 4852 769 4905 172.
806 4851 943 4920 Lege
986 4852 1154 4906 Exodi
1184 4861 1342 4919 caput
1382 4867 1507 4915 xvu,
1540 4860 1593 4905 et
1624 4851 1719 4907 SS.
1758 4850 1945 4908 Patres
1990 4853 2150 4910 inter-

573 4932 881 4992 pretesque.
913 4924 1047 4975 hanc
1078 4923 1354 4975 historiam
1384 4931 1716 4977 enarrantes.
1777 4950 1785 4957 ο

648 4994 766 5047 175.
795 4992 943 5045 Iesus
969 5002 1052 5046 est
1085 4994 1334 5059 salvator,
1367 5004 1420 5048 et
1450 4992 1549 5048 hoc
1573 4993 1742 5061 ipsum
1768 4993 2031 5059 signiﬁcat
2055 4998 2147 5051 Io-

569 5080 680 5127 sue,
704 5078 931 5132 quocum
965 5078 1105 5117 nunc
1149 5064 1353 5117 confert
1391 5063 1593 5117 Jesnm.
1628 5063 1693 5119 Ut
1729 5067 1869 5119 enitn
1899 5066 2062 5122 Iosue
2092 5070 2145 5123 in

571 5145 770 5189 terrain
810 5134 1180 5203 promissionis
1214 5136 1382 5188 tribus
1422 5134 1635 5187 lsraelis
1666 5137 1833 5200 duxit,
1867 5139 1945 5192 sic
1991 5139 2146 5194 Jesus

570 5221 738 5273 genus
781 5204 1088 5270 humanum,
1127 5222 1155 5257 τι
1185 5205 1491 5270 captivitate
1532 5204 1791 5259 daemonis
1836 5208 2139 5264 liberatum.

570 5278 622 5328 in
658 5277 882 5344 patriam
908 5276 1177 5329 ccelestem
1217 5275 1436 5345 invexit.
1470 5274 1713 5329 Christus
1756 5277 1913 5345 igitur
1939 5288 2020 5333 est
2051 5295 2142 5334 ve-

568 5343 681 5399 rior
711 5346 886 5413 Jcsus,
921 5360 1077 5414 quam
1109 5344 1291 5399 Josue.
1338 5343 1443 5415 lso,
1480 5345 1688 5411 Cham.,
1721 5343 1938 5415 Cellar.,
1991 5348 2143 5403 Teol.

565 5426 864 5489 exponunt,
896 5413 1055 5489 Iosue
1083 5425 1155 5468 est
1179 5416 1341 5489 uerior
1373 5413 1545 5477 Iesus,
1589 5431 1694 5489 seu
1717 5413 1961 5489 salvator,
1990 5436 2144 5489 quam

568 5485 795 5555 Moyses.
826 5488 939 5539 Non
967 5488 1156 5554 placet.
1189 5485 1323 5539 Vide
1358 5493 1470 5539 not.
1501 5499 1639 5539 vers.
1676 5487 1780 5541 165
1810 5499 1862 5542 et
1891 5485 2013 5543 177.

642 5558 766 5609 177.
791 5556 1042 5610 Erasmus
1066 5557 1190 5625 legit
1216 5556 1302 5624 qui
1332 5565 1406 5609 ter
1433 5556 1716 5625 quaternis,
1745 5567 1798 5610 et
1825 5559 1956 5613 infra
1998 5574 2139 5615 vers.

568 5626 691 5689 179,
726 5628 900 5693 petris,
942 5628 1082 5694 quod
1114 5624 1179 5680 ad
1212 5640 1360 5680 oram
1392 5624 1659 5680 Giselinus
1702 5631 1973 5682 annotavit
2007 5647 2018 5682 :
2050 5630 2143 5685 sed

563 5709 713 5751 recte
736 5696 975 5765 procedit
999 5713 1190 5752 sensus
1215 5697 1331 5752 sine
1354 5697 1689 5752 correctione
1707 5713 1837 5751 mss.
1864 5701 2103 5754 codicum
2130 5717 2144 5753 :

564 5764 801 5834 [undavit
830 5766 1095 5839 duodecim
1130 5776 1317 5839 petras,
1355 5776 1622 5839 stemmata
1650 5764 2021 5839 apostolorum,
2054 5786 2147 5839 per

570 5837 886 5907 epexegesin
938 5837 1227 5894 Prudentia
1276 5838 1612 5915 lamiliarem,
1656 5838 1755 5892 hoc
1808 5848 1889 5911 est
1944 5837 2143 5910 petras,

2295 2900 2374 2938 uae
2416 2892 2539 2938 sunt
2568 2890 2869 2936 stemmata.
2912 2880 3112 2935 Allndit
3152 2889 3305 2949 poeta
3347 2880 3411 2934 ad
3443 2897 3564 2951 cap.
3598 2898 3656 2937 ιιι
3702 2891 3755 2937 et
3787 2898 3845 2938 tv

2294 2970 2445 3017 osue,
2476 2954 2564 3007 ubi
2590 2962 2857 3016 narratur,
2882 2951 3168 3005 .lordanem
3207 2967 3521 3005 conversum
3555 2954 3725 3009 fuisse
3752 2969 3845 3009 re-

2261 3034 2518 3089 trorsum,
2548 3034 2606 3077 ut
2638 3028 2737 3077 iter
2768 3022 3023 3077 lsraelitis
3048 3030 3285 3091 pateret;
3318 3030 3369 3076 et
3398 3023 3563 3077 Iosue
3585 3024 3839 3093 jussisse,

2258 3096 2538 3150 duodecim
2561 3096 2706 3148 viros
2734 3093 2972 3162 singulos
3002 3108 3031 3164 e
3061 3093 3283 3164 singulis
3308 3094 3548 3147 tribubus
3574 3096 3722 3163 eligi,
3746 3098 3843 3164 qui

2256 3181 2442 3220 rursus
2470 3164 2754 3219 Jordanem
2802 3163 3046 3230 ingressi,
3078 3179 3145 3218 ex
3178 3162 3332 3218 alveo
3360 3165 3554 3233 singuli
3600 3162 3844 3234 singulos

2253 3237 2458 3305 lapides
2487 3236 2754 3299 tollerent,
2784 3242 2844 3287 ut
2872 3233 2937 3287 ad
2967 3244 3299 3302 posterorum
3336 3235 3648 3305 memoriam
3680 3233 3842 3303 repo-

2258 3304 2536 3374 uerentur,
2569 3315 2623 3361 et
2646 3306 2779 3360 alios
2804 3318 3017 3374 quoque
3048 3305 3328 3358 duodecim
3366 3304 3571 3373 lapides
3598 3308 3845 3373 posuisse

2175 3351 2221 3415 ο
2444 3380 2498 3431 in
2521 3351 2705 3431 inedio
2743 3351 3065 3445 alv'eofubii
3086 3384 3347 3429 steterunt
3387 3351 3716 3440 sacerddtes,

2253 3450 2538 3519 portabant
2563 3462 2741 3519 arcam
2783 3445 3020 3519 traderis.
3051 3444 3342 3519 Duodecim
3368 3448 3643 3514 apostolos
3673 3448 3723 3499 in
3754 3444 3843 3519 his

2253 3516 2534 3573 duodecim
2564 3518 2694 3573 viris
2716 3526 2769 3571 et
2803 3516 3068 3585 lapidibus
3086 3516 3367 3586 allegOrice
3388 3526 3541 3583 poeta
3569 3517 3837 3586 agnoscit,

2253 3600 2310 3644 ut
2338 3588 2697 3644 Tertullianus
2728 3587 2822 3641 lib.
2857 3602 2907 3640 tv
2930 3595 3114 3640 contra
3154 3585 3341 3653 Marc.,
3378 3600 3497 3653 cap.
3532 3585 3647 3640 13’:
3694 3586 3838 3640 Toti-

2254 3662 2367 3713 dem
2414 3662 2546 3713 enim
2600 3659 2820 3728 apostoli
2865 3657 3385 3728 portendebantur....
3433 3657 3631 3726 lapides
3684 3658 3844 3710 solidi

2252 3732 2375 3799 ﬁde,
2409 3746 2533 3797 quos
2555 3726 2855 3782 ‘de‘lavacro
2888 3726 3130 3799 Iordanis
3158 3726 3318 3782 Iasus
3343 3743 3511 3799 venus
3533 3728 3704 3799 elegit,
3729 3736 3839 3783 etc.

2252 3797 2510 3855 Cellarius
2541 3799 2817 3852 duodecim
2866 3798 3066 3867 lapides
3103 3797 3153 3849 in
3186 3800 3299 3867 ripa
3325 3798 3573 3850 Iordanis
3614 3797 3834 3864 positos

2254 3871 2651 3938 interpretatur.
2690 3867 2904 3923 Teolius
2949 3884 3052 3921 non
3100 3867 3310 3938 videtur
3358 3869 3491 3922 alios
3534 3882 3834 3934 agnoscere

2255 3937 2479 4010 lapides,
2509 3941 2608 3995 nisi
2651 3953 2743 3993 eos
2782 3941 2869 4006 qui
2918 3939 2971 3992 in
3002 3937 3444 4010 medioIordanis
3488 3939 3635 4010 alveo
3680 3938 3840 4007 positi

2253 4008 2393 4065 sunt.
2425 4012 2588 4066 Josue
2613 4010 2716 4065 loc.
2740 4009 2834 4065 cit.
2865 4017 2920 4064 et
2944 4010 3040 4063 hos
3068 4008 3193 4077 poni
3220 4008 3377 4077 jussit
3402 4019 3456 4062 et
3484 4008 3620 4063 alios
3644 4009 3698 4062 in
3726 4010 3839 4063 loco

2253 4091 2558 4136 castrorum.

2326 4153 2446 4207 179.
2480 4153 2659 4220 Prag.,
2685 4152 2801 4221 fecit
2832 4162 3019 4221 petras,
3048 4150 3223 4205 minus
3251 4150 3405 4205 bene.

2326 4225 2447 4280 180.
2476 4224 2611 4290 Quid
2648 4223 2716 4276 sit
2748 4232 2980 4285 stemma,
3009 4222 3205 4274 dictum
3237 4230 3336 4292 est_
3360 4235 3520 4292 supra
3555 4222 3752 4292 hymno
3778 4223 3833 4285 7,

2252 4308 2394 4348 vers.
2424 4295 2513 4348 81.
2544 4294 2639 4348 Hic
2664 4292 2823 4346 etiam
2848 4302 2990 4347 esset
3019 4292 3165 4346 locus
3193 4290 3517 4359 suspicandi,
3552 4290 3832 4361 legendum

2252 4364 2527 4428 schemata,
2554 4364 2655 4417 hoc
2677 4371 2760 4417 est
2780 4363 2991 4432 ﬁguras.

2328 4436 2449 4488 181.
2488 4434 2605 4488 Vat.
2630 4433 2671 4486 Β
2699 4441 2754 4487 et
2778 4430 2922 4495 ttat.,
2957 4430 3177 4497 Iudam,
3224 4447 3329 4485 non
3360 4433 3561 4500 patitur
3590 4446 3829 4487 carmen.

2325 4506 2450 4559 182.
2482 4504 2616 4573 Magi
2644 4518 2747 4557 non
2782 4502 3240 4573 videruntiducem
3270 4503 3419 4557 Iudae
3450 4505 3501 4555 in
3532 4504 3709 4569 stella,
3738 4503 3835 4557 sed

2257 4576 2489 4641 stellam,
2521 4572 2642 4630 eum
2666 4572 3011 4628 indicantem.
3035 4572 3167 4627 Vide
3192 4584 3349 4643 supra
3374 4582 3557 4627 notam
3576 4590 3718 4628 vers.
3738 4574 3832 4625 ‘28.

2256 4645 2333 4699 Ex
2364 4650 2570 4701 ratione
2598 4659 2717 4711 qua:
2759 4644 3039 4712 subjicitur
3065 4644 3291 4711 amplius
3339 4645 3389 4697 id
3436 4644 3623 4714 liquet.
3655 4646 3832 4711 Argu-

2175 4725 2489 4793 Drnentum
2540 4716 2683 4771 enim
2724 4715 2919 4793 petitur
2962 4730 3026 4793 ex
3078 4714 3229 4768 factis
3286 4715 3584 4793 priscorum
3634 4715 3830 4793 ducum

2254 4786 2437 4875 Israel,
2463 4803 2601 4875 qua},
2626 4795 2684 4839 ut
2714 4786 2865 4839 multi
2895 4785 3199 4875 Opinantur,
3230 4799 3410 4875 magos
3430 4800 3537 4838 non
3570 4784 3832 4841 latebant.

2326 4859 2447 4913 185.
2481 4859 2657 4926 Egtn.,
2692 4870 2992 4925 perperam,
3023 4859 3185 4923 fracta
3207 4869 3303 4922 pro
3326 4859 3481 4923 facta.

2326 4928 2447 4982 184.
2488 4929 2542 4981 In
2585 4929 2739 4995 Egm.
2780 4934 2836 4980 et
2881 4924 3014 4989 PaL,
3060 4924 3262 4978 Christo
3298 4926 3518 4995 ﬁgurant
3568 4926 3832 4993 ﬁnxerint.

2255 4999 2531 5062 Erasmus,
2560 4996 2793 5062 Thuan.,
2826 4996 3037 5059 Nonts.,
3062 4995 3394 5049 Boherianus
3422 4997 3590 5063 prior,
3620 4997 3732 5048 Gis.
3763 4995 3834 5049 ad

2252 5085 2423 5135 oram,
2454 5068 2627 5132 Teol.,
2663 5064 2849 5120 Christi
2891 5066 3108 5135 ﬁguram
3140 5066 3395 5133 ﬁnxerint.
3437 5065 3588 5132 Ald.,
3611 5065 3832 5129 Weitz.,

2254 5140 2367 5194 Gis.
2400 5124 2451 5193 in
2493 5124 2657 5201 textu,
2690 5124 2901 5201 l1eins.,'
2927 5124 3047 5189 Vat.
3086 5124 3150 5199 B,‘
3189 5135 3336 5190 Sich.
3384 5147 3435 5190 et
3464 5124 3586 5199 alii,
3620 5136 3749 5189 Mar.
3778 5124 3835 5190 ei

2692 4870 2992 4925 perperam,
3023 4857 3185 4925 fracta
3207 4869 3303 4922 pro
3326 4855 3481 4923 facta.

2252 5211 2361 5273 alii,
2396 5209 2673 5277 pinxerint.
2703 5208 2757 5261 In
2791 5207 2911 5262 Vat.
2943 5206 3010 5274 A,
3042 5207 3306 5274 ﬁnxerint,
3341 5221 3502 5276 supra
3533 5207 3691 5261 aliter
3716 5206 3836 5274 pin-

2250 5284 2437 5335 xerint.

2324 5352 2449 5406 185.
2483 5350 2603 5404 Vat.
2636 5349 2678 5403 Β
2703 5358 2757 5403 et
2800 5348 2955 5417 Prag.
2988 5358 3173 5403 contra
3217 5348 3372 5403 metri
3403 5348 3685 5414 rationem,
3717 5347 3832 5415 pri-

2250 5437 2452 5475 scorum
2470 5436 2562 5489 pro
2588 5420 2835 5490 priorum.
2865 5419 2922 5472 lu
2945 5418 3060 5473 Vat.
3085 5418 3126 5482 l,
3151 5420 3381 5490 priorum
3398 5418 3608 5490 videtur
3634 5418 3833 5490 factum

2249 5507 2312 5546 ex
2341 5487 2642 5561 primorum,
2672 5491 2811 5559 quod
2840 5504 2959 5561 cum
2982 5487 3222 5561 carmine
3247 5503 3349 5542 non
3372 5488 3699 5561 cohaerebat.
3723 5487 3834 5541 Me-

2251 5558 2523 5615 tro'etiam
2550 5561 2863 5615 adversatur
2884 5560 3030 5623 Put.-,
3064 5558 3162 5611 llic
3190 5575 3280 5612 rex
3301 5560 3443 5627 prior
3463 5570 3534 5612 est
3546 5559 3788 5628 judicans
3810 5572 3832 5610 :

2250 5632 2481 5700 alioquin
2526 5640 2732 5699 poterat
2773 5632 2825 5684 id
2865 5630 3137 5700 sustineri,
3164 5638 3221 5683 ut
3255 5637 3548 5684 antevers.
3583 5631 3673 5695 77,
3720 5630 3834 5700 sola

2250 5699 2553 5774 magnarum
2595 5701 3005 5768 urbiumimajor
3052 5699 3692 5774 Bethlem._HeiAnsius__ex
3728 5699 3833 5751 hoc

2249 5769 2438 5829 errore
2463 5772 2753 5836 existimat,
2794 5786 2822 5824 a
2854 5787 3012 5825 manu
3058 5770 3330 5826 Prudentii
3368 5769 3535 5826 fuisse
3582 5770 3687 5824 Hic
3737 5784 3834 5822 rex

2247 5845 2474 5912 priorum
2498 5851 2569 5899 est
2586 5843 2837 5911 iudicum.
2863 5845 2931 5901 At
2960 5857 3086 5897 vero
3112 5857 3233 5899 cum
3259 5840 3507 5900 Heinsius
3531 5840 3839 5909 smpissima
