4092 6344
283 452 387 508 915

532 569 734 623 flexere
760 572 848 640 qui
874 571 1041 627 Jacob
1064 587 1251 642 genus,

529 662 876 734 Dominaeque
903 679 998 720 rex
1026 665 1300 732 Ecclesias,

526 755 733 827 Templi
763 766 817 813 et
840 759 1054 825 novelli,
1083 768 1137 814 et
1166 758 1395 829 pristini.

454 848 603 904 Hunc
630 852 826 919 posteri
852 850 1106 921 Ephraim
1134 853 1337 919 colunt,

527 940 686 1011 393
715 941 866 997 Hunc
888 953 1069 999 sancta
1093 945 1336 1001 Manasse
1364 948 1572 1009 domus,

526 1031 830 1105 Omnesque
857 1036 1152 1105 suscipiunt
1179 1037 1370 1104 tribus,

529 1125 620 1180 Bis
640 1140 767 1181 sena
798 1126 1021 1182 fratrum
1049 1130 1273 1183 semina.

452 1217 591 1286 Quin
618 1227 673 1273 et
699 1233 932 1289 propago
958 1220 1215 1290 degener,

526 1312 705 1368 Ritum
723 1323 906 1368 secuta
934 1314 1289 1381 inconditum,

526 1406 869 1476 Quaecunque
897 1406 1069 1461 dirum
1105 1407 1323 1464 fervidis

277 936 382 992 190

279 1404 384 1462 195

525 1499 649 1553 Baal
679 1501 903 1555 caminis
929 1511 1182 1557 coxerat:

450 1590 684 1647 Fumosa
711 1607 933 1648 avorum
964 1595 1200 1649 numina.

342 1775 468 1830 188.
498 1774 734 1842 Pristini,
767 1778 961 1846 antiqui
989 1778 1161 1844 templi
1181 1777 1499 1834 Iudaeorum.
1528 1776 1647 1831 Vat.
1677 1777 1741 1829 Α.

343 1846 467 1901 189.
502 1847 729 1912 Posteri,
754 1848 867 1913 ﬁlii.
893 1877 961 1891 -—
990 1848 1205 1917 Eﬂ'rem,
1235 1848 1289 1900 id
1314 1856 1407 1913 est,
1442 1846 1684 1913 E/fraim,
1708 1857 1753 1901 et
1775 1848 1853 1901 in-

269 1926 577 1989 terpretatur
607 1917 843 1989 frugifer,
878 1917 996 1972 Vat.
1030 1921 1094 1972 A.

342 1986 465 2041 190.
500 1986 759 2052 Manasse,
795 1988 1037 2042 Manasse
1057 1988 1240 2041 oblivio
1260 1988 1640 2053 interpretatur.
1676 1988 1850 2057 Signi-

268 2059 393 2127 ﬁcat
419 2068 585 2111 autem
618 2057 861 2127 pupulum
893 2061 1137 2128 gentium,
1176 2059 1260 2111 cui
1289 2059 1510 2113 dicitur:
1546 2058 1851 2113 Obliviscere

270 2128 520 2198 populum
542 2138 705 2195 tuum,
732 2128 849 2182 Vat.
883 2131 946 2183 A.

496 2199 756 2281 Degener,
800 2200 1056 2268 ignobilis,
1091 2201 1305 2271 degener
1334 2200 1539 2281 dicitur,
1582 2202 1721 2281 qttt'tr
1748 2215 1847 2253 non

266 2270 495 2338 sequitur
515 2269 825 2323 nobilitatem
853 2280 1054 2341 patrum
1073 2281 1119 2326 et
1141 2269 1431 2340 parentum,
1465 2271 1580 2324 Vat.
1596 2269 1672 2326 Α.

1296 455 1826 514 CATIIEMERINON
1868 457 1981 513 XII.
2030 456 2117 513 DE
2158 458 2536 515 EPIPIIANIA.

1880 582 1933 638 Α

3440 449 3542 511 9H

2204 577 2427 643 Saxum,
2459 576 2756 643 metallum,
2793 578 3051 646 stipitem,

2213 668 2431 732 Rasum,
2463 668 2721 737 dolatum,
2755 671 2964 739 sectile,
3305 666 3359 687 Ὗ

1963 761 2067 817 200
2212 761 2269 815 In
2297 761 2493 818 Christi
2524 764 2779 819 honorem
2810 764 3027 819 deserit.
3332 746 3404 837 rei.

2142 852 2399 917 Gaudete,
2431 854 2690 924 quidquid
2721 856 2956 923 gentium
2980 864 3078 920 est,
3318 876 3321 879 η
3366 849 3413 899 ‘3
3442 904 3447 908 .
3488 920 3495 927 ‘

2209 944 2413 1009 Iudaea,
2448 944 2611 1000 Roma
2646 958 2698 1001 et
2722 947 2948 1013 Graecia,

2209 1036 2373 1108 395
2396 1036 2648 1109 Egypte,
2685 1039 2883 1104 Thrax,
2916 1042 3096 1108 Persa,
3122 1040 3354 1112 Scytha:

2218 1128 2329 1185 Rex
2363 1145 2501 1184 unus
2532 1144 2721 1184 omnes
2750 1133 3003 1200 possidet.

1967 1221 2073 1277 205
2148 1222 2385 1279 Laudate
2414 1232 2651 1278 vestrum
2676 1225 2997 1294 principem,

2209 1315 2428 1381 Omnes,
2463 1316 2599 1371 beati
2631 1331 2693 1370 ac
2717 1316 2929 1384 perditi,

2210 1406 2352 1473 Vivi,
2380 1406 2633 1464 imbecilli
2658 1423 2722 1462 ac
2754 1410 2946 1462 mortui
2971 1426 2984 1461 :

2215 1500 2331 1557 Jam
2365 1516 2522 1558 nemo
2552 1500 2773 1571 posthac
2799 1509 3060 1557 mortuus.

1577 1681 1861 1739 GLOSSE
1899 1681 2243 1739 VETERES.

1883 1784 1932 1845 Β
2033 1775 2157 1831 196.
2183 1775 2433 1839 Coxerat,
2462 1777 2791 1846 formaverat,
2828 1775 2945 1829 Vat.
2975 1776 3037 1829 Α.

2034 1847 2153 1901 198.
2185 1844 2688 1916 8ιίρίιεπη,1ἰθιιιιοη,
2726 1844 2844 1899 Vat.
2872 1846 2937 1900 Α.

2032 1917 2155 1971 199.
2190 1917 2408 1999 Rasum,
2441 1928 2571 1999 (διε.Ζ
2605 1917 2762 1999 tribus
2789 1918 2957 1999 modis
2990 1918 3155 1973 omnis
3182 1918 3356 1999 forata.
3376 1920 3535 1999 ligno.

1957 2003 2073 2041 rum
2101 1989 2443 2057 componitur,
2476 1989 2731 2051 radendo,
2766 1988 3006 2051 dolando,
3039 1990 3280 2051 secando,
3318 1988 3436 2042 Vat.
3470 1991 3536 2041 Α.

2026 2058 2153 2112 202.
2175 2057 2380 2131 Iudaea,
2410 2067 2613 2131 propter
2636 2058 2815 2126 legem.
2847 2088 2916 2098 ——
2946 2060 3134 2123 Roma,
3163 2069 3369 2131 prapter
3397 2058 3538 2131 prin-

1957 2128 2554 2211 εἱρρέιέηιλ-ιβφωρίε,
2585 2130 3151 2211 ρνοριενυδαρὶςηιὶαηι,
3178 2128 3295 2183 Vat.
3330 2130 3395 2184 A.

2027 2199 2154 2253 ‘206.
2188 2198 2408 2265 Perditi,
2442 2209 2746 2267 peccatores.
2781 2198 2900 2252 Vat.
2934 2202 3001 2254 A.

2026 2268 2151 2324 207.
2186 2268 2323 2333 Vivi,
2351 2270 2483 2323 sani.
2516 2299 2584 2308 ——
2614 2269 2888 2334 lmbecilli,
2922 2270 3134 2338 inﬁrmi,
3166 2270 3287 2326 Vat.
3316 2271 3379 2325 Α.

1630 2381 2192 2439 COMMENTARIUS.

265 2473 593 2542 epexegesin
626 2474 677 2527 in
711 2474 997 2528 Prudentio
1023 2482 1253 2536 tueatur,
1296 2488 1401 2526 non
1434 2483 1539 2541 est,
1573 2488 1671 2528 cur
1712 2474 1847 2527 hanc

263 2543 497 2610 rejiciat,
530 2543 814 2598 stabilitam
854 2547 922 2598 ab
959 2545 1116 2609 Aldo,
1160 2544 1408 2611 Weitzio,
1438 2544 1680 2600 Giselino
1725 2560 1867 2608 cum,

263 2613 385 2684 Vat.
419 2616 486 2681 A,
542 2615 602 2676 Β,
636 2615 926 2684 multisque
962 2615 1083 2669 aliis
1110 2615 1384 2670 codicibus
1412 2631 1425 2671 :
1469 2615 1671 2670 nullum
1702 2616 1845 2670 enim

262 2682 668 2738 dissentientem
698 2682 943 2739 Heinsius
977 2686 1211 2753 protulit.

333 2754 459 2827 186.
487 2754 606 2827 V_at.
642 2754 703 2827 Β.
730 2758 933 2821 domus,
965 2766 1265 2810 correctum
1290 2773 1469 2827 genus.

336 2825 459 2879 187.
504 2824 774 2879 Cauchius
824 2827 877 2878 in
916 2828 1026 2896 suis
1062 2824 1337 2881 invenerat
1381 2836 1679 2896 nostrteque,
1733 2828 1848 2894 ipse

260 2896 497 3017 :Inalebat
532 2898 865 2966 geminaque.
904 2895 1082 2951 Nostri
1110 2907 1163 2951 et
1206 2898 1479 2952 Heinsiani
1519 2895 1640 2951 cum
1668 2898 1845 2965 editis,

300 2981 599 3017 omtnteaue.

300 2981 599 3035 omtnteque.

336 3034 459 3089 188.
489 3034 698 3103 Ambr.,
726 3036 871 3100 Rat.,
891 3036 1085 3101 Ilails.,
1117 3036 1313 3100 Palat.,
1336 3037 1505 3105 templi
1528 3037 1713 3089 novelli
1734 3039 1849 3091 sine

260 3115 331 3159 et.
364 3106 580 3171 Caneri,
614 3108 789 3174 templi
824 3118 873 3161 et
915 3106 1123 3160 novelli.
1166 3106 1277 3177 Gis.
1318 3106 1382 3177 ad
1436 3122 1631 3173 marg.,
1674 3108 1850 3177 templi

259 3178 445 3229 novelli
472 3194 531 3230 ac
553 3179 775 3243 pristini.
808 3178 1050 3231 Ecclesia
1075 3191 1104 3229 a
1129 3176 1343 3231 Christo
1361 3175 1577 3230 fundata
1607 3175 1849 3245 templum

261 3246 521 3299 novellum
548 3258 649 3315 est,
682 3256 739 3300 ut
768 3262 926 3309 supra
958 3247 1143 3317 hymn.
1186 3246 1274 3312 ll,
1307 3259 1447 3317 vers.
1486 3246 1573 3308 59,
1599 3246 1733 3317 dixit
1758 3264 1851 3299 no-

262 3318 449 3369 vellum
498 3319 759 3371 stt-culum.
807 3316 1085 3384 Templum
1128 3316 1431 3371 Salomonis
1470 3316 1727 3384 templum
1768 3327 1851 3371 est

262 3389 575 3456 pristinum,
600 3387 781 3455 templi
814 3388 1009 3441 novelli
1034 3389 1218 3457 figura.
1249 3387 1526 3454 Templum
1550 3388 1707 3441 etiam
1734 3399 1851 3454 post

264 3460 624 3524 captivitatem
668 3460 973 3513 restitutum
1017 3459 1234 3513 nomine
1265 3458 1437 3526 templi
1468 3458 1670 3525 pristini
1706 3472 1852 3512 com-

264 3527 633 3597 prehenditur.

337 3599 458 3653 189.
500 3600 774 3663 Erasmus,
832 3599 1017 3663 Nebr.,
1063 3599 1200 3664 Gis.,
1238 3598 1420 3662 Fabr.,
1470 3596 1742 3667 Ephraim,
1796 3607 1851 3652 ut

272 3666 441 3739 Graeci
470 3670 779 3739 loquuntur.
809 3670 1055 3724 Heinsius
1082 3686 1200 3724 cum
1230 3671 1609 3723 vetusuoribus
1631 3670 1765 3732 suis,
1797 3678 1852 3723 et

262 3736 389 3791 Ald.
420 3736 706 3800 cum'aliis.
744 3738 958 3805 Effrem,
982 3748 1039 3794 ut
1067 3744 1135 3793 sit
1159 3740 1465 3807 sinalaepha,
1493 3739 1662 3808 inquit
1693 3738 1851 3793 Hein-

261 3808 412 3929 ἒβη
454 3810 631 3878 potius
664 3809 952 3881 dialmpha,
995 3819 1053 3862 ut
1100 3811 1224 3863 alibi
1273 3811 1403 3863 dixi.
1454 3810 1606 3879 Egm.
1666 3811 1851 3864 scribit

342 3895 466 3929 rem.

316 3882 466 3946 frem.

336 3947 477 4017 190.Δ
492 3947 739 4001 Heinsius
766 3949 964 4001 mavult
987 3949 1246 4001 Manassle
1274 3965 1431 4017 quam
1465 3949 1725 4002 Manasse.
1761 3949 1851 4003 Sic

262 4016 425 4070 etiam
447 4014 734 4071 Giselinus.
755 4019 899 4083 Ald.,
919 4018 1175 4082 Manasse,
1204 4014 1302 4071 nec
1320 4020 1623 4086 discrepant
1649 4020 1847 4083 nostri;

265 4086 516 4154 idemque
545 4087 743 4152 placuit
774 4088 1003 4142 Weitziu
1041 4103 1160 4141 cum
1192 4089 1386 4142 Widm.
1420 4098 1474 4142 et
1496 4086 1651 4142 GOilI.

335 4157 456 4209 191.
491 4156 636 4221 Ald.,
663 4157 850 4223 Nebr.,
879 4158 991 4214 Gis.
1027 4158 1079 4211 in
1109 4166 1274 4221 textu,
1308 4159 1513 4221 lleius.,
1544 4160 1847 4222 suspiciunt.

260 4226 404 4297 Vatt.
448 4229 493 4283 A
540 4238 592 4281 et
630 4229 689 4292 Β,
737 4230 915 4297 Prag.,
956 4228 1100 4289 Rat.,
1150 4228 1341 4281 Weitz.
1392 4242 1511 4281 cum
1559 4228 1758 4282 Widm.
1800 4240 1853 4285 et

263 4296 790 4369 Gold..isusripiunt.
833 4296 985 4364 Quod
1024 4301 1245 4369 verbum
1288 4302 1507 4367 petitum
1553 4299 1758 4354 videtur
1787 4316 1849 4355 ex

259 4383 377 4432 cap.
406 4384 420 4421 ι
452 4368 785 4424 Joangvers.
824 4370 884 4421 11
917 4382 970 4423 et
1004 4370 1068 4423 12
1098 4386 1110 4421 :
1143 4368 1210 4420 Et
1256 4371 1336 4421 sui
1366 4386 1479 4441 eum
1519 4386 1618 4423 non
1655 4387 1852 4441 recepe-

258 4448 399 4491 runt.
454 4441 713 4509 Quotquot
744 4449 911 4493 autem
941 4450 1237 4508 receperunt
1266 4455 1403 4507 eum,
1436 4440 1575 4494 dedit
1600 4441 1673 4495 eis
1706 4451 1849 4510 pote-

262 4518 462 4574 statem,
499 4520 603 4563 etc.

644 4580 703 4643 Β,
733 4582 820 4649 qui
847 4590 926 4646 et;
962 4580 1055 4635 sed
1086 4542 1387 4636 correctum
1425 4584 1545 4651 quin
1571 4593 1637 4636 et.
1676 4583 1850 4651 Supra

2030 2474 2151 2530 191.
2181 2475 2363 2544 Prag.,
2396 2474 2552 2527 ritum
2580 2476 2909 2544 incognitum,
2936 2479 3111 2531 minus
3133 2476 3286 2532 bene.

2028 2545 2152 2602 195.
2187 2546 2335 2611 Ald.,
2383 2544 2561 2615 Egm.,
2616 2544 2755 2611 PaL,
2802 2545 2988 2611 Hails.,
3036 2547 3148 2601 Vat.
3205 2549 3251 2601 Α
3292 2555 3346 2601 et
3392 2546 3539 2615 Rat.,

1956 2619 2164 2739 garum,
2194 2616 2312 2670 Vat.
2343 2617 2400 2681 Β,
2436 2614 2712 2681 Erasmus,
2741 2615 2929 2684 Weit.,
2974 2615 3141 2674 Gisel.
3173 2626 3225 2672 et
3264 2614 3539 2683 Heinsius,

1994 2705 2142 2739 trum.

1994 2705 2142 2742 trunt.

2028 2758 2153 2812 196.
2169 2757 2356 2822 Aldus,
2375 2766 2635 2811 rexerant.
2660 2756 2794 2809 Baal
2816 2772 2909 2825 pro
2926 2758 3110 2827 quovis
3135 2757 3282 2812 idolo
3305 2759 3536 2822 ponitur.

2030 2830 2152 2884 197.
2188 2827 2413 2881 Fumosa
2444 2828 2512 2880 ob
2535 2827 2927 2896 antiquitatem,
2963 2837 3020 2881 ut
3048 2832 3259 2895 fumosa:
3290 2828 3540 2896 imagines

1955 2899 2095 2966 apud
2124 2899 2459 2953 Ciceronem.
2486 2898 2615 2951 Nam
2641 2885 2707 2951 d'e
2737 2885 3009 2951 fabrorum
3034 2885 3263 2952 ofliciuis
3284 2885 3422 2953 nihil,
3435 2909 3538 2962 est,

1956 2984 2120 3038 quare
2142 2972 2437 3035 cogitemus
2468 2970 2517 3021 in
2543 2985 2666 3021 saxo
2694 2979 2745 3021 ct
2766 2970 2955 3031 stipite.

2030 3037 2147 3091 198.
2182 3040 2426 3093 Mendum
2451 3048 2533 3093 est
2557 3039 2675 3092 Vat.
2711 3038 2775 3100 Α.
2804 3040 3002 3108 stipem.

2028 3109 2151 3162 199.
2190 3111 2327 3161 Vatt.
2363 3112 2426 3172 Λ,
2461 3110 2476 3162 l
2508 3117 2561 3161 et
2598 3109 2816 3172 Weitz.,
2850 3107 3091 3162 sectilem.
3135 3107 3339 3165 Numen
3370 3112 3542 3165 sectile

1956 3192 2077 3232 cum
2110 3179 2333 3246 reliquis
2360 3179 2628 3246 intelligo;
2665 3194 2836 3248 neque
2865 3180 3034 3231 sectile
3075 3178 3307 3236 refertur
3335 3181 3399 3233 ad
3448 3183 3542 3233 sli-

1958 3249 2135 3317 pitem,
2160 3250 2252 3302 sed
2280 3249 2344 3301 ad
2375 3265 2576 3300 saxum.
2618 3248 2761 3312 Tres,
2794 3248 2962 3313 inquit
3001 3249 3270 3311 Erasmus,
3302 3254 3543 3305 materias

1958 3319 2111 3386 refert
2152 3319 2381 3379 deorum,
2426 3318 2670 3383 lapidem,
2715 3333 2803 3381 tes,
2838 3318 3051 3386 lignum.
3092 3319 3371 3385 Opi/icium
3419 3322 3541 3372 item

1957 3390 2178 3457 triplex:
2209 3389 2467 3441 metallum
2496 3388 2695 3439 raditur
2718 3388 2862 3451 lima,
2888 3402 3070 3442 saxum
3092 3399 3309 3454 secatur,
3342 3390 3539 3459 lignum

1957 3459 2183 3511 dolatur.

2026 3528 2150 3581 205.
2182 3528 2375 3599 Gisel..
2424 3528 2583 3581 Persa
2618 3536 2663 3580 et
2704 3526 2916 3599 Scytha.
2965 3528 3069 3599 Alii
3101 3528 3281 3591 Persa,
3321 3528 3538 3599 Scytha,

1955 3599 2079 3667 quia
2125 3600 2305 3653 ultima
2348 3598 2401 3652 in
2446 3600 2601 3651 Persa
2634 3597 2943 3665 producitur
2981 3598 3051 3651 ob
3073 3616 3145 3651 sc.
3179 3597 3424 3653 dictionis
3456 3616 3540 3653 se-

1997 3671 2189 3724 uentis.
2240 3670 2295 3722 In
2350 3668 2726 3738 orthographia
2768 3668 2976 3721 variant
3028 3669 3273 3733 codices,
3334 3669 3538 3734 Scitha,
3646 3734 3651 3737 Α

1997 3684 2189 3724 uentis.
2241 3684 2295 3722 In
2350 3684 2726 3738 orthographia
2768 3684 2976 3721 variant
3028 3684 3273 3733 couuces,
3334 3684 3534 3734 actura,

1954 3684 2155 3803 gchita,
2192 3741 2370 3805 Scyta,
2396 3739 2611 3808 Scytha.
2638 3739 2779 3801 Α1‹Ι.,
2814 3738 3089 3808 mendoso,
3117 3738 3362 3808 Scythia;
3394 3740 3534 3792 Vult.

1954 3811 1997 3863 Δ
2031 3823 2083 3865 et
2116 3812 2176 3876 Β,
2209 3810 2385 3864 minus
2428 3807 2583 3874 bene,
2619 3808 2807 3878 Scytaa.
2842 3808 2969 3862 Urb.
3010 3807 3170 3862 Persa
3193 3807 3256 3861 iet
3301 3809 3538 3877 Scythia.

2025 3881 2155 3937 205.
2187 3880 2379 3935 Invitat
2416 3896 2573 3934 omne
2617 3880 2889 3932 hominum
2917 3895 3084 3947 genus
3116 3878 3181 3932 ad
3215 3878 3538 3933 laudandum

1957 3952 2148 4017 Deum,
2182 3952 2388 4005 scilicet
2426 3965 2519 4003 eos
2542 3964 2675 4018 quos
2722 3951 2943 4003 adversa
2988 3950 3182 4017 premit
3220 3949 3451 4014 fortuna,
3485 3960 3540 4006 et

1954 4022 2044 4090 qui
2079 4034 2334 4088 prospera
2368 4029 2605 4082 utuntur,
2637 4021 2726 4087 qui
2760 4019 3121 4090 benevalent,
3155 4019 3243 4085 qui
3281 4019 3541 4075 imbecilli

1955 4089 2098 4155 sunt,
2130 4091 2216 4157 qui
2244 4090 2354 4157 jam
2382 4090 2593 4142 mortui.
2633 4090 2755 4141 llaec
2781 4089 2994 4156 quidem
3026 4090 3327 4142 communis
3353 4099 3435 4142 est
3462 4090 3541 4143 in-

1956 4160 2292 4227 terpretatio.
2318 4157 2458 4211 Nihil
2491 4167 2666 4211 tamen
2708 4159 2980 4225 prohibet,
3019 4158 3305 4227 quominus
3331 4158 3395 4209 ad
3426 4174 3541 4212 mo-

1956 4226 2049 4283 res
2077 4231 2299 4290 releras,
2334 4238 2390 4281 ut
2418 4242 2602 4282 omnes
2629 4230 2716 4294 qui
2746 4228 2899 4280 bonis
2924 4226 3184 4289 moribus,
3208 4226 3295 4293 qui
3321 4228 3541 4294 perditis

1957 4308 2101 4365 sunt,
2136 4299 2432 4352 invitentur
2461 4302 2526 4350 ait
2569 4297 2751 4351 laudes
2782 4296 3001 4350 Christo
3025 4299 3404 4361 concinendas,
3444 4300 3540 4351 sed

1956 4370 2028 4423 ita
2064 4382 2120 4423 ut
2142 4386 2285 4423 nemo
2312 4370 2523 4436 posthac
2550 4377 2777 4419 mortuus
2807 4367 2896 4430 sit,
2916 4366 3009 4436 sed
3040 4380 3227 4419 onmes
3250 4367 3315 4419 ad
3346 4367 3537 4423 bonam

1957 4441 2161 4509 frugem
2183 4434 2451 4504 conversi,
2467 4440 2594 4499 vita,
2614 4452 2769 4509 quam
2794 4436 2947 4509 olIert
2964 4434 3233 4499 Christus,
3250 4436 3535 4506 gaudeant.

2026 4506 2150 4566 €08.
2181 4512 2336 4564 Canit
2365 4509 2629 4572 Ecclesia,
2658 4508 2840 4562 Jesum
2863 4506 3132 4560 Christum
3167 4515 3394 4560 mortem
3430 4522 3542 4561 n.0-

1956 4582 2150 4637 riendo
2173 4582 2538 4634 destruxisse:
2566 4595 2670 4647 quo
2690 4593 2851 4632 sensu
2882 4593 3028 4630 nemo
3050 4580 3167 4648 jam
3188 4586 3417 4629 mortuus
3444 4587 3539 4648 est.

260 4662 365 4702 nou
397 4649 570 4703 solum
595 4646 788 4703 tribum
813 4651 968 4717 Juda,
1004 4651 1095 4705 sed
1127 4654 1288 4705 etiam
1317 4646 1505 4707 omnes
1531 4654 1663 4707 alias
1686 4646 1849 4709 Deum
1880 4653 1934 4714 Ι)
2034 4654 2090 4705 ln
2122 4651 2243 4705 cod.
2278 4651 2395 4705 Vat.
2436 4651 2475 4703 Β
2516 4646 2635 4715 post
2667 4649 2807 4702 lumc
2838 4646 3090 4718 hymnum
3132 4648 3407 4715 sequitur:
3448 4646 3542 4701 In-

255 4720 440 4789 ciolere
468 4722 737 4774 asseruit:
781 4736 920 4773 nunc
964 4721 1101 4775 idem
1153 4724 1219 4775 de
1256 4723 1503 4789 gentibus
1542 4725 1842 4781 confirmat.

260 4788 492 4871 l_)egener
519 4806 747 4871 propago
775 4800 919 4871 sunt,
945 4791 1236 4871 qui_neque
1262 4788 1293 4843 a
1326 4794 1647 4859 patriarchis
1668 4803 1845 4849 ortum

253 4859 487 4926 ducunt,
515 4868 569 4915 et
592 4859 657 4915 ad
686 4859 947 4915 idolorum
969 4860 1170 4915 cultum
1193 4877 1251 4917 se
1271 4872 1675 4918 converterunt.

1960 4724 2082 4792 cipit
2113 4723 2175 4775 de
2198 4721 2480 4791 apusculis,
2509 4718 2666 4792 Patri
2685 4718 2791 4792 Deo
2824 4720 3075 4792 immolat,
3114 4734 3205 4792 per
3242 4719 3539 4792 trochaeum,

1959 4786 2019 4847 et"
2051 4786 2338 4845 trimetrum
2376 4789 2841 4860 endecasyllabum.
2868 4787 2937 4860 _ln
2970 4786 3099 4860 cod.
3140 4786 3543 4855 Ratisboneusi,

1957 4863 2104 4917 Finit
2133 4862 2533 4917 Cathemerinon:
2563 4855 2828 4912 Prudentii
2855 4855 3145 4913 Clementis.

1703 5369 2289 5541 esse"

1707 5480 2185 5808 ἓξ*
