4092 6344
562 413 666 469 919

598 526 667 580 95
742 526 829 581 Vae
858 524 1110 594 captiosis
1135 524 1585 594 schphantarum
1615 523 1884 593 strophis!

810 614 900 670 Vae
929 616 1197 685 versipelli
1221 615 1457 670 astutiae!

736 708 915 764 Nodos
944 716 1158 763 tenaces
1181 718 1325 763 recta
1356 708 1554 778 rumpit
1579 707 1782 777 regula,

809 798 1006 854 Infesta
1036 798 1466 855 dissertantibus.

737 890 939 946 Idcirco
966 890 1149 946 mundi
1176 891 1334 946 stulta
1363 890 1563 960 delegit
1590 890 1750 955 Deus,

597 981 667 1036 50
783 980 973 1053 ’400
1000 981 1071 1037 Ut
1099 981 1385 1036 concidant
1415 980 1706 1049 sophistica
1728 1020 1745 1046 ,

739 1073 931 1141 Deque.
950 1072 1232 1127 imbecillis
1265 1070 1578 1142 subiugavit
1591 1069 1749 1125 fortia

808 1165 1043 1234 Simplex
1075 1173 1134 1217 ut
1170 1171 1314 1219 esset
1332 1161 1576 1217 credere.

738 1254 897 1323 Lapis
924 1268 1050 1307 ecce
1081 1262 1265 1307 nostro
1296 1252 1434 1307 ﬁxus
1460 1249 1789 1307 offensaculo
1814 1257 1927 1312 est.

811 1343 1074 1412 Impingat
1099 1342 1149 1397 in
1180 1357 1341 1413 quem
1371 1341 1579 1396 vanitas
1609 1359 1621 1394 :

602 1438 670 1490 55
742 1436 961 1505 Signum
987 1436 1221 1504 caventi,
1254 1450 1357 1489 non
1387 1433 1599 1489 caventi
1626 1432 1975 1489 scandalum:

812 1526 964 1579 Hunc
989 1526 1201 1592 sternit,
1226 1525 1375 1579 illum
1407 1524 1609 1593 dirigit.

743 1616 873 1669 Dum
908 1615 1060 1684 plura
1094 1625 1263 1670 tentat
1287 1628 1463 1671 caecus
1487 1614 1693 1669 incerto
1720 1614 1888 1684 gradu
1914 1653 1929 1680 ,

812 1704 1041 1761 lncurrit
1070 1706 1144 1773 id,
1170 1704 1313 1776 quod
1338 1705 1553 1761 obvium
1576 1712 1678 1761 est.

1736 404 2013 463 AURELII
2054 404 2419 462 PBUDENTII
2456 405 2762 463 CARMINA

2156 538 2212 600 Α

3708 392 3812 448 920

2412 522 2520 578 Fax
2545 524 2663 578 sola
2693 522 2817 577 fidei
2843 528 2926 576 est
2958 518 3294 590 praeferenda
3322 517 3634 592 gressibus,

2281 614 2351 669 40
2494 614 2566 669 Ut
2586 624 2731 669 recta
2751 614 2857 668 sint
2877 612 3120 681 vestigia.

2417 705 2577 773 Queis
2602 706 2655 759 in
2689 703 2924 760 tenebris
2954 702 3125 756 hostis
3166 707 3406 756 errantes
3444 706 3623 758 tamen

2488 795 2645 866 401
2675 795 2874 861 Pulsat,
2912 792 3204 863 trahitque,
3230 801 3286 848 et
3314 793 3576 862 proterit:

2416 886 2518 954 Qui
2542 900 2726 955 sparsa
2749 886 2816 941 ad
2838 886 3015 955 ipsum
3040 893 3435 940 commeantum
3466 885 3745 941 transitum

2487 978 2777 1032 Frutnenta
2798 991 2970 1032 smvus
2992 976 3215 1031 devorat
3240 992 3253 1030 :

2277 1070 2347 1126 45
2416 1068 2519 1137 Qui
2543 1070 2661 1125 laeta
2690 1069 2888 1125 Christi
2910 1071 3050 1124 culta
3084 1070 3169 1123 fur
3195 1067 3513 1138 interpolat,

2488 1160 2707 1215 Addens
2728 1175 2923 1215 avenas
2953 1162 3205 1225 aemulas,

2418 1254 2562 1323 Quas
2591 1256 2659 1310 de
2678 1255 2868 1310 veneni
2890 1256 3029 1310 lacte
3059 1254 3115 1309 in
3136 1252 3357 1310 herbam
3382 1246 3612 1309 fertilem

2492 1348 2700 1403 Patitur
2721 1348 2945 1403 colonus
2980 1332 3228 1403 crescere
3246 1388 3262 1412 ,

2418 1438 2494 1496 Ne
2520 1439 2659 1495 forte
2677 1440 2912 1494 culmum
2937 1438 3069 1493 ﬁbra
3097 1439 3272 1494 inanis
3297 1438 3534 1508 spiceum

2286 1530 2357 1585 50
2499 1530 2670 1585 Simul
2691 1530 2903 1585 revulsa
2924 1529 3246 1584 internecet.

2426 1621 2712 1690 Exspectat
2738 1635 2888 1690 ergo,
2916 1619 3042 1674 dum
3072 1618 3279 1686 dolosa,
3311 1625 3368 1674 et
3398 1617 3571 1673 farrea

2496 1712 2734 1769 Fervens
2762 1721 2956 1783 coquat
2983 1712 3259 1767 maturitas
3282 1755 3299 1781 ,

1872 1794 2155 1852 GLOSS/E
2200 1801 2539 1859 VETERES.

632 1891 721 1947 25.
764 1888 1023 1958 Captiosis
1047 1929 1063 1955 ,
1096 1888 1501 1960 deceptibilibus,
1529 1886 1605 1960 rel
1619 1885 1908 1960 insidiosis.
1938 1917 2018 1960 -ἶ
2038 1888 2141 1958 Sy-
2170 1891 2218 1955 Β

564 1957 970 2029 cophantarum,
993 1957 1536 2023 calumniatorum,‘vel
1552 1958 1958 2029 falsiloquerum.
1980 1957 2140 2027 Syco-

564 2027 781 2099 pltantas
811 2042 979 2084 autem
1026 2030 1122 2083 hac
1164 2032 1227 2083 de
1255 2045 1410 2083 causa
1453 2027 1738 2099 appellatos
1768 2027 1981 2093 dicunt,
2007 2031 2142 2095 quod

566 2046 781 2099 pnantas
811 2046 979 2084 autem
1026 2046 1122 2083 nuc
1164 2046 1227 2083 ae
1255 2046 1410 2083 causa
1453 2046 1738 2149 azpeuaws
1768 2046 1981 2093 arcum,
2007 2046 2141 2095 quoa

566 2102 822 2168 quondam
839 2102 1051 2170 juvenes
1072 2100 1211 2154 soliti
1235 2108 1377 2154 erant
1398 2099 1453 2151 in
1522 2106 1657 2170 ortos
1679 2114 1959 2165 erumpere,
1992 2099 2147 2166 ﬁcos-

564 2188 660 2239 que
679 2172 798 2224 inde
819 2168 1001 2237 furari.
1039 2171 1205 2234 Quam
1234 2171 1294 2225 ob
1322 2184 1529 2221 causam
1553 2168 1660 2237 lege
1680 2177 1753 2221 est
1774 2170 2106 2222 constitutum
2129 2210 2144 2232 ,

565 2250 619 2292 ut
654 2242 740 2308 qui
774 2242 828 2293 id
848 2240 1076 2308 fecisset,
1106 2241 1271 2307 capite
1299 2247 1652 2308 truncaretur;
1674 2253 1824 2305 quam
1844 2254 2041 2308 poenam
2064 2240 2153 2308 qui

566 2306 947 2378 persequeretur
990 2310 1051 2379 ob
1088 2306 1302 2379 parvula
1346 2306 1676 2379 detrimenta,
1708 2307 2024 2379 sycophanta
2076 2306 2152 2363 est

566 2377 872 2448 appellatus.
903 2408 969 2419 —-
993 2377 1260 2449 Strephis,
1283 2377 1547 2443 versutiis,
1576 2378 1653 2431 uel
1665 2377 1956 2447 fraudibus,
1978 2393 2149 2433 reuer-

565 2451 813 2515 sionibus,
841 2451 879 2503 Ι.

638 2520 726 2575 28.
765 2521 957 2576 Infesta
986 2562 1000 2587 ,
1025 2521 1195 2590 gravis
1213 2560 1229 2586 ,
1260 2520 1336 2574 vel
1358 2520 1666 2590 importuna.
1701 2546 1774 2560 -—
1795 2518 2146 2574 Dissertanti-

565 2590 684 2654 bus,
713 2589 1046 2660 loquentibus,
1080 2590 1505 2660 concertantibus,
1533 2589 1574 2642 l.

638 2661 725 2715 59.
770 2658 1019 2727 Credere,
1048 2662 1345 2724 credulitas,
1372 2658 1573 2713 verbum
1602 2675 1695 2730 pro
1724 2660 1948 2727 nomine,
1974 2659 2151 2728 inﬁni-

565 2731 694 2785 tivus
722 2733 1177 2803 interpretaturper
1202 2729 1610 2786 nominativum.
1640 2729 1684 2783 Ι.

2318 1895 2408 1950 54.
2456 1894 2692 1959 Vanitas,
2724 1896 2924 1948 caecitas
2956 1895 3329 1958 htereticorum,
3360 1893 3381 1946 1

2317 1965 2406 2037 41.
2447 1965 2630 2033 Queis,
2652 1965 3035 2037 interrogando,
3059 1965 3176 2019 illos
3191 1966 3315 2019 duos
3327 1979 3497 2025 versus
3514 1977 3831 2037 pronuntiat,

2250 2035 2327 2088 uel
2345 2038 2480 2103 quis,
2513 2052 2603 2103 pro
2628 2036 2828 2104 quibus,
2852 2035 2900 2090 Ι.

2317 2107 2408 2159 45.
2446 2106 2569 2174 Qui,
2602 2108 2701 2159 nisi
2733 2106 2841 2169 ille,
2870 2105 2910 2160 Ι.

2318 2175 2409 2231 45.
2448 2176 2754 2244 lnterpolat,
2781 2175 3202 2245 intermiscet,ve_l
3222 2176 3592 2245 interseminat,
3618 2176 3737 2232 Vat.
3761 2180 3827 2243 A,

2253 2244 2537 2370 S‘ttbrt'pt'lal,
2568 2243 2644 2299 vel
2672 2245 2973 2312 subnubilet,
3002 2245 3133 2300 Mar.
3164 2243 3501 2311 Intermiscet,
3528 2263 3559 2301 a
3578 2243 3706 2325 polo
3726 2258 3827 2303 tra-

2257 2333 2283 2369 c
2306 2332 2426 2370 um.
2480 2330 2559 2370 se.

2257 2324 2395 2369 ctum
2412 2356 2426 2379 ,
2455 2320 2559 2371 ise.
3634 2320 3649 2325 ⁷

2328 2386 2417 2441 46.
2457 2387 2719 2454 A'Zmulas,
2749 2387 3002 2449 inimicas,
3033 2384 3230 2441 steriles
3249 2426 3264 2453 ,
3294 2387 3332 2442 Ι.

2327 2456 2417 2512 48.
2460 2458 2711 2521 Colonus,
2748 2457 2905 2516 Deus.
2936 2456 3124 2523 Pater,
3156 2456 3193 2510 Ι.

2326 2526 2416 2582 49.
2458 2526 2635 2594 Fibra,
2669 2529 2845 2594 radix,
2874 2527 2993 2581 Vat.
3024 2529 3108 2580 A.’

2326 2596 2416 2668 5t.
2462 2598 2673 2659 Dolosa,
2702 2598 2915 2668 vitiosa,
2933 2598 3009 2650 vel
3030 2598 3172 2650 lolia.
3191 2597 3495 2665 ——Farrea,
3518 2602 3753 2668 triticea,
3774 2601 3816 2659 1.

2255 2694 2328 2711 --
2360 2666 2585 2737 Vitiosa,
2612 2669 2756 2722 lolia.
2788 2697 2857 2707 ——
2878 2667 3097 2734 Ferrea,
3123 2668 3337 2735 triticea,
3369 2668 3485 2725 Vat.
3521 2671 3586 2739 Q.

1918 2818 2479 2877 COMMENTARIUS.

566 2920 687 2992 quia
714 2920 929 2992 Asimites
979 2922 1198 2986 retibus,
1240 2923 1380 2991 quod
1426 2921 1493 2975 ad
1540 2920 1776 2992 ofﬁcium
1804 2920 2154 2992 quidem_ca-
2254 2918 2897 2992 quo_respexitVi_rgilius
2928 2917 3019 2992 lib.
3046 2918 3463 2992 1x,vers._“8:
3491 2919 3829 2992 Capitolinu-

564 2990 745 3063 piendi
780 2994 1026 3063 pertinet.
1062 2988 1439 3063 Aristo'Chius
1468 2990 1611 3063 apud
1640 2988 1907 3063 Laertium
1941 2999 1995 3063 et
2026 2990 2153 3063 Sto-
2254 2988 2441 3063 mgbile
2466 3006 2667 3063 suarum.
2693 2988 2885 3044 custos
2924 2989 3105 3045 finium
3135 3000 3251 3063 erat
3283 2988 3585 3047 Terminus)
3630 2994 3830 3062 Sibylla

563 3059 737 3112 barum
774 3059 1021 3125 affirmat,
1048 3061 1481 3116 ratiocinationes
1510 3061 1910 3114 dialecticorum
1945 3061 2150 3115 similes

570 3142 690 3181 esse
719 3130 837 3182 telis
867 3144 1183 3185 aranearum
1211 3176 1224 3199 ,
1257 3146 1376 3200 quae
1397 3141 1563 3185 artem
1593 3146 1703 3200 pra:
1731 3145 1790 3185 se
1821 3131 2020 3198 ferunt,
2051 3130 2147 3186 sed

567 3199 702 3271 nihil»
725 3200 933 3271 tandem
968 3210 1190 3271 prosunt
1224 3199 1316 3255 aut
1355 3199 1611 3257 efficiunt.

768 3270 948 3338 Prag.,
968 3268 1147 3337 'male,
1179 3281 1233 3325 ut
1261 3288 1355 3337 pro
1386 3288 1478 3326 vae.
1514 3272 1570 3325 ln
1602 3270 1839 3327 editione
1868 3270 2145 3335 Parmensi

564 3338 669 3411 hoc
694 3347 747 3391 ct
769 3355 882 3408 seq.
908 3357 1047 3396 vers.
1080 3342 1364 3410 apponitur
1391 3343 1821 3410 interrogationis
1841 3350 1964 3395 nota
1984 3382 1999 3407 ,
2025 3356 2144 3411 quae

565 3409 740 3475 potius
770 3412 1132 3466 admirationis
1155 3409 1272 3466 esse
1298 3413 1475 3467 debet.
1521 3409 1768 3467 Petavius
1810 3413 1861 3464 in
1894 3409 2142 3480 prolego-

566 3482 737 3533 menis
758 3481 827 3533 ad
850 3482 1194 3551 Theologiam
1225 3482 1648 3551 elegantissimos
1662 3482 1788 3536 dicit
1809 3482 1906 3535 hos
1933 3497 2141 3546 versus,

563 3564 670 3621 quo
696 3551 873 3621 elogio
913 3555 1108 3619 saepius
1138 3553 1485 3607 Prudentium
1526 3552 1763 3606 celebrat
1805 3553 2030 3621 insignis
2057 3554 2142 3607 hic

566 3617 864 3692 theologus,
883 3638 979 3676 nec
996 3617 1421 3677 contemnendus
1444 3634 1621 3692 poeta.
1645 3617 2141 3689 Interpretationem

564 3688 733 3762 [sonis
757 3690 823 3743 de
849 3692 1163 3759 syc0phanta
1211 3693 1301 3747 alii
1333 3688 1582 3761 rejiciunt
1602 3734 1615 3757 ,
1648 3693 1736 3762 qui
1772 3688 2141 3762 sycophantam

565 3760 748 3830 dicunt
778 3762 1099 3827 appellatum
1142 3763 1307 3817 fuisse
1334 3760 1547 3817 servum
1575 3802 1589 3826 ,
1620 3760 1712 3830 qui
1742 3760 1854 3828 ipse
1889 3760 2018 3815 ficos
2049 3777 2141 3815 co-

567 3828 834 3900 niederat,
869 3830 920 3900 i_n
954 3831 1114 3885 alium
1155 3847 1283 3885 vero
1310 3828 1649 3886 innocenteni
1684 3846 1898 3884 servum
1926 3832 2138 3900 culpam

569 3896 691 3968 furti
737 3898 1027 3953 mendaciis
1068 3910 1121 3954 et
1148 3901 1429 3955 calumniis
1475 3901 1798 3968 coniecerat.
1830 3896 2136 3966 Paschalis,

566 3965 799 4038 loc.cit.
829 3984 946 4038 pag.
982 3970 1049 4023 55
1073 4011 1086 4033 ,
1120 3985 1236 4037 cap.
1272 3973 1330 4025 il
1360 4012 1376 4037 ,
1406 3965 1691 4037 observat,
1722 3978 2056 4035 tortuosum,
2082 3965 2137 4026 et

565 4036 844 4091 subdolum
869 4036 1033 4112 genus
1064 4036 1313 4112 loquendi
1344 4042 1447 4096 dici
1491 4040 1725 4112 stmphas
1752 4082 1765 4107 ,
1793 4042 1917 4111 quia
1947 4043 2139 4111 prima:

565 4120 777 4178 corona:
809 4109 1040 4178 strephia
1067 4109 1411 4168 vocabantur.

634 4176 718 4230 ‘26.
771 4178 883 4232 Vat.
909 4176 973 4245 A,
1006 4181 1161 4247 male,
1192 4183 1379 4236 astutia
1409 4196 1504 4250 pro
1530 4185 1748 4236 astutiw.

632 4250 721 4301 28.
770 4249 971 4304 Bonon.
999 4290 1015 4315 ,
1047 4252 1334 4316 mendose,
1366 4249 1785 4306 dissentantibus.
1822 4250 2137 4307 Dissertator

563 4325 618 4390 et
641 4320 856 4372 disserto
874 4322 1010 4390 apud
1039 4322 1368 4390 antiquiores
1399 4336 1501 4376 non
1536 4324 1688 4377 facile
1717 4324 2001 4390 reperitur.
2029 4324 2138 4377 Pli-

563 4389 684 4442 nius
732 4398 908 4444 tamen
940 4400 993 4445 et
1039 4389 1242 4446 Gellius
1292 4402 1510 4445 utuntur
1556 4389 1789 4446 nomine
1820 4392 2134 4459 dissertatio,

563 4460 808 4531 quamvis
834 4460 1041 4514 variant
1066 4462 1297 4515 codices.
1329 4462 1459 4515 Cato
1488 4463 1625 4531 apud
1655 4462 1870 4516 Festum
1897 4464 2132 4517 disserto.

632 4527 721 4580 29.
763 4527 999 4601 Egtnzet
1043 4533 1165 4593 Ox.,
1200 4532 1395 4600 dilegit.
1424 4527 1559 4596 Pali,
1589 4534 1757 4596 male,
1781 4532 1968 4601 diligit.
2003 4533 2135 4587 Vide

563 4594 825 4664 hymnum
840 4596 895 4650 S.
932 4598 1176 4663 Romani,
1209 4594 1348 4653 vers.
1383 4594 1578 4661 suae:
1610 4604 1625 4653 l
1656 4594 1778 4655 Cor.
1805 4616 1845 4664 ι,
1876 4594 1965 4653 ἒῖ.

2254 3059 2581 3114 offensaculo
2604 3074 2765 3113 saxeo
2805 3074 3019 3115 errores
3046 3060 3285 3129 gentium
3316 3065 3672 3129 comparavit.
3708 3059 3835 3123 Vide

2256 3130 2414 3184 Lucae
2444 3146 2532 3197 xx,
2573 3132 2664 3195 l7;
2699 3130 2854 3185 Rom.
2884 3146 2959 3193 ix,
2982 3130 3084 3193 '52;
3122 3132 3139 3184 l
3166 3130 3305 3185 Petri
3335 3147 3392 3195 ιι,
3424 3132 3479 3187 8.

2325 3200 2415 3255 54.
2460 3200 2623 3255 Error
2658 3200 2774 3255 Vat.
2807 3201 2872 3266 A,
2902 3199 3197 3270 Impinguat
3224 3204 3277 3253 in
3303 3218 3473 3269 quem.

2322 3273 2412 3343 55.
2456 3270 2576 3325 Vat.
2611 3272 2655 3343 ᾼ
2683 3311 2697 3335 ,
2725 3272 2955 3339 lignum,
2988 3284 3147 3343 supra
3196 3272 3416 3338 signum.
3471 3273 3821 3343 Scandalum,

2251 3341 2471 3396 verbum
2520 3341 2959 3396 ecclesiasticum.
2996 3341 3127 3395 Hinc
3163 3342 3508 3397 seandalizari
3537 3341 3821 3401 Tertulliaé

2250 3427 2351 3466 nus
2377 3421 2431 3466 et
2464 3410 2818 3480 Hieronymus
2842 3454 2855 3476 ,
2892 3420 2947 3465 ut
2974 3410 3109 3466 alios
3137 3413 3396 3466 omittam.

2320 3482 2407 3536 57.
2448 3481 2597 3547 Ald.,
2626 3483 2679 3533 in
2700 3490 2856 3547 certo,
2880 3482 3087 3548 corrige
3112 3482 3323 3535 incerto.

2318 3552 2407 3606 39.
2451 3552 2567 3605 Vat.
2593 3551 2661 3617 A,
2693 3553 2783 3618 fax
2805 3592 2819 3616 ,
2849 3566 2950 3620 pro
2990 3549 3160 3607 diver.
3190 3554 3376 3620 script.
3408 3552 3517 3605 lux.
3550 3553 3609 3607 ln
3656 3553 3816 3609 Palat.

2252 3622 2501 3676 mendum
2526 3630 2653 3688 puto
2684 3638 2787 3690 pax
2813 3636 2908 3690 pro
2936 3622 3045 3689 fax.

2315 3693 2403 3744 41.
2448 3691 2589 3757 Quos
2621 3691 2879 3761 (gressus)
2914 3691 3145 3745 malebat
3187 3690 3474 3745 Cauchius.
3525 3692 3630 3746 Sed
3675 3696 3823 3753 aliter

2245 3762 2464 3832 scripti,
2487 3770 2543 3813 ut
2565 3770 2747 3832 monet
2770 3762 3034 3816 Heinsius.
3066 3761 3341 3832 lnBonon.
3372 3767 3549 3815 tamen
3576 3774 3707 3831 quos
3728 3781 3820 3832 pro

2231 3833 2405 3902 Lqueis.
2445 3830 2767 3902 lntelligitur
2801 3841 2976 3885 autem
3023 3831 3205 3899 quibus
3254 3833 3305 3884 in
3348 3830 3821 3889 tenebris.Teolius

2244 3901 2387 3974 hunc
2407 3916 2621 3956 sensum
2647 3903 2699 3955 in
2721 3901 2949 3974 cellario
2970 3902 3245 3974 reprobat;
3280 3912 3335 3974 et
3360 3917 3481 3974 cum
3514 3903 3814 3974 interroga-

2244 3972 2405 4045 tionis
2426 3972 2799 4045 nota_exponi_t
2824 3972 2935 4045 quis
2963 3971 3121 4025 hostis
3146 3972 3395 4041 proterit?
3424 3971 3506 4027 lso
3537 3971 3817 4045 utramque

2246 4042 2738 4111 interpretationem
2773 4043 2989 4095 indicat.

2311 4110 2404 4167 42.
2445 4112 2501 4165 In
2532 4111 2798 4165 nonnullis
2824 4112 2998 4180 Vulg.,
3030 4110 3185 4180 male,
3214 4121 3261 4165 et
3284 4113 3481 4179 poterit.

2312 4182 2402 4236 45.
2445 4181 2577 4237 Vide
2603 4181 2758 4236 Lucae
2797 4179 3003 4245 vm,'et
3049 4179 3234 4235 Maiitlt.
3269 4197 3379 4235 xm.
3411 4181 3519 4247 25,
3570 4182 3661 4237 ubi
3713 4184 3816 4237 liter.

2254 4252 2503 4321 parabola
2532 4252 2833 4320 exponitur.

2309 4321 2398 4376 45.
2442 4322 2686 4389 Bonon.,
2736 4321 3110 4391 interpululat,
3155 4323 3314 4376 male.
3347 4321 3458 4376 Gis.
3504 4321 3580 4391 ad
3626 4336 3809 4388 oratu,

2236 4407 2398 4463 grana
2427 4408 2524 4461 pro
2556 4392 2711 4463 culta.
2748 4390 3124 4459 Barthius,lib.
3158 4407 3310 4458 xxrv,
3338 4406 3456 4463 cap.
3488 4390 3579 4463 Η,
3614 4395 3805 4463 elegan-

2242 4460 2439 4515 tissime
2455 4463 2505 4516 id
2538 4462 2739 4532 dictum
2764 4465 2867 4526 ait;
2898 4463 2990 4516 sed
3020 4466 3319 4532 suspicatur
3344 4504 3359 4529 ,
3393 4460 3675 4531 legendum
3694 4460 3811 4532 '[ur-

2241 4535 2335 4585 tim
2365 4547 2462 4600 pro
2490 4534 2595 4600 fur.
2631 4531 2934 4585 Lectionem
2966 4530 3127 4585 codd.
3149 4530 3395 4600 praefero.

2309 4600 2397 4656 47.
2443 4600 2560 4655 Ald.
2585 4643 2598 4663 ,
2631 4600 2814 4665 Weit.,
2846 4600 2958 4658 Gis.
2977 4614 3095 4655 cum
3129 4602 3396 4669 plerisque
3427 4616 3583 4665 mss.,
3616 4602 3669 4653 in
3699 4604 3809 4656 Iter-

634 4666 725 4746 Ξξί.
754 4663 868 4746 Vat.
959 4667 1170 4746 et_Pal.,
1189 4685 1347 4737 neque
1362 4672 1649 4746 pro_d_eq_ue,
1676 4670 1816 4737 quod
1834 4663 2024 4746 sensus
2046 4686 2137 4737 po-
2162 4687 2217 4746 Ῑ)
2241 4671 2355 4723 bam
2382 4671 2616 4746 fertilem.
2648 4663 2891 4725 Heinsius
2920 4673 2970 4724 in
2999 4663 3417 4746 Iterbamleriiles
3444 4663 3689 4746 (avenas)
3711 4676 3812 4727 ele-

562 4735 745 4808 stulat.
763 4735 1110 4808 Barthiuslib.
1134 4735 1400 4808 xvu,cap.
1421 4735 1744 4807 i7§Advers.,
1763 4739 1940 4791 multis
1961 4735 2141 4794 exem-

561 4804 665 4871 plis
686 4806 981 4877 confirmat,
997 4808 1059 4862 de
1075 4823 1217 4875 saepe
1235 4804 1362 4863 esse
1384 4804 1732 4877 superfluum,
1762 4823 1938 4874 neque
1966 4812 2135 4864 solum

564 4876 703 4949 apud
729 4875 1091 4949 Prudentium,
1112 4875 1498 4933 Tertullianuin
1518 4918 1532 4942 ,
1555 4878 1913 4949 Symposium,
1946 4880 2139 4933 Nemc-

560 4947 793 5019 sianum,
821 4944 1167 5019 Cyprianum,
1191 4950 1471 5005 Alcuinum
1503 4944 1744 5016 aliosque
1776 4964 1880 5002 non
1902 4951 2135 5019 optimos

558 5015 799 5080 Latinos,
823 5015 917 5071 sed
940 5018 1099 5071 etiam
1129 5019 1264 5087 apud
1289 5020 1616 5084 Lucretium,
1637 5015 1899 5073 Catullum
1930 5015 1983 5073 et
2003 5021 2135 5074 alios

560 5087 678 5158 ejus
702 5089 935 5157 generis.
964 5086 1300 5158 Saepeetiam
1325 5091 1387 5143 de
1409 5091 1672 5158 significat
1692 5091 2129 5158 instrumentum,

473 5166 614 5255 “ﬂet
641 5156 1099 5255 héechsignitica'lzio
1121 5157 1248 5255 lhuic
1274 5158 1388 5255 locrli
1419 5156 1681 5255 congruit;

522 5251 533 5255 _
633 5228 661 5255 ’Ζ
810 5228 969 5255 “omnis
1052 5242 1114 5255 ΔΛ
1141 5226 1219 5255 ἷηη
1310 5241 1367 5255 ..Α
1392 5229 1616 5255 ζηζι-ηυη...

518 5226 554 5297 l“
632 5228 718 5281 52.
761 5226 974 5281 Notavit
1004 5226 1260 5290 Teolius,
1310 5226 1619 5297 religionem
1657 5230 2016 5284 Christianam
2064 5231 2133 5282 ah

523 5295 863 5367 ‘Ammiano,
897 5298 1112 5351 etlmico
1150 5295 1447 5367 scriptore,
1475 5300 1528 5351 in
1559 5300 1661 5352 line
1695 5300 1788 5354 lib.
1823 5315 1911 5353 xxi
1949 5300 2132 5355 vocari

560 5366 845 5420 absolutam
871 5377 917 5420 et
946 5368 1243 5437 simplicem.

630 5438 722 5491 35.
763 5437 1023 5492 Weitzius
1045 5436 1171 5491 cum
1199 5437 1317 5490 solo
1345 5436 1545 5491 Widm.
1579 5437 1791 5505 scripsit
1819 5437 2130 5505 olfensaclo,

530 5523 534 5529 ’
560 5506 691 5577 nihil
721 5509 875 5561 metri
915 5507 1194 5562 sollicitus.
1235 5507 1389 5577 Prag.
1418 5548 1434 5572 ,
1470 5522 1575 5561 non
1603 5507 1773 5577 bene,
1803 5508 2131 5574 offendicula.

560 5576 718 5639 Lapis
741 5577 878 5648 ﬁxus
903 5578 1070 5643 accipi
1096 5586 1269 5646 potest
1293 5592 1389 5646 pro
1412 5580 1585 5648 signo,
1618 5576 1757 5643 quod
1782 5577 1833 5629 in
1867 5577 2009 5631 bivio
2033 5588 2128 5632 aut

557 5646 867 5713 trivio-poni
891 5648 1098 5699 solebat
1117 5649 1181 5701 ad
1198 5649 1297 5701 iter
1325 5646 1746 5709 ostendendum;
1778 5655 1958 5713 postea
1981 5650 2124 5703 cnim

556 5720 759 5781 signum
785 5716 998 5770 dicitur.
1026 5716 1233 5771 Ethnici
1249 5716 1580 5782 Terminum,
1600 5716 1825 5784 lapidem
1847 5717 2125 5771 informem

557 5799 627 5855 ac,
642 5786 860 5855 rudem,
889 5785 1152 5849 colebant,
1182 5788 1270 5853 qui
1288 5789 1454 5851 solus,
1488 5803 1608 5842 cum
1630 5785 1950 5855 Tarquinius
1977 5787 2127 5854 Capi-

562 5853 749 5906 tolium
776 5854 954 5911 facere
982 5855 1161 5916 vellet,
1192 5856 1505 5913 cedentibus
1526 5859 1732 5913 creteris
1755 5853 1880 5919 diis,
1910 5853 2124 5916 mansit;

2242 4749 2431 4809 ganter
2456 4742 2654 4795 dictum
2685 4748 2833 4809 putat
2860 4755 2983 4794 cum
3015 4742 3132 4794 Put.
3162 4782 3175 4804 ,
3204 4740 3411 4794 Thuan.
3439 4740 3461 4807 ,
3487 4742 3641 4810 Egm.
3671 4740 3701 4795 a
3734 4757 3813 4797 se-

2243 4811 2414 4865 cunda
2445 4825 2637 4877 manu,
2668 4821 2722 4864 et
2751 4811 3075 4864 Cauchiano.
3107 4811 3309 4863 Bonon.
3340 4812 3521 4875 etiam,
3556 4821 3612 4865 et
3636 4814 3808 4879 Alex.,

2240 4882 2293 4932 in
2317 4881 2520 4934 herbam
2549 4882 2757 4949 fertiles.
2789 4881 2914 4935 Mihi
2946 4896 3050 4934 non
3077 4880 3319 4947 displicet
3343 4882 3395 4933 in
3430 4881 3636 4933 herbam
3663 4882 3807 4946 ferti-

2241 4951 2358 5004 lem.
2396 4952 2638 5004 Barthius
2669 4950 2772 5004 loc.
2805 4952 2896 5004 cit.
2924 4960 3202 5004 venustum
3230 4964 3349 5004 esse
3378 4952 3453 5004 ait
3480 4991 3494 5015 ,
3526 4951 3607 5004 lac
3636 4951 3811 5006 dicere

2241 5022 2468 5087 primum
2523 5024 2906 5074 incrementum
2955 5021 3287 5075 herbarum:
3342 5020 3483 5084 Quas
3534 5021 3598 5073 de
3643 5024 3810 5075 veneni

2240 5091 2391 5145 lacte.
2430 5089 2690 5143 Venenum
2720 5100 2873 5144 vocat
2901 5104 3116 5143 succum
3151 5092 3363 5143 noxium
3390 5104 3703 5145 avenarum.

2308 5163 2398 5214 48.
2442 5159 2496 5213 In
2527 5160 2649 5213 Ald.
2682 5160 2933 5214 mendum
2960 5160 3188 5212 colonos.

2307 5229 2395 5284 49.
2436 5230 2580 5293 Ald.,
2611 5231 2781 5293 inani,
2814 5230 2929 5294 lege
2948 5230 3137 5283 inanis.

2308 5302 2395 5354 51.
2438 5298 2805 5361 Ald.,Weitz.,
2822 5298 2935 5353 (iis.
2961 5314 3080 5353 cum
3108 5298 3378 5367 plerisque
3401 5298 3584 5361 codd.,
3608 5302 3805 5367 dolosa,

2236 5378 2299 5441 et
2313 5371 2504 5441 farrea.
2526 5368 2794 5441 Heinsiani
2817 5368 2995 5432 codd.,
3023 5368 3200 5441 Alex._,
3226 5380 3276 5422 et
3289 5367 3506 5441 Weita.,
3542 5370 3735 5441 Bong.,
3761 5384 3805 5426 et

2238 5438 2382 5509 Wid.
2407 5454 2566 5509 supra
2585 5478 2599 5501 ,
2629 5438 2805 5509 vitiosa
2822 5478 2837 5501 ,
2860 5447 2905 5491 et
2930 5441 3141 5509 farrea;
3165 5438 3391 5509 Bonon.,
3413 5439 3596 5492 vitiosa
3620 5438 3805 5509 farrea.

2242 5508 2474 5580 Utraque
2519 5508 2633 5562 haec
2664 5508 2819 5580 lectio
2845 5518 3106 5580 repugnat
3136 5508 3337 5576 legibus
3364 5523 3470 5580 non
3503 5508 3808 5580 tamgram.

2239 5579 2458 5633 matices
2484 5617 2498 5641 ,
2530 5587 2585 5631 ut
2624 5577 2815 5646 aliquis
2841 5578 3012 5648 dixit,
3042 5592 3198 5648 quam
3238 5577 3500 5648 paelices;
3536 5577 3809 5636 illis'certe

2235 5662 2367 5717 quas
2397 5648 2447 5701 in
2499 5649 2599 5702 hoc
2629 5655 2799 5701 metro
2824 5647 3139 5700 Prudentius
3173 5656 3369 5717 servat.
3404 5647 3655 5703 Heinsius
3684 5652 3807 5704 olim

2237 5714 2528 5784 suspicatus
2555 5729 2634 5772 est
2665 5718 2826 5771 otiosa
2856 5757 2870 5781 ,
2901 5726 2948 5770 et
2968 5720 3159 5787 farrea.
3195 5714 3340 5771 Nihil
3389 5726 3474 5770 eSt
3509 5730 3687 5772 causm
3716 5737 3796 5776 cc.

2235 5787 2898 5861 lectionemcommuniter
2940 5794 3209 5856 receptam
3239 5788 3576 5845 deseramus.-
3608 5788 3764 5861 Egm.
3790 5828 3804 5856 ,

2234 5857 2411 5911 dolosa
2432 5874 2447 5919 :
2472 5859 2535 5912 ad
2564 5872 2736 5921 oram,
2762 5858 2960 5911 vitiosa.
3660 5857 3680 5861 ⁷
3790 5880 3793 5881 ν
