4092 6344
301 383 399 439 92f

478 500 574 555 Det
596 499 893 554 ventilabro
924 499 1060 554 lecta
1087 516 1311 571 qumque
1342 510 1397 556 ut
1425 501 1654 569 horreis,

551 593 682 649 Urat
709 602 1100 650 recrementum
1134 595 1282 653 focis.

1698 386 2135 447 APOTHEOSIS.

1902 514 1957 572 Α
2018 509 2087 564 55
2163 508 2347 567 Retert
2381 512 2473 568 sed
2507 513 2618 582 ipsa
2648 528 2828 583 nosse,
2857 530 2975 587 quae
3003 532 3232 575 messem
3256 522 3487 581 necant.

3460 400 3563 456 922

2232 607 2571 665 Zizaniorum
2594 612 2819 668 semina.

1580 697 1866 757 GLOSSA'J
1905 702 2248 761 VETERES.

366 786 454 842 55.
495 785 697 855 Refert,
722 790 951 858 prodest,
980 793 1052 846 vel
1077 808 1206 861 opus
1226 800 1333 858 est,
1359 790 1397 846 I.

1639 889 2199 948 COMMENTARIUS.

364 977 453 1048 5‘5.
493 977 673 1047 Prag.,
697 980 786 1032 dat
808 992 903 1048 pro
930 979 1219 1033 det.Vatic.
1254 978 1314 1044 Β,
1338 982 1420 1045 de,
1447 982 1539 1037 sed
1568 994 1869 1040 correctum

288 1048 393 1102 det.
425 1047 531 1119 Pro
560 1056 616 1101 ut
636 1047 829 1103 horreis
851 1050 967 1107 Vat.
986 1052 1102 1113 A,'a
1124 1052 1355 1106 secunda
1372 1068 1552 1119 manu,
1584 1065 1629 1108 et
1650 1055 1867 1110 horreis.

360 1118 452 1175 55.
496 1118 671 1188 Egm.,
708 1120 875 1175 Palat.
904 1130 957 1174 et
986 1120 1105 1175 Vat.
1137 1121 1212 1186 A,
1244 1132 1445 1194 negant,
1472 1126 1650 1181 minus
1687 1129 1819 1182 bene
1852 1146 1865 1193 ;

1982 985 2103 1041 Vat.
2144 986 2212 1053 ρ,
2244 984 2404 1050 male,
2436 992 2609 1039 secant
2630 997 2729 1052 pro
2756 992 3037 1051 necant,ut
3066 985 3224 1053 paulo
3251 994 3374 1042 ante
3399 988 3558 1042 inter.

1978 1067 2140 1112 necet.
2180 1056 2298 1115 Vat.
2333 1054 2379 1109 A
2400 1096 2414 1122 ,
2443 1054 2605 1124 defert
2631 1069 2725 1123 pro
2747 1055 2930 1124 refert,
2962 1055 3237 1111 mendose.

293 1212 3533 1242 Ἦ

1540 1297 2293 1383 APOTH-EOSIS.

468 1473 626 1547 ωε
657 1474 889 1532 Plurima
914 1486 1071 1546 sunt,
1104 1479 1197 1535 sed
1225 1494 1389 1550 pauca
1417 1480 1626 1551 loquar,
1658 1497 1727 1538 ne
1750 1482 1865 1537 dira

714 1622 722 1629 .
1442 1572 1647 1645 [relatu

465 1664 720 1735 Dogmata
768 1649 1089 1725 catholicam
1139 1670 1409 1726 maculent
1466 1671 1606 1725 male
1657 1670 1863 1739 prodita

1364 1761 1647 1833 [linguam.

463 1846 737 1920 4031118
766 1849 978 1907 Patrem
1015 1851 1219 1922 pellens
1247 1852 1384 1908 solio
1422 1852 1659 1909 detrudit
1687 1853 1739 1907 in
1776 1867 1862 1906 ar-

1481 1950 1652 2021 [ctum

2152 1482 2405 1550 Corporis
2436 1479 2651 1534 humani
2682 1459 2977 1548 gestamen,
3008 1491 3106 1531 nec
3129 1484 3285 1545 pavet
3312 1476 3486 1546 ipsum

2042 1577 2074 1630 5
2148 1574 2430 1642 Objectare
2459 1571 2597 1637 neci,
2630 1570 2869 1639 duroque
2899 1570 3116 1638 affigere
3143 1569 3304 1638 ligno.

2146 1665 2490 1722 Passibilisne
2522 1661 2873 1729 Deustcujus
2896 1661 3126 1730 species,
3154 1668 3208 1715 ct
3235 1660 3411 1729 imago

2144 1759 2285 1827 Nulli
2312 1759 2421 1813 visa
2455 1771 2683 1827 unquam
2715 1774 2729 1821 ;
2762 1770 2861 1811 nec
2887 1755 3027 1809 enim
3059 1755 3437 1824 comprendier
3467 1754 3554 1810 illa

2146 1850 2396 1919 Maiestas
2420 1847 2591 1903 facilis
2620 1862 2871 1914 sensuve,
2903 1846 3158 1914 oculisve,
3196 1861 3443 1901 manuve.

2145 1943 2367 1999 Joannis
2390 1940 2569 2013 magni
2590 1941 2819 1997 celebris
2846 1941 3109 1995 sententia
3134 1948 3334 2011 praesto
3361 1948 3479 2005 est,

1588 2059 1874 2117 ϐιοδεῶ
1917 2057 2246 2114 VETERES.

356 2153 406 2207 1.
450 2152 571 2206 Dira
605 2153 792 2213 relatu.
814 2168 993 2222 aspera
1024 2152 1164 2205 dictu
1184 2192 1199 2218 ,
1232 2152 1335 2207 lso.

356 2224 409 2277 2.
456 2222 686 2289 Prodita,
720 2223 950 2291 prolata,
979 2223 1083 2276 lso.

354 2295 406 2349 3.
442 2294 549 2361 Ille,
598 2292 869 2359 Sabellius,
912 2294 1030 2347 inde
1061 2293 1349 2350 Sabelliani
1371 2339 1384 2362 ,
1417 2303 1462 2349 et
1491 2296 1737 2349 aberrare
1764 2292 1866 2347 Pa-

1975 2154 2285 2219 tripassiani.
2314 2150 2433 2218 quia
2460 2149 2663 2202 Patrem
2691 2164 2898 2217 passum
2921 2149 3197 2219 afﬁrmant,
3229 2146 3350 2203 Vat.
3382 2148 3449 2203 Ας

2043 2223 2095 2276 8.
2140 2222 2354 2285 Facilis,
2389 2231 2481 2285 est,
2510 2219 2550 2273 I.

2044 2294 2096 2347 9.
2137 2291 2401 2359 Celebris,
2431 2291 2651 2361 gloriosa
2673 2291 2748 2344 rel
2779 2294 3009 2361 famosa,
3043 2291 3085 2345 I.

1629 2403 2184 2461 COMMENTARIUS.

361 2518 601 2583 Plerique
653 2516 781 2571 editi
837 2525 891 2571 et
943 2531 1072 2571 mss.
1119 2518 1330 2573 titulum
1380 2521 1605 2587 primum
1658 2528 1863 2587 ponunt

281 2587 475 2642 Contra
516 2588 728 2641 hreresin
756 2630 769 2654 ,
803 2603 918 2658 qua:
950 2588 1155 2642 Patrem
1198 2607 1401 2657 passum
1428 2591 1664 2659 afﬁrmat.
1716 2588 1861 2653 Put.,

280 2660 405 2713 dicit
428 2673 523 2725 pro
542 2659 779 2727 afﬁrmat.
804 2659 992 2719 Aldus.
1018 2661 1279 2724 hrcresem,
1303 2672 1357 2714 et
1382 2662 1432 2715 in
1456 2660 1701 2715 secundis
1722 2660 1864 2713 curis

281 2729 473 2803 Contra
507 2729 767 2803 haereticos
786 2770 799 2792 ,
828 2732 927 2803 qui
963 2728 1172 2783 Patrem
1200 2748 1408 2803 passum
1436 2732 1703 2800 aﬁirmant.
1743 2730 1869 2783 Exi-

287 2802 491 2863 stimo,
560 2800 859 2867 bujusmodi
916 2800 1168 2855 lemmata
1201 2800 1329 2855 'non
1373 2817 1491 2857 esse
1536 2804 1603 2855 ab
1652 2810 1869 2855 auctore

282 2869 512 2937 ascripta
541 2888 553 2922 :
584 2886 701 2939 qua:
729 2870 921 2924 desunt
946 2873 995 2924 in
1029 2871 1147 2925 Vat.
1179 2873 1243 2937 Ο.
1273 2883 1324 2929 et
1353 2873 1491 2927 aliis.
1525 2872 1638 2927 Gis.
1672 2871 1706 2922 2
1737 2872 1865 2925 edit.

285 2955 346 2995 ea
373 2941 744 3008 praetermisit,
777 2950 830 2994 et
857 2941 958 2994 hoc
982 2942 1099 2995 loco
1124 2942 1187 2995 ad
1214 2958 1362 2996 oram
1396 2943 1673 2997 annotavit
1697 2940 1868 2995 Patri-

285 3012 534 3078 passiani.
568 3010 625 3065 In
651 3010 835 3067 codice
877 3011 1189 3067 Florentino
1224 3013 1427 3082 proleg.
1467 3029 1583 3079 cap.
1613 3014 1646 3065 4
1672 3055 1685 3077 ,
1717 3030 1865 3067 nunt.

287 3082 376 3146 87,
429 3082 570 3134 nulla
615 3092 696 3134 est
733 3084 967 3149 capitum
1018 3083 1225 3148 divisio,
1260 3085 1359 3136 nisi
1406 3093 1519 3149 post
1549 3099 1689 3135 vers.
1722 3083 1866 3137 952:

1970 2518 2281 2588 perductam
2309 2558 2323 2581 ,
2370 2518 2519 2586 quasi
2558 2520 2843 2575 crederent
2892 2527 3133 2572 naturam
3172 2519 3338 2587 ipsam
3368 2518 3555 2573 huma-

1970 2605 2091 2643 nam
2121 2590 2175 2643 in
2217 2590 2380 2643 Deum
2415 2604 2532 2643 esse
2553 2604 2890 2653 conversam,
2924 2589 3115 2642 Verum
3141 2589 3387 2645 catholici
3420 2590 3553 2645 nihil

1972 2660 2114 2714 aliud
2149 2661 2247 2714 hoc
2269 2660 2436 2714 verbo
2475 2660 2877 2725 signiﬁcabant,
2911 2660 3009 2713 nisi
3037 2661 3370 2714 evectionem
3404 2670 3557 2715 natu-

1973 2746 2047 2784 ra:
2100 2731 2347 2784 humanae
2391 2730 2454 2782 ad
2496 2732 2927 2798 coniunctionem
2960 2746 3078 2783 cum
3129 2730 3327 2785 Verbo.
3359 2730 3557 2788 Contra

1973 2802 2223 2855 catholici
2251 2800 2515 2868 negabant
2544 2803 2843 2868 apotheosin
2874 2802 2923 2853 in
2948 2816 3108 2855 sensu
3140 2800 3388 2865 Nestorii,
3413 2802 3555 2871 quod

1975 2872 2134 2927 homo
2160 2873 2267 2940 jam
2297 2871 2620 2926 constitutus
2642 2914 2655 2933 .
2683 2873 2791 2925 suis
2822 2872 3027 2925 meritis
3057 2871 3108 2924 in
3146 2871 3239 2924 Dei
3272 2881 3471 2926 statum
3502 2880 3556 2926 et

1972 2942 2306 3011 majestatem
2354 2952 2571 2995 evectus
2625 2942 2800 2997 fuerit.
2864 2941 3179 2995 Prudentius
3238 2942 3557 2997 catholicum

1973 3028 2187 3067 sensum
2215 3014 2539 3082 apotheoseos
2572 3013 2671 3067 hoc
2699 3014 2936 3068 carmine
2980 3012 3243 3080 explicat,
3272 3022 3324 3065 et
3356 3023 3555 3067 tuetur.

2050 3085 2099 3136 l.
2144 3086 2351 3137 Bonon.
2384 3093 2436 3136 et
2467 3084 2584 3137 Vat.
2610 3083 2654 3149 Q
2677 3128 2689 3147 ,
2724 3099 2752 3136 a
2781 3085 2950 3150 prima
2981 3098 3165 3147 manu,
3192 3082 3367 3138 minus
3397 3085 3556 3148 bene,

287 3150 515 3224 Explioit
538 3153 835 3224 Apotheosis
866 3162 1045 3224 contra
1070 3170 1241 3206 omnes
1264 3153 1495 3206 hwreses.
1527 3153 1715 3218 Incipit
1748 3170 1868 3205 con-
1898 3152 1944 3215 C
1976 3153 2175 3224 loquor.
2211 3154 2328 3205 Vat.
2365 3153 2423 3220 B,
2455 3154 2612 3224 male,
2649 3156 2702 3205 ni
2735 3170 2828 3224 pro
2857 3170 2935 3205 ne.

296 3231 375 3275 trn
418 3220 751 3276 Manichteos.
800 3221 1081 3289 Inscriptio
1122 3225 1373 3278 carminis
1401 3233 1483 3276 est
1516 3224 1818 3290 Apotheosis
1849 3264 1863 3287 ,

288 3292 388 3346 hoc
414 3303 522 3356 est,
552 3293 804 3361 deiﬁcatio
846 3294 1065 3347 hominis
1099 3311 1116 3348 :
1170 3310 1293 3348 nam
1323 3294 1523 3348 ethnici
1568 3294 1866 3359 apotheosin

289 3365 585 3434 vocabant,
616 3379 735 3417 cum
780 3364 1048 3419 hominem
1080 3365 1308 3434 aliquem
1340 3366 1478 3418 inter
1505 3364 1635 3418 deos
1668 3364 1865 3418 refere-

288 3434 439 3505 bant.
478 3433 763 3505 lmpugnat
798 3434 956 3501 igitur
1002 3433 1480 3505 poeta’haareticos
1523 3448 1769 3487 errantes
1816 3434 1867 3487 in

288 3503 412 3558 Jesu
460 3502 660 3577 Christi
690 3506 969 3577 apotheosi
1002 3502 1342 3577 explicanda.
1390 3506 1569 3559 Primo
1615 3506 1809 3573 capite,
1840 3521 1867 3557 a

292 3576 472 3629 vers.l
501 3575 564 3628 ad
590 3590 729 3629 vers.
751 3576 871 3641 I77,
894 3576 1085 3632 refellit
1103 3575 1545 3645 Patripassianos,
1574 3577 1684 3645 qui,
1711 3591 1866 3629 unam

290 3646 577 3717 tantum_in
610 3645 718 3699 Deo
756 3662 1038 3713 personam
1080 3658 1460 3717 agnoscentes,
1500 3648 1708 3700 Patrem
1743 3661 1867 3714 pas-

289 3730 407 3768 sum
431 3715 786 3770 affirmabant.
813 3715 1266 3784 Secundocapite,
1300 3736 1327 3772 a
1345 3734 1483 3773 vers.
1511 3718 1611 3770 I78
1631 3718 1694 3769 ad
1722 3733 1864 3769 vers.

291 3786 397 3840 520
412 3792 609 3856 contra
638 3784 924 3839 Sabellium
954 3788 1301 3842 etUnionitas
1327 3790 1580 3856 disputat,
1614 3804 1703 3842 eos
1728 3788 1872 3841 scili-

291 3864 377 3908 cet
410 3854 689 3925 haereticos
716 3893 731 3918 ,
760 3856 849 3923 qui
882 3871 999 3908 cum
1045 3854 1449 3925 Patripassianis
1496 3860 1707 3924 quidem
1739 3874 1869 3911 cou-

289 3922 592 3976 sentiebant
618 3924 669 3975 in
703 3922 943 3991 neganda
978 3922 1323 3992 personarum
1356 3922 1591 3980 trinitate
1619 3973 1632 3992 ,
1681 3928 1774 3981 sed
1800 3930 1866 3980 ab

293 3993 374 4047 eis
404 3993 810 4063 dissentiebant.
840 3996 979 4063 quod
1010 4011 1112 4049 non
1137 3995 1514 4054 defenderent.
1541 3996 1746 4050 Patrem
1765 4013 1873 4049 esse

292 4079 517 4134 passum.
566 4062 746 4134 Itaque
774 4062 1095 4119 Prudentius
1128 4066 1228 4119 hoc
1258 4065 1376 4118 loco
1406 4066 1741 4133 potissimum
1774 4066 1869 4120 de-

294 4133 561 4205 monstrat
586 4176 599 4198 ,
628 4133 814 4188 Filium
847 4134 1151 4189 distinctam
1183 4150 1466 4205 personam
1493 4152 1612 4190 esse
1638 4153 1667 4188 a
1694 4136 1871 4200 Patre,

294 4213 352 4258 ut
398 4204 652 4272 colligat,
684 4205 876 4259 Filium
924 4220 1043 4260 esse
1092 4204 1444 4268 incarnatum,
1502 4216 1555 4259 et
1602 4206 1872 4261 Christum

290 4290 415 4345 cum
460 4275 616 4329 Patre
663 4289 783 4331 esse
832 4276 1021 4330 Deum.
1065 4276 1248 4330 Tertio
1279 4278 1452 4345 capite
1494 4276 1741 4338 Judteos,
1781 4277 1867 4343 qui

292 4344 557 4400 Christum
587 4359 693 4398 non
719 4358 1031 4415 agnoscunt,
1049 4347 1287 4414 coarguit
1306 4362 1333 4398 a
1350 4344 1489 4400 vers.
1514 4348 1609 4401 5‘2l
1645 4347 1708 4399 ad
1729 4361 1869 4402 vers.

295 4416 417 4471 551.
444 4417 646 4481 Quarto
675 4418 847 4485 capite
876 4415 1205 4471 Christianos
1231 4417 1590 4481 Jutlaizantes,
1615 4418 1730 4471 sive
1762 4416 1868 4470 Hu-

295 4487 672 4551 muncionitas,
698 4487 915 4553 refutat,
943 4489 1028 4556 qui
1064 4488 1328 4543 Christum
1362 4487 1632 4541 homian
1665 4496 1869 4540 tantum

295 4571 413 4629 esse
442 4556 713 4623 dicebant,
754 4572 782 4610 a
804 4573 959 4629 ivers.
989 4558 1093 4612 552
1120 4558 1184 4611 ad
1226 4573 1371 4612 vers.
1405 4559 1528 4613 78l.
1554 4559 1753 4629 Quinto
1782 4572 1872 4611 ca-

296 4628 407 4694 pite
429 4666 443 4689 ,
474 4642 503 4679 a
534 4641 673 4680 vers.
723 4628 827 4683 782
855 4628 920 4682 ad
951 4643 1093 4682 vers.
1127 4628 1231 4683 952
1254 4668 1272 4695 ,
1314 4631 1585 4683 diversum
1634 4628 1872 4683 errorem

294 4696 509 4767 evertit.
538 4697 677 4765 quod
705 4698 876 4752 anima
904 4700 973 4751 sit
1000 4702 1254 4765 particula
1283 4700 1399 4753 Dei.
1426 4700 1590 4753 Sexto
1614 4700 1816 4767 capite,
1843 4715 1873 4752 a

300 4782 441 4821 vers.
474 4766 579 4823 955
616 4767 682 4822 ad
712 4783 851 4822 vers.
883 4768 1048 4834 1062,
1085 4770 1408 4823 Manichasns'
1444 4779 1498 4824 et
1529 4770 1874 4823 Phantasma-

298 4838 433 4891 ticos
455 4847 755 4907 oppugnat,
780 4838 923 4907 quod
956 4850 1207 4907 negarent
1240 4840 1509 4893 Christum
1541 4856 1723 4892 verum
1755 4853 1875 4891 cor-

298 4923 397 4978 pus
427 4909 693 4963 habuisse.
746 4910 810 4963 Et
844 4923 966 4963 cum
1004 4908 1161 4976 hujus
1204 4909 1580 4977 disputationis
1611 4910 1778 4975 gratia
1809 4909 1875 4960 de

301 4989 475 5033 morte
504 4988 559 5034 et
582 4980 977 5034 resurrectione
1004 4980 1200 5033 Christi
1225 4978 1453 5033 disserat
1479 5021 1493 5045 ,
1529 4980 1580 5032 in
1612 4979 1825 5046 epilogo
1844 4993 1871 5029 a

298 5064 438 5105 vers.
466 5050 605 5106 l065
629 5050 693 5105 ad
723 5052 901 5113 tinem,
928 5051 1173 5118 exemplo
1201 5049 1392 5104 Christi
1426 5051 1872 5104 resurrectionem

298 5121 477 5175 carnis
502 5121 745 5175 humanae
776 5120 984 5188 probat.
1009 5120 1085 5174 De
1116 5120 1383 5175 haereticis
1408 5159 1423 5184 ,
1451 5121 1540 5189 qui
1571 5119 1871 5185 hujusmodi

297 5206 512 5261 errores
538 5191 768 5261 amplexi
791 5200 937 5257 sunt,
951 5205 1055 5244 non
1069 5206 1256 5245 omnes
1270 5206 1374 5245 uno
1388 5192 1548 5243 modo
1565 5192 1870 5258 loquuntur.

296 5260 481 5328 Neque
503 5260 724 5317 mirum:
749 5273 931 5316 notum
948 5261 1091 5315 enim
1114 5271 1196 5316 est
1212 5262 1584 5315 haereticorum
1602 5261 1873 5329 ingenium

297 5340 352 5385 ct
377 5334 706 5388 consuetudo
734 5332 971 5387 variandi
1000 5333 1267 5401 dogmata.
1289 5332 1423 5387 Hinc
1448 5332 1661 5395 accidit,
1689 5340 1745 5384 ut
1773 5332 1871 5386 Sa-

296 5401 462 5457 bellio
502 5405 719 5459 haeresis
753 5403 1259 5471 Patripassianorum
1305 5404 1588 5467 tribuatur,
1616 5419 1730 5467 qum
1759 5401 1872 5467 ejus

299 5481 478 5530 tamen
520 5491 623 5530 non
665 5475 791 5540 fuit,
818 5475 910 5528 sed
954 5473 1409 5537 Sabellianorum;
1455 5474 1542 5542 qui
1587 5474 1871 5526 trinitatem

297 5560 645 5612 personarum
670 5562 788 5601 cum
820 5544 1055 5602 Sabellio
1078 5545 1360 5613 negabant,
1395 5548 1489 5598 sed
1514 5544 1874 5612 agnoscebant

297 5617 545 5671 unionem
576 5617 989 5684 hypostaticam,
1025 5630 1182 5683 quant
1213 5616 1438 5684 negabat
1474 5616 1753 5669 Saliellius.
1786 5613 1873 5684 Vi-

296 5687 363 5740 de
394 5683 687 5750 Petavium,
722 5688 813 5743 lib.
846 5703 860 5740 ι
892 5690 959 5743 de
987 5683 1375 5741 lucarnatione.
1405 5685 1701 5751 Nestorius,
1729 5683 1871 5754 apud

294 5756 585 5828 Cyrillum,
620 5758 712 5812 lib.
746 5772 781 5812 ιι
823 5768 1006 5813 contra
1037 5756 1184 5826 Nest.
1214 5798 1228 5823 ,
1262 5756 1537 5829 catholicis
1559 5757 1868 5825 objiciebat.

296 5831 436 5900 quod
468 5831 741 5893 docerent,
766 5837 1005 5884 naturam
1030 5829 1312 5884 humanam
1336 5829 1404 5882 ad
1427 5830 1725 5896 apotheosin
1753 5843 1873 5885 esse

1900 4527 1952 4586 D

2053 3225 2104 3278 2.
2153 3224 2332 3291 Egm.,
2368 3222 2643 3293 mendose,
2673 3223 2809 3274 male
2837 3224 3056 3293 perdita.

2043 3294 2095 3348 5.
2141 3295 2289 3361 Egit}.
2318 3334 2331 3353 ,
2365 3292 2456 3345 illa
2484 3333 2498 3357 ,
2532 3310 2608 3345 sc.
2639 3292 2856 3347 haeresis
2882 3310 2896 3357 ;
2925 3294 3101 3347 caeteri
3126 3292 3215 3347 ille
3240 3334 3253 3355 ,
3287 3294 3554 3361 Patripas-

1973 3366 2151 3417 sianus
2170 3365 2474 3417 haereticus.
2490 3362 2720 3417 Carmen
2755 3364 2853 3415 hoc
2876 3378 3177 3417 connexum
3202 3371 3417 3417 estcum
3437 3379 3555 3430 pro-

1972 3435 2093 3499 lngo
2124 3452 2136 3488 :
2183 3437 2357 3499 itaque
2388 3434 2609 3503 plurima
2636 3444 2752 3486 sunt
2780 3434 3009 3487 refertur
3034 3435 3098 3487 ad
3130 3435 3440 3486 zizaniorum
3471 3450 3555 3486 se-

1973 3506 2132 3567 mina,
2148 3503 2233 3557 ille
2253 3503 2317 3556 ad
2331 3503 2626 3571 hostis,fur,
2652 3504 2801 3567 cuiUs
2823 3505 3021 3557 mentio
3045 3507 3094 3558 in
3116 3507 3333 3572 prologo
3350 3504 3553 3559 incidit.

2044 3578 2093 3629 7.
2140 3577 2194 3627 ln
2226 3574 2345 3627 Vat.
2380 3577 2420 3626 A
2450 3616 2463 3639 ,
2496 3574 2829 3629 desideratur
2874 3574 2987 3627 illa.
3030 3575 3298 3628 Arnobius
3350 3574 3442 3627 lib.
3496 3591 3556 3638 ι,

1972 3662 2092 3716 pag.
2126 3645 2192 3698 10
2224 3662 2236 3698 :
2270 3645 2313 3696 0
2338 3647 2577 3708 maxime,
2608 3662 2636 3697 o
2658 3660 2852 3697 summe
2876 3660 3045 3697 rerum
3070 3646 3397 3698 inrisibilium
3439 3660 3557 3713 pro~

1976 3717 2210 3770 creator!
2235 3716 2278 3767 0
2318 3717 2426 3780 ipse
2456 3717 2647 3779 invise,
2692 3726 2737 3769 et
2771 3716 2926 3768 nullis
2958 3732 3178 3782 unquam
3202 3716 3558 3782 comprehensa

1973 3789 2195 3841 naturis.
2228 3788 2484 3841 Minutitts
2515 3786 2659 3840 Felix
2704 3804 2717 3838 :
2762 3785 2864 3838 Hic
2893 3803 2991 3838 non
3022 3787 3181 3839 videri
3226 3795 3381 3854 potest
3408 3826 3421 3850 ,
3452 3786 3559 3838 visu

1979 3860 2168 3913 clarior
2194 3875 2210 3912 :
2239 3875 2327 3911 nec
2350 3858 2711 3927 comprehendi
2736 3900 2750 3922 ,
2785 3867 2921 3909 tactu
2953 3858 3128 3926 purior
3152 3868 3224 3910 est
3255 3873 3273 3909 :
3304 3872 3393 3908 nec
3423 3858 3560 3927 αδδιὶε-

1976 3931 2106 3981 mari
2139 3969 2152 3992 ,
2194 3929 2418 3981 sensibus
2460 3926 2624 3996 major
2654 3939 2754 3989 est,
2779 3927 3008 3995 inﬁnitus
3032 3970 3045 3989 ,
3074 3930 3367 3989 immensus,
3392 3937 3436 3979 et
3464 3926 3560 3980 soli

1973 4000 2069 4052 sibi
2097 4008 2288 4061 tantus,
2316 4009 2534 4064 quantus
2551 4006 2646 4059 est,
2675 4008 2843 4049 notus.
2866 3997 2979 4049 Non
2996 4008 3075 4050 est
3109 4008 3281 4049 tamen
3315 3998 3557 4061 neganda

1975 4069 2389 4121 communicatio
2417 4067 2747 4128 idiomatum,
2780 4082 2935 4135 quam
2970 4067 3185 4118 tradunt
3214 4075 3266 4118 et
3288 4075 3558 4130 exponunt

1978 4137 2232 4203 theologi.
2268 4136 2406 4189 Dens
2436 4146 2508 4190 est
2524 4138 2777 4202 mortalis,
2803 4145 2874 4189 est
2905 4136 3180 4204 passibilis,
3209 4151 3301 4202 per
3322 4149 3558 4187 contmn-

1978 4208 2299 4262 nicationem
2319 4206 2628 4260 idiomatum
2658 4208 2761 4260 dici
2786 4215 2981 4273 potest,
3012 4221 3114 4259 non
3139 4205 3278 4272 quod
3305 4205 3558 4258 Divinitas

1977 4279 2083 4347 pati
2107 4286 2196 4330 aut
2226 4282 2357 4331 mori
2387 4278 2680 4345 possit,sed
2704 4278 2822 4346 quia
2837 4276 3100 4339 Christus,
3124 4276 3285 4347 homo
3310 4283 3357 4327 et
3390 4274 3552 4347 Deus,

1978 4345 2245 4417 passibilis
2282 4359 2335 4401 et
2366 4349 2604 4401 mortalis
2643 4345 2774 4400 erat.
2811 4349 2968 4401 Poeta
3007 4347 3090 4400 hic
3118 4346 3352 4417 loquitur
3382 4345 3450 4398 de
3479 4345 3557 4397 di.

1981 4421 2221 4487 vinitate,
2243 4421 2355 4471 Sive
2382 4419 2449 4473 de
2468 4419 2698 4473 essentia
2728 4418 2926 4480 divina,
2946 4432 3063 4485 qua:
3082 4418 3131 4470 in
3152 4431 3211 4470 se
3233 4416 3346 4487 ipsa
3374 4426 3556 4481 sensu,

1978 4491 2146 4545 oculis
2175 4532 2188 4553 ,
2212 4485 2448 4543 manuve
2478 4489 2862 4557 comprehendi
2909 4503 3014 4541 non
3049 4497 3243 4554 potest.
3282 4485 3369 4538 Vis
3398 4500 3557 4554 argu-

1980 4561 2141 4613 menti
2168 4562 2217 4613 in
2238 4577 2299 4613 eo
2330 4562 2429 4613 sita
2452 4570 2551 4622 est,
2583 4560 2721 4627 quod
2750 4560 2926 4612 Deitas
2954 4574 3057 4611 non
3088 4566 3169 4611 est
3198 4570 3374 4627 passa,
3398 4557 3557 4611 adeo-

1978 4647 2082 4700 que
2105 4631 2261 4685 Pater
2285 4646 2473 4694 passus
2497 4648 2600 4684 non
2630 4638 2733 4693 est,
2756 4629 3019 4696 siquidem
3049 4644 3109 4681 ex
3144 4629 3312 4681 sacris
3342 4627 3557 4700 Litteris

1977 4697 2187 4755 constat
2230 4701 2423 4755 Filium
2456 4746 2468 4764 ,
2503 4718 2605 4754 non
2642 4702 2851 4755 Patrem
2873 4742 2885 4763 ,
2930 4710 3171 4751 naturam
3214 4697 3442 4751 hominis
3473 4700 3557 4752 as-

1977 4774 2287 4841 sumpsisse.
2349 4774 2437 4825 llla
2477 4782 2619 4824 certa
2664 4772 2839 4837 regula
2883 4778 2995 4841 est,
3044 4783 3136 4835 per
3161 4783 3220 4821 se
3259 4784 3327 4841 ac
3368 4777 3555 4841 natura

1977 4856 2070 4895 sua
2096 4838 2113 4905 ζ
2143 4859 2246 4895 non
2282 4844 2457 4895 minus
2498 4840 2688 4892 Filium
2737 4854 2892 4907 quam
2945 4839 3154 4891 Patrem
3204 4848 3259 4892 et
3296 4838 3555 4904 Spiritum

1981 4922 2221 4965 sanctum
2255 4927 2374 4964 esse
2420 4911 2799 4977 impassibilem
2844 4918 2899 4961 et
2928 4910 3274 4962 invisibilem.
3311 4908 3555 4961 Ruffinus

1979 4983 2030 5035 in
2066 4982 2418 5034 Enarratioue
2467 4980 2691 5045 symboli
2743 4981 3100 5046 apostolorum
3141 4989 3381 5037 testatur,
3415 4978 3555 5043 apud

1978 5067 2103 5105 suos
2150 5050 2271 5103 addi
2310 5050 2610 5103 inuisibilem
2654 5060 2700 5101 et
2740 5050 3099 5119 impassibilcm
3143 5050 3207 5101 ad
3268 5046 3553 5119 articulum

1982 5122 2142 5173 Deum
2168 5119 2375 5173 Patrem
2413 5116 2826 5187 omnipotentem,
2862 5119 3306 5175 utexcluderctur
3334 5116 3553 5187 haeresis

1981 5191 2393 5258 Patripassiana.
2444 5185 2651 5244 Constat
2681 5192 2812 5243 enim
2832 5232 2846 5254 ,
2872 5191 2965 5250 ait,
2996 5188 3043 5239 F
3046 5190 3188 5241 ilium
3216 5202 3317 5258 non
3344 5185 3552 5258 Patrem

1976 5254 2321 5315 ittcarnatum.
2344 5301 2355 5313 .
2376 5300 2391 5314 .
2424 5262 2689 5326 Quantum
2710 5271 2875 5312 autem
2909 5268 3098 5328 spectat
3118 5258 3184 5309 ad
3211 5254 3354 5328 illam
3382 5255 3551 5309 Deita-

1979 5335 2041 5385 tis
2069 5331 2405 5386 immortalem
2424 5334 2778 5392 substantiam,
2795 5345 2907 5397 quw
2921 5326 3023 5381 una
3053 5329 3115 5388 ei,
3141 5326 3551 5397 eademqueeam

1979 5402 2137 5456 Patre
2159 5415 2228 5456 est
2245 5420 2263 5468 ,°
2280 5403 2348 5455 ibi
2378 5420 2537 5472 neque
2560 5396 2980 5472 Pater,_neque_F
2984 5399 3124 5463 ilius,
3154 5412 3307 5464 neque
3330 5396 3551 5465 Spiritus

1975 5489 2182 5527 sanctus
2208 5475 2415 5526 visibilis
2437 5469 2522 5527 aut
2544 5469 2796 5541 passibilis
2816 5470 3058 5521 creditur.

2048 5546 2099 5597 8.
2144 5544 2459 5598 Christianis
2506 5536 2855 5609 scriptoribus
2900 5542 3236 5609 majestatent_
3264 5536 3399 5609 idem
3433 5548 3551 5609 esse

1977 5615 2263 5684 aliquando
2288 5630 2349 5669 ac
2370 5603 2698 5684 divinitatem
2721 5652 2736 5676 ,
2771 5603 3122 5684 ttotatum__est
3151 5624 3177 5659 a
3212 5606 3425 5659 Rarth’o
3458 5603 3548 5655 lib.

1978 5702 2010 5741 ι
2037 5680 2285 5748 Ᾱάνυις..
2321 5701 2435 5752 cap.
2466 5685 2519 5747 5,
2548 5698 2611 5752 ex
2646 5680 2931 5734 Prudentia
2958 5680 3201 5752 aliisquc.

2050 5758 2101 5813 9.
2144 5757 2297 5811 Joan.
2325 5773 2340 5810 t
2366 5749 2481 5817 ,⁷18
2516 5770 2527 5805 :
2563 5750 2725 5813 Deum
2755 5766 2899 5803 nemo
2919 5749 3040 5803 vidit
3079 5763 3332 5819 unquam;
3372 5754 3423 5819 et
3457 5759 3507 5795 vr
3534 5783 3549 5806 ,

1976 5829 2045 5885 46
2076 5846 2088 5883 :
2123 5828 2239 5883 Non
2263 5827 2381 5895 quia
2406 5822 2612 5877 Patrem
2639 5822 2765 5878 vidit
2794 5821 3079 5890 quisquam,
3108 5817 3202 5874 nisi
3229 5820 3270 5872 is
3300 5817 3478 5882 quiest
3519 5829 3553 5869 α
