4092 6344
584 399 676 455 ,825
1695 391 1972 450 AURELII
2015 385 2382 448 PRUDENTII
2421 386 2750 444 CARMINA.

2184 511 2237 570 Α
2296 505 2366 561 20
2439 503 2592 572 Quod
2654 501 2896 575 quamvis
2965 500 3132 556 hebes
3202 500 3429 557 intuitus
3499 501 3868 572 speculamine

650 513 713 567 10
753 511 901 566 llaud
930 524 1160 579 unquam
1191 516 1380 564 testata
1403 507 1570 563 Deum
1595 509 1833 579 potuisse
1854 509 2046 564 videri.

755 605 848 660 Ille
874 605 1055 668 Pater,
1085 618 1244 672 quem
1275 603 1415 658 nulla
1434 603 1579 660 acies
1601 603 1832 659 violenta
1859 602 2062 658 tuendo

755 697 975 750 Eminus
1015 695 1258 763 ardentis
1287 697 1590 765 penetravit
1618 696 1865 751 acumine
1894 696 2039 751 visus
2072 713 2084 748 :

749 791 910 863 404
931 791 1030 860 Qui
1059 805 1121 846 se
1151 791 1321 846 forma
1358 789 1588 845 hominis
1611 805 1716 845 non
1751 789 1942 854 induit,
1975 797 2030 845 et
2049 785 2162 844 dei-

1788 881 1941 955 [tatis

747 975 1071 1033 Immensum
1112 985 1392 1046 assumpto
1426 991 1532 1030 non
1582 983 1846 1046 temperat
1873 989 1968 1030 ore
1989 1015 2008 1043 ,
2038 988 2159 1030 mo-

1749 1066 1768 1140 [
1787 1069 1944 1126 dove.
2013 1106 2018 1110 -

609 1159 675 1216 15
751 1163 856 1217 Aut
884 1161 1176 1232 evangelici
1211 1162 1380 1232 pietas
1411 1160 1714 1230 spernenda
1741 1160 1909 1214 libelli

749 1251 863 1309 Jam
886 1295 900 1319 ,
943 1253 1252 1323 blaspheme
1280 1293 1294 1320 ,
1329 1253 1422 1308 tibi
1452 1261 1574 1319 est,
1603 1261 1693 1307 aut
1729 1265 2000 1322 nunquam
2039 1249 2159 1305 visa

1770 1344 1788 1416 [
1807 1344 1947 1400 beati

752 1438 842 1492 Vis
867 1439 1063 1493 intacta
1093 1439 1267 1493 Patris
1289 1484 1302 1507 ,
1336 1454 1439 1493 non
1467 1437 1812 1493 admiscenda
1845 1435 2082 1492 caducis.

743 1527 846 1584 Sed
873 1538 1049 1585 tamen
1065 1540 1118 1586 et
1141 1531 1316 1586 Patris
1335 1540 1416 1586 est
1435 1531 1736 1601 specimen,
1759 1529 1900 1600 quod
1932 1541 2159 1584 cernere

1703 1625 1810 1697 [fas
1839 1624 1936 1690 sit,

743 1716 1003 1775 Humanis
1049 1719 1340 1791 aliquando
1388 1716 1560 1775 oculis
1597 1730 1923 1773 concurrere
1967 1729 2148 1785 prom-

1723 1809 1894 1882 [ptum
1929 1827 1943 1863 :

3770 386 3870 446 92d

3385 593 3612 667 [glauco
3635 635 3652 662 ,

2449 691 2810 762 Humentique
2835 689 2948 746 acie
2989 688 3167 760 potuit
3192 686 3484 743 nebulosus
3513 687 3686 742 adire.

2449 796 2686 868 Quisque
2715 793 2994 851 hominum
3043 791 3244 848 vidisse
3285 791 3454 848 Deum
3503 799 3857 863 memoratur,

3393 877 3419 956 ’[
3433 882 3502 939 ab
3533 884 3651 953 ipso

2443 989 2607 1064 405
2633 988 2871 1046 Infusum
2895 988 3026 1044 vidit
3052 996 3269 1042 natum:
3305 1001 3428 1040 nam
3452 985 3622 1041 Filius
3637 986 3743 1042 boc
3757 995 3858 1056 est,

2441 1092 2600 1160 Quod
2618 1091 2685 1148 de
2711 1093 2872 1147 Patre
2897 1092 3105 1148 micans
3127 1106 3185 1147 se
3207 1090 3861 1161 praestititinspiciendotn

2299 1199 2373 1255 25
2447 1197 2551 1254 Per
2571 1194 3307 1268 spccies,quaspossetbomo
3322 1193 3710 1264 comprendere
3721 1194 3851 1250 visu.

2441 1298 2573 1353 Nam
2596 1312 2743 1352 mera
2769 1297 3021 1364 maiestas
3051 1305 3134 1351 est
3160 1295 3390 1365 inﬁnita,
3415 1310 3516 1350 nec
3542 1295 3707 1349 intrat

2439 1402 2700 1466 Obtutus,
2731 1400 2908 1469 aliquo
2935 1399 3034 1454 nisi
3067 1414 3126 1454 se
3161 1397 3533 1454 moderamine
3564 1397 3781 1454 formet.

2442 1504 2554 1559 lloc
2580 1502 2714 1557 vidit
2741 1501 2989 1571 princeps
3008 1502 3256 1571 generosi
3287 1501 3508 1556 seminis
3538 1501 3740 1556 Abram
3767 1541 3784 1569 ,

2443 1604 2560 1660 Jam
2591 1611 2716 1659 tunc
2738 1602 2940 1673 dignati
2969 1610 3141 1657 terras
3177 1601 3408 1657 invisere
3427 1601 3642 1676 Christi

2299 1711 2370 1770 50
2443 1712 2651 1783 Hospes
2696 1710 2861 1767 homo
2884 1753 2901 1779 ,
2947 1710 3005 1765 in
3061 1697 3327 1779 triplicem
3373 1724 3579 1765 nomen
3617 1709 3858 1768 radiasse

3397 1801 3644 1873 figuram.

1877 1942 2166 2001 GLOSSIE
2206 1943 2548 2000 VETERES.

635 2084 724 2139 {1.
766 2084 944 2152 Pater,
973 2096 1067 2154 est,
1107 2085 1147 2140 I.
1177 2115 1249 2127 —
1273 2084 1518 2140 Violenta
1541 2124 1557 2151 ,
1585 2099 1678 2154 pro
1701 2082 1971 2150 violenter,
1998 2070 2056 2138 id
2080 2091 2154 2138 est
2183 2087 2231 2148 Β

567 2153 781 2224 fortiter,
818 2157 948 2209 Mar.

643 2226 721 2278 12.
766 2227 1009 2290 Eminus,
1038 2227 1206 2292 longe,
1232 2227 1309 2280 uel
1331 2243 1358 2278 e
1384 2236 1580 2294 contra,
1609 2224 1648 2278 I.

638 2297 719 2348 14.
766 2297 1111 2362 Immensum,
1134 2299 1540 2350 immensitatem.
1571 2327 1641 2336 —
1663 2293 1790 2363 Ore,
1823 2295 1974 2365 facie,
2003 2294 2046 2350 1.

641 2367 722 2419 16.
771 2367 914 2431 Visa,
946 2369 1148 2437 cognita
1167 2379 1263 2433 est,
1290 2369 1328 2421 Ι.

636 2437 879 2577 1;.)Nlon
910 2435 1252 2494 admiscenda
1276 2481 1289 2504 ,
1325 2439 1613 2510 spernenda
1647 2447 1723 2492 est
1768 2435 1953 2510 (forte,
2011 2453 2155 2508 sepa-

636 2525 654 2560 τ
695 2525 726 2561 a
759 2543 771 2568 .
827 2549 840 2562 .

563 2521 771 2568 ranaa).
802 2521 840 2563 I.

637 2577 720 2634 18.
767 2579 852 2652 Et,
883 2597 977 2652 pro
1003 2581 1172 2646 etiant,
1196 2580 1238 2636 I.
1262 2612 1331 2622 —
1353 2580 1660 2652 Specimen,
1715 2577 1910 2638 Filius.
1931 2609 2004 2623 —
2023 2578 2154 2635 Cer-

563 2663 711 2718 nere,
739 2650 800 2705 ob
822 2650 1254 2722 incarnationem,
1283 2650 1406 2708 Vat.
1437 2656 1502 2708 A.

2336 2084 2422 2139 19.
2467 2081 2671 2150 Oculis,
2701 2079 2891 2134 scilicet
2908 2079 3033 2150 quid
3049 2078 3144 2141 sit,
3177 2077 3279 2132 lso.

2335 2155 2425 2209 20.
2472 2147 2664 2219 Hebes,
2691 2147 2996 2212 stultus,rel
3012 2158 3262 2204 retunstts.
3292 2178 3360 2188 —
3380 2147 3602 2216 Glauco,
3622 2150 3797 2218 uiridi,
3815 2153 3856 2208 I.

2335 2227 2425 2280 21.
2470 2220 3583 2291 Humentique,humida.—Adire,scilicet
3607 2222 3854 2291 tamen,l.

2333 2296 2423 2350 22.
2469 2295 2550 2351 Ab
2581 2297 2717 2364 ipso,
2751 2295 2924 2358 Patre,
2955 2293 2996 2347 I.

2332 2368 2422 2422 26.
2467 2361 2639 2427 Mera,
2678 2381 2805 2433 pura
2832 2406 2847 2430 ,
2883 2365 2957 2418 ve!
2985 2364 3185 2417 sincera
3209 2406 3224 2428 ,
3273 2362 3330 2416 id
3358 2370 3432 2416 est
3473 2361 3738 2418 diuinitas.
3785 2395 3850 2407 —

2262 2437 2538 2504 Maiestas,
2573 2435 2745 2489 Patris
2763 2477 2777 2498 ,
2811 2435 2849 2490 I.

2333 2503 2424 2564 28.
2470 2511 2666 2564 Abram
2689 2548 2706 2575 ,
2738 2509 2823 2560 ubi
2853 2515 2952 2560 tres
2977 2505 3232 2574 suscepit,
3260 2514 3307 2559 et
3335 2503 3470 2560 velut
3498 2505 3592 2558 uni
3622 2505 3852 2576 loqueba,

2264 2589 2370 2638 tur.
2407 2581 2512 2635 lso.
2565 2609 2574 2616 -
3097 2593 3102 2600 '

1919 2757 2492 2818 COMMENTARIUS.

565 2917 705 2983 Deo,
737 2919 821 2973 hic
849 2920 972 2974 vidit
1016 2918 1245 2973 Patrem.
1273 2919 1404 2973 Vide
1435 2918 1691 2986 hymnum
1715 2917 1751 2972 6
1777 2917 1933 2972 Catb.
1951 2957 1967 2981 ,
1997 2926 2144 2972 vers.

562 2989 611 3061 2,
646 2999 698 3044 et
727 2990 912 3061 bymn.
942 2990 997 3044 S.
1025 2987 1272 3051 Romani,
1293 2989 1580 3044 vers.51%.
1608 2989 1940 3061 PlurimiSS.
1962 2989 2146 3061 Patres

563 3059 777 3128 docent,
812 3059 863 3112 in
900 3062 1128 3129 Antiquo
1159 3062 1454 3129 prtescrtim
1487 3061 1831 3114 Testamento
1857 3060 2031 3114 solum
2056 3059 2146 3112 Fi-

563 3130 690 3182 lium
723 3145 782 3184 St‘
815 3129 1119 3185 hominibus
1141 3131 1575 3200 conspiciendum
1609 3131 2023 3200 prtebnisse,qui
2051 3146 2147 3184 an-

562 3201 704 3271 gelus
737 3202 1000 3256 interdum
1033 3212 1252 3256 vocatur
1283 3243 1297 3267 ,
1331 3202 1471 3272 quod
1501 3217 1528 3253 a
1561 3201 1721 3255 Patre
1751 3203 2051 3255 mitteretur.
2088 3201 2143 3254 In

561 3286 619 3323 ea
666 3282 788 3324 suat
830 3275 1094 3328 sententia
1125 3272 1398 3335 Justinus,
1431 3272 1690 3337 Origenes
1713 3313 1726 3336 ,
1757 3274 2142 3339 Tertullianus,

2253 2918 2617 2987 sit/fusionem.

2324 2991 2418 3044 2‘2.
2460 2988 2668 3052 Noms.,
2696 2995 3029 3051 memoratus,
3059 2987 3239 3041 annus
3264 2986 3424 3042 bene.

2325 3061 2420 3115 25.
2468 3059 2590 3114 Ald.
2621 3101 2635 3127 ,
2672 3060 2826 3114 Alex.
2848 3101 2860 3123 ,
2897 3057 3026 3113 Urb.
3053 3099 3069 3124 ,
3111 3057 3227 3113 Vat.
3260 3058 3305 3124 Q
3333 3067 3389 3112 et
3436 3061 3634 3113 vetusti
3664 3075 3851 3118 omnes

2251 3131 2476 3195 Heinsii,
2539 3130 2638 3184 Per
2686 3132 2916 3196 species,
2965 3145 3094 3199 quas
3124 3129 3281 3199 possit
3323 3129 3493 3182 homo.
3549 3130 3675 3185 Vat.
3721 3134 3766 3187 A
3803 3142 3854 3189 et

2254 3205 2444 3272 Egm.,
2473 3217 2649 3274 quani.
2679 3200 2944 3274 Cellarius
2969 3200 3159 3274 saltem
3202 3199 3367 3274 ined_.
3401 3201 3466 3265 2,
3505 3199 3615 3254 Par
3638 3206 3848 3274 species,

2252 3269 2381 3346 quas
2402 3269 2578 3344 possit.
2607 3272 2860 3326 Fortasse
2892 3271 3304 3346 legendumerit
3324 3269 3431 3324 Par
3453 3269 3675 3338 species,
3703 3269 3854 3341 quam

563 3342 791 3414 fremens
823 3383 835 3405 ,
873 3344 1055 3398 Patres
1079 3385 1093 3408 ,
1128 3347 1213 3408 qui
1243 3361 1306 3400 ex
1340 3331 1672 3399 Antiochena
1704 3331 1910 3414 synodo
1940 3331 2144 3410 episto;
2175 3331 2220 3390 Ο
2256 3331 2413 3414 ῥοεείξ
2441 3347 2591 3397 homo
2620 3331 2984 3412 comprendere
3023 3344 3154 3414 uisui.
3188 3342 3376 3396 Melius
3407 3331 3587 3396 tamen
3621 3331 3853 3412 μὲι-’δρε-

561 3413 661 3464 lam
686 3414 994 3484 synodicam
1027 3416 1090 3466 ad
1122 3415 1338 3468 Paulum
1363 3413 1770 3469 Samosatenum
1790 3417 2147 3479 scripserunt,

561 3484 882 3557 Athanasius
907 3527 920 3550 ,
983 3486 1212 3557 Cyrillus
1262 3486 1784 3557 Ilierosolytniianus
1811 3527 1824 3546 ,
1874 3485 2103 3539 Basilius
2130 3530 2144 3552 ,

560 3553 1000 3628 Qbrysostomus,
1029 3553 1261 3628 Cyrillus
1288 3553 1678 3628 Alexandrinus
1703 3599 1718 3623 ,
1753 3556 2146 3628 Theodoretus,

563 3629 811 3688 mtarins,
851 3627 1198 3697 Ambrosius,
1230 3628 1338 3683 Leo
1368 3643 1522 3696 papa,
1561 3627 1812 3681 Isidorus.
1846 3627 2024 3696 Itaque
2052 3627 2151 3680 fal-

563 3712 680 3749 sum
714 3707 818 3759 est,
849 3698 1055 3751 rmteris
1084 3709 1198 3764 post
1233 3699 1291 3754 S.
1328 3699 1675 3763 Augustinum
1711 3697 1956 3752 Patribus
1979 3699 2150 3766 magis

560 3767 828 3831 arrisisse,
853 3784 1041 3822 omnes
1072 3769 1281 3824 Veteris
1303 3768 1630 3822 'I‘estamenti
1663 3771 2023 3837 apparitiones
2051 3781 2150 3836 per

562 3839 780 3908 angelos
810 3854 929 3891 esse
977 3839 1165 3904 factas,
1205 3839 1346 3908 quod
1381 3853 1549 3908 nuper
1598 3836 1811 3908 aliquis
1839 3836 2144 3892 affirmavit.

563 3905 666 3958 Alii
696 3907 1044 3970 existimant,
1070 3923 1174 3962 non
1205 3905 1376 3962 solum
1411 3907 1597 3962 Filium
1631 3905 1996 3975 apparitiones
2027 3910 2148 3964 illas

562 3990 750 4030 omnes
777 3978 996 4044 abiisse,
1042 3978 1134 4032 sed
1180 3979 1387 4034 Patrem
1421 3981 1605 4047 etiam,
1631 3981 1762 4032 alias
1785 3979 1956 4033 solum
1975 4021 1990 4046 ,
2016 3979 2149 4035 alias

560 4061 678 4100 cum
707 4047 839 4102 Filio
869 4060 922 4106 et
942 4050 1142 4116 Spiritu
1175 4060 1359 4104 sancto
1381 4091 1396 4115 ,
1430 4064 1809 4120 nonnunquam
1841 4065 1971 4105 vero
2000 4052 2147 4105 solos

559 4121 794 4192 angelos.
822 4123 990 4187 Quam
1014 4121 1320 4192 opinionem
1352 4121 1410 4177 S.
1444 4121 1769 4192 Augustinus
1794 4137 1906 4191 pra:
1929 4124 2143 4177 caeteris

560 4189 874 4245 corroborat
898 4192 989 4246 lib.
1017 4189 1062 4246 tt
1079 4193 1146 4246 de
1171 4191 1362 4247 Trinit.

635 4261 720 4314 15.
743 4261 1000 4334 Heinsius
1027 4280 1088 4317 ex
1113 4264 1224 4317 suis
1257 4279 1383 4318 mss.
1406 4305 1420 4328 ,
1453 4273 1506 4319 et
1535 4261 1692 4319 Fabr.
1728 4307 1742 4329 ,
1771 4263 1875 4328 Qui
1901 4277 1953 4318 se
1978 4264 2147 4334 [arma

560 4331 778 4403 nominis
804 4350 904 4387 non
935 4335 1121 4387 induit.
1152 4335 1320 4388 Aldus
1351 4344 1404 4390 et
1421 4335 1695 4403 Wcitzius,
1718 4336 1818 4402 Qui
1840 4350 1892 4388 se
1924 4331 2146 4403 formam

559 4401 778 4456 hominis
820 4421 921 4458 non
959 4406 1125 4458 induit
1154 4421 1173 4468 ;
1202 4407 1401 4460 nullam
1447 4401 1826 4460 lectionemab
1857 4401 1956 4458 hac
1982 4407 2144 4458 dissi—

559 4474 771 4526 dentem
799 4473 1072 4529 Mariettus
1094 4480 1388 4530 annotavit.
1423 4475 1682 4531 Utrolibet
1710 4475 1865 4530 modo
1897 4476 2036 4530 idem
2064 4485 2148 4530 est

562 4558 768 4616 sensus.
797 4543 931 4616 Infra
959 4585 974 4610 ,
1001 4559 1140 4598 vers.
1176 4547 1278 4600 456
1301 4589 1315 4612 ,
1349 4545 1487 4600 Deus
1518 4565 1569 4600 se
1612 4562 1823 4616 corpore
1855 4551 2028 4600 matris
2064 4549 2148 4599 in-

562 4591 694 4686 ani.
843 4591 974 4686 me
995 4591 1824 4686 ιὶιξῖγίιιῖἷίῖι’ρῖἶξιῖἶιεῖιῖηι’ῘΚῙξςὲῖ
1856 4591 2145 4670 antiit.
2195 4591 2198 4594 ‘

2169 4716 2225 4778 D

561 4677 706 4756 facit.
733 4683 806 4756 De
833 4685 996 4737 verba
1026 4683 1241 4756 Deitatis
1272 4677 1335 4741 S:
1364 4688 1691 4756 Augustinus
1721 4689 1812 4739 lib.
1839 4701 1927 4738 vm
1963 4687 2028 4740 de
2055 4687 2144 4739 Ci-

561 4753 655 4825 vil.
675 4751 786 4819 Dei,
807 4770 924 4822 cap.
956 4756 977 4807 1
1014 4775 1024 4808 :
1054 4755 1207 4809 Hanc
1232 4751 1564 4811 divinitaiem.
1599 4757 1692 4811 uel.
1722 4765 1774 4808 ut
1807 4757 1879 4808 sic
1901 4757 2138 4825 dixerim,

564 4819 844 4899 DEITAT‘t-III
867 4819 886 4876 ξ’
911 4842 1025 4878 nam
1044 4839 1088 4880 et
1117 4828 1210 4880 hoc
1241 4828 1386 4882 uerbo
1413 4829 1484 4881 uti
1500 4831 1615 4899 jam
1641 4839 1839 4899 nostros
1862 4843 1962 4899 non
1986 4819 2142 4898 piget,

561 4903 614 4945 nt
635 4911 669 4969 re
689 4891 1170 4969 Grtnc‘erxpressius
1193 4909 1329 4952 trans
1338 4891 1517 4968 ferant,
1542 4901 1677 4969 quod
1701 4898 1780 4952 illi
1803 4891 2020 4956 θεότητᾶ
2040 4891 2144 4968 ap-

562 4964 771 5028 pellant.
802 4964 973 5020 Utitur
1001 4971 1156 5022 etiam
1184 4972 1238 5021 ἓ.
1269 4964 1639 5028 llieronvums.

645 4987 771 5018 ιηηι.
802 4987 973 5020 uutur
1001 4987 1156 5022 etiam
1185 4987 1238 5021 δ.
1269 4987 1461 5023 Hieron
1506 4987 1639 5024 mus.

641 5035 715 5111 lli.
755 5035 1108 5111 Blasphentus,
1136 4987 1807 5111 blasphemoglasphemia,
1831 5053 1988 5111 voces
2017 5049 2142 5095 suut

563 5123 592 5177 a7
623 5107 746 5160 solis
777 5109 1130 5175 scriptoribus
1162 5111 1536 5164 ecclesiasticis
1562 5107 2144 5177 usitatm,utaTertul-

567 5176 704 5249 liann
728 5219 742 5240 ,
775 5178 1121 5249 Hieronymo,
1154 5181 1366 5234 Orosio.

642 5247 718 5301 18.
764 5250 816 5302 lu
851 5247 990 5305 Vatf
1014 5253 1055 5304 A
1088 5261 1142 5304 et
1174 5268 1277 5304 uno
1305 5251 1554 5304 Torreat.
1599 5254 1748 5307 abo-‘t
1775 5265 1848 5305 est
1879 5261 1998 5314 rost
2028 5249 2135 5304 Pa-

565 5319 670 5391 tris.
709 5317 857 5388 Egtn.
908 5333 957 5375 et
994 5322 1103 5375 Pal.
1130 5365 1142 5385 ,
1171 5333 1217 5374 et
1249 5325 1496 5391 specimen
1533 5339 1626 5386 pro
1656 5334 1726 5375 est
1770 5322 2046 5390 specimen.
2082 5323 2139 5376 In

562 5388 764 5442 'l‘bnan.
815 5401 865 5444 et
895 5392 1086 5446 Bnher.
1123 5388 1306 5460 priori,
1342 5393 1447 5446 Sed
1475 5390 1643 5446 Patris
1671 5388 1835 5446 tamen
1867 5402 1936 5445 est
1970 5395 2136 5458 speci-

564 5475 693 5512 men.
723 5460 896 5525 E-gm.,
930 5467 1007 5531 fas
1040 5473 1110 5518 est
1145 5479 1238 5532 pro
1268 5469 1343 5531 fas
1371 5465 1453 5516 sit.
1489 5463 1542 5516 In
1569 5464 1800 5531 Tbuan.,
1835 5463 1937 5518 Sed
1966 5462 2141 5517 Putris

558 5535 727 5605 tamen
761 5542 830 5605 est
862 5536 1143 5600 specimen,
1173 5536 1309 5603 quod
1339 5551 1540 5588 cernere
1562 5538 1641 5605 fus
1661 5535 1746 5588 sit.

634 5600 720 5653 19.
757 5601 882 5671 Vat.
909 5605 986 5666 A,
1018 5600 1310 5671 promptum
1335 5614 1426 5659 est.

628 5671 717 5723 20.
747 5670 896 5740 Egtn.
927 5685 977 5726 et
1003 5675 1138 5743 PaL,
1164 5670 1336 5728 clauso
1356 5717 1369 5740 ,
1399 5675 1560 5741 tnale,
1590 5689 1685 5737 pro
1707 5673 1910 5742 glauco.
1938 5674 2137 5744 Specu-

561 5739 662 5813 lum
691 5739 1012 5809 pro’pupulu
1049 5739 1223 5807 posuit
1261 5739 1400 5799 vers.
1427 5739 1555 5800 869.
1585 5739 1849 5808 Haniart.,
1882 5755 1928 5798 et
1951 5739 2135 5813 specu-

559 5808 718 5888 lati-ia:
747 5808 967 5884 pupuia,
994 5813 1118 5869 ibid.
1139 5855 1153 5880 ,
1193 5830 1332 5888 vers.
1358 5817 1484 5888 308.
1511 5817 1552 5869 A
1585 5813 1928 5888 Grmca__voce
1959 5808 2135 5888 ﬂouiE,

561 5877 705 5934 ulula
726 5877 755 5942 ,⁷
777 5877 960 5940 noctua
980 5924 997 5948 ,
1031 5893 1112 5941 est
1141 5877 1362 5950 'glaucus
1385 5925 1401 5953 ,
1429 5887 1719 5954 glaucoma.
1754 5884 1942 5946 Celsus
1965 5877 2138 5949 ’νοοεὶί

2258 3413 2380 3482 cies,
2399 3432 2526 3481 quas
2541 3422 2729 3484 posset,
2753 3415 2864 3467 sive
2894 3413 3073 3482 possit.
3106 3413 3215 3466 Hoc
3246 3415 3390 3468 enim
3421 3415 3715 3471 discrimen
3738 3419 3852 3472 exi-

2255 3490 2339 3557 gui
2370 3489 2623 3541 momenti
2655 3495 2756 3539 εει.
2789 3485 2927 3538 Vatt.
2961 3485 3002 3538 A
3023 3525 3036 3547 ,
3075 3484 3112 3536 Β
3143 3494 3196 3537 et
3226 3485 3382 3550 Man,
3411 3497 3598 3551 posset.

2328 3557 2422 3612 26.
2468 3558 2718 3626 Majestas
2746 3573 2883 3618 mera
2913 3564 3013 3619 est,
3043 3570 3161 3624 quae
3193 3557 3389 3608 nullam
3425 3560 3651 3610 formam
3679 3559 3850 3614 induit

2255 3643 2283 3682 a
2321 3645 2413 3682 sua
2444 3639 2629 3682 natura
2672 3627 3001 3681 distinctam.
3048 3627 3363 3679 Scholastiri
3413 3627 3656 3681 dicerent
3689 3633 3850 3698 maje-

2253 3709 2357 3754 stas
2387 3701 2525 3753 nude
2549 3706 2772 3766 sumpta.
2801 3698 3083 3769 Hymnus.
3113 3698 3410 3769 Fructuosi,
3429 3712 3572 3751 vers.
3599 3701 3693 3759 91,
3712 3703 3852 3755 calce

2257 3787 2395 3824 mera
2427 3786 2522 3835 pro
2549 3769 2674 3842 pede
2694 3767 2862 3842 nudo;
2890 3767 3035 3842 Alera
3055 3769 3211 3820 uirtus
3237 3767 3329 3842 lib.
3364 3784 3419 3832 lt,
3449 3779 3637 3822 contra
3669 3770 3844 3842 εγω..

2252 3855 2395 3895 vers.
2428 3838 2555 3895 7H.
2584 3840 2826 3892 Gifauins
2865 3839 3216 3899 allucinatur,
3250 3838 3375 3892 dum
3423 3838 3841 3896 contendit'lnd.

2255 3912 2470 3966 Lucret.
2501 3954 2514 3976 ,
2549 3911 2715 3965 verbo
2751 3925 2951 3969 manus.
2988 3909 3124 3964 hanc
3154 3924 3338 3962 vocem
3367 3924 3394 3960 a
3428 3910 3625 3978 linguae
3653 3911 3851 3968 Latina

2254 3983 2564 4036 anetoribus
2597 3992 2801 4035 tantum
2826 3981 2950 4049 poni
2985 3995 3080 4047 pro
3104 3995 3238 4045 vero,
3262 3981 3546 4051 prmstanti,
3581 3999 3688 4035 non
3709 3984 3846 4051 ﬁcto,

2251 4059 2354 4107 ‘non
2395 4052 2677 4111 simulato.
2728 4068 2819 4120 pro
2848 4051 3076 4118 insigni,
3123 4060 3167 4103 et
3203 4049 3501 4104 uehementi.
3537 4052 3635 4105 Vel
3670 4049 3735 4106 ex
3773 4049 3848 4108 his

2253 4123 2384 4177 solis
2410 4123 2680 4178 Prudentii
2707 4123 2837 4174 locis
2860 4122 3145 4176 refellitur.
3183 4121 3312 4173 Vide
3342 4122 3440 4173 alia
3469 4137 3587 4190 «iure
3626 4125 3848 4178 Becma»

2254 4209 2356 4248 nus
2383 4195 2450 4248 de
2471 4195 2618 4261 Orig.
2651 4196 2777 4261 ling.
2809 4193 2924 4246 Lat.
2953 4193 3214 4246 adversus
3239 4205 3361 4244 eum
3393 4194 3647 4259 protulit.
3678 4196 3735 4248 In
3763 4211 3848 4250 eo-

2251 4265 2372 4320 dem
2417 4273 2734 4334 argumeuto
2767 4263 3087 4316 Prudentius
3129 4261 3398 4334 persistit.
3433 4261 3634 4334 Natura
3665 4265 3844 4320 divina

2251 4332 2613 4402 conspiciwnon
2636 4343 2805 4402 potest
2828 4334 2998 4387 oculis
3025 4332 3325 4395 corporeis,
3349 4333 3448 4386 nisi
3473 4333 3650 4387 forma
3675 4339 3844 4404 aliqua

2249 4419 2540 4473 assumpta.
2573 4405 2795 4458 Constat
2825 4413 3002 4457 autem
3035 4443 3050 4466 ,
3105 4405 3269 4457 Deum
3317 4413 3565 4458 naturam
3614 4407 3844 4462 hominis

2251 4482 2604 4548 assumpsisse
2637 4492 2742 4548 non
2770 4478 2828 4548 in
2862 4477 3066 4529 unitate
3096 4485 3324 4538 natum,
3356 4475 3445 4527 sed
3472 4475 3524 4528 in
3560 4477 3843 4547 singulari-

2251 4557 2356 4600 tate
2386 4546 2626 4612 persbnae
2657 4546 2840 4600 Verbi.

2320 4621 2408 4674 27.
2456 4621 2641 4684 Aldus,
2672 4619 2872 4684 aliquos
2903 4630 3000 4684 pro
3028 4615 3218 4683 aliqua.
3247 4616 3450 4669 Sensus
3472 4616 3692 4679 quidem
3724 4619 3836 4671 ido-

2249 4705 2382 4744 nens
2409 4691 2630 4744 subesse
2677 4696 2870 4756 potest.
2901 4688 3002 4741 Sed
3049 4687 3206 4741 codd.
3235 4685 3432 4739 habent
3458 4688 3656 4756 aliqua.
3687 4689 3843 4743 Hein-

2257 4762 2368 4814 sius
2400 4763 2451 4815 in
2480 4763 2589 4815 suis
2619 4761 2818 4826 reperit
2850 4759 2901 4812 ni
2931 4774 2984 4830 se
3007 4799 3021 4824 ,
3052 4757 3195 4830 quod
3230 4767 3411 4830 tenent
3443 4758 3566 4830 Ald.
3593 4803 3607 4820 ,
3647 4760 3834 4830 Bong..

2257 4831 2378 4887 Vat.
2407 4833 2451 4899 Q
2479 4842 2530 4887 et
2558 4831 2706 4899 Vulg.
2736 4831 2790 4883 In
2821 4829 3017 4883 nostris
3037 4869 3050 4889 ,
3081 4827 3297 4894 Weltz.,
3330 4828 3468 4889 Gis.,
3501 4829 3602 4882 nisi
3626 4849 3702 4886 se.

2325 4903 2415 4958 28.
2461 4900 2948 4970 Adducitexempla
2976 4914 3039 4952 ex
3064 4913 3214 4970 sacra
3244 4899 3453 4970 pagina,
3479 4903 3679 4970 quibus
3709 4902 3840 4956 Deus

2253 4978 2562 5040 apparuisse
2597 4972 2790 5026 dicitur
2811 5013 2826 5035 ,
2860 4969 2981 5041 qua}
3010 4969 3190 5024 omnia
3221 4971 3287 5023 de
3315 4969 3450 5024 Filio
3475 4969 3566 5023 Dei
3593 4974 3836 5037 exponit.

2254 5046 2386 5098 Vidn
2419 5045 2614 5111 (lenes.
2655 5057 2804 5107 xvtn,
2838 5044 2862 5096 ‘l
2900 5050 2952 5095 et
2985 5055 3099 5108 seq.
3134 5041 3449 5105 Dominum,
3482 5057 3642 5111 quem
3679 5045 3839 5098 Abra-

2256 5116 2378 5169 ham
2409 5103 2698 5184 alioquitnr
2727 5158 2740 5177 ,
2782 5103 2939 5167 vocat
2981 5103 3253 5184 Christum
3287 5125 3382 5180 per
3407 5103 3697 5184 prolepsin
3732 5156 3746 5180 ,
3782 5123 3839 5168 ut

2251 5185 2400 5248 alibi,
2436 5183 2639 5240 boc’est
2674 5184 2929 5238 Verbum.
2971 5183 3345 5251 Apparuerunt
3389 5183 3694 5239 Abrabatno
3731 5195 3838 5241 tres

2251 5258 2348 5310 viri
2405 5267 2606 5310 stantes
2632 5296 2647 5321 ,
2690 5264 2748 5308 ut
2775 5267 3122 5322 personarum
3151 5255 3392 5307 Trinitas
3420 5255 3834 5322 significaretur.

2248 5327 2462 5396 Triplex
2485 5329 2652 5396 ﬁgura
2683 5335 2940 5391 sunttres
2961 5325 3079 5396 viri.
3115 5324 3169 5379 In
3210 5325 3447 5379 carmine
3490 5327 3543 5377 in
3575 5328 3834 5382 (ient-sin.

2247 5400 2398 5472 cujus
2440 5395 2852 5472 auctorem‘non
2873 5409 3000 5472 esse
3029 5395 3322 5472 Juve_ncum
3341 5435 3355 5459 ,
3386 5398 3605 5472 ostendi
3634 5399 3686 5451 in
3719 5413 3839 5472 pro-

2250 5471 2443 5536 legam.
2480 5484 2635 5522 versu
2667 5468 2772 5523 556
2811 5485 2824 5522 :
2863 5467 3100 5537 Dumque
3139 5468 3304 5522 Deum
3331 5467 3465 5521 trina
3496 5467 3837 5537 positum'rab

2248 5541 2469 5610 imagine
2500 5540 2681 5603 pascit.

2319 5609 2408 5663 29.
2444 5611 2710 5664 Arnobius
2735 5651 2748 5675 ,
2797 5609 2888 5666 lib.
2925 5624 2984 5674 ι,
3017 5621 3138 5679 pag.
3174 5611 3199 5665 1
3228 5650 3244 5675 ,
3267 5610 3418 5678 queri
3466 5611 3697 5677 gentiles
3723 5610 3836 5676 ait,

2250 5681 2397 5749 ipsos
2427 5682 2586 5735 etiam
2619 5681 2846 5748 cmlites‘,
2880 5679 3157 5735 derelictis
3172 5681 3318 5735 curis
3345 5681 3696 5747 solemnibus,
3720 5683 3835 5750 qui-

2248 5751 2346 5807 bns
2369 5751 2634 5821 quondam
2667 5752 2911 5806 solebant
2952 5752 3170 5807 invisere
3194 5769 3276 5808 res
3304 5761 3538 5822 nostras,
3572 5763 3836 5809 terrarqu

2246 5837 2276 5877 a
2301 5823 2611 5896 regionibus
2638 5822 3044 5880 exterminatos.
