4092 6344
282 409 380 465 0‘25
1687 389 2130 451 APOTHEOSIS.
3445 379 3548 435 926

453 520 566 574 lloc
595 514 934 571 colluctantis
963 520 1260 568 tractarunt
1281 507 1500 565 brachia
1521 505 1706 563 Jacob.
1884 531 1936 588 Α
2142 496 2395 555 Terrenis
2426 495 2615 564 oculis,
2648 494 2829 551 habitu
2853 508 2911 551 se
2935 493 3221 550 ostendere
3249 492 3475 548 nostro?

451 613 570 682 lpse
599 610 753 665 dator
773 607 913 678 iegis
938 607 1132 662 divinae
1159 604 1418 660 accedere
1449 617 1632 657 coram
2143 594 2300 664 Saepe
2319 601 2376 648 et
2401 591 2452 647 in
2479 590 2771 662 angelicas,
2803 590 2891 646 vel
2921 589 3180 646 mortales
3194 595 3550 646 memoratum

452 704 615 777 5.06
641 701 850 764 Iussus,
876 699 1126 755 amicitia:
1151 698 1347 752 collato
1366 696 1456 766 qui
1482 694 1630 750 stetit
1659 708 1754 750 ore
2147 776 2156 777 ί
2221 776 2229 777 7
3217 681 3337 756 [est

451 775 729 860 Cominus,
759 803 813 851 et
841 795 1008 850 sacris
1030 793 1312 863 conjunxit
1345 789 1505 846 verba
1536 787 1786 858 loquelis,
2141 776 2322 831 induci
2354 777 2594 846 species,
2623 783 2785 846 queat
2810 783 2872 830 ut
2901 775 3002 832 sub
3021 775 3257 846 imagine
3293 775 3464 830 cerni.

310 895 378 948 35
452 893 642 948 Carnis
671 891 723 945 in
751 890 927 959 effigie
946 888 1221 944 Christum
1251 901 1308 941 se
1348 898 1568 940 cernere
1599 883 1788 937 sensit.
2137 868 2256 923 HOC
2306 867 2542 922 Verbum
2587 876 2673 924 es!
2697 908 2714 936 ,
2764 868 2907 940 quod
2947 869 3212 925 vibratum
3259 867 3433 924 Patris
3462 882 3558 924 ore

452 987 556 1043 Sed
581 985 784 1052 majora
818 993 1005 1052 petens
1026 1026 1039 1049 ,
1066 982 1303 1035 animum
1337 994 1431 1048 per
1447 988 1567 1032 vota
1599 975 1826 1032 tetendit
3067 959 3339 1032 [benigno

451 1051 767 1138 inconcessa
791 1051 1162 1145 homini,plus
1185 1088 1342 1145 quam
1374 1069 1865 1126 mortalclahorans
1969 1055 2039 1112 50
2146 1054 2306 1127 5.07
2347 1053 2590 1123 Sumpsit
2641 1054 2887 1124 virgineo
2933 1051 3172 1124 fragilem
3222 1055 3290 1108 de
3332 1068 3562 1126 corpore

455 1173 651 1242 Ipsum,
675 1177 904 1239 quantus
921 1176 1057 1233 erat,
1101 1167 1217 1221 sine
1257 1178 1484 1232 corpore
1512 1161 1688 1215 visere
1711 1158 1863 1214 Clll‘l-
2155 1239 2173 1242 _
2233 1238 2247 1242 _
2330 1237 2350 1242 Δ
2913 1237 2929 1242 _
3215 1147 3486 1219 [formam.

1456 1254 1651 1327 [smn],
2155 1238 2283 1293 lndc
2321 1237 2488 1308 ﬁgura
2519 1238 2756 1292 hominis
2789 1237 3024 1293 nondum
3059 1241 3158 1295 sub
3187 1256 3369 1307 carne,
3398 1240 3562 1314 Moysi

455 1354 694 1421 Denique
716 1364 836 1422 post
861 1350 1012 1406 multi
1039 1351 1304 1405 sermonis
1323 1359 1529 1413 mutua,
1565 1355 1791 1416 postque
2147 1331 2398 1402 Obice”,
2428 1332 2660 1400 θτίίεὶθπι
2693 1333 2867 1386 ηοεῐτί
2899 1332 3200 1400 εῑπηθπόττίι
3229 1335 3358 1402 οτῖδν

314 1450 382 1507 40
453 1447 810 1517 Conspectum
835 1446 1116 1516 prmsentis
1141 1444 1276 1510 heri,
1307 1451 1362 1497 et
1385 1426 1657 1497 consortia
1686 1442 1862 1508 longa,

2147 1424 2299 1490 Quod
2327 1423 2649 1493 quandoque
2677 1423 2818 1477 Deus
2841 1422 3002 1477 Verbi
3029 1424 3228 1478 virtute
3251 1432 3494 1479 coactum

455 1515 1090 1610 Qumso,ait,ntliceattc
1106 1536 1426 1600 nunc,Dcus
1444 1535 1864 1602 optime,nosse.
1977 1609 1982 1610 γ
2009 1607 2037 1610 η
2149 1515 2472 1610 δυῐξιῐηυΐυε)
2504 1529 2723 1584 θοι-νας.
2753 1515 2940 1568 faelem
2969 1515 3236 1570 referebat
3264 1517 3528 1596 eamdem-

457 1607 1324 1702 liespotiditDominus:blea,non
1345 1627 1868 1694 me,cernerejustis
1971 1607 2041 1663 55
2147 1607 2254 1702 Sf?“
2295 1617 2484 1702 "me",
2507 1618 2562 1661 θί
2590 1616 2797 1662 “mam
2828 1607 2939 1661 Visa
2971 1618 3054 1662 εει
3085 1607 3257 1662 enim
3288 1624 3531 1665 cremare

455 1726 756 1782 Posteriora
781 1727 952 1791 dabo;
983 1725 1108 1796 quid
1131 1724 1368 1789 apertius
1390 1763 1404 1788 ,
1430 1723 1633 1791 absque
1662 1721 1862 1787 aliena,

457 1819 627 1886 Quam
649 1827 840 1884 sumat,
875 1819 1028 1884 facie,
1066 1817 1296 1870 Verbum
1327 1829 1431 1868 non
1460 1827 1615 1882 posse
1655 1813 1821 1866 videri
1849 1853 1864 1877 ,

321 1918 389 1972 l5
461 1912 625 1968 Posse
654 1920 857 1977 tamen,
882 1925 1003 1966 cum
1036 1908 1186 1964 malit
1209 1905 1372 1971 idem,
1404 1919 1674 1974 nunquam
1709 1903 1866 1959 Patre
1898 1923 1946 1984 η

1485 1996 1648 2069 [viso,

2150 1701 2387 1756 Flamma
2408 1701 2623 1757 rubum.
2658 1703 2799 1758 Deus
2822 1702 2874 1757 in
2904 1703 3073 1773 spinis
3093 1703 3353 1757 volitabat
3375 1704 3565 1772 acutis,

2150 1815 2552 1890 Vulnilicasque
2580 1833 2763 1873 comas
2796 1819 3047 1872 innoxius
3078 1819 3216 1889 ignis
3243 1817 3461 1888 agebat,

2147 1907 2311 1982 408
2349 1877 2508 1966 Esset
2561 1921 2620 1966 ut
2671 1910 2917 1980 exemplo
2957 1877 3125 1966 Deusv
3170 1877 3463 1977 “lapsurus
3509 1907 3566 1964 in
3617 1877 3628 1893 ‘

3261 1999 3429 2072 [artus

1603 2091 1887 2150 GLOSSE
1931 2097 2271 2156 VETERES.

356 2191 442 2244 5|.
483 2188 798 2244 Tractarunt
820 2229 834 2250 ,
865 2189 1132 2257 tetigerunt
1158 2225 1174 2248 ,
1205 2185 1280 2238 uel
1307 2184 1666 2257 palpaverunt.
1690 2214 1759 2225 —
1785 2185 1876 2240 Ja-

289 2261 408 2320 cob,
441 2262 525 2314 ubi
556 2263 705 2314 colltn
725 2262 925 2313 labatur
952 2255 1064 2310 cum
1096 2258 1311 2326 angelo,
1345 2255 1448 2309 lso.

358 2331 445 2386 3‘2.
486 2331 702 2394 Coram,
735 2329 926 2396 palam,
955 2329 1031 2381 uel
1065 2343 1240 2392 prope,
1267 2327 1305 2380 Ι.

363 2403 458 2457 35.
499 2394 809 2469 Collatoqui
837 2402 1005 2463 stetit,
1036 2401 1164 2468 facie
1190 2401 1254 2449 ad
1283 2395 1465 2467 faciem
1486 2394 1683 2449 locutus
1713 2405 1806 2462 est,
1833 2397 1874 2451 l.

368 2475 461 2528 54.
503 2472 788 2533 Cominus,
816 2474 994 2541 juxta,
1030 2469 1066 2522 I.

358 2545 449 2600 57.
495 2543 616 2596 Plus
647 2537 828 2609 quam,
852 2543 1045 2594 scilicet
1069 2540 1340 2605 debuisset,
1371 2537 1411 2592 Ι.

359 2615 447 2669 59.
492 2615 689 2675 Mutua,
717 2617 944 2666 attentas
963 2612 1350 2674 collocationes,
1381 2611 1420 2664 Ι.

361 2686 452 2740 40.
497 2687 643 2745 Ileri.
680 2683 796 2749 Dei,
823 2682 861 2736 I.

359 2755 448 2810 45.
493 2756 818 2817 Posteriora,
845 2754 1059 2818 Filium,
1086 2753 1216 2806 sicut
1235 2754 1394 2819 inquit
1413 2752 1540 2823 ipse,
1567 2753 1687 2822 quia
1713 2753 1879 2823 major

303 2841 383 2880 me
403 2836 498 2888 est,
527 2843 749 2878 carnem.
776 2855 841 2866 —-
877 2828 1148 2892 Apertius,
1179 2824 1301 2878 huic
1319 2825 1413 2891 rei,
1439 2822 1480 2876 Ι.

365 2898 454 2951 44.
499 2895 753 2959 Verbum,
784 2894 1002 2958 Filium,
1022 2895 1060 2948 l.

364 2967 454 3020 45.
501 2967 666 3027 Idem,
694 2964 884 3029 Filius,
921 2965 958 3017 I.

364 3037 454 3092 46.
500 3037 714 3101 Habitu,
746 3038 799 3089 in
831 3036 1028 3100 habitu,
1053 3034 1093 3088 1.

2059 2193 2147 2246 49.
2194 2192 2494 2259 Vibratum,
2522 2190 2785 2254 emissum,
2805 2188 2849 2243 l.

2059 2263 2148 2316 50.
2191 2263 2480 2331 Fragilem,
2512 2259 2802 2323 mortalem,
2832 2259 2937 2314 lso.

2060 2334 2147 2386 51.
2195 2329 2342 2396 Inde,
2376 2334 2564 2385 scilicet
2585 2334 2723 2401 quod
2746 2332 2975 2394 emicuit,
3004 2329 3045 2384 I.

2059 2402 2148 2456 5‘2.
2191 2404 2332 2464 Oris,
2367 2405 2536 2472 faciei,
2572 2403 2610 2458 Ι.

2060 2475 2147 2528 55.
2194 2475 2469 2537 Coactum,
2498 2472 2846 2542 coagulatum,
2881 2472 2918 2525 Ι.

2059 2545 2149 2600 54.
2192 2545 2501 2608 Referebat,
2533 2541 2810 2613 figurabat,
2840 2543 3136 2607 simulabat,
3165 2541 3204 2596 l.

2059 2614 2164 2741 55.l
2190 2617 2434 2682 Sentam,
2466 2625 2739 2668 sentosam.
2771 2640 2844 2654 —
2867 2614 3051 2668 Excita
3073 2655 3086 2680 ,
3134 2621 3407 2681 commota,
3441 2614 3579 2668 exci-

2059 2705 2111 2741 a.
2172 2727 2184 2741 .

1985 2695 2111 2749 tata,
2146 2695 2184 2741 Ι.

2060 2758 2148 2812 57.
2192 2757 2504 2822 Vulnilicas,
2554 2757 2762 2811 vulnera
2811 2756 3171 2826 [acientes.—
3199 2754 3427 2826 Agebat,
3480 2757 3582 2810 cir-

1985 2829 2298 2952 cuzrdazatt,
2319 2828 2620 2952 Atangebat,
2664 2823 2846 2882 leniter
2889 2827 3155 2898 tangebat,
3199 2823 3337 2880 LV—
3364 2824 3582 2892 Comes,

1987 2913 2050 2950 ru
2090 2916 2127 2952 ι,
2216 2916 2240 2949 a
2275 2939 2288 2951 .
2372 2941 2382 2952 .

1987 2909 2127 2957 rubr,
2173 2909 2288 2952 Vat.
2319 2909 2382 2953 A.

2060 2968 2148 3024 58.
2190 2969 2468 3040 Exemplo,
2501 2970 2813 3040 exemplum.
2833 2998 2903 3010 —
2929 2969 3092 3035 Deus,
3123 2983 3194 3022 sc.
3219 2968 3359 3040 quod
3379 2977 3508 3035 erat,
3539 2966 3582 3023 1.

1656 3126 2211 3189 COMMENTARIUS.

368 3226 457 3281 3|.
501 3224 575 3280 De
606 3224 772 3280 Jacob
804 3239 926 3278 cum
977 3221 1201 3276 Domino
1232 3221 1462 3274 luctante
1492 3218 1614 3273 vide
1641 3219 1827 3290 hymn.
1858 3223 1893 3278 9

289 3293 457 3352 Cath.
477 3337 495 3361 ,
522 3312 666 3351 vers.
693 3297 779 3350 73.
818 3296 1004 3349 Fuisse
1035 3293 1257 3357 Filium,
1293 3292 1402 3361 sive
1447 3290 1739 3345 secundam
1771 3292 1891 3348 Tri-

306 3354 495 3423 nitatis
522 3382 807 3435 personam
839 3367 1046 3433 plurimi
1082 3354 1371 3435 tradunt._'

369 3439 458 3493 5-2.
507 3432 714 3510 Moyses
751 3432 1015 3510 Israelitis
1033 3436 1201 3503 legem
1222 3432 1386 3510 dedit
1416 3447 1445 3486 a
1469 3432 1892 3510 Domino‘tradi-

293 3519 431 3580 tam.
457 3504 608 3565 llttné
631 3513 803 3564 locum
829 3507 974 3575 attigi
1005 3507 1188 3577 hymn.
1221 3505 1446 3568 7Catlt.,
1471 3519 1614 3559 vers.
1649 3504 1739 3560 ιο.

367 3582 456 3635 55.
500 3582 618 3636 Put.
637 3624 651 3646 ,
681 3583 734 3634 in
758 3581 987 3647 eﬂigicm.

369 3653 460 3706 56.
504 3653 682 3720 Prag.,
720 3652 994 3713 tnetnlose,
1026 3657 1203 3720 potens
1227 3662 1323 3714 pro
1341 3657 1534 3720 petens.

365 3724 459 3778 58.
501 3725 588 3777 Ait
623 3716 955 3776 Prudentius
979 3761 995 3785 ,
1026 3716 1382 3773 desiderasse
1426 3717 1660 3787 Moysem
1703 3716 1887 3774 videre

293 3794 590 3850 secundam
621 3792 898 3845 Trinitatis
929 3805 1210 3858 personam
1243 3795 1360 3844 sine
1407 3788 1574 3842 forma
1615 3787 1720 3842 ulla
1767 3804 1887 3844 cor-

293 3879 486 3933 porca,
505 3861 645 3933 quod
668 3871 850 3933 votum
873 3862 1244 3933 inconcessum
1271 3859 1471 3912 homini
1499 3869 1646 3933 recte
1671 3861 1882 3933 asserit.

296 3928 538 3990 Consule
586 3930 864 3999 theologos
896 3930 1229 3998 dieputsntes
1261 3969 1276 3994 ,
1317 3940 1494 3983 utrum
1527 3928 1669 3984 Deus
1712 3932 1885 3986 oculis

296 4004 580 4068 corporeis
612 4001 757 4055 cerni
787 4000 976 4068 possit.

376 4074 465 4126 59.
511 4073 740 4134 Βυηοη..
764 4071 973 4132 munia;
999 4070 1191 4123 melius
1218 4076 1420 4123 mutua.

373 4143 464 4198 43.
508 4141 803 4196 Posteriora
835 4141 1254 4196 incarnatimiem
1280 4139 1581 4204 intelligunt
1614 4150 1736 4193 esse
1764 4138 1886 4194 Hie-

297 4228 588 4284 ronymus.
628 4213 986 4284 Datnasceuus
1007 4252 1020 4276 ,
1055 4210 1392 4284 Bernartius,
1421 4209 1534 4284 alii.
1566 4208 1650 4262 lso
1679 4209 1888 4284 videtur

300 4280 610 4351 respexisse
653 4285 716 4336 ad
760 4283 1074 4353 prioritatem
1107 4290 1161 4334 et
1199 4280 1633 4353 posterioritatem
1651 4281 1882 4353 originis,

299 4349 461 4424 quam
482 4349 1026 4424 explicant'theologi,
1053 4354 1190 4406 inter
1202 4349 1444 4424 Patrem.
1465 4358 1519 4403 et
1535 4349 1752 4424 Filium.
1781 4352 1884 4406 Alii

301 4421 855 4495 referttnt’posteriora
881 4423 946 4477 ad
976 4438 1172 4495 corpus
1205 4422 1462 4495 lucidum,
1495 4435 1604 4489 quo
1625 4421 1766 4495 Deus
1795 4437 1887 4491 ap-

303 4492 728 4566 paruerit.'Ald.,
758 4494 917 4566 male,
942 4494 1078 4564 quod
1107 4494 1352 4564 apertius.
1386 4492 1739 4562 Interrogatio
1760 4507 1888 4547 eon-

303 4563 544 4621 iinuatur
572 4567 636 4618 ad
672 4580 814 4619 vers.
849 4563 961 4619 46.
1023 4579 1034 4590 ⁸

376 4640 464 4691 47.
510 4637 800 4700 Giselinus,
829 4645 875 4688 et
906 4638 1167 4690 mortales.
1198 4633 1348 4699 Ald.,
1372 4633 1516 4697 Put.,
1549 4634 1725 4700 Roth,
1751 4631 1889 4688 Cau-

301 4709 559 4770 chianus,
607 4708 722 4760 Vat.
757 4712 798 4760 A
829 4722 928 4773 pro
951 4709 1162 4762 diversa
1191 4708 1454 4772 scriptura
1482 4747 1495 4770 ,
1523 4710 1838 4759 moderatum
1869 4745 1883 4771 ,

302 4795 426 4834 cum
457 4781 628 4841 glossa
665 4787 1006 4844 temperatum
1037 4778 1166 4831 illud
1212 4777 1451 4830 Verbum.
1494 4777 1798 4838 Sallustius,
1831 4785 1886 4830 el.

307 4851 404 4902 alii
433 4851 683 4902 dixerunt
711 4847 940 4912 modero,
968 4865 1023 4902 as
1043 4865 1060 4913 ;
1082 4858 1135 4902 et
1161 4847 1489 4902 Prudentius
1513 4849 1696 4900 eadem
1723 4849 1882 4913 signi-

306 4919 559 4974 ficatione
589 4920 798 4987 passiva
827 4920 1149 4971 moderamen
1172 4933 1276 4970 non
1302 4918 1468 4971 semel
1501 4917 1823 4987 posuit.Vat.
1846 4923 1885 4970 Α

303 5006 334 5043 a
381 4991 548 5057 prima
590 4985 748 5043 manu
774 5029 789 5051 ,
827 4990 943 5042 Vat.
979 4990 1019 5043 Β
1046 5029 1061 5053 ,
1089 4989 1261 5043 Oxon.
1288 5027 1302 5052 .
1330 4998 1694 5057 memoratum;
1726 4985 1843 5039 Rat.
1875 5029 1889 5054 ,

306 5056 476 5128 Han,
506 5061 724 5125 Weitz.,
755 5061 940 5128 Prag.,
974 5069 1308 5113 memoratum
1356 5069 1448 5113 est.
1492 5059 1544 5112 In
1580 5056 1791 5111 Tltuan.
1841 5069 1896 5111 et

304 5130 519 5185 Noms..
548 5134 867 5183 moderatum
889 5139 981 5184 est.
1009 5131 1083 5184 Ita
1110 5131 1224 5182 Vat.
1257 5129 1321 5195 ρ.

379 5203 470 5256 49.
516 5201 648 5255 Vide
677 5201 930 5271 hymnum
965 5202 1026 5254 ll
1057 5201 1235 5262 (latin,
1266 5213 1403 5253 vers.
1439 5197 1528 5271 17.

381 5273 468 5324 55.
505 5268 958 5340 Νοτηρε’8ρίι·ίιυε
977 5274 1144 5325 sancti
1169 5272 1386 5333 virtute,
1411 5268 1895 5323 aitChamillardus

306 5357 585 5408 exponens
635 5343 722 5396 illa
775 5341 937 5395 verba
996 5341 1146 5394 Verbi
1192 5342 1394 5395 virtute.
1445 5341 1559 5393 Non
1605 5343 1890 5397 assentior.

305 5412 494 5464 Solum
522 5413 716 5466 Filium
748 5425 866 5466 esse
896 5412 1122 5466 Verbum
1157 5412 1430 5465 notionale
1459 5411 1628 5465 Patris
1661 5411 1894 5481 theologi

307 5493 582 5548 asserunt,
617 5493 671 5536 et
696 5482 1022 5539 S.Basilium
1057 5482 1243 5535 laxiori
1271 5495 1432 5536 sensu
1462 5483 1694 5536 locutum
1724 5482 1894 5546 aiunt,

309 5565 434 5623 cum
460 5553 596 5623 dixit
628 5554 719 5607 lib.
748 5568 780 5606 ν
803 5562 988 5606 contra
1016 5553 1333 5607 Eunomium
1368 5569 1383 5607 ε
1420 5552 1512 5607 Dei
1541 5555 1743 5623 quidem
1771 5551 1901 5607 Ver-

308 5621 429 5673 bum
451 5635 524 5677 est
541 5622 728 5676 Filius.
756 5623 968 5678 Verbum
986 5633 1153 5678 autem
1168 5623 1291 5677 Filii
1317 5621 1564 5690 Spiritus.
1585 5623 1902 5678 Prudentius

311 5705 488 5762 neque
522 5697 636 5762 ipse
664 5703 822 5748 vocat
849 5695 1082 5750 Verbum
1123 5695 1382 5762 Spiritum
1427 5704 1695 5764 sanctum,
1727 5708 1902 5764 neque
1943 5719 1948 5722 -

313 5775 453 5829 Opus
479 5773 584 5832 est,
616 5773 678 5819 ut
706 5765 777 5818 ita
809 5777 834 5835 a
864 5766 1018 5821 nobis
1045 5766 1366 5835 explicetur.
1407 5763 1498 5818 Ait
1525 5780 1673 5834 ergo,
1705 5763 1902 5834 corpus

313 5842 561 5890 coactum
589 5837 792 5891 virtute
817 5834 998 5903 Verbi,
1032 5834 1133 5893 hoc
1160 5847 1273 5902 est,
1306 5835 1462 5902 Filii,
1500 5836 1613 5890 sive
1651 5837 1900 5891 secundae

314 5916 583 5972 personae.
615 5905 748 5964 Vide
763 5921 882 5975 qua:
903 5910 1082 5965 notavi
1105 5909 1171 5966 ad
1193 5910 1296 5968 loc.
1315 5908 1409 5977 cit.
1424 5905 1609 5976 hymni
1627 5907 1709 5963 ll.
1741 5907 1900 5977 Intra,

2001 3240 2143 3280 vers.
2171 3225 2274 3295 H4
2299 3243 2310 3278 :
2354 3226 2568 3280 Verbum
2610 3228 2943 3295 conspicuum
2973 3226 3132 3288 misit,
3165 3226 3476 3295 missumque
3502 3241 3589 3279 re.

1994 3298 2148 3366 cepit,
2179 3294 2306 3350 Cum
2329 3297 2512 3360 voluit,
2551 3296 2715 3350 Verbo
2738 3294 3054 3364 prtestrinxit
3085 3297 3437 3366 risceraput-m
3467 3294 3590 3348 Vir-

1993 3364 2148 3435 ginis.
2191 3378 2237 3421 et
2280 3366 2446 3421 Verbo
2494 3369 2685 3422 struxit
2733 3368 2952 3434 puerilia
2987 3368 3228 3419 met‘nbra.
3268 3364 3457 3419 Omnia
3494 3381 3590 3431 per

1997 3439 2230 3492 Verbum
2259 3439 2393 3493 facta
2417 3449 2562 3503 sunt,
2589 3449 2642 3493 et
2664 3439 2780 3491 sine
2812 3439 2926 3502 ipso
2950 3439 3144 3490 tactum
3177 3446 3258 3490 est
3291 3436 3420 3490 nihil
3445 3435 3588 3503 quod

1915 3522 1958 3583 ρ
1994 3508 2190 3562 factum
2221 3519 2324 3562 est.
2364 3511 2564 3583 itaque
2596 3525 2688 3576 per
2725 3508 2953 3563 Verbum
2995 3510 3156 3583 etiam
3193 3509 3387 3583 tactum
3421 3516 3502 3559 est
3535 3515 3592 3561 ut

1993 3593 2210 3642 Corpus,
2241 3580 2378 3647 quod
2407 3578 2547 3636 Deus
2572 3587 2684 3634 erat
2710 3589 3105 3644 assnmptnrus,
3133 3578 3288 3631 fuerit
3321 3586 3584 3630 coactura.

2065 3650 2155 3704 δι.
2188 3650 2360 3716 Sich.,
2394 3651 2584 3718 Bong,
2622 3661 2675 3705 et
2700 3650 2845 3705 Wid.
2876 3651 2944 3703 ab
2967 3651 3068 3705 alia
3101 3665 3258 3704 manu
3293 3663 3355 3702 ex
3386 3648 3585 3712 glossa,

1993 3721 2264 3775 simulabat
2311 3738 2408 3790 pro
2455 3721 2722 3788 relcrebal.
2770 3722 3020 3776 Barthius
3051 3722 3144 3773 lib.
3177 3736 3283 3782 xm,
3333 3734 3449 3788 cap.
3491 3718 3586 3786 24,

1991 3793 2260 3857 obseruit,
2299 3803 2487 3861 poetas
2506 3792 2839 3847 Christianos
2884 3795 3029 3846 varie
3055 3801 3354 3857 temporum
3402 3791 3590 3844 nnnlos

1993 3865 2417 3933 transposuisse;
2444 3874 2502 3918 ut
2521 3865 2839 3918 Prudentius
2861 3863 3044 3933 facient
3061 3864 3312 3929 referebat
3329 3863 3585 3933 eamdem,

1993 3935 2094 3988 hoc
2117 3946 2220 4000 est,
2249 3938 2502 3988 relaturus
2523 3937 2606 3989 sit.
2638 3939 2704 3988 At
2725 3932 3127 4002 verorefercbat
3156 3943 3328 3996 potest
3357 3941 3410 3984 et
3433 3932 3594 4002 dcliet

1991 4004 2217 4068 intelligi
2244 4007 2311 4060 de
2349 4015 2593 4072 tempore
2619 4022 2723 4072 quo
2751 4007 2888 4056 lieus
2918 4000 2978 4057 se
3004 4003 3170 4073 Moysi
3201 4000 3587 4068 inspiciendum

1992 4075 2261 4140 praestitit,
2289 4091 2392 4129 non
2416 4077 2485 4129 de
2507 4085 2749 4139 tempore
2770 4090 2876 4140 quo
2898 4083 3211 4140 sumpturus
3231 4080 3348 4125 erat
3367 4085 3585 4135 corpus.

1989 4144 2227 4209 Scilicet,
2263 4144 2420 4208 Deus,
2453 4145 2538 4212 qui
2561 4146 2866 4212 quandoque
2907 4154 3206 4205 sumpturus
3236 4150 3345 4193 erat
3375 4155 3583 4212 corpus,

1991 4213 2175 4281 faciem
2218 4207 2475 4270 eamdem
2502 4207 2790 4284 referebat,
2820 4229 2906 4266 seu
2946 4212 3238 4274 simulabat,
3272 4226 3383 4263 cum
3416 4207 3590 4279 Moysi

1991 4287 2256 4354 apparuit.

2063 4351 2154 4410 55.
2198 4355 2535 4411 Vetustiores
2555 4355 2826 4410 Heinsiani
2856 4365 2910 4408 et
2932 4353 3125 4419 nostri,
3146 4351 3331 4415 Weit.,
3365 4360 3584 4417 sentam,

1991 4440 2068 4481 sc.
2087 4436 2282 4480 sentam
2303 4428 2506 4480 rubum.
2532 4427 2808 4490 Ald.,Gis.
2833 4434 2888 4479 et
2911 4424 3090 4491 Vulg.,
3116 4432 3332 4477 sentum.
3359 4421 3586 4489 Bonon.,

1989 4506 2197 4561 sentem,
2232 4499 2512 4553 mendose.
2546 4498 2821 4552 Fabricius
2869 4497 3093 4564 putavit,
3142 4509 3264 4548 esse
3308 4507 3588 4563 syncopen

1989 4579 2186 4620 sentum
2217 4584 2311 4638 pro
2339 4573 2577 4622 sentiunt.
2610 4569 2713 4622 Sed
2744 4576 2895 4635 poett
2928 4567 3083 4634 patilo
3111 4577 3228 4631 post
3259 4565 3332 4638 ait
3346 4575 3588 4638 contorta

1988 4639 2162 4705 rubus,
2211 4635 2264 4692 et
2310 4650 2505 4693 sentum
2556 4654 2844 4708 peccamen.
2903 4638 3215 4708 Inrltymno
3263 4635 3587 4708 S.Eulali:e,

1989 4723 2130 4762 vers.
2150 4712 2240 4774 47,
2267 4710 2366 4763 Per
2387 4713 2498 4763 loca
2519 4722 2666 4763 senta
2687 4712 2809 4771 situ,
2829 4717 2884 4762 et
2906 4725 2940 4762 ll
2981 4707 3032 4760 in
3057 4712 3230 4777 Synn,
3256 4719 3391 4758 vers.
3418 4707 3581 4769 1059,

1994 4779 2332 4853 Extirpamus
2379 4783 2527 4853 enim,
2553 4789 2717 4832 sentos
2760 4779 2824 4830 de
2863 4790 3066 4853 pectore
3106 4793 3312 4853 uepres,
3347 4777 3434 4853 niti
3481 4777 3581 4829 alia

1994 4846 2246 4905 addit'rei
2279 4851 2532 4919 prmscnti
2560 4852 2928 4915 congruentia.
2952 4847 3310 4919 Cltamillardo
3339 4846 3483 4899 visus
3508 4855 3592 4900 est

1917 4904 1966 4970 Ι)
1999 4904 2316 4974 Prudentius
2349 4937 2452 4972 non
2480 4922 2610 4973 satis
2638 4904 2744 4972 duo
2770 4919 3117 4981 distimucro,
3150 4918 3291 4987 quod
3327 4920 3375 4968 in
3407 4927 3589 4970 mante

2002 4991 2148 5045 Sinai
2184 4991 2324 5044 Dens
2356 4991 2519 5060 Moysi
2563 4993 2730 5060 legem
2763 4989 2999 5052 dederit,
3049 4997 3103 5042 et
3151 4991 3200 5041 in
3242 4996 3420 5060 monte
3449 4987 3591 5060 Urel)

1998 5060 2101 5128 ipsi
2147 5056 2455 5128 apparuerit
2507 5062 2556 5113 in
2599 5059 2752 5113 rubo.
2803 5060 2913 5128 Ego
2945 5061 3026 5113 vel
3066 5061 3294 5112 maxime
3331 5059 3442 5108 haec
3485 5056 3592 5128 duo

1999 5125 2312 5186 distiniiixse
2341 5142 2550 5200 poetam
2579 5125 2863 5195 conﬁrmo,
2888 5135 3131 5199 quamvis
3162 5130 3417 5200 temporis
3446 5125 3592 5178 ordi-

2000 5218 2122 5256 nem
2173 5218 2277 5256 non
2329 5198 2643 5256 servaverit.
2696 5198 2963 5255 llactenns
2997 5201 3062 5253 de
3093 5201 3295 5252 visione
3330 5198 3379 5248 in
3411 5205 3593 5248 monte

1998 5275 2142 5328 Sinai
2191 5275 2402 5326 locutus
2445 5285 2554 5337 est,
2586 5287 2687 5342 qua
2732 5274 2896 5341 ﬁgura
2942 5270 3184 5342 hominis,
3233 5275 3457 5318 nontlum
3500 5266 3592 5342 sub

2001 5360 2151 5397 carne
2196 5341 2363 5412 Moysi
2398 5340 2641 5415 abjecta,
2686 5340 2895 5413 eﬁigiem
2937 5342 3093 5415 nostri
3141 5341 3427 5415 signauerat
3469 5340 3588 5415 oris.

2007 5415 2156 5468 Nunc
2185 5407 2519 5482 progreditur
2549 5415 2616 5468 ad
2647 5407 2907 5466 visionem
2942 5412 2992 5463 in
3018 5413 3179 5476 ligura
3209 5407 3365 5482 ignis,
3403 5409 3591 5482 rubum

2005 5478 2368 5539 comlnireutis
2394 5503 2406 5538 :
2437 5487 2542 5541 Sed
2566 5496 2732 5537 tamen
2754 5491 2799 5536 et
2823 5492 3038 5545 sentam,
3059 5493 3226 5549 usque
3249 5481 3313 5532 ad
3340 5491 3481 5532 vers.
3503 5478 3590 5532 70.

2009 5556 2143 5610 Vide
2177 5557 2342 5610 Estid.
2375 5571 2450 5610 ιιι.

2081 5627 2168 5681 57.
2216 5627 2442 5692 Bonou.,
2483 5628 2648 5679 alebat
2680 5637 2784 5676 non
2821 5621 3041 5675 omnino
3071 5620 3231 5686 male,
3265 5633 3360 5689 pro
3393 5619 3594 5688 agebat.

2010 5696 2144 5752 Vide
2181 5699 2477 5768 Sedulium,
2512 5696 2649 5768 lib._t
2681 5710 2694 5746 :
2726 5692 2937 5768 Ignibus
2975 5693 3212 5768 innocuis
3239 5694 3466 5768 ﬂagrans
3503 5703 3598 5768 ap-

2011 5770 2182 5852 paruit
2213 5760 2487 5852 olim-Non
2509 5760 3246 5852 .ardens‘artlgeﬂrubus,“etc‘.

2012 5831 2067 5894 in
2102 5842 2236 5894 rubo
2267 5840 2474 5894 ardenti
2509 5838 2682 5907 ignem
2709 5834 2944 5893 Verbum
2977 5837 3384 5908 interpretatur,
3413 5831 3594 5905 spinas

2009 5910 2418 5968 humanitatem.

2051 5921 2418 5968 umenitetem.
