4092 6344
557 430 659 487 927

735 552 1054 623 Spiniferos,
1079 554 1300 610 sudibus
1320 570 1455 627 quos
1478 565 1661 611 texunt
1684 556 1905 610 crimina
1928 555 2129 617 densis,
2158 553 2211 612 Α

559 646 632 701 60
735 646 801 701 Et
830 654 1045 714 peccata
1082 648 1238 703 malis
1270 648 1472 704 hirsuta
1501 649 1775 704 doloribus
1815 648 2057 716 implent.

733 736 935 791 Inculto
962 752 1083 792 nam
1116 742 1281 809 stirpe
1312 740 1487 795 frutex
1513 742 1736 796 vitiosus
1767 741 1963 809 iniquis

733 829 1019 884 Luxuriam
1049 830 1217 907 virgis
1247 832 1530 888 inhonesto
1560 832 1835 888 etlundere
1864 845 2025 887 succo

731 922 1002 991 Cmperat,
1033 931 1087 977 et
1114 924 1282 979 nodos
1307 941 1401 993 per
1430 926 1672 980 acumina
1698 925 1885 980 crebra
1914 923 2128 995 ligabat.

732 1014 966 1071 Cernere
987 1024 1122 1084 erat,
1150 1018 1362 1073 steriles
1382 1019 1559 1074 subito
1586 1018 1959 1089 splendescere
1982 1016 2129 1071 fron-

1918 1110 2056 1181 [des,

556 1200 626 1257 (.5
731 1202 1090 1273 Accensisque
1126 1203 1290 1257 citum
1323 1201 1465 1256 foliis
1494 1216 1685 1272 magno
1716 1202 1913 1270 impete
1942 1201 2047 1255 late

730 1294 1010 1349 Collucere
1042 1294 1227 1360 Deum,
1261 1309 1360 1350 nec
1388 1294 1583 1363 spinea
1606 1294 1800 1349 laedere
1831 1303 2001 1357 texta,

732 1385 1000 1441 Lambere
1030 1387 1347 1454 sanguineos
1375 1386 1594 1453 fructus,
1626 1396 1679 1440 et
1700 1401 1858 1455 poma
1888 1394 2128 1449 cruenta,

738 1476 1011 1545 Stringere
1040 1476 1303 1531 mortiferi
1330 1478 1511 1531 vitalia
1540 1478 1778 1547 germina
1810 1477 1959 1547 ligni.

718 1567 1156 1637 Quandoquidem
1173 1570 1353 1624 tristes
1369 1579 1656 1639 purgantur
1668 1571 1923 1638 sanguine
1936 1571 2128 1639 culpae,

555 1660 622 1714 70
729 1660 897 1725 Quem
927 1671 1171 1716 contorta
1202 1661 1366 1714 rubus
1395 1660 1584 1715 densis
1612 1660 1935 1716 cruciatibus
1960 1661 2092 1716 edit.

729 1751 869 1818 Ergo
888 1752 1016 1804 nihil
1036 1753 1229 1816 visum,
1251 1753 1350 1806 nisi
1368 1753 1507 1821 quod
1525 1753 1623 1806 sub
1639 1768 1798 1807 carne
1816 1752 2129 1819 videndum,

725 1838 886 1913 409
909 1840 1131 1908 Lumen,
1154 1842 1330 1913 imago
1353 1842 1468 1908 Dei,
1488 1841 1717 1897 Verbum
1741 1843 1903 1905 Dens,
1923 1852 1977 1896 et
1995 1843 2132 1895 Deus

1870 1933 2048 2007 lienis,

1729 432 2005 488 AllREl."
2046 432 2413 490 PRUDENTII
2453 433 2777 492 CARMINA.

2150 1931 2199 1991 B

3717 445 3819 502 aee
3844 432 3853 439 '

2413 553 2512 619 Qui
2541 564 2751 609 sentqu
2785 556 2953 608 nostri
2988 569 3270 623 peccamen
3301 558 3549 628 corporis
3579 560 3778 630 implet.

2410 646 2543 701 Nam
2575 646 2710 701 lucis
2738 646 2969 715 genitor,
2994 646 3154 701 Verbi
3185 658 3354 714 sator,
3387 660 3574 706 auctor
3599 661 3655 707 et
3684 654 3816 723 ignis

2234 736 2303 793 75
2411 739 2657 795 Creditur
2668 748 2816 793 extra
2832 740 3037 805 oculos,
3050 749 3106 794 ut
3116 742 3390 810 apostolus
3402 744 3593 800 edocet
3609 757 3812 815 auctor,

2407 832 2507 899 Qui
2533 840 2709 901 negat,
2743 832 2935 886 intuitu
2962 832 3163 887 fontem
3198 833 3413 890 deitatis
3444 837 3605 894 adiri.

2407 922 2643 987 Credite,
2668 938 2826 977 nemo
2856 924 3020 978 Deum
3046 924 3199 991 vidit,
3225 926 3359 979 mihi
3384 927 3615 993 credite,
3638 944 3809 985 nemo.

2426 1014 2663 1070 Visibilis
2690 1014 2757 1069 de
2784 1014 2928 1070 fonte
2953 1015 3115 1080 Deus,
3149 1031 3255 1071 non
3282 1018 3397 1087 ipse
3425 1018 3567 1075 Deus
3595 1020 3714 1075 fons

2414 1106 2669 1171 Visibilis,
2702 1110 2847 1161 cerni
2876 1108 3019 1178 potis
3044 1117 3147 1174 est,
3171 1110 3262 1178 qui
3290 1111 3563 1166 nascitur:
3590 1121 3648 1167 at
3676 1127 3777 1168 non

2236 1200 2305 1257 80
2414 1201 2629 1255 lnnatus
2658 1202 2805 1257 cerni
2833 1203 2971 1270 potis
2992 1212 3101 1266 est;
3134 1202 3264 1258 latet
3287 1218 3349 1258 os
3372 1204 3545 1259 Patris
3573 1205 3721 1271 illud,

2419 1294 2569 1349 Unde
2601 1294 2742 1348 Deus
2773 1312 2783 1345 :
2815 1294 2905 1362 qui
2935 1293 3201 1349 visibilem
3232 1310 3291 1351 se
3316 1297 3569 1366 praestitit
3594 1297 3741 1361 olim,

2413 1388 2545 1442 Tale
2579 1386 2783 1455 aliquid
2813 1386 3049 1441 formans
3079 1387 3131 1441 in
3160 1401 3314 1453 sese,
3345 1390 3500 1458 quale
3529 1399 3705 1444 secuta
3735 1401 3809 1445 est

2416 1478 2578 1550 410
2606 1478 2812 1545 Passio,
2839 1493 2958 1548 quae
2987 1493 3181 1548 corpus
3210 1478 3310 1533 sibi
3342 1479 3580 1535 vindicat
3608 1498 3619 1532 :
3652 1482 3809 1537 ardua

3479 1571 3623 1643 [nam
3660 1577 3739 1628 vis

2413 1662 2507 1716 Est
2534 1662 2918 1731 impassibilis:
2953 1663 3207 1732 quoniam
3238 1670 3425 1716 natura
3458 1665 3677 1732 superni

2235 1755 2304 1811 85
2414 1756 2552 1825 Ignis
2582 1755 2646 1810 ad
2679 1756 2954 1809 horrificas
2993 1756 3161 1809 nescit
3192 1755 3518 1811 descendere
3547 1772 3754 1825 ptenas,

2414 1848 2522 1900 Nec
2566 1846 2708 1914 capit
2738 1847 2983 1900 ltutnanis
3014 1846 3304 1917 angoribus
3335 1849 3631 1903 excruciari
3658 1866 3672 1901 :

2403 1939 2565 2006 Pura,
2592 1954 2805 2007 serena,
2835 1939 3058 2007 micans,
3091 1940 3291 2011 liquido
3322 1941 3608 2010 prtelibera
3639 1951 3805 2006 metu,

1860 2071 2143 2129 GLOSSAE
2187 2075 2518 2133 VETERES.

616 2165 701 2220 59.
742 2165 973 2231 Texunt,
1004 2165 1403 2228 insimulatione,
1432 2163 1535 2217 Iso.

616 2236 702 2289 6‘l.
748 2235 967 2298 Inculto,
999 2235 1635 2306 agresti.——lniquis,_non
1655 2234 2047 2306 tequis,nequis,
2076 2238 2116 2292 Ι.

618 2306 706 2359 62.
744 2303 1054 2369 Luxuriam,
1088 2305 1471 2367 abundantiam,
1513 2303 1552 2357 1.

617 2375 701 2428 65.
747 2378 965 2447 impete,
999 2393 1091 2445 pro
1122 2378 1333 2447 impetu.
1355 2406 1425 2447 5—
1445 2374 1593 2447 Late,
1626 2374 1825 2447 ubique,
1858 2377 1896 2431 1.

614 2447 703 2499 67.
743 2444 1005 2511 Cruenta,
1032 2444 1331 2500 rubicunda.
1364 2446 1403 2499 l.
1437 2445 1611 2510 rubra,
1646 2444 1764 2497 Vat.
1798 2447 1861 2501 A.

613 2518 701 2569 68.
745 2516 1039 2583 Stringere,
1073 2518 1359 2586 decerpere,
1394 2518 1497 2581 lso,
1532 2517 1663 2569 Mar.

543 2657 563 2713 ι
614 2589 701 2643 69.
742 2587 1200 2657 Quandoquidem,
1233 2589 1573 2658 quoniam.—-
1595 2587 1881 2658 Sanguine,
1910 2588 2117 2657 Christi,

563 2673 646 2713 sn.

563 2673 646 2713 80.

612 2730 699 2785 70.
740 2730 995 2783 Contorta
1029 2730 1209 2791 rubus,
1249 2729 1433 2795 Maria,
1470 2731 1639 2798 passio
1666 2730 2117 2792 Cliristi.——Edit.,

541 2800 977 2923 gignitzprotulit,
1001 2802 1159 2869 parit,
1194 2801 1231 2853 l.
1252 2830 1321 2839 —
1338 2800 1538 2863 Bubus,
1565 2802 1736 2869 passio
1762 2798 1972 2867 Christi,
1996 2800 2115 2854 Vat.

539 2873 603 2925 Δ.
628 2900 699 2911 -
759 2869 903 2922 Imsti
931 2886 1135 2925 corpus.
1167 2869 1295 2923 Mar.

592 2911 603 2923 .
628 2900 699 2911 —
718 2884 903 2923 Utrtstt
931 2886 1135 2923 corpus.
1167 2884 1295 2923 mar.

628 2900 699 2911 —
718 2886 903 2923 Larisa
931 2886 1135 2937 corpus,
1167 2886 1295 2923 mar.

611 2942 697 2997 75.
739 2940 980 3007 Seruum,
1012 2951 1293 3002 sentosum,
1325 2940 1363 2993 Ι.

2300 2170 2385 2225 75.
2432 2173 2591 2224 Extra
2620 2170 2822 2234 oculos,
2858 2170 3145 2235 invisibilis,
3174 2169 3214 2223 1.

2300 2242 2386 2295 76.
2433 2242 2675 2304 Fontem,
2709 2240 2933 2306 Patrem,
2964 2240 3001 2293 l.

2306 2312 2388 2365 77.
2436 2313 2625 2375 Deum,
2659 2312 2847 2365 scilicet
2874 2310 3100 2375 Patrem,
3134 2310 3172 2364 Ι.

2300 2383 2386 2437 78.
2436 2382 2691 2449 Visibilis,
2721 2384 2911 2435 scilicet
2936 2392 3113 2435 est.—
3136 2381 3324 2447 Fonte,
3353 2379 3529 2435 Patre.
3548 2411 3620 2422 —
3642 2380 3801 2448 Deus,

2228 2452 2420 2506 Filius.
2444 2483 2513 2493 —
2540 2453 2704 2520 Fons,
2737 2455 2822 2521 qui
2845 2463 2915 2505 est
2941 2455 3080 2518 fons,
3116 2452 3155 2506 I.

2300 2525 2387 2577 79.
2434 2524 2687 2587 Visibilis,
2716 2522 2891 2576 Pater.
2910 2522 3090 2589 —Qui
3122 2522 3374 2593 nascitur,
3403 2521 3594 2587 Filius,
3626 2524 3680 2576 in
3710 2541 3801 2593 quo

2228 2603 2300 2647 est
2330 2593 2503 2658 Pater,
2539 2594 2578 2647 I.
2605 2624 2675 2634 —
2700 2594 2844 2649 Potis
2872 2603 2971 2655 est,
3016 2594 3155 2645 cerni
3184 2592 3458 2663 possibilis,
3490 2594 3608 2646 Vat.
3635 2594 3700 2648 A.

2297 2666 2385 2719 85.
2430 2664 2693 2725 Vindicat,
2726 2675 2959 2729 usurpat,
2991 2663 3030 2717 Ι.

2300 2736 2387 2789 86.
2428 2736 2601 2803 Capit,
2626 2744 2803 2804 potest.
2833 2734 2941 2787 Nec
2962 2736 3109 2801 valet,
3136 2750 3223 2787 nec
3248 2734 3374 2787 vult.
3390 2735 3798 2805 —Angoribus,

2228 2807 2496 2875 angustiis,
2530 2806 2889 2865 anxietatibus,
2923 2806 2964 2861 Ι.

2302 2878 2391 2931 87.
2434 2876 2677 2931 Liauido.
2708 2892 2857 2931 puro.
2890 2876 2930 2929 1.

2377 2915 2391 2930 .
2435 2890 2677 2943 Liqutuo,
2708 2892 2857 2946 puro,
2890 2890 2930 2929 ι.

1884 3049 2443 3107 COMMENTARIUS.

611 3144 699 3198 59.
725 3142 875 3198 Lact.
903 3143 997 3203 lib.
1021 3159 1090 3209 VI,
1120 3159 1239 3213 cap.
1266 3145 1332 3197 i5
1357 3161 1369 3197 :
1403 3143 1540 3197 Nam
1565 3146 1695 3199 sicut
1714 3145 1768 3197 in
1790 3153 1953 3199 sentes
1972 3162 2114 3214 ager,

538 3214 623 3285 qui
651 3224 727 3268 est
753 3223 934 3267 natura
964 3215 1233 3284 fecundus,
1253 3216 1493 3268 exuberat
1515 3232 1533 3268 :
1555 3217 1627 3268 sic
1654 3219 1853 3268 animus
1876 3218 2112 3283 incultus,

536 3286 669 3338 vitiis
696 3301 788 3338 sua
810 3294 986 3355 sponte
1014 3286 1444 3347 inualescentibus,
1476 3286 1609 3339 velut
1636 3288 1795 3354 spinis
1826 3287 2111 3339 obducitur.

535 3355 769 3409 Alcimus
797 3357 1007 3422 Avitus,
1035 3356 1129 3409 lib.
1152 3373 1184 3410 v
1208 3376 1224 3412 :
1254 3354 1319 3410 Et
1348 3356 1504 3409 rubus
1535 3358 1587 3409 in
1607 3357 1761 3409 rubro
1790 3357 1969 3409 viiidis
1996 3373 2114 3424 per-

535 3438 788 3480 manserat
808 3437 955 3491 azstu,
980 3427 1093 3493 Quo
1114 3428 1257 3496 signo
1282 3428 1456 3497 spinas
1474 3438 1661 3481 nostra:
1683 3428 1954 3496 fervescere
1976 3444 2114 3479 men-

535 3497 625 3549 tis.
650 3537 663 3550 .
692 3538 703 3549 .
725 3538 737 3550 .
764 3497 848 3565 pia
880 3508 1080 3565 pectora
1108 3507 1331 3553 nossent.

2219 3144 2438 3213 intelligi
2490 3142 2683 3195 Paulus
2728 3140 3040 3213 apostolus,_
3080 3142 3167 3210 qui
3208 3140 3418 3195 Patrem
3476 3142 3795 3200 invisibilem

2218 3211 2414 3279 vocat,
2445 3222 2501 3266 ut
2550 3213 2769 3279 exposui
2817 3228 2957 3265 vers.
2986 3211 3069 3264 72.
3126 3213 3217 3264 Est
3263 3222 3439 3266 autem
3481 3212 3641 3268 Pater
3684 3219 3794 3270 fons

2218 3284 2450 3349 deitatis,
2482 3292 2742 3349 quatenus
2774 3284 3129 3335 Communicat
3157 3282 3408 3336 deitatem
3448 3302 3459 3334 :
3489 3298 3595 3351 quo
3635 3300 3792 3341 sensu

2218 3352 2468 3423 frequens
2493 3369 2611 3407 esse
2635 3352 2771 3421 apud
2798 3352 2980 3406 Patres
3007 3367 3195 3405 vocare
3217 3352 3426 3406 Patrem
3454 3353 3655 3408 fontem
3683 3358 3791 3411 dei-

2218 3427 2342 3479 tatis
2372 3434 2425 3479 et
2453 3424 2769 3493 divinitatis,
2810 3438 2875 3475 ex
2914 3423 2969 3476 S.
3000 3423 3231 3491 Dionysii
3264 3424 3595 3493 aliorumque
3624 3429 3792 3493 Operi-

2221 3495 2319 3548 bus
2342 3495 2675 3563 demonstrat
2692 3492 2975 3563 Suarezius
3000 3494 3091 3545 lib.
3113 3509 3203 3545 vnt
3222 3494 3291 3545 de
3307 3494 3585 3558 Trinitate,
3606 3492 3722 3563 cap.
3738 3499 3786 3551 5.

605 3567 692 3621 6t.
741 3552 923 3636 Pragi,
954 3568 1166 3620 inculta.
1198 3568 1343 3632 Ald.,
1372 3567 1589 3632 Weitz.,
1622 3566 1763 3634 Gis.,
1790 3570 2107 3625 vetustiores
2142 3552 2189 3616 C
2220 3565 2433 3621 Minime
2467 3580 2593 3620 vero
2622 3562 2777 3617 Pater
2810 3576 2890 3617 est
2919 3562 3036 3616 fons
3066 3564 3300 3627 deitatis,
3333 3565 3484 3630 quasi
3513 3552 3633 3619 eam
3672 3552 3789 3635 pro-

535 3635 810 3691 Heinsiani
840 3635 895 3691 et
924 3638 1113 3704 nostri,
1145 3640 1336 3691 inculto
1362 3655 1481 3691 nam
1508 3640 1683 3707 stirpe.

604 3708 693 3761 62.
729 3707 1097 3778 AVetustiores,
1147 3709 1438 3772 luxuriam,
1490 3722 1595 3761 non
1641 3710 1913 3774 luxuriem,
1970 3711 2112 3778 quod

536 3777 695 3847 habet
714 3776 999 3831 Giselinus.
1025 3778 1172 3840 Ald.,
1198 3778 1361 3846 iurgis
1388 3778 1637 3830 mendum
1662 3789 1790 3846 puto
1819 3794 1917 3846 pro
1933 3776 2105 3847 virgis.

444 3858 454 3867 '
534 3847 591 3899 lu
630 3846 743 3898 Vat.
776 3851 820 3901 A
873 3847 1110 3915 dignosci
1139 3848 1265 3901 satis
1294 3862 1399 3901 non
1442 3850 1613 3915 potuit
1638 3849 1831 3918 jurgis,
1862 3864 1929 3901 an
1958 3846 2111 3919 virgis

534 3925 698 3971 8858'.

603 3986 690 4057 65.
740 3986 852 4040 Vat.
879 3988 946 4049 A,
978 3996 1037 4041 et.
1052 3988 1237 4049 nudos,
1272 4000 1569 4057 perperam.

604 4055 694 4127 65.
734 4057 877 4127 Ald.,
915 4058 1103 4109 circum
1133 4055 1293 4127 foliis,
1325 4055 1510 4112 contra
1538 4066 1789 4111 metrum.

602 4126 691 4180 67.
734 4126 1017 4181 Lambendi
1042 4126 1204 4182 verbo
1235 4145 1361 4182 usus
1388 4144 1599 4197 quoque
1620 4136 1701 4182 est
1721 4128 1969 4182 Sedulius
1999 4130 2100 4183 loc.

529 4197 645 4260 cit.,
678 4207 731 4252 et
760 4208 913 4251 antea
943 4198 1195 4267 Virgilius
1225 4200 1317 4253 lib.
1355 4216 1387 4252 Il
1416 4198 1653 4260 .Eneid.,
1685 4214 1826 4254 vers.
1857 4200 1983 4264 685,
2014 4211 2106 4252 ta-

527 4276 706 4333 ctuque
738 4269 951 4321 innoxia
976 4270 1116 4322 molli
1140 4268 1381 4323 Lambere
1398 4272 1608 4338 ﬂamma
1628 4285 1819 4323 comas.

596 4338 685 4408 68.
733 4338 848 4392 Vat.
874 4340 915 4392 A
947 4340 1197 4394 mendum
1232 4342 1426 4408 ostiferi
1452 4354 1479 4391 a
1512 4340 1679 4406 prima
1708 4354 1887 4394 manu.

600 4407 686 4460 7i.
729 4408 969 4477 Colligit,
1002 4411 1161 4464 etiam
1196 4410 1246 4462 in
1279 4412 1414 4463 rubo
1446 4408 1577 4462 nihil
1609 4409 1799 4475 visum,
1834 4412 1934 4477 nisi
1967 4410 2101 4465 Ver-

526 4474 653 4529 bum
687 4478 847 4529 Deum
872 4474 901 4531 ἐ
937 4494 1056 4531 nam
1089 4480 1317 4532 Verbum
1350 4481 1513 4543 idem,
1546 4481 1684 4546 quod
1716 4474 1908 4533 sentum
1939 4484 2103 4534 nostri

563 4561 797 4619 eccamen
835 4550 1061 4619 corporis
1100 4549 1304 4619 implet,
1332 4550 1831 4619 repraesentabatur
1877 4552 1926 4603 in
1980 4552 2100 4619 igne

549 4614 766 4681 nnoxio,
795 4617 882 4684 qui
910 4616 961 4668 in
987 4617 1145 4684 spinis
1166 4614 1604 4671 volitabatacutis.
1636 4618 1861 4685 lmplere
1887 4614 2095 4673 sentum

526 4697 812 4757 peccamen
843 4687 1085 4753 corporis
1114 4695 1194 4740 est
1222 4687 1388 4740 Deum
1417 4702 1690 4741 assumere
1716 4702 1911 4757 corpus
1941 4692 1995 4743 in
2025 4690 2097 4743 si-

524 4754 874 4825 militudinem
904 4758 1126 4825 peccati.

1189 4828 1360 4896 imago
1405 4826 1501 4881 Dei
1543 4842 1661 4897 cap.
1711 4844 1724 4881 ι
1770 4790 1835 4881 ad
1886 4828 2091 4884 Coloss.

2218 3638 2553 3769 duigf'md,
2580 3706 2767 3762 Bonan.
2794 3714 2846 3756 et
2866 3713 3092 3768 quatuor
3114 3704 3383 3757 Heinsiani
3406 3707 3787 3771 prmstantioris

2213 3786 2373 3840 nntze,
2408 3778 2499 3828 Dei
2520 3778 2654 3842 fons.
2681 3774 2815 3834 Gis.,
2842 3774 3058 3837 Weitz.,
3084 3776 3227 3827 Vatt.
3254 3776 3292 3826 A
3317 3786 3369 3828 et
3393 3776 3448 3836 Β,
3480 3775 3626 3837 Rat.,
3659 3776 3786 3829 Deus

2237 3848 2346 3899 'ons.
2379 3847 2431 3898 In
2460 3847 2587 3899 Mar.
2616 3845 2821 3897 videtur
2844 3859 2964 3897 esse
2983 3844 3140 3909 Deus,
3168 3846 3293 3897 licet
3314 3846 3380 3897 sit
3402 3846 3575 3913 aliqua
3607 3847 3781 3899 litura.

2264 3926 2447 3985 troque
2478 3916 2637 3969 modo
2666 3929 2853 3969 sensus
2885 3925 3112 3985 constat.
3147 3916 3198 3967 ln
3224 3914 3459 3968 editione
3484 3918 3779 3983 glossarum

2210 3984 2380 4040 lsonis
2410 3985 2643 4039 Coloniae
2678 3985 2833 4047 i701,
2868 3984 3105 4052 trajectte
3147 3993 3271 4037 sunt
3297 3986 3507 4051 glossze,
3552 3994 3608 4039 et
3657 3986 3779 4038 falsa

2208 4058 2471 4111 sententia
2500 4056 2735 4123 irrepsit,
2761 4055 2963 4108 scilicet
2988 4073 3001 4107 ξ
3034 4072 3095 4107 ωε
3120 4070 3311 4116 γοητε,
3340 4056 3403 4105 de
3430 4054 3619 4114 Patre;
3649 4056 3780 4108 Ditt‘s

2210 4142 2360 4189 FONS,
2392 4126 2584 4187 Filius,
2618 4126 2705 4193 qui
2737 4135 2806 4175 est
2837 4126 2969 4193 fons.
3014 4127 3069 4178 In
3102 4126 3236 4177 Aldn
3265 4139 3474 4191 quoque
3510 4126 3647 4178 male
3675 4126 3779 4179 haec

2206 4198 2451 4251 distincta
2476 4206 2597 4249 sunt
2619 4212 2716 4248 non
2737 4196 2843 4264 ipse
2862 4195 2954 4247 Dei
2982 4196 3095 4264 fons
3124 4194 3349 4247 Visibilis
3374 4196 3511 4247 cerni
3533 4196 3667 4262 potis
3690 4207 3776 4255 est,

2207 4268 2292 4335 qui
2321 4269 2563 4320 nascitur.

2276 4339 2361 4392 79.
2404 4339 2455 4390 In
2488 4338 2693 4390 Bonon.
2745 4335 2998 4402 scriptum
3037 4343 3120 4388 est
3155 4336 3335 4401 poterit
3382 4349 3475 4402 pro
3506 4335 3640 4403 potis
3676 4344 3773 4397 est,

2204 4408 2272 4460 ah
2311 4409 2489 4476 aliquo
2520 4407 2685 4461 sciolo
2714 4406 3001 4468 invectum,
3033 4416 3139 4459 tum
3180 4405 3279 4458 hoc
3322 4405 3373 4458 in
3402 4406 3543 4467 loco,
3584 4414 3695 4458 tum
3726 4407 3772 4457 in

2204 4476 2342 4533 aliis.

2272 4549 2358 4601 8t).
2411 4546 2628 4599 lnnatus
2666 4559 2761 4613 pro
2795 4560 2893 4597 non
2920 4552 3072 4597 natus
3094 4543 3469 4599 Tertullianus.
3515 4544 3621 4599 Pro
3647 4547 3773 4598 intus

2201 4627 2349 4670 natus
2371 4618 2575 4682 Cicero,
2599 4625 2652 4671 et
2673 4616 2782 4668 alii.
2812 4615 2865 4667 ln
2888 4616 3039 4669 Alex.
3064 4615 3214 4669 deest
3239 4629 3373 4668 unus
3396 4628 3604 4675 versus,
3632 4626 3685 4669 et
3708 4618 3769 4668 ita

2202 4687 2288 4739 alii
2320 4688 2563 4755 leguntur
2590 4703 2604 4739 :
2643 4685 2868 4738 Visibilis
2898 4685 3032 4737 cerni
3066 4686 3198 4753 potis
3226 4694 3297 4738 est
3324 4700 3342 4737 :
3373 4684 3496 4738 latet
3525 4701 3581 4738 os
3609 4684 3767 4739 Patri;

2200 4755 2353 4818 illud,
2388 4757 2534 4810 Unde
2564 4757 2720 4809 Deus.

2270 4828 2358 4881 85.
2400 4828 2452 4879 In
2484 4828 2723 4892 Tliuan.,
2753 4842 2897 4892 quem
2937 4840 3121 4895 corpus
3161 4825 3255 4879 sibi
3292 4826 3533 4893 vindicat,
3584 4842 3771 4893 ncnpa

522 4906 664 4972 vers.
823 4895 921 4960 Qui
940 4905 1011 4947 est
1034 4898 1198 4972 imago
1220 4895 1314 4972 Dei
1335 4895 1620 4972 invisibilis.
1640 4898 1897 4972 Theologi
1918 4909 2094 4972 osten-
2121 4912 2176 4972 ι)
2199 4913 2343 4972 quem
2377 4898 2556 4972 Deum.

522 4964 653 5018 dunt
692 4964 885 5019 Filium
924 4980 1043 5019 esse
1084 4966 1365 5033 imaginem
1405 4968 1573 5023 Patris
1608 4969 1692 5024 vel
1733 4983 1797 5023 ex
1836 4964 1935 5023 lioc
1978 4969 2093 5025 loco

522 5035 811 5108 apostoli;
864 5051 983 5108 nam
1035 5034 1480 5108 Deusinvisibilis
1535 5039 1731 5093 ibidem
1772 5036 2093 5108 "intelligitur

522 5104 697 5169 Pater,
730 5115 787 5159 ut
816 5121 881 5161 ex
911 5105 1010 5161 SS.
1036 5104 1282 5159 Patribus
1319 5116 1544 5163 constat.
1592 5110 1700 5163 lino
1728 5109 1895 5163 Filius
1925 5104 2091 5166 solius

520 5173 691 5228 Patris
718 5186 798 5248 est
830 5177 1003 5243 imago
1027 5193 1039 5228 :
1061 5190 1165 5230 non
1189 5177 1329 5248 enim
1362 5177 1496 5229 ratio
1526 5180 1767 5248 imaginis
1794 5182 2089 5235 consistere

521 5254 699 5320 potest
727 5246 843 5301 sine
868 5262 994 5301 vera
1028 5246 1397 5320 processione,
1401 5314 1416 5320 Δ
1431 5257 1484 5301 et
1513 5246 1675 5320 Filius
1718 5265 1745 5302 a
1774 5249 1931 5304 Patre
1964 5266 2089 5320 pro-

520 5313 683 5389 cedit,
714 5332 819 5389 non
860 5332 887 5369 a
916 5313 1114 5389 natura
1144 5317 1343 5389 divina.
1379 5314 1494 5370 Vat.
1526 5320 1591 5372 A.
1625 5319 1746 5387 legit
1778 5313 2089 5389 numen-pro

522 5382 689 5457 lumen
708 5401 747 5457 _.j
783 5388 885 5441 hoc
915 5388 1073 5457 longe
1104 5387 1293 5441 melius
1322 5398 1420 5441 est.

592 5453 679 5507 74.
706 5455 819 5527 Non
845 5453 1209 5527 placet'glossa
1236 5457 1351 5515 Vat.
1376 5460 1421 5512 A
1446 5475 1456 5509 :
1486 5457 1640 5522 IGMS,
1663 5458 1886 5524 Spiritus
1906 5464 2087 5514 sancti.

519 5522 711 5598 Sermo
724 5524 811 5579 hic
828 5522 1027 5581 tantum
1037 5522 1128 5583 cst
1144 5528 1209 5581 de
1226 5527 1423 5593 Verbo,
1446 5528 1584 5595 quod
1604 5536 1685 5581 est
1701 5522 1837 5598 Deus
1859 5531 2008 5598 ignis,
2038 5542 2097 5585 ut

518 5596 680 5660 paulo
710 5604 854 5650 ante.
886 5598 1160 5652 Fabricius
1185 5614 1349 5653 unum
1377 5599 1598 5655 verbum
1626 5598 1746 5652 facit
1781 5596 2090 5665 Verbisator,

519 5672 575 5737 et
599 5665 691 5737 ait,
721 5667 992 5734 epitheton
1031 5670 1122 5723 Dei
1159 5669 1331 5724 Patris
1364 5684 1505 5733 esse,
1559 5678 1615 5723 ut
1653 5667 1948 5737 Verbigena.
1986 5671 2089 5725 Sed

520 5730 771 5807 imoimo
795 5738 930 5792 ratio
960 5739 1111 5795 metri
1143 5741 1373 5807 postulat
1405 5730 1557 5794 Verbi
1581 5749 1737 5793 sator.

594 5803 684 5879 75.
725 5808 1021 5879 Apostolum
1063 5803 1209 5867 aiunt
1247 5824 1365 5872 esse
1389 5809 1645 5867 Joannem
1688 5809 2087 5878 evangelistam,

520 5870 674 5941 Gaius
698 5870 959 5934 sententis
981 5878 1189 5935 laudata
1210 5889 1290 5936 est
1313 5870 1469 5947 supra
1492 5880 1630 5938 vers.
1651 5881 1702 5935 9.
1730 5870 1907 5939 Potest
1930 5870 2087 5935 etiani

2268 4968 2355 5022 86.
2388 4966 2497 5019 Nec
2528 4967 2661 5036 capit
2689 4965 2829 5036 idem
2858 4974 2940 5019 est
2966 4978 3028 5020 ac
3049 4982 3151 5017 non
3182 4973 3363 5036 potest,
3396 4966 3529 5029 sive,
3561 4974 3623 5019 ut
3651 4966 3767 5019 alibi

2196 5037 2429 5107 loquitur
2453 5035 2795 5107 Prudentius,
2824 5036 3043 5107 incapax
3061 5045 3153 5088 est.
3185 5035 3541 5107 Hieronlmus
3570 5046 3627 5107 et
3649 5036 3751 5089 Pau

2193 5105 2336 5162 lin‘ns
2365 5109 2524 5161 etiam
2559 5106 2816 5160 vocabulo
2846 5106 3065 5173 incapaa:
3094 5114 3333 5158 utuntur.
3376 5105 3656 5159 Fabricius
3674 5107 3765 5158 ad-

2194 5178 2378 5243 vertit,
2408 5178 2546 5231 hunc
2576 5190 2789 5231 versum
2820 5190 2941 5230 esse
2967 5190 3034 5228 ex
3067 5175 3147 5228 his
3175 5176 3262 5244 qui
3294 5175 3543 5229 dicuntur
3574 5175 3767 5229 fistula-

2193 5263 2313 5315 res,
2348 5249 2489 5317 quod
2521 5248 2844 5318 syllabarum
2876 5260 3130 5300 numerus
3161 5260 3282 5299 cum
3326 5245 3551 5314 singulis
3598 5246 3767 5299 verbis

2194 5332 2420 5373 crescat.

2268 5390 2353 5441 87.
2386 5389 2581 5442 Natura
2607 5386 2783 5441 divina
2806 5386 3000 5439 dicitur
3028 5386 3293 5455 prtrlibera
3323 5385 3517 5452 liquido
3541 5396 3683 5439 motu
3711 5400 3769 5437 es

2197 5459 2617 5521 significatione,
2666 5472 2766 5526 qua
2812 5456 3077 5510 interdum
3122 5465 3273 5522 poeta
3314 5464 3496 5526 noster
3524 5457 3769 5523 liquidum

2200 5539 2435 5596 usurpat,
2468 5524 2717 5582 videlicet
2744 5543 2871 5594 puro
2908 5526 3166 5592 spirituali
3196 5534 3355 5578 motu.
3387 5524 3520 5578 Vide
3564 5526 3765 5596 proleg.

2198 5595 2345 5653 num.
2375 5600 2496 5652 164.
2528 5596 2919 5651 Chamillardus
2948 5596 3257 5659 arbitratur,
3288 5604 3499 5663 poetam
3527 5595 3767 5648 allusissc

2197 5670 2263 5723 ad
2296 5669 2460 5723 Deum
2491 5668 2801 5722 volitantem
2831 5665 2887 5721 in
2919 5666 3075 5730 rubo,
3104 5675 3158 5720 et
3188 5665 3368 5719 nescio
3393 5680 3514 5733 quae
3543 5666 3649 5718 alia
3675 5663 3757 5716 ad.

2196 5740 2295 5805 dit,
2320 5739 2455 5806 quod
2482 5739 2588 5791 Deo
2614 5738 2734 5792 vitia
2758 5738 2927 5792 carnis
2950 5751 3053 5791 non
3076 5744 3275 5800 nocent,
3302 5734 3413 5806 licet
3436 5735 3501 5789 sit
3522 5736 3575 5791 in
3608 5733 3764 5788 medic

2194 5804 2481 5877 sanguinis,
2518 5810 2602 5877 qui
2629 5809 2850 5873 liquidus
2882 5816 2976 5871 est,
3010 5815 3053 5859 ct
3080 5818 3321 5862 mouetur.
3368 5804 3491 5861 [iure
3532 5820 3561 5859 s
3592 5812 3763 5861 tuetth

2193 5889 2365 5949 poetae
2403 5880 2555 5949 longe
2584 5880 2755 5937 aliens
2794 5892 2910 5935 esse
2946 5879 3077 5933 mihi
3107 5877 3372 5935 videntur.
