4092 6344
279 373 382 432 999
1688 371 2119 430 APOTHEOSIS.

454 480 675 538 Subdita
696 495 792 537 nec
809 482 1078 553 cuiquam,
1097 481 1420 537 dominatrix
1436 490 1631 551 utpote
1650 497 1858 539 rerum:
1893 496 1948 554 Α

454 578 550 632 Cui
573 591 678 631 non
701 576 1016 645 principium
1038 574 1106 632 de
1126 584 1386 645 tempore,
1403 575 1496 631 sed
1518 590 1679 645 super
1701 592 1860 633 omne

280 673 350 731 90
454 670 707 739 Tempus,
727 677 782 723 et
806 677 931 723 ante
959 667 1100 724 diem
1128 669 1380 738 maiestas
1404 684 1522 723 cum
1541 669 1699 724 Patre
1717 686 1863 725 sum-
1908 734 1915 743 ί

3443 377 3546 432 950

2156 480 2344 550 Etiam
2376 482 2653 551 falsiloqua
2677 490 2761 537 est
2782 490 2949 537 divini
2977 483 3165 553 pagina
3196 483 3340 549 libri,

2148 574 2275 639 Quae
2297 573 2528 630 Verbum
2548 575 2598 629 in
2616 575 2792 629 carnis
2808 576 3039 645 loquitur
3054 576 3271 631 ﬂuxisse
3294 578 3548 648 figuram?

2143 668 2211 720 At
2231 682 2356 731 non,
2382 670 2470 733 qui
2486 667 2646 722 Verbi
2669 668 2828 723 Pater
2849 677 2952 736 est,
2967 684 3091 724 caro
3114 671 3281 724 factus
3301 670 3545 727 habetur.

1660 762 1790 833 [mo,
1969 758 2069 813 110
2144 756 2272 825 Fige
2301 758 2555 825 gradum,
2589 759 2887 829 Scriptura,
2940 769 3111 828 tuum,
3158 761 3232 815 nil
3272 760 3470 818 mobile
3497 771 3552 818 et

462 858 573 914 lmo
599 858 810 912 animus
826 856 1018 923 Patris,
1041 865 1096 911 et
1123 856 1281 924 ratio,
1300 865 1355 912 et
1377 856 1463 911 via
1489 855 1860 911 consiliorum.
3245 854 3479 925 [anceps

459 953 587 1019 Quae
616 968 721 1006 non
744 951 881 1005 facta
911 964 1091 1016 manu,
1117 964 1215 1005 nec
1238 964 1370 1005 voce
1397 957 1577 1004 creata
1601 947 1861 1017 iubentis,
2142 942 2456 998 Allirmasse
2482 944 2657 999 decet.
2692 943 2849 1000 Pater
2874 952 2978 1010 est,
2996 960 3155 1015 quem
3176 961 3397 1003 cernere
3420 946 3553 1003 nulli

463 1046 692 1100 Protulit
722 1045 1029 1114 imperium,
1064 1043 1236 1113 patrio
1268 1050 1473 1097 ructata
1505 1041 1789 1111 profundo.
2144 1036 2238 1091 Est
2266 1035 2468 1091 licitum
2505 1052 2517 1087 :
2548 1036 2705 1092 Pater
2736 1046 2838 1105 est,
2878 1038 2967 1108 qui
3007 1054 3277 1109 nunquam
3313 1041 3456 1095 visus
3496 1039 3550 1094 in

465 1137 612 1191 Hanc
633 1136 791 1204 igitur
816 1150 922 1190 non
950 1136 1112 1204 ﬂagra
1133 1142 1336 1199 secant,
1366 1148 1470 1189 non
1500 1141 1651 1202 sputa
1680 1132 1865 1187 salivis
3184 1130 3350 1202 [orbe
3376 1140 3476 1197 est,

319 1228 388 1284 95
461 1228 620 1300 41],
645 1227 968 1297 Aspergunt,
983 1227 1150 1295 alapis
1169 1241 1273 1281 non
1296 1235 1449 1282 vexat
1468 1226 1641 1296 palma
1663 1224 1866 1289 relisis;
2146 1220 2306 1292 412
2329 1219 2439 1277 Nec
2456 1220 3328 1293 mundanainterradiavitlumina
3348 1238 3552 1279 coram.

459 1320 570 1377 Nec
596 1319 835 1389 perfossa
858 1320 1002 1374 cruci
1034 1320 1302 1375 clavorum
1329 1320 1547 1374 vulnera
1573 1320 1759 1389 ﬁgunt.
2149 1313 2381 1367 Verbum
2404 1315 2754 1383 conspicuum
2787 1313 2947 1377 misit,
2974 1313 3300 1383 missumque
3324 1317 3545 1384 recepit,

465 1411 560 1468 His
608 1410 797 1467 all‘ecta
852 1425 979 1468 caro
1022 1421 1103 1467 est
1148 1412 1413 1476 hominis,
1467 1426 1623 1480 quem
1677 1410 1869 1466 femina
1974 1405 2075 1460 115
2148 1404 2278 1458 Cum
2308 1404 2511 1458 voluit:
2546 1404 2724 1458 Verbo
2746 1403 3074 1473 praestrinxit
3095 1404 3301 1459 viscera
3339 1420 3483 1474 pura:

1482 1502 1799 1574 [prmgnans
2154 1494 2404 1563 Virginis,
2432 1503 2487 1548 et
2516 1494 2691 1549 Verbo
2722 1494 2916 1549 struxit
2948 1495 3173 1563 puerilia
3196 1497 3454 1550 membra.

466 1598 636 1653 Enixa
668 1605 752 1653 est
778 1596 876 1651 sub
905 1596 1019 1666 lege
1045 1596 1202 1661 uteri,
1225 1596 1342 1652 sine
1370 1596 1486 1666 lege
1516 1594 1713 1648 mariti.
2149 1590 2267 1658 Ipse
2284 1588 2499 1657 quidem
2528 1589 2581 1642 in
2602 1589 2755 1644 terris
2776 1590 2987 1654 virtute,
3016 1600 3069 1644 et
3086 1590 3303 1645 numine
3320 1605 3557 1660 praesens

296 1752 303 1757 ρ
462 1687 558 1743 llle
588 1688 784 1743 famem
813 1688 1031 1757 patitur,
1059 1689 1124 1742 fel
1155 1697 1321 1757 potat,
1354 1697 1407 1741 et
1429 1688 1603 1741 haurit
1628 1694 1871 1749 acetum;
2153 1683 2378 1753 Semper
2406 1682 2557 1738 adest
2585 1697 2901 1753 quocunque
2937 1683 3059 1747 loci,
3110 1698 3209 1738 nec
3251 1699 3375 1753 pars
3412 1691 3564 1739 vacat

289 1782 396 1840 100
468 1781 560 1836 llle
594 1789 747 1849 pavet
776 1781 963 1835 mortis
1000 1781 1211 1846 faciem,
1256 1781 1436 1835 tremit
1480 1780 1571 1834 ille
1609 1779 1873 1833 dolorem.
3365 1772 3489 1843 [ulla

466 1874 656 1940 Dicite,
688 1876 931 1945 sacrilegi
953 1874 1224 1940 doctores,
1249 1874 1339 1942 qui
1367 1873 1523 1926 Patre
1553 1886 1763 1925 summo
1898 1868 1946 1929 Β
2154 1865 2427 1935 Maiestate
2474 1865 2679 1932 Patris,
2726 1879 2984 1934 nusquam
3028 1872 3111 1919 est
3156 1864 3376 1919 Genitor
3422 1864 3561 1919 Dens

469 1967 744 2020 Desertum
772 1966 1004 2035 iacuisse
1034 1964 1281 2018 thronum
1312 1962 1634 2017 contenditis
1661 1961 1752 2015 illo
3202 1957 3435 2028 [absens
3470 1976 3480 2008 :

463 2057 868 2129 Tempore,quo
887 2058 1251 2127 fragilesDeus
1272 2056 1665 2125 estillapsusin
1689 2065 1870 2120 artus;
1983 2049 2084 2106 120
2158 2050 2259 2105 Per
2315 2048 2545 2103 Verbum
2601 2046 2697 2103 sed
2744 2062 2960 2118 semper
3008 2046 3187 2115 adest,
3236 2058 3395 2118 atque
3440 2047 3563 2102 inde

468 2146 609 2217 Ergo
654 2148 811 2204 Pater
861 2150 1097 2218 passus?
1145 2146 1272 2216 quid
1317 2162 1422 2200 non
1472 2146 1643 2199 malus
1682 2146 1875 2200 audeat
3206 2139 3493 2210 [Philippo

1572 2240 1585 2309 [
1608 2252 1760 2292 error
1781 2237 1803 2289 ?

292 2329 399 2387 105
466 2330 562 2385 Ille
589 2330 808 2399 puellari
843 2338 1134 2398 conceptus
1167 2329 1426 2398 sanguine
1448 2329 1657 2382 crevit?

466 2420 584 2491 Ipse
609 2421 924 2477 verecundae
955 2421 1206 2475 distendit
1236 2420 1455 2489 virginis
1483 2420 1695 2473 alvum?

2162 2232 2405 2287 Christus
2426 2232 2500 2287 ait
2527 2248 2537 2285 :
2565 2231 2735 2287 Tanto
2758 2240 2931 2287 tecum
2956 2232 3063 2301 iam
3088 2241 3325 2300 tempore
3351 2243 3560 2293 versor,

2157 2325 2221 2378 Et
2237 2324 2449 2379 Patrem
2471 2332 2522 2379 te
2542 2338 2705 2379 nosse
2721 2339 2906 2396 negas,
2924 2339 3082 2395 quem
3104 2324 3363 2394 perspicis
3380 2324 3432 2378 in
3447 2320 3564 2376 me?

2159 2416 2254 2469 Est
2278 2416 2564 2472 invisibilis
2594 2415 2792 2471 donum
2820 2416 2991 2471 Patris
3016 2416 3176 2472 cdere
3207 2425 3388 2471 natum

1588 2507 1879 2565 CLOSSE
1921 2506 2262 2563 VETERES.

363 2613 449 2669 90.
494 2611 762 2682 Maiestas,
792 2608 841 2661 F
844 2610 943 2682 ilii_
948 2609 1066 2682 fuit,
1094 2608 1133 2663 l.
1162 2608 1352 2682 Cliristi
1372 2606 1631 2672 divinitas,
1657 2605 1778 2661 Vat.
1804 2606 1873 2661 Α.

361 2686 449 2739 9|.
492 2678 871 2749 Animus,ipse
895 2678 1068 2733 Filius
1090 2692 1185 2745 est,
1217 2678 1319 2733 lso.

361 2756 452 2810 95.
496 2753 677 2807 Patrio
721 2748 1003 2822 profundo,
1047 2767 1110 2805 ea:
1155 2751 1337 2804 intima
1362 2749 1537 2804 Patris
1566 2748 1870 2816 substantia,

290 2826 426 2882 Har.
1048 2842 1051 2845 λ

359 2898 450 2951 91τ
492 2894 705 2964 Flagra,
744 2892 977 2963 ﬂagella,
1011 2892 1050 2946 l.

363 2968 453 3022 97.
484 2963 713 3031 Aﬂ'cCta,
747 2966 953 3035 afflicta,
990 2963 1093 3016 lso.

363 3038 453 3093 98.
486 3036 652 3090 Enixa
685 3033 1059 3105 est,'parturit,
1092 3033 1132 3086 1.

362 3108 488 3163 106.
527 3102 1163 3171 ῡὶειθηᾱίι,”ίηιτιηιεδεενε
1202 3104 1338 3173 fecit,
1374 3102 1412 3156 l.

364 3179 489 3233 107.
525 3176 851 3245 Falsiloqua,
888 3174 1243 3244 falsiloquens,
1266 3176 1307 3245 l.

364 3249 488 3304 109.
520 3248 588 3302 At
609 3239 957 3313 nom-scilicet
986 3245 1112 3314 ipse.
1141 3276 1210 3286 ——
1232 3242 1414 3307 Verbi,
1447 3239 1594 3308 Filii,
1630 3241 1669 3296 1.

2053 2605 2173 2659 110.
2205 2602 2351 2672 Fige,
2382 2600 2650 2669 confirma,
2680 2601 2719 2655 l.

2054 2676 2173 2729 111.
2204 2672 2463 2737 Cernere,
2491 2674 2683 2725 scilicet
2706 2673 2994 2741 manifeste,
3029 2674 3131 2737 lso.

2056 2747 2175 2799 115.
2205 2744 2421 2815 Coram,
2453 2743 2863 2811 prasentialiter,
2892 2742 2934 2796 l.
2960 2743 3326 2815 Corporaliter,
3356 2747 3476 2803 Vat.
3495 2749 3562 2804 A.

2055 2818 2178 2871 1H.
2215 2814 2455 2881 Recepit,
2483 2824 2593 2878 post
2624 2816 2989 2879 ascensionem,
3024 2815 3141 2868 Vat.
3171 2818 3235 2869 A.

2055 2887 2179 2941 115.
2211 2884 2563 2957 Praestrinxit,
2588 2883 2979 2957 prmoccupavit;
3007 2886 3044 2940 Ι.
3072 2884 3328 2957 Implevit,
3359 2889 3488 2946 Mar.

2057 2957 2180 3011 116.
2212 2954 2439 3019 Struxit,
2472 2954 2688 3022 ornavit,
2724 2954 2761 3007 l.

2056 3029 2081 3081 1
2096 3028 2556 3100 18-2ουορυιιίιυθ,
2580 3026 2634 3078 in
2656 3026 2793 3079 omni
2814 3024 2950 3091 loco,
2972 3024 3010 3080 Ι.
3044 3027 3338 3100 Ubicunque
3358 3033 3407 3085 in
3428 3036 3567 3089 omni

2006 3097 2312 3248 oioigliifrér
2344 3167 2598 3248 Verbum,
2632 3184 2720 3231 per
2744 3166 2951 3248 ilium
2980 3172 3196 3225 innotuit
3226 3176 3433 3243 mundo,
3471 3175 3508 3229 Ι.

2054 3240 2176 3293 125.
2208 3238 2437 3301 Donum,
2471 3239 2709 3306 officium,
2742 3238 2780 3291 l.

1638 3330 2189 3389 COMMENTARIUS.

365 3434 454 3489 89.
483 3432 799 3499 Eternitas,
845 3431 1131 3494 divinitas,
1167 3438 1222 3483 et
1268 3428 1453 3483 eadem
1496 3436 1683 3482 natura
1718 3428 1876 3483 Verbi
1910 3431 1955 3493 C
1987 3423 2325 3499 solummodo
2346 3432 2520 3478 exstat
2549 3423 2687 3499 apud
2721 3423 2970 3499 Plinium.
2999 3424 3103 3499 _Vel
3141 3424 3400 3499 idgsolum
3436 3428 3577 3485 Pru-‘

290 3520 416 3562 cum
448 3505 602 3559 Patre
631 3501 946 3558 clarioribus
972 3500 1152 3555 verbis
1182 3500 1405 3568 exprimi
1440 3500 1641 3568 nequit.

365 3576 453 3630 91.
505 3577 683 3640 Alex.,
719 3574 863 3639 Put.,
891 3573 1101 3627 'l‘huan.
1141 3582 1195 3626 et
1220 3573 1326 3624 duo
1352 3571 1692 3625 Torrentiani
1730 3575 1879 3633 ratio.

292 3648 377 3701 via
405 3647 518 3700 sine
547 3656 615 3699 et.
645 3646 833 3699 Filium
864 3644 1226 3699 consiliarium
1259 3653 1409 3698 vocat
1442 3641 1603 3695 Isaias
1644 3658 1761 3707 cap.
1793 3659 1881 3696 iv:

292 3718 392 3773 SS.
416 3717 632 3779 Patres,
659 3724 714 3771 et
747 3716 978 3785 theologi
1025 3724 1291 3781 mentem,
1323 3713 1587 3777 animum,
1622 3712 1881 3767 rationem

293 3787 490 3843 Patris.
768 3795 787 3806 ·’

270 3854 273 3857 ’
370 3857 459 3912 95.
494 3856 757 3910 Cellarius
788 3856 840 3908 in
870 3854 1043 3907 indice
1071 3856 1353 3909 verborum
1381 3854 1512 3909 duas
1541 3855 1885 3921 metaphoras

296 3930 564 3981 indecoras
589 3935 758 3987 notat,
784 3926 1003 3977 alterunt
1034 3924 1166 3978 lianc
1187 3928 1352 3992 patrio
1378 3935 1577 3977 ructata
1603 3928 1882 3995 profundo,

298 3999 524 4049 alteram
558 4009 703 4049 vers.
738 3996 863 4057 505,
898 3996 1144 4060 evomuit,
1182 4004 1285 4048 etc.
1335 3994 1514 4047 Dicam
1548 4008 1644 4048 suo
1674 3994 1788 4050 luco
1820 3998 1887 4051 de

299 4066 558 4120 seennda.
614 4064 792 4117 Prima
824 4064 1133 4131 metaphora
1166 4065 1405 4116 indecora
1434 4066 1539 4116 dici
1569 4080 1672 4117 non
1703 4066 1881 4128 debet,

299 4135 737 4205 quandoquidem
772 4134 1087 4188 Prudentius
1124 4135 1308 4202 psalmi
1348 4149 1491 4205 LXIV,
1540 4136 1593 4197 l,
1631 4136 1790 4189 verba
1832 4136 1884 4189 in

305 4203 459 4261 Suam
490 4206 805 4260 sententiam
834 4205 1256 4258 accommodavit
1291 4223 1302 4255 ε
1336 4203 1694 4257 Emctavitcor
1725 4222 1887 4257 nteant

299 4276 506 4331 verbum
533 4276 717 4329 bonum
741 4292 758 4329 :
781 4290 898 4344 quae
925 4274 991 4327 de
1017 4284 1217 4328 aeterna
1244 4273 1399 4327 Verbi
1429 4277 1773 4341 generatione
1802 4277 1885 4329 in-

309 4356 672 4416 terpretantur
709 4347 804 4401 SS.
832 4348 1036 4416 Patres.
1066 4345 1380 4400 Ambrosius
1411 4345 1503 4399 lib.
1537 4361 1584 4397 iv
1616 4346 1681 4398 de
1716 4346 1883 4415 Virg.,

303 4414 422 4485 cap.
458 4419 482 4471 1
516 4434 529 4472 :
562 4416 680 4488 Ipse
711 4428 780 4471 est
808 4432 952 4488 quem
974 4414 1129 4468 Pater
1153 4419 1325 4488 genuit
1350 4426 1464 4469 ante
1485 4416 1800 4488 Luciferum,
1827 4433 1889 4471 ea:

303 4498 448 4558 utero
478 4486 752 4558 generavit,
783 4486 836 4540 ut
856 4486 1072 4551 Filium,
1103 4503 1163 4539 ea;
1191 4487 1343 4539 corde
1370 4488 1635 4558 cruciavit,
1671 4498 1723 4539 ut
1759 4486 1885 4540 Ver-

308 4557 445 4611 bum.
480 4556 715 4613 anuu
746 4572 1057 4612 PROl-‘UNDUM
1100 4558 1255 4618 dixit,
1301 4565 1358 4610 ut
1385 4556 1531 4611 Zeno
1562 4557 1889 4613 Veronensis

308 4643 559 4685 sermone
602 4634 623 4682 1
674 4630 741 4683 de
773 4638 970 4683 reterna
1015 4629 1358 4697 generatione
1388 4627 1530 4695 Filii,
1575 4631 1889 4696 profundum

305 4716 571 4751 arcanum.
596 4699 727 4753 Vide
749 4707 859 4753 not.
893 4700 1076 4769 hymn.
1096 4700 1183 4762 11,
1207 4699 1385 4764 Cath.,
1410 4715 1550 4753 vers.
1572 4701 1634 4753 l8
1656 4709 1710 4753 et
1730 4715 1883 4769 seqq.

311 4785 479 4835 usque
504 4770 568 4823 ad
594 4770 684 4824 20.
715 4772 845 4835 Qum
874 4769 961 4822 hic
990 4768 1149 4839 habet
1175 4769 1517 4834 Prudentius,
1550 4768 1883 4839 TheOphilus

311 4840 678 4895 Antiochenus
720 4840 815 4894 lib.
864 4854 899 4891 ιι
951 4838 1017 4891 ad
1058 4840 1379 4895 Autolveum
1433 4840 1649 4894 uberius
1695 4838 1883 4910 expla-

310 4911 475 4964 navit.

383 4981 472 5034 97.
506 4981 649 5043 Ald.,
676 4980 892 5043 Weitz.,
925 4978 1063 5043 Gis.,
1096 4980 1216 5033 Vat.
1244 4980 1304 5045 Β,
1329 4996 1502 5047 quam.
1538 4980 1692 5045 Man,
1714 4997 1883 5049 quam,

311 5052 408 5105 sed
439 5066 599 5120 supra
629 5068 796 5121 quem.
824 5049 940 5103 Vat.
971 5050 1016 5103 A
1045 5063 1095 5104 et
1130 5052 1270 5114 PaL,
1295 5067 1462 5121 quem.
1506 5050 1750 5105 Heinsius
1782 5052 1885 5105 edi-

311 5123 389 5176 dit
424 5138 593 5191 quem,
635 5120 687 5176 et
718 5120 1063 5191 nihilominus
1098 5122 1151 5173 in
1194 5120 1335 5175 notis
1376 5122 1425 5173 id
1460 5122 1804 5189 reprehendit
1833 5123 1884 5176 in

312 5190 582 5247 nonnullis
604 5190 949 5247 editionibus.
978 5191 1099 5244 Mihi
1129 5191 1303 5260 placet
1328 5208 1476 5260 quem
1508 5191 1611 5246 hoc
1645 5194 1883 5247 maxime

312 5264 450 5316 loco.
479 5262 609 5317 Vide
638 5262 823 5332 hymn.
856 5263 888 5315 5
909 5262 1086 5325 Cath.,
1112 5276 1252 5315 vers.
1288 5262 1407 5315 112.

384 5333 471 5387 98.
503 5333 624 5389 Put.
648 5332 835 5389 scribit
858 5335 998 5385 enisa
1027 5347 1121 5400 pro
1147 5334 1315 5385 enixa.
1352 5333 1555 5386 Bonon.
1587 5333 1747 5400 male,
1789 5335 1884 5387 viri

314 5418 413 5472 pro
436 5405 583 5458 uteri.

390 5474 510 5529 100.
546 5475 680 5529 Hinc
708 5473 1104 5542 comprobatur,
1139 5474 1497 5530 narrationem
1540 5475 1800 5529 orationis
1830 5476 1884 5530 in

314 5543 472 5599 horto
496 5560 617 5601 esse
635 5561 765 5601 vere
792 5544 1173 5613 evangelicam.

387 5615 512 5669 101.
543 5617 677 5686 ΑΜ.
728 5619 951 5685 primum
1009 5615 1223 5686 scripsit
1270 5617 1410 5685 quia,
1455 5617 1686 5671 correxit
1722 5617 1810 5686 qui
1852 5633 1884 5670 a

315 5682 493 5739 Patre.
525 5682 921 5756 Czeteri'legunt
948 5686 1035 5756 qui
1072 5682 1244 5756 Patre.

390 5756 512 5812 102.
544 5757 689 5812 Sich.
724 5754 847 5825 legit
879 5754 1043 5809 Deum
1070 5772 1167 5826 pro
1196 5755 1452 5811 thronum.
1495 5756 1885 5812 Chauiillardus

314 5826 393 5882 ait
426 5842 610 5883 vocem
649 5826 857 5882 thronus
898 5842 1004 5882 non
1044 5842 1165 5886 esse
1191 5828 1437 5884 usitatam
1485 5829 1713 5893 Latinis,
1759 5828 1882 5897 quia

1911 4806 1967 4867 D

1986 3497 2223 3551 dentium
2272 3504 2573 3550 excusaret.
2614 3495 2855 3559 Accedit,
2900 3496 3118 3550 verbum
3166 3497 3219 3550 id
3260 3513 3378 3552 esse
3398 3501 3568 3555 eccle-

1987 3568 2261 3621 siasticum
2295 3581 2361 3620 ex
2388 3567 2556 3619 sacris
2582 3565 2796 3618 Litteris
2826 3568 3067 3633 petitum.

2060 3638 2182 3692 105.
2230 3637 2348 3690 Vat.
2388 3636 2453 3702 A,
2486 3638 2706 3706 fragilis.
2754 3636 2899 3700 Put.,
2948 3638 3249 3707 illapsurus,
3301 3639 3393 3692 sed
3442 3649 3567 3697 tunc

1986 3708 2340 3763 amovendum
2368 3722 2487 3761 esse
2509 3708 2727 3761 verbum
2752 3707 3167 3775 substantivum,
3199 3718 3378 3763 monet
3404 3711 3568 3766 licin-

1986 3782 2118 3834 sins.
2154 3781 2263 3849 Ego
2290 3777 2538 3833 mendum
2570 3786 2694 3845 puto
2718 3774 2998 3843 illapsurus
3026 3794 3120 3847 pro
3152 3774 3401 3849 illapsus:
3432 3791 3486 3836 et
3516 3784 3567 3838 in

1989 3851 2106 3905 Vat.
2138 3852 2200 3917 A,
2238 3849 2436 3920 fragilis
2466 3863 2587 3904 esse
2610 3864 2702 3917 pro
2727 3850 2976 3919 fragileis,
3007 3860 3097 3903 aut
3120 3851 3351 3919 fragiles.

2060 3924 2182 3975 104.
2216 3923 2401 3975 Avitus
2434 3920 2525 3971 lib.
2561 3938 2611 3983 v,
2643 3920 2779 3983 Quid
2810 3937 2907 3973 non
2930 3924 3074 3988 furor
3100 3924 3286 3973 audeat
3315 3925 3523 3976 amens?

2060 3994 2180 4045 105.
2218 3991 2461 4045 Heinsius
2488 4006 2605 4042 cum
2653 3992 2763 4042 suis
2809 3992 3118 4057 potioribus,
3161 3992 3305 4057 Αι‹Ι.,
3348 3991 3462 4045 Vat.
3504 3997 3568 4060 Α,

1987 4064 2126 4124 PaL,
2156 4062 2356 4115 \Vidm.
2383 4074 2541 4127 supra
2572 4061 2697 4126 ipse.
2726 4060 2944 4125 Wcitz.,
2988 4061 3125 4123 Gis.,
3158 4061 3277 4114 Vat.
3308 4062 3366 4122 Β,
3409 4063 3566 4129 Man,

1990 4134 2169 4201 Prag.,
2202 4134 2343 4195 liat.,
2371 4131 2475 4182 ille.
2506 4129 2657 4182 Teol.
2689 4130 2855 4183 edidit
2898 4132 3024 4199 ipse,
3072 4138 3127 4184 et
3158 4129 3211 4183 in
3244 4130 3349 4184 [ine
3377 4146 3567 4187 versus
3592 4150 3607 4163 ο

1990 4202 2359 4256 admirationis
2392 4210 2568 4254 notam
2599 4203 2866 4267 apposuit.
2937 4212 2943 4217 ‘

2060 4272 2180 4325 112.
2226 4273 2280 4325 In
2318 4271 2436 4324 Vat.
2489 4270 2528 4322 Β
2568 4269 2720 4323 deest
2762 4270 2982 4323 verbum
3022 4269 3413 4326 substantivum
3451 4281 3521 4325 est
3547 4289 3566 4326 .'

1990 4344 2126 4397 visus
2152 4346 2205 4395 in
2226 4346 2361 4395 orbe.
2394 4342 2451 4394 S.
2487 4340 2641 4394 Joan.
2674 4354 2746 4399 vr.
2774 4340 2846 4394 46
2874 4355 2886 4388 :
2920 4338 3038 4392 Non
3066 4342 3183 4409 quia
3206 4341 3413 4396 Patrem
3440 4344 3567 4397 vidit

1988 4417 2273 4484 quisquam,
2300 4413 2395 4466 nisi
2417 4412 2500 4479 qui
2532 4420 2607 4484 est
2633 4427 2665 4463 a
2690 4409 2816 4473 Deo,
2837 4410 2924 4484 liii:
2957 4413 3080 4464 vidit
3108 4411 3341 4469 Patrem.

2062 4485 2184 4538 115.
2215 4485 2423 4538 Thnan.
2449 4482 2635 4535 scribit
2662 4482 2982 4549 perstrinxit.

2063 4557 2187 4610 117.
2223 4556 2391 4609 Giscl.
2419 4556 2444 4608 1
2481 4553 2611 4606 edit.
2643 4552 2707 4604 ad
2733 4553 3046 4621 marginem,
3089 4551 3239 4607 Sich.
3277 4561 3330 4606 et
3364 4552 3570 4608 Mariet.

1989 4640 2087 4695 pro
2116 4626 2326 4681 diversa
2358 4626 2620 4692 scriptura
2652 4623 3093 4695 munere.Caeteri
3126 4624 3356 4676 numine.

2063 4698 2182 4752 118.
2214 4696 2366 4764 Apud
2396 4694 2667 4749 Heinsium
2696 4693 2960 4748 Cauchius
2982 4694 3319 4761 coniectabat
3342 4695 3554 4749 ubicun-

1988 4783 2208 4837 que:ac
2234 4782 2415 4822 revera
2456 4766 2537 4837 ita
2579 4764 2779 4837 habent
2816 4764 2952 4837 apud
2996 4764 3284 4837 Weitzium
3329 4766 3481 4834 Egm.
3518 4776 3574 4821 et

1991 4834 2183 4903 Palat.,
2216 4852 2421 4892 necnon
2452 4836 2565 4889 Vat.
2599 4836 2662 4899 Α,
2695 4834 2782 4887 ubi
2808 4836 2873 4886 ad
2900 4848 3045 4887 oram
3072 4835 3381 4904 discrepans
3410 4838 3571 4891 lectio

1990 4924 2311 4979 quocunque.
2342 4909 2401 4979 ln
2423 4907 2545 4979 Rot.
2582 4920 2676 4979 pro
2704 4904 2913 4979 diversa
2943 4904 3206 4979 scriptura
3234 4906 3445 4977 Semper
3473 4906 3570 4979 ad:

1989 4972 2083 5043 est,
2118 4989 2162 5031 et
2182 4972 2364 5043 ubique
2386 4977 2504 5041 loci,
2538 4972 2676 5043 quod
2703 4974 2918 5029 lleinsio
2950 4972 3212 5044 placebat,
3243 4972 3414 5045 neque
3438 4978 3570 5031 mihi

1990 5048 2258 5117 displicet.
2288 5047 2724 5119 Sed_quo_cunque
2763 5046 2959 5119 habent
2995 5047 3252 5116 plerique,
3301 5057 3353 5101 et
3382 5048 3570 5113 optimi

1989 5116 2119 5174 mss.
2146 5130 2197 5174 et
2223 5118 2365 5187 vulg.
2402 5116 2816 5169 Prudentianum
2845 5116 2937 5172 est
2962 5118 3295 5187 quodcunque
3319 5126 3571 5187 terrarum

1990 5192 2043 5244 in
2078 5190 2275 5260 hymno
2301 5185 2355 5242 S.
2400 5187 2691 5253 Laurentii,
2723 5185 3026 5260 versatiﬁl.
3048 5187 3104 5260 in
3134 5185 3264 5260 Mar.
3293 5186 3573 5260 glossaest

1992 5255 2295 5329 ubicunque,
2336 5274 2453 5325 quae
2496 5262 2547 5312 in
2580 5266 2778 5313 textum
2805 5258 3014 5329 videtur
3045 5256 3344 5326 irrepsisse.
3378 5255 3436 5312 In
3470 5258 3573 5313 Bo-

1991 5348 2123 5387 non.
2162 5328 2285 5392 una,
2320 5330 2496 5383 minus
2526 5330 2681 5395 bene,
2716 5344 2811 5398 pro
2840 5328 2967 5383 ulla.

2067 5401 2188 5456 119.
2218 5401 2512 5471 Αιάχηιδιθ
2541 5397 2815 5469 distinguit
2843 5415 3091 5471 nusquam
3113 5407 3187 5453 est
3212 5400 3408 5471 genitor
3433 5397 3572 5454 Deus

1992 5474 2168 5527 absens
2201 5470 2303 5524 [’er
2334 5470 2567 5530 Verbum.
2589 5472 2675 5524 sed
2702 5486 2898 5539 semper
2926 5470 3091 5525 adest.

2068 5545 2187 5598 121.
2221 5542 2375 5596 Joan.
2408 5558 2513 5608 xiv,
2548 5542 2595 5596 9.

2067 5614 2188 5667 123.
2237 5613 2517 5667 lunisibilis
2564 5611 2813 5666 mendum
2853 5625 2949 5681 pro
2992 5611 3255 5666 invisibilis
3307 5612 3360 5668 in
3410 5613 3568 5666 Fahr.

1998 5684 2146 5739 Hanc
2195 5700 2401 5749 vocem,
2444 5698 2607 5753 quam
2650 5683 2867 5753 Vossius
2917 5682 3122 5752 reiecit,
3170 5683 3261 5738 alii
3308 5692 3452 5738 recte
3481 5683 3571 5735 (lc-

1994 5756 2213 5809 l'endunt
2242 5752 2555 5808 auctoritate
2574 5752 2807 5808 Cornelii
2823 5752 2985 5821 Celsi,
3020 5754 3293 5819 Macrobii,
3323 5752 3569 5820 Arnohii,

1994 5824 2275 5895 Lactantii,
2308 5832 2362 5880 et
2392 5825 2557 5880 nostri
2586 5834 2776 5893 poene.
