4092 6344
594 334 702 391 955

1680 325 1953 382 AURELII
1993 322 2364 382 pnunumn
2391 296 2733 377 causam.

3767 317 3867 375 9‘50

846 445 1012 510 Cede,
1042 443 1351 515 profanator
1371 440 1591 507 Christi,
1622 441 1733 509 jam
1764 441 1917 505 cede,
1948 440 2166 506 Sabelli,
2196 444 2254 505 Α
2275 439 2380 495 185
2452 435 2603 505 Quod
2636 436 2777 491 Deus
2805 437 2909 498 est,
2934 429 3247 502 adimasque
3266 430 3435 488 decus
3464 430 3661 502 patris,
3695 440 3751 487 et
3781 448 3867 504 ge-

772 538 1159 608 Depositorque
1184 534 1376 599 Patris,
1406 535 1623 603 natique
1646 534 1830 587 insane
1862 540 2102 601 negator.

594 633 698 689 180
770 630 958 685 Nonne
981 636 1186 698 patrem
1208 626 1403 691 violas,
1425 624 1551 679 dum
1576 635 1757 679 natum
1772 624 1912 679 scire
1928 623 2178 679 recusas?

768 718 1213 790 Quandoquidem
1274 732 1381 773 non
1440 725 1523 773 est
1573 717 1821 787 genitor,
1881 717 1982 771 nisi
2039 714 2179 769 filius

1844 810 2062 882 [exstet
2087 825 2101 861 :

768 905 880 962 Nec
921 905 1160 961 vocitare
1202 910 1409 976 patrem
1454 902 1595 973 potis
1634 917 1712 966 es,
1747 915 1905 971 quem
1936 899 2177 970 germine

1818 989 2063 1063 [fraudas
2091 1007 2101 1043 :

774 1092 881 1148 Sed
905 1092 1133 1148 fortasse
1151 1090 1285 1146 velis
1308 1089 1493 1159 patrize
1524 1086 1736 1157 pietatis
1768 1086 1972 1140 honore

772 1186 1085 1256 Despoliare
1116 1186 1304 1252 Deum,
1336 1192 1618 1239 contentus
1641 1179 1854 1236 nomine
1886 1177 2052 1245 nudo,

3449 523 3640 597 [ueris
3669 524 3797 578 vim.

2456 622 2621 694 418
2636 604 2832 692 Ecquis
2844 620 2897 675 in
2920 618 3084 675 idolio
3096 616 3358 674 recubans
3370 616 3512 671 inter
3526 630 3679 671 sacra
3693 617 3860 687 mille,

2461 713 2846 783 Ridiculosque
2865 711 2998 768 deos
3008 724 3266 766 venerans
3278 709 3415 775 sale,
3432 706 3658 777 cespite,
3687 708 3859 777 thure,

2460 805 2577 863 Non
2603 814 2755 877 putat
2784 818 2905 861 esse
2917 802 3087 859 Deum
3108 816 3400 868 summum,
3430 806 3485 856 et
3509 814 3675 870 super
3696 802 3858 855 omnia

3555 891 3575 965 ι
3596 892 3805 947 solum?

2460 990 2717 1058 Quamvis
2741 988 3013 1056 Saturnis,
3042 987 3366 1054 Iunonibus,
3400 996 3455 1043 et
3474 985 3799 1056 Cythereis.

2286 1082 2389 1137 190
2460 1080 2841 1152 Portentisque
2866 1080 2988 1136 aliis
3020 1080 3290 1136 fumantes
3316 1089 3601 1135 consecret
3632 1094 3785 1144 aras;

2456 1174 2711 1230 Attamen
2738 1172 2791 1228 in
2811 1173 3008 1230 ctelum
3037 1172 3252 1231 quoties
3276 1172 3546 1244 suspexit,
3574 1172 3633 1227 in
3658 1186 3767 1229 uno

1898 1314 2184 1373 GLOSSA'I
2223 1313 2562 1371 VETERES.

600 1463 797 1517 Filium
844 1470 891 1516 et
934 1452 1211 1531 Spiritum
1242 1459 1519 1529 negabant,
1562 1458 1656 1531 sed
1696 1455 1977 1531 dicebant”;
2031 1451 2179 1506 Idem

602 1532 759 1594 Deus,
787 1524 991 1603 quando
1020 1532 1145 1597 vult,
1179 1524 1331 1582 Pater
1360 1539 1461 1603 est;
1485 1528 1688 1603 quando
1716 1526 1838 1603 vult,
1872 1524 2039 1577 Filius
2069 1533 2177 1577 est:

598 1598 808 1671 quando
833 1614 877 1655 et
908 1602 1130 1672 Spiritus
1169 1609 1404 1672 sanctus.
1428 1600 1608 1672 Ariani
1636 1598 1890 1672 dicebant,
1925 1606 2033 1672 tres
2065 1604 2178 1672 esse

496 1696 511 1705 π
597 1665 837 1743 personas
862 1683 908 1727 et
940 1665 1039 1725 ires
1059 1672 1363 1725 substantias
1391 1671 1444 1723 in
1482 1669 1760 1743 Divinitate
1784 1686 1801 1733 ;
1841 1665 2122 1743 Sabelligni
2148 1681 2175 1717 e

601 1733 779 1797 contra
804 1760 982 1824 unam.
993 1759 1285 1824 personam,
1328 1751 1373 1793 et
1424 1758 1578 1824 unam
1626 1739 1981 1793 substantiam.
2016 1733 2176 1787 Fides

597 1823 769 1868 autem
815 1812 1064 1867 catholica
1118 1815 1379 1883 utriusque
1430 1812 1655 1865 devitans
1702 1826 1961 1871 errorem,
1989 1821 2179 1883 _unam

598 1884 817 1972 Deitatis
838 1886 1195 1972 substantiam,
1218 1893 1261 1935 et
1280 1878 1379 1937 tres
1404 1899 1645 1972 personas
1669 1884 1926 1972 veraciterL
1941 1878 2180 1972 amr-mat.-
2212 1912 2258 1972 Β

600 1955 737 2008 Nam
760 1957 940 2008 Ariani
963 1956 1085 2008 bene
1115 1965 1215 2008 tres
1242 1948 1505 2021 personas,
1540 1953 1671 2005 male
1701 1963 1799 2005 tres
1837 1948 2180 2012 substantias;

600 2026 881 2080 Sabelliani
912 2026 1033 2079 bene
1060 2042 1213 2079 unam
1256 2025 1612 2089 substantiam,
1654 2022 1785 2076 male
1819 2037 1974 2075 unam

604 2112 723 2149 nam
755 2098 1007 2161 dicebant,
1035 2096 1075 2149 l.

668 2168 793 2222 178.
824 2166 1157 2229 Profauator,
1184 2166 1581 2235 blasphemator,
1604 2172 1915 2235 contemptor
1928 2162 2177 2235 profanus

602 2238 809 2305 dicitur,
834 2240 969 2305 quod
1000 2252 1203 2306 porroa
1244 2232 1388 2304 fano,
1419 2236 1473 2287 id
1504 2244 1575 2287 est
1624 2253 1657 2287 a
1684 2234 1871 2305 templo
1922 2233 2039 2303 Dei,
2085 2232 2181 2285 hoc

601 2318 673 2360 est
703 2308 1039 2377 irreligiosus.
1070 2336 1139 2345 —
1161 2307 1325 2371 Cede,
1356 2306 1576 2373 discede,
1608 2306 1650 2362 1.

673 2377 796 2432 179.
825 2378 1131 2445 Βοβοείιοτ,
1164 2385 1396 2446 negator,
1426 2377 1466 2429 Ι.

671 2448 795 2504 180.
824 2449 1021 2517 Violas,
1045 2445 1319 2517 negasI—
1343 2448 1560 2515 Natum,
1598 2445 1809 2513 Filium,
1837 2446 1939 2502 lso.
1992 2514 1995 2517 Α

2010 2033 2184 2089 perso-

2359 1451 2482 1576 tSll.
2509 1449 2974 1522 Quandoquidem,
3001 1452 3245 1521 quoniam
3273 1449 3380 1505 itte.
3405 1480 3476 1490 —
3504 1449 3751 1520 Genitor,
3779 1466 3864 1521 pa-

2287 1534 2381 1584 τεν.
2423 1534 2463 1577 Ι.

2358 1594 2479 1649 183.
2505 1593 2721 1659 Patrias,
2751 1601 2993 1662 paternae,
3024 1594 3161 1663 quod
3184 1594 3348 1662 patris
3375 1601 3471 1663 est,
3506 1592 3545 1647 Ι.

2365 1665 2488 1719 184.
2521 1664 2765 1731 Nomine,
2785 1664 2975 1717 scilicet
3004 1664 3390 1734 procreationis,
3420 1662 3526 1718 lso.

2358 1735 2481 1789 185.
2515 1735 2737 1789 Generis
2762 1736 2893 1800 vim,
2926 1735 3022 1803 ﬁlii
3048 1736 3293 1805 vigorem,
3325 1734 3363 1787 l.

2358 1806 2483 1860 186.
2524 1805 2717 1869 ldolio,
2745 1807 3061 1873 paganitate,
3099 1804 3153 1858 in
3187 1807 3298 1858 loco
3328 1806 3610 1870 idolorum,
3646 1804 3777 1858 Mar.
3806 1833 3857 1842 -—

2289 1876 2475 1941 ldolio,
2504 1878 2557 1928 in
2578 1874 2868 1947 sacrilegio,
2887 1878 2941 1928 in
2966 1876 3074 1929 loco
3096 1876 3371 1947 idolorum,
3401 1893 3494 1947 pro
3518 1892 3577 1929 eo
3598 1877 3714 1945 quis
3732 1875 3872 1947 homo

2289 1947 2616 2003 idolothitum
2646 1956 2719 1998 est
2748 1944 3087 1999 immolatum.
3115 1944 3348 2001 Idalium
3376 1944 3495 2000 vero
3522 1944 3874 2013 est’templum

2287 2020 2432 2072 idoli.
2472 2048 2541 2058 —
2565 2017 2866 2080 Reoubans,
2897 2017 3107 2082 scilicet,
3136 2018 3336 2085 quavis,
3365 2018 3404 2071 Ι.

2363 2089 2487 2143 187.
2536 2088 2772 2157 Cespite,
2822 2103 2991 2158 cespes
3043 2098 3116 2141 est
3165 2096 3299 2141 terra
3346 2088 3527 2142 avulsa
3560 2104 3679 2141 cum
3704 2086 3874 2151 herba,

2290 2162 2427 2213 unde
2452 2160 2701 2228 faciebant
2732 2157 2941 2226 altaria,
2967 2157 3005 2210 l.
3814 2174 3853 2228 ᾼι

2363 2226 2488 2301 189.
2515 2230 2780 2301 Saturnis,
2802 2244 2894 2301 pro
2919 2228 3151 2282 omnibus
3171 2228 3271 2285 diis
3295 2230 3561 2300 posuit.—
3575 2226 3873 2286 Citberaais.

2293 2300 2563 2365 Cithertt’a,
2612 2300 2809 2367 Venus,
2828 2301 2869 2356 I.

2366 2372 2489 2427 190.
2524 2372 2920 2442 Portentisque,
2942 2371 3115 2443 idolis,
3139 2371 3180 2428 Ι.

1940 2554 2475 2613 COMMENTARIUS

672 2690 795 2757 178.
828 2700 983 2757 Alex.
1018 2700 1201 2755 titulus
1244 2707 1327 2754 est
1375 2707 1499 2752 ante
1549 2698 1689 2753 hunc
1738 2712 1953 2750 versum
1987 2696 2181 2750 Contra

604 2774 893 2829 Unionitas.
941 2772 1015 2824 Ita
1040 2770 1233 2825 Weitz.
1263 2780 1317 2824 et
1338 2769 1460 2822 Vat.
1491 2769 1557 2823 A.
1590 2771 1642 2821 In
1696 2768 1814 2821 Vat.
1859 2768 1898 2819 Β
1949 2775 2001 2819 et
2028 2766 2186 2830 Man,

602 2845 795 2899 Contra
821 2842 1090 2896 Unionitas
1136 2840 1479 2895 Sabellianos.
1510 2840 1563 2891 lu
1614 2839 1760 2901 liat.,
1792 2838 1978 2889 Contra
2010 2837 2185 2890 Sabel-

604 2917 791 2969 lianos.
834 2913 891 2965 In
923 2910 1044 2965 Ald.
1091 2920 1145 2963 et
1172 2910 1287 2965 Gis.
1331 2911 1357 2962 1
1400 2910 1553 2974 edit.,
1586 2908 1774 2961 Contra
1811 2908 2098 2966 L'nionitas,
2132 2908 2188 2960 id

605 2993 677 3039 est
707 2982 1051 3039 Sabellianos.
1085 2980 1197 3033 Gis.
1223 2980 1259 3032 2
1288 2980 1373 3034 ed.
1406 2981 1470 3032 ad
1494 2994 1642 3031 oram
1682 2977 1955 3032 Unionitw.
1990 2977 2185 3031 Confer

606 3052 919 3109 Browerum
944 3066 1064 3120 pag.
1097 3050 1204 3104 223
1230 3050 1295 3103 ad
1323 3049 1691 3112 Fortunatum,
1729 3048 1817 3101 ubi
1861 3058 2182 3120 argumenta

606 3124 884 3180 Prudentii
904 3117 1090 3178 contra
1113 3121 1392 3176 Unionitas
1416 3135 1536 3174 cum
1561 3120 1713 3174 laude
1736 3119 2014 3172 doctissimi
2036 3117 2185 3171 Chri-

605 3196 889 3249 stianorum
920 3200 1185 3261 poetarum
1206 3190 1564 3246 commendat.
1590 3189 1901 3258 llujusmodi
1938 3189 2181 3243 lemmata

608 3265 798 3321 Contra
833 3263 1125 3329 Unionitas,
1156 3271 1211 3315 et
1234 3263 1426 3316 similia
1455 3278 1559 3316 non
1591 3262 1658 3314 ab
1694 3268 1912 3314 auctore
1943 3274 2062 3313 esse
2093 3275 2184 3327 ap-

608 3337 804 3405 posita,
846 3337 941 3389 sed
988 3334 1055 3387 ab
1088 3334 1216 3405 aliis
1241 3332 1835 3405 additatdicamhetiam
1866 3332 1916 3384 in
1947 3330 2183 3405 Psycho-

605 3402 833 3461 inachia.
865 3404 1328 3460 PetrusCoustant
1356 3406 1405 3462 in
1440 3402 1697 3457 Vindiciis
1729 3418 1858 3455 mss.
1900 3402 2056 3455 codd.
2078 3416 2180 3454 non

606 3476 743 3532 bene
769 3475 1004 3531 aflirmat
1028 3490 1146 3544 pag.
1179 3475 1307 3538 274,
1340 3474 1729 3544 Sabellianos‘a
1762 3472 2056 3526 Prudentio
2080 3472 2182 3525 hoc

616 3561 716 3602 oco
748 3550 925 3602 vocari
956 3542 1251 3600 Unionitas.
1272 3545 1591 3599 Prudentius
1621 3542 1873 3612 deinceps
1890 3544 2061 3613 pergit
2081 3556 2183 3596 ex-

608 3633 827 3688 ponere,
860 3618 1070 3671 Patrem
1100 3626 1155 3688 et
1187 3616 1379 3670 Filium
1419 3619 1467 3669 in
1498 3615 1759 3688 Trinitate
1801 3629 1903 3667 non
1936 3628 2055 3668 esse
2081 3614 2186 3688 duo

608 3684 749 3743 nuda
773 3689 1011 3753 nomina,
1041 3687 1136 3741 sed
1164 3702 1420 3755 personas
1440 3701 1571 3741 vere
1599 3685 1909 3755 distinctas:
1938 3700 2057 3755 nam
2088 3684 2186 3736 Pa-

610 3758 913 3828 tripassiani
941 3773 1003 3811 ea
1034 3754 1252 3828 ratiOne
1292 3758 1767 3828 Patremupassum
1824 3754 2183 3828 affirmabant,

612 3824 755 3896 quod
785 3829 941 3881 Pater
971 3842 998 3878 a
1033 3826 1165 3879 Filio
1193 3842 1298 3880 non
1321 3836 1463 3880 esset
1491 3826 1795 3879 distinctus.
1842 3824 2100 3878 Unionitas
2133 3824 2188 3877 hi

610 3895 847 3952 literetici
868 3905 1261 3965 nuncupantur,
1282 3896 1403 3965 quia
1430 3911 1587 3950 unam
1614 3904 1818 3948 tantum
1833 3910 2111 3963 personam
2136 3895 2187 3948 in

623 3968 801 4034 Patre,
848 3967 982 4021 Filio
1020 3977 1075 4021 et
1116 3967 1319 4035 Spiritu
1368 3975 1551 4021 sancto
1583 3966 1910 4019 astruebant.
1952 3967 2007 4019 ln
2053 3966 2185 4021 Urb.

613 4039 753 4093 Nam
774 4040 892 4093 cede
922 4039 1134 4108 legitur.
1168 4038 1542 4108 Exscriptores
1576 4046 1786 4091 veteres
1816 4052 1958 4106 saepe
1989 4040 2104 4109 jam
2133 4036 2187 4090 in

610 4127 727 4164 nam
756 4111 1172 4165 commutabant.

682 4182 804 4237 179.
852 4182 967 4235 Vat.
1000 4180 1061 4245 Β,
1093 4181 1369 4251 depositas,
1400 4180 1675 4247 mendose,
1704 4181 1789 4235 vel
1811 4194 1877 4235 ex
1902 4186 2191 4233 consuetu-

612 4253 737 4307 dine
772 4252 1061 4316 scribendi,
1093 4266 1197 4319 qua
1230 4260 1441 4306 veteres
1467 4268 1490 4305 s
1514 4267 1610 4321 pro
1638 4268 1663 4303 r
1709 4251 1973 4305 interdum
2019 4264 2189 4321 pone-

611 4324 758 4389 bant,
796 4334 850 4377 ut
880 4324 1059 4389 honos,
1089 4322 1255 4391 labos,
1291 4338 1385 4389 pro
1421 4323 1601 4388 honor,
1641 4322 1807 4379 labor.
1836 4322 1994 4375 Poeta
2022 4320 2192 4388 depo—

611 4396 832 4449 sitorem
864 4394 1035 4447 Patris
1085 4402 1245 4447 vocat
1292 4393 1606 4457 Sabellium,
1648 4394 1769 4462 quia
1814 4393 2023 4446 Patrem
2065 4405 2192 4445 vere

614 4479 733 4519 esse
777 4465 1027 4531 negabat,
1054 4474 1109 4519 et
1156 4462 1348 4517 Filium
1394 4478 1499 4517 non
1541 4478 1666 4517 vere
1704 4464 1941 4532 genitmn
1984 4476 2191 4532 assere-

613 4534 723 4587 bat.
760 4534 1028 4587 Vocabulo
1056 4534 1313 4602 depositor
1352 4536 1517 4588 utitur
1564 4531 1920 4599 Quintilianus
1958 4534 2013 4588 in
2052 4531 2189 4587 lem-

615 4613 743 4657 tnat.
764 4602 1058 4657 Declamat.

688 4674 808 4728 184.
841 4674 969 4727 Mar.
995 4672 1183 4728 scribit
1212 4673 1507 4743 dispoliarc.

690 4745 811 4798 186.
850 4744 906 4798 ln
945 4744 1063 4798 Rat.
1103 4742 1317 4813 ineptus
1356 4751 1654 4809 corrector,
1703 4744 1913 4798 caeteris
1959 4742 2184 4807 abrasis,

617 4814 891 4869 substituit
912 4816 1147 4883 quisnam
1168 4816 1447 4881 idolorum,
1480 4826 1536 4869 ut
1564 4816 1771 4870 scilicet
1795 4823 1965 4869 metro
1989 4828 2185 4869 consu-

618 4884 927 4958 leret._Yat.
961 4888 1027 4951 A,
1058 4897 1110 4940 et
1138 4888 1389 4956 Egmon.,
1413 4904 1475 4941 ne
1494 4888 1609 4958 quis
1642 4903 1737 4955 pro
1764 4887 1952 4955 ecquis,
2002 4894 2090 4939 aut
2141 4895 2189 4939 et

617 4959 750 5025 quis.
781 4955 836 5010 Si
862 4956 1067 5024 legatur
1109 4955 1347 5026 ne’quis,
1386 4955 1677 5013 auferenda
1717 4968 1801 5012 est
1843 4958 2189 5025 interrogatio

617 5042 773 5099 versu
802 5027 921 5091 188,
956 5035 1226 5099 et_sensus
1255 5030 1377 5094 erit,
1417 5044 1481 5083 ne
1508 5031 1626 5099 quis
1663 5043 1767 5083 non
1797 5038 1968 5097 putat,
1996 5040 2101 5082 etc.
2132 5029 2197 5081 ln'

617 5098 917 5161 Widm.,ut
938 5097 1075 5167 quis,
1100 5111 1261 5165 supra
1288 5108 1331 5149 et
1357 5100 1489 5166 quis.
1514 5097 1755 5154 Gifanius
1781 5101 1938 5153 Lucr.
1972 5099 2187 5154 collect.

619 5170 782 5223 verbo
812 5169 887 5223 E'r
909 5176 1151 5233 QUAN'I‘IS,
1182 5184 1247 5221 ετ
1290 5182 1404 5229 QUlS
1449 5170 1719 5235 ob'servat,
1752 5173 1991 5239 quaedam
2026 5171 2190 5223 verba

620 5242 687 5293 ab
707 5240 937 5311 antiquis
988 5239 1196 5293 duobus
1245 5239 1418 5311 modis
1468 5240 1639 5311 dicta,
1682 5258 1801 5311 qua:
1855 5241 2191 5295 recentiores

621 5311 779 5365 unico
804 5310 1042 5379 proferre
1068 5310 1431 5381 contendunt:
1463 5310 1708 5365 dicebant
1732 5312 1873 5366 enim
1896 5311 2088 5381 ecquis,
2138 5320 2193 5365 et

622 5392 669 5434 et
696 5383 828 5451 quis,
856 5389 909 5434 et
941 5381 1011 5435 ita
1055 5382 1181 5451 legit
1223 5380 1462 5436 Gifanius
1494 5381 1545 5433 in
1586 5381 1872 5438 Prudentio
1926 5398 1993 5436 ex
2023 5381 2193 5436 veteri

625 5451 760 5505 libro
787 5462 831 5505 et
853 5454 963 5519 quis
990 5452 1044 5504 in
1071 5450 1253 5517 idolio,
1281 5460 1337 5506 et
1370 5450 1614 5506 similiter
1644 5453 1758 5505 aliis
1785 5453 1835 5507 in
1868 5454 2018 5507 locis.
2047 5451 2194 5506 ldolii

625 5536 759 5593 voce
785 5533 1001 5576 utuntur
1038 5522 1421 5589 Tertullianus,
1460 5522 1847 5593 Hieronymus,
1882 5532 1935 5578 et
1979 5522 2093 5576 alii.
2130 5522 2195 5578 Ut

627 5592 938 5647 Minervium
970 5602 1023 5647 et
1041 5593 1285 5649 Dianium
1307 5603 1461 5649 erant
1484 5592 1737 5647 Minervae
1765 5603 1818 5647 et
1848 5596 2024 5647 Dianae
2056 5604 2193 5648 tem-

627 5665 793 5732 plum,
823 5664 937 5735 _sic
967 5664 1203 5735 _idolium
1275 5666 1529 5735 templum
1576 5664 1863 5719 idolorum.
1910 5663 2192 5731 Reperitur

626 5735 787 5788 etiam
802 5733 1161 5805 Esculapium
1194 5752 1289 5804 pro
1311 5733 1605 5805 Esculapii
1634 5737 1853 5805 templo.
1878 5735 2191 5805 Corrigendi

628 5753 787 5788 etiam
802 5753 1161 5816 mscmaplum
1194 5753 1289 5804 pro
1311 5753 1605 5860 auscmaplt
1634 5753 1853 5805 tempto.
1878 5753 2177 5805 Corrigeuu.

628 5814 751 5859 sunt
775 5804 1374 5870 nonnullunteroretes.
1414 5810 1503 5872 qui
1574 5806 1897 5864 adCorinth.
1941 5820 2057 5873 vui,
2088 5806 2177 5873 10,

2209 3298 2259 3361 C

2292 2698 2344 2749 in
2368 2695 2526 2767 idolio
2553 2695 2923 2750 recumbentem
2960 2695 3228 2767 accipiunt
3255 2697 3474 2751 idolium
3519 2712 3623 2766 pro
3670 2713 3867 2765 mensa,

2294 2775 2385 2821 aut
2408 2766 2588 2835 epulo.
2632 2767 2842 2822 Ethnici
2873 2768 2926 2821 in
2959 2766 3171 2837 templis
3209 2769 3320 2822 suis
3363 2769 3757 2823 recumbebant
3807 2773 3866 2825 ad

2299 2853 2558 2903 mensam,
2588 2852 2694 2890 non
2724 2838 2776 2891 in
2805 2854 3011 2905 mensa,
3042 2840 3211 2893 multo
3237 2854 3367 2894 vero
3407 2842 3587 2893 minus
3619 2843 3671 2891 iu
3700 2842 3869 2908 epulo.

2295 2909 2465 2961 Erant
2497 2908 2640 2979 enim
2675 2908 2819 2973 lecti,
2844 2910 2896 2963 in
2930 2911 3126 2979 quibus
3162 2911 3567 2974 recumbehant,
3622 2920 3682 2963 ut
3724 2927 3868 2978 pran~

2295 2981 2507 3033 derent.
2543 2978 2793 3050 Barthius
2822 2980 2915 3033 lib.
2952 2997 3130 3046 xxxiv,
3171 2995 3288 3049 cap.
3320 2981 3375 3045 4,
3399 2982 3641 3050 exponit,
3670 2982 3727 3034 in
3766 2984 3869 3034 ido-

2297 3051 2366 3103 lio
2396 3050 2662 3112 recubans,
2694 3049 2746 3103 id
2792 3058 2875 3103 est
2904 3052 3205 3119 paganismo
3235 3049 3550 3116 deditus,’ut
3571 3051 3771 3104 dicitur
3790 3068 3870 3105 cu-

2293 3121 2485 3175 barein
2513 3120 2726 3194 morbo.
2750 3119 3131 3189 Cudwortbus,
3147 3136 3266 3190 cap.
3286 3122 3570 3194 aSystem.
3592 3122 3868 3188 intellect.,

2262 3220 2265 3223 ι
2294 3207 2442 3262 num.
2472 3189 2597 3253 542,
2633 3190 2729 3262 hos
2752 3206 2940 3245 versus
2984 3207 3177 3262 magna
3199 3189 3319 3246 cum
3352 3189 3507 3246 laude
3535 3196 3803 3262 producit.

2365 3261 2486 3316 187.
2520 3262 2636 3315 Vat.
2668 3260 2733 3323 Α,
2758 3262 3041 3328 rudiculos,
3075 3260 3234 3327 male,
3264 3279 3358 3331 pro
3386 3260 3655 3317 ridiculos.
3686 3264 3758 3316 De
3786 3277 3869 3317 ara

2290 3333 2553 3401 cespititia
2584 3332 2758 3387 dicam
2802 3332 2869 3387 ad
2915 3334 3172 3404 hymnum
3220 3336 3277 3389 S.
3322 3333 3541 3388 Eulaliae
3569 3344 3625 3387 et
3654 3334 3714 3387 S.
3752 3333 3870 3387 Vin-

2289 3405 2473 3458 centii.

2342 3474 2484 3529 '189.
2515 3474 2723 3528 Bonon.
2751 3482 2937 3545 contra
2954 3483 3187 3545 metrum
3226 3476 3416 3529 ueteris
3447 3475 3524 3529 dis
3550 3490 3648 3542 pro
3675 3473 3870 3545 Cydne-

2290 3546 2409 3599 reis.
2448 3545 2574 3599 Urb.
2627 3544 2905 3615 mendose,
2934 3544 3221 3615 Cythareis.
3265 3546 3456 3599 Plurali
3502 3544 3729 3599 numero
3763 3545 3863 3598 Sa-

2294 3626 2489 3680 turnos,
2520 3615 2775 3681 Junones,
2813 3613 3125 3685 Cythera’as,
3159 3632 3249 3669 seu
3288 3615 3507 3669 Veneres
3542 3618 3744 3681 profert
3777 3623 3870 3685 per

2290 3694 2675 3753 contemptum,
2708 3696 2766 3739 ut
2812 3684 2971 3749 infra,
3013 3702 3152 3741 vers.
3205 3688 3333 3753 292,
3360 3685 3753 3753 Deucalionum,
3788 3684 3868 3739 vel

2292 3759 2452 3811 etiam
2492 3764 2547 3807 ut
2580 3756 2778 3810 indicet
2804 3756 3045 3811 diversos
3073 3756 3272 3817 titulos,
3307 3756 3499 3826 quibus
3538 3757 3683 3810 idem
3734 3758 3863 3809 deus

2292 3830 2359 3881 ab
2378 3827 2612 3881 ethnicis
2650 3826 2891 3895 insigniri
2930 3837 2983 3881 et
3011 3828 3112 3882 coli
3158 3828 3386 3882 solebat.
3441 3827 3517 3881 De
3562 3826 3864 3895 hujusmodi

2293 3914 2420 3953 vero
2452 3897 2597 3951 falsis
2618 3897 2921 3952 numinibus
2951 3914 3245 3965 eorumque
3274 3900 3419 3953 cultu
3444 3897 3615 3951 fusius
3633 3896 3866 3952 dicemus

2293 3969 2633 4038 adhynm.S.
2656 3968 2878 4022 Eulaliae.
2897 3984 3039 4023 vers.
3066 3969 3186 4033 122,
3217 3970 3275 4023 S.
3309 3967 3576 4022 Viucentii
3601 3982 3742 4038 vers.
3775 3966 3863 4030 50,

2294 4041 2351 4097 S.
2382 4037 2675 4103 Laurentii,
2730 4048 2784 4092 et
2834 4040 3100 4108 praecipue
3136 4040 3195 4094 S.
3237 4038 3486 4105 Romani,
3515 4046 3571 4093 et
3594 4038 3663 4092 ad
3705 4037 3863 4094 libros

2294 4120 2480 4166 contra
2509 4108 2909 4181 Symmachum.

2366 4182 2492 4236 191.
2522 4179 2704 4249 Prag.,
2735 4180 2893 4251 male,
2924 4181 3027 4233 imo
3071 4196 3169 4251 pro
3208 4196 3330 4234 uno.
3371 4179 3684 4250 Radulphus
3725 4179 3860 4234 Cud‘

2296 4252 2560 4316 wortbus,
2592 4252 2737 4319 Syst.
2768 4250 3027 4306 intellect.
3071 4250 3189 4321 cap.
3217 4252 3273 4314 4,
3304 4251 3574 4320 intelligit,
3620 4253 3861 4305 virtutum

2294 4325 2541 4377 rationem
2565 4322 2665 4375 hoc
2693 4322 2811 4375 loco
2833 4335 2951 4376 esse
2978 4324 3227 4377 amictum
3253 4330 3306 4375 et
3335 4322 3579 4376 habitum
3616 4335 3864 4391 persona-

2296 4411 2435 4461 rum,
2466 4394 2721 4446 ministros
2746 4407 2872 4446 vero
2894 4408 3013 4447 esse
3032 4393 3327 4461 daemones,
3357 4393 3446 4463 qui
3490 4400 3545 4448 et
3567 4392 3639 4447 dii
3679 4392 3857 4447 audie-

2296 4466 2444 4531 bant,
2471 4475 2524 4519 et
2568 4464 2759 4532 quibus
2788 4464 2926 4517 Deus
2948 4463 3013 4517 ad
3046 4464 3291 4518 mandata
3340 4473 3585 4519 uteretur
3622 4480 3694 4518 ex
3722 4463 3866 4518 theo-

2297 4536 2431 4604 logia
2462 4536 2667 4589 scilicet
2712 4534 3007 4603 gentilium,
3036 4534 3101 4589 de
3127 4535 3317 4601 quibus
3364 4534 3601 4604 loquitur
3632 4534 3866 4589 Pruden-

2298 4610 2421 4660 tius.
2447 4606 2604 4659 Putat
2642 4608 2784 4658 enim
2816 4604 3176 4659 Cudwortbus
3219 4604 3399 4673 plures
3440 4604 3669 4674 gentiles
3698 4604 3866 4674 credi:

2215 4680 2268 4740 Β
2293 4677 2435 4731 disse
2474 4692 2564 4729 sua
2604 4676 2819 4729 numina
2854 4676 2985 4729 nihil
3017 4676 3160 4730 aliud
3189 4672 3310 4730 esse
3343 4672 3501 4746 quain
3553 4677 3717 4730 unius
3767 4672 3865 4729 Dei

2294 4749 2667 4818 perfectiones,
2702 4761 2763 4800 ac
2783 4746 2989 4818 virtutes
3020 4763 3349 4818 personarum
3387 4747 3594 4818 nomine
3620 4748 3860 4818 indutas:

2291 4816 2447 4888 quam
2471 4818 2773 4887 opinionem
2791 4816 2869 4888 _ad
2891 4832 3114 4872 examen
3142 4817 3405 4871 revocabo
3430 4816 3523 4888 lib.
3549 4832 3587 4870 ιι
3613 4816 3866 4888 adversus

2291 4886 2623 4960 Sym.,vers.
2645 4890 2746 4944 58:
2779 4886 2877 4940 Res
2907 4888 3371 4959 incorporeas,etc.
3400 4886 3861 4960 MinuciusI-‘elix:

2297 4958 2434 5026 Quid
2490 4961 2621 5013 enim
2660 4966 2820 5025 potest
2870 4973 2978 5011 esse
3007 4969 3108 5012 tam
3134 4968 3389 5027 apertum,
3422 4967 3525 5011 tam
3554 4958 3865 5027 confessum,

2297 5042 2496 5100 tamque
2524 5031 2872 5099 perspicuum,
2906 5046 3019 5081 cum
3058 5029 3233 5082 oculos
3278 5032 3329 5081 in
3366 5029 3547 5082 caelum
3576 5028 3863 5089 sustuleris,

2296 5112 2342 5153 et
2395 5117 2504 5169 qua:
2560 5110 2677 5153 sunt
2715 5103 2874 5168 infra,
2907 5100 3140 5169 circaque
3183 5100 3498 5163 lustraveris,
3551 5115 3707 5168 quam
3760 5111 3867 5150 esse

2294 5172 2504 5239 aliquod
2528 5186 2715 5224 numen
2754 5171 3183 5239 pra'stantissimte
3202 5172 3407 5233 mentis,
3455 5185 3556 5239 quo
3585 5169 3866 5239 omnisna-

2296 5237 2409 5297 tura
2456 5237 3085 5311 inspireturpintoveatur,
3122 5241 3314 5307 alatur,
3343 5237 3690 5311 gubernetur?
3739 5237 3869 5311 Vide

2298 5329 2417 5382 qua:
2447 5313 2519 5366 ibi
2540 5308 2734 5366 notant
2763 5308 3077 5377 Wowerus,
3102 5308 3532 5369 Elmenhorstius
3556 5350 3573 5376 ,
3620 5308 3870 5382 Genelius

2300 5380 2362 5438 ex
2389 5394 2574 5437 nostro
2600 5393 2776 5450 poeta,
2807 5396 2874 5435 ex
2920 5384 3237 5452 Augustino.
3284 5382 3637 5450 Hieronymo,
3669 5380 3871 5433 Isidoro

2300 5455 2588 5518 Pelusiota,
2622 5453 2921 5517 Lactantio,
2954 5452 3244 5507 Cicerone:
3272 5461 3354 5506 est
3393 5452 3538 5506 enim
3588 5463 3872 5518 argumen-

2300 5535 2410 5579 tum
2432 5539 2460 5575 a
2484 5526 2662 5578 multis
2688 5534 3091 5594 pertractatum.
3121 5524 3235 5594 Hoc
3262 5522 3468 5577 scilicet
3498 5530 3584 5594 est
3607 5520 3874 5594 _testimo-

2301 5598 2443 5649 nium
2471 5596 2596 5649 illud
2627 5591 2811 5649 animae
2839 5596 3143 5648 naturaliter
3165 5593 3472 5647 Christiana:
3506 5591 3575 5646 de
3606 5592 3718 5646 Deo
3742 5604 3874 5651 uno,

2299 5666 2441 5736 quod
2464 5665 2714 5735 singulari
2755 5667 2893 5718 libro
2932 5665 3193 5721 adversus
3213 5663 3727 5736 gentesingeniose
3746 5675 3874 5736 pro-

2303 5733 2953 5805 pugnavit'Tertullianus.
2990 5737 3119 5790 Vide
3144 5733 3260 5805 ejus
3289 5733 3514 5805 Apolog.
3545 5747 3663 5803 cap.
3710 5733 3800 5793 17,
3824 5738 3875 5782 et

2296 5808 2489 5863 librum
2512 5807 2577 5863 de
2606 5807 2941 5865 Testimonio
2963 5808 3178 5865 animm.
