4092 6344
523 373 640 444 £59

1602 380 1880 437 AURELll
1915 380 2282 438 PKUDENTII
2321 382 2645 439 CARMINA.

3696 389 3793 445 940

703 489 864 564 421
897 490 1053 546 Texit
1077 491 1558 548 Aristoteles-torta
1584 495 1858 565 -vcrtigine
1888 511 2100 552 nervos.
2131 498 2187 561 Α
2209 497 2315 553 210
2385 496 2551 566 Cujus
2565 497 2632 552 ad
2647 496 2934 551 arbitrium
2951 492 3790 568 spliemmobilisatquerotunda

709 584 817 640 Hos
828 599 1015 640 omnes
1026 587 1477 656 quamvisanccps
1504 587 1861 658 labyrinthus,
1882 597 1936 644 et
1951 603 2108 644 error

706 674 1090 737 Circumllexus
1117 686 1261 746 agat,
1289 680 1531 748 quamvis
1561 680 1873 748 promittere
1919 688 1974 735 et
2002 679 2106 749 ipsi

529 766 635 823 205
707 764 967 824 Gallinam
1001 767 1235 834 soleant,
1259 777 1354 824 aut
1378 770 1600 839 gallum,
1635 772 1859 827 clinicus
1888 780 1948 826 ut
1976 787 2036 827 se

705 857 961 927 Dignetur
991 869 1246 928 prastare
1269 861 1410 916 Deus
1441 863 1789 919 morientibus
1811 879 2024 934 aequum
2052 880 2066 917 :

701 948 867 1024 422
895 947 1027 1006 Cum
1049 960 1266 1008 ventum
1292 962 1468 1010 tamen
1494 953 1561 1008 ad
1589 955 2101 1023 normam-rationis,

1457 1095 1464 1097 _
1767 1046 1841 1117 [et
1879 1048 2027 1112 artis,

701 1133 1026 1191 Turbidulos
1053 1148 1275 1201 sensus,
1305 1145 1360 1192 et
1389 1137 1615 1206 litigiosa
1656 1135 1882 1207 fragosis

697 1228 1026 1298 Argumenta
1052 1227 1226 1284 modis
1240 1227 1567 1284 concludunt
1596 1245 1794 1285 numen
1824 1229 1877 1283 in
1899 1245 2092 1282 unum:

2387 597 2662 664 Volvatur,
2690 607 3012 666 serventque
3040 611 3165 653 suos
3183 611 3326 668 ~vaga
3356 597 3532 654 sidera
3565 615 3779 657 cursus.

2386 699 2498 756 Non
2510 701 2906 770 reeipit'natura'
2919 699 3172 767 hominis,
3188 699 3347 757 modo
3359 695 3688 772 quadrupes
3697 694 3786 759 ille

2385 801 2502 858 Non
2533 803 2625 868 sit,
2654 811 2708 858 et
2734 810 2914 858 erecto
2951 809 3160 872 spectet
3183 800 3428 857 caelestia
3458 802 3644 870 vultu,

2377 903 2500 958 Non
2512 902 2721 973 recipit,
2737 911 2896 972 neget
2910 911 2966 956 ut
2978 903 3214 972 regimen
3236 901 3441 972 pollere
3454 917 3784 974 supremum.

2206 1005 2312 1062 215
2382 1001 2715 1076 4231811ιά
2747 1011 2801 1060 et
2825 1003 2939 1072 ipse
2983 1002 3169 1060 Numae
3214 1003 3408 1059 tacitus
3461 1002 3564 1059 sibi
3611 1005 3782 1062 sensit

3393 1113 3683 1188 [haruspex
3706 1156 3720 1182 ,

2379 1226 2610 1284 Semifer
2638 1235 2694 1282 et
2717 1225 2904 1282 Cottas
2929 1225 3094 1281 sentit
3121 1238 3256 1280 cane
3284 1223 3456 1282 milite
3483 1226 3657 1296 pejor.

1828 1322 2110 1380 (ΠιΟὸεῶ
2149 1320 2491 1380 VETERES.

592 1415 718 1472 202.
756 1416 942 1484 Torta,
974 1417 1222 1472 Tortuosa
1261 1418 1734 1472 circumlocutione.
1759 1447 1828 1457 -—
1853 1416 2059 1471 Nervas
2083 1461 2097 1483 ,

523 1487 692 1555 ludos,
716 1488 1061 1559 inenodabiles
1090 1487 1368 1556 dictiones,
1409 1487 1752 1559 syllogismos,
1797 1488 1836 1543 l.
1872 1517 1941 1528 —-
1964 1489 2101 1544 Ver-

522 1559 709 1626 tigine,
739 1561 984 1623 versione,
1016 1558 1136 1612 Vat.
1165 1558 1229 1613 A.
1611 1588 1613 1590 -

591 1627 716 1683 205.
765 1630 1154 1700 Labyrinthus,
1185 1631 1463 1699 ﬂexuosus.
1490 1629 1645 1688 Idem
1681 1639 1840 1683 pacat
1871 1629 2100 1683 laborin-

521 1699 684 1765 lhum,
716 1702 850 1769 quod
880 1699 927 1755 et
964 1717 1226 1755 errorem:
1255 1700 1573 1756 laborinthus
1622 1710 1728 1753 erat
1759 1701 1939 1753 domus
1975 1701 2097 1754 sub-

521 1780 772 1842 terranea,
801 1783 999 1825 centum
1018 1771 1204 1824 habens
1232 1773 1385 1839 ostia,
1419 1787 1572 1842 quam
1602 1771 1844 1825 Dwdalus
1884 1771 2003 1841 fecit
2034 1770 2102 1824 ad

519 1839 892 1914 Minotaurum,
924 1858 1074 1914 quam
1097 1842 1141 1894 si
1162 1845 1275 1911 quis
1302 1839 1455 1898 semel
1490 1842 1836 1914 ingrederetur
1856 1839 2103 1914 {proer

518 1911 899 1985 multitudinem
937 1913 1188 1985 ostiorum
1229 1929 1328 1985 non
1369 1911 1562 1985 poterat
1603 1911 2103 1978 reverteresdicitur

517 1990 684 2035 autem
705 1982 1041 2047 laborinthus,
1073 1984 1194 2048 quia
1220 1982 1556 2039 labor’intus.
1590 1985 1631 2038 l.

587 2053 713 2106 204.
756 2053 911 2120 Agat,
941 2063 1116 2118 vexet;
1147 2053 1319 2116 ducat,
1347 2059 1383 2108 Ι.

585 2123 710 2176 205.
746 2121 1045 2187 Gallinam,
1089 2121 1397 2193 xEsculapio
1427 2124 1620 2194 gallina
1666 2126 1987 2194 immolatur,
2014 2125 2102 2191 qui

519 2193 668 2248 clinis
697 2201 896 2260 pra‘est.
927 2221 997 2232 —
1019 2193 1275 2260 Clinicus,
1301 2193 1497 2248 curvus.
1535 2197 1700 2249 Cum;
1731 2194 1907 2250 Graece
1943 2193 2102 2247 lectus

518 2263 741 2335 dicitur:
767 2263 884 2335 inde
905 2263 1114 2335 clinicus
1137 2267 1401 2333 pr0prium
1431 2281 1612 2319 nomen
1637 2265 1740 2329 dei,
1779 2267 1865 2335 qui
1887 2273 2102 2335 pra'erat

519 2333 927 2457 gecumfen‘tibuls
952 2335 1004 2385 in
1036 2334 1254 2399 lectum;
1277 2336 1351 2388 vel
1379 2336 1486 2404 ipse
1518 2333 1834 2403 in/irmtts,‘a
1865 2333 2102 2396 cumben-

557 2419 586 2455 ο
618 2420 671 2456 in
722 2418 776 2456 ec
802 2419 830 2454 ο
850 2443 862 2457 .
917 2441 929 2456 .
1213 2441 1226 2452 .

557 2419 586 2455 o
618 2404 671 2456 in
701 2404 830 2456 lecto
850 2443 862 2465 ,
888 2404 929 2457 l.
1213 2441 1226 2452 .

745 2473 998 2546 @quum,
1025 2472 1303 2546 placatum,
1330 2474 1432 2528 lso.
1469 2474 1783 2546 Propitium,
1810 2477 1928 2530 Vat.
1959 2478 2024 2530 Α.

586 2544 712 2598 208.
747 2543 1012 2612 Fragosis,
1049 2545 1358 2612 di/ﬁcilibus,
1391 2546 1429 2601 l.
1581 2543 1588 2546 ⁷
2064 2595 2068 2600 ,

515 2614 711 2740 “30:.
735 2613 935 2682 Modis,
975 2614 1324 2686 syllogismis,
1357 2615 1408 2670 'l.
1442 2646 1512 2660 —-
1559 2617 1615 2671 In
1658 2633 1855 2685 unum,
1892 2616 2094 2684 Deum,

562 2695 636 2743 οι.
655 2695 720 2740 Δ.

577 2755 708 2828 211.
738 2754 884 2828 suos
905 2795 921 2821 ,
941 2756 1204 2827 proprios.
1243 2786 1315 2802 --
1367 2758 1506 2828 Vaga
1545 2760 1759 2826 sidera,
1791 2769 1982 2828 septem
2013 2776 2095 2813 er-

511 2827 687 2879 rantia
729 2827 920 2900 sidera,
950 2827 1071 2880 dicit
1117 2837 1306 2898 septem
1337 2827 1590 2898 planetas,
1616 2847 1730 2900 qua:
1759 2831 2098 2900 interpretan-

513 2905 595 2950 tur
619 2898 898 2978 .erratipte:
925 2913 1029 2951 non
1039 2903 1191 3020 (quod
1212 2900 1338 2966 ipsa:
1359 2910 1549 2982 errent,
1577 2898 1666 2954 sed
1694 2903 1832 2983 quod
1863 2898 2094 2982 homines

513 2982 682 3020 errare
703 2967 920 3020 faciunt.
953 2966 1036 3020 Un
1079 2987 1104 3020 e
1128 2969 1415 3020 ulanolicue
1445 2972 1685 3020 dicuntur
1710 2973 1918 3020 melius-
1943 2973 1996 3020 id
2015 2980 2094 3020 est

371 2997 382 3000 -
423 3036 426 3040 ι
510 2982 682 3022 errare
701 2967 920 3038 faciunt.
953 2966 1104 3022 Unde
1126 2969 1415 3038 planoﬁcite
1445 2972 1685 3024 dicuntur
1707 2966 1918 3036 melius,
1943 2973 1996 3024 id
2015 2980 2100 3024 est

2208 1414 2702 1486 erroremifacientes
2721 1456 2747 1486 ,Α
2765 1411 2804 1465 1.
2981 1481 2992 1486 Α
3183 1480 3192 1486 _
3351 1475 3393 1486 u
3437 1483 3445 1486 _
3609 1475 3620 1486 ι

2200 1547 2202 1549 1
2276 1485 2404 1542 212.
2440 1475 2554 1540 Non
2574 1475 2798 1550 .recipit,
2844 1498 2948 1535 non
2975 1477 3232 1550 intelligit.
3256 1505 3325 1518 -
3351 1475 3572 1550 Natura,
3595 1475 3779 1550 idest,

2206 1555 2559 1610 tantummodo
2587 1547 2882 1624 quadrupes
2925 1552 3073 1624 homo
3099 1547 3310 1624 dicitur,
3339 1548 3427 1624 qui
3457 1547 3784 1624 irrationabi-

2203 1627 2322 1680 liter
2350 1642 2491 1679 more
2511 1617 2812 1678 animalium
2837 1622 2975 1686 vicit,
2997 1629 3044 1675 et
3074 1620 3272 1674 deditus
3302 1618 3370 1671 ad
3390 1618 3580 1672 uentris
3614 1617 3781 1684 inglu-

2205 1699 2336 1752 viem
2381 1697 2510 1749 nihil
2550 1696 2614 1749 de
2654 1694 2937 1749 cmlestibus
2965 1699 3113 1764 curat
3135 1707 3155 1745 :
3189 1705 3308 1743 nant
3345 1689 3517 1741 omnia
3549 1687 3784 1764 mortalia

2209 1767 2458 1822 animalia
2488 1776 2672 1838 praeter
2697 1765 2952 1838 hominem
2980 1763 3033 1816 in
3061 1771 3248 1815 terrain
3275 1775 3436 1828 prona
3458 1757 3783 1838 sunt..lt'n_de

2209 1849 2256 1893 et
2275 1828 2754 1909 quidam'veridicus
2779 1834 3106 1909 :_Pro_na_que_
3120 1847 3238 1909 cum
3271 1838 3518 1909 spectent
3536 1828 3782 1909 animalia

2208 1899 2404 1964 cratera
2439 1917 2672 1962 terram:
2703 1908 2775 1959 Us
2800 1904 2998 1960 homini
3019 1899 3255 1957 sublime
3279 1899 3450 1963 dedit,
3471 1901 3784 1968 caelumque

2207 1982 2346 2035 tueri
2378 1977 2568 2044 Jussit,
2601 1989 2653 2032 et
2679 1986 2888 2050 erectos
2916 1974 2982 2028 ad
3012 1974 3188 2050 sidera
3241 1970 3443 2050 tollere
3478 1969 3680 2025 vultus.
3714 1997 3783 2050 -ς-

2207 2051 2389 2117 Modo,
2421 2041 2762 2112 solummodo,
2787 2046 3160 2100 tantummodo.
3192 2073 3262 2084 —
3293 2041 3642 2111 Quadrupes,
3671 2041 3786 2094 ani-

2211 2123 2387 2176 malis.
2438 2151 2507 2160 —-
2531 2120 2644 2184 llle,
2674 2119 2826 2172 homo
2841 2159 2854 2180 ,
2875 2117 2914 2170 Ι.
3455 2124 3488 2160 .·

2279 2191 2408 2246 illi.
2439 2191 2667 2254 Pollere,
2692 2188 2877 2253 valere,
2898 2187 2937 2240 1.

2277 2264 2402 2317 215.
2439 2250 3131 2324 ΝυηιεεζΝωηαΉοηῑαηίδ
3153 2272 3302 2310 sacra
3329 2251 3571 2309 instituit.
3608 2250 3782 2306 Numa

2206 2343 2387 2405 genere
2415 2333 2636 2405 Sabinus
2656 2371 2670 2392 ,
2700 2345 2849 2401 quem
2896 2337 3008 2405 post
3050 2337 3260 2405 mortem
3294 2325 3517 2405 _Romu_li
3559 2324 3784 2405 populus

2209 2394 2472 2458 Romanus
2504 2394 2856 2469 imperatorem
2887 2398 3043 2468 fecit:
3070 2399 3186 2465 qui,
3221 2398 3390 2469 volens
3434 2394 3691 2448 Romanas
3725 2394 3784 2469 ab

2192 2490 2469 2530 cinnorum
2491 2466 2663 2526 amore
2698 2466 2964 2536 revocare,
2993 2470 3245 2522 culturam
3270 2468 3482 2520 deorum
3510 2466 3781 2536 per_magi-

2205 2563 2316 2599 cam
2355 2545 2542 2598 invenit
2583 2552 2775 2604 artem,
2805 2533 3008 2601 dicens,
3036 2555 3090 2591 se
3118 2539 3258 2591 omni
3287 2545 3432 2591 nocte
3471 2537 3534 2588 ab
3566 2533 3785 2602 JEgeria

2209 2616 2438 2686 nympha
2462 2615 2657 2668 doceri.
2682 2611 2976 2686 Postilutjus
2993 2608 3487 2686 -ηιᾳρσρεπιιιίοηξαηῇἸ
3499 2607 3610 2686 ejus
3632 2607 3784 2658 libros

2210 2678 2433 2754 niagicos
2461 2686 2764 2755 reperientes
2786 2678 2927 2755 ,igni
2959 2681 3301 2755 tradiderunt.
3337 2678 3443 2734 Sed
3471 2679 3590 2730 licet
3618 2693 3673 2730 se
3701 2693 3782 2729 er-

2212 2751 2352 2811 rasse
2397 2751 2620 2810 uiderent
2645 2796 2658 2818 ,
2690 2757 2743 2807 in
2784 2754 2994 2807 deorum
3018 2751 3238 2805 cultura
3281 2757 3687 2821 permanserunt.
3719 2777 3785 2787 —

2213 2829 2514 2895 Haruspex,
2545 2824 2804 2890 sacerdos,
2838 2824 2880 2878 Ι.

2280 2887 2408 2952 216ξ
2439 2887 2810 2961 Οόιιυε,ιυηάέ
2848 2893 3003 2966 Alpes
3047 2890 3255 2960 Couiw,
3284 2892 3341 2960 Ι,
3384 2891 3515 2946 Mar.
3544 2919 3620 2932 —
3643 2887 3784 2944 Cane

2211 2969 2403 3036 milite,
2419 2966 2680 3033 .iitolosso,
2701 2966 2757 3021 -I.

1985 3063 2432 3119 lMENTARlUS.

1865 3065 2089 3120 COMME

567 3154 708 3212 202.
737 3155 964 3222 Widm.,
993 3157 1300 3227 Aristotelis,
1327 3159 1464 3214 male
1493 3174 1590 3227 pro
1616 3159 1928 3212 Aristoteles.
1959 3159 2089 3213 Teo-

2201 3064 2634 3212 Algtluslionon.
2656 3143 2930 3222 -etlEgm.,
2956 3152 3242 3227 turpidulos
3286 3164 3392 3227 pro
3409 3150 3721 3204 turbidulos.
3743 3149 3782 3202 Α

508 3226 613 3284 lius
644 3229 996 3300 in_carmine,
1025 3240 1078 3283 et
1115 3231 1165 3283 in
1190 3226 1318 3283 nota
1350 3226 1510 3283 habet
1555 3240 1660 3282 tota
1703 3231 1950 3300 vertigine
1995 3245 2094 3298 pro

507 3301 664 3369 torta.
687 3296 1016 3353 Crediderim
1063 3314 1183 3353 esse
1225 3300 1476 3354 tuendum
1511 3296 1856 3369 typograplii':
1889 3296 2092 3354 nullum

511 3367 655 3424 enim
690 3384 788 3423 uis.
815 3370 1000 3438 allegat
1032 3384 1128 3437 pro
1158 3385 1219 3424 ea
1252 3371 1498 3424 lectione.
1534 3367 1701 3424 Recte
1739 3367 1892 3434 poeta
1920 3381 2091 3424 artem

512 3439 724 3493 texendi
747 3454 941 3494 nervos
968 3441 1242 3494 Ariswteli
1288 3441 1576 3506 adjudicat,
1614 3441 1875 3509 siquidem
1904 3439 2094 3496 Cicero

508 3519 565 3566 et
594 3511 682 3564 alii
725 3511 1064 3564 Aristotelem
1097 3527 1361 3564 nervosum
1385 3513 1437 3564 in
1470 3513 1709 3576 dicendo,
1739 3522 1790 3566 et
1823 3514 2090 3565 netniueui

507 3581 846 3635 nervosiorem
872 3596 936 3635 eo
981 3581 1187 3634 dicunt.
1228 3582 1473 3636 Celebris
1519 3594 1602 3636 est
1631 3583 1748 3648 ejus
1789 3582 2090 3636 dialectica.

506 3651 641 3719 Quid
666 3652 732 3704 sit
763 3661 892 3704 torta
923 3653 1134 3720 vertigo,
1163 3652 1250 3705 alii
1278 3656 1480 3705 soritem
1510 3653 1803 3719 explicant,
1832 3655 1919 3706 alii
1948 3670 2094 3722 pseu-

505 3725 781 3786 domenon,
805 3738 910 3789 quo
932 3722 1263 3777 disserentes
1294 3724 1653 3791 implicantur.
1689 3724 1800 3791 Ego
1830 3741 1957 3778 vero
1987 3725 2089 3777 mi-

505 3793 650 3847 nime
678 3795 1000 3857 itnplicarer.
1037 3791 1147 3863 Ego
1173 3796 1409 3857 mentior,
1440 3795 1582 3847 dicat
1605 3794 1820 3860 aliquis,
1859 3809 2086 3861 verane,

504 3876 572 3917 an
605 3865 734 3916 falsa
774 3872 856 3916 est
883 3863 996 3916 haec
1026 3864 1361 3933 pr0positio?
1392 3864 1536 3932 Nego
1579 3879 1898 3932 quemquam
1948 3866 2094 3920 serio

504 3943 559 3987 et
587 3949 649 3988 ex
683 3933 844 3986 animi
872 3937 1133 3988 sententia
1172 3935 1314 3989 hanc
1342 3935 1761 4004 propositionem
1807 3949 1962 4002 posse
2003 3935 2089 3989 dio

503 4019 658 4076 cere:
685 4019 821 4072 nego
849 4004 916 4058 ab
944 4005 1123 4074 aliquo
1160 4019 1316 4071 posse
1354 4008 1642 4076 quidquam
1667 4005 1892 4076 intelligi
1915 4045 1930 4070 ,
1958 4006 2001 4059 si
2017 4021 2090 4060 ea

501 4074 571 4146 ab
593 4076 698 4130 alio
717 4075 1036 4143 proferatur.
1060 4077 1353 4146 ltilelligam
1372 4074 1611 4146 quidem,
1633 4075 1678 4129 si
1697 4075 1816 4145 quis
1833 4077 1904 4129 ita
1924 4076 2089 4142 dicat,

501 4144 614 4218 Ego
639 4147 877 4218 mentitus
899 4147 997 4215 fui,
1018 4162 1108 4216 ego
1135 4144 1350 4218 mentiar
1367 4144 1467 4202 fat
1487 4149 1672 4202 nescio
1713 4144 1930 4215 prorsus
1960 4148 2088 4218 quid

500 4217 601 4271 sibi
633 4218 788 4283 velit,
824 4216 934 4286 Ego
982 4218 1216 4271 mentior.
1264 4217 1449 4272 Simile
1495 4219 1745 4287 quiddam
1778 4229 1896 4287 est,
1945 4216 2088 4287 quod

500 4288 743 4340 nOnnulli
780 4290 967 4342 volunt
997 4289 1398 4342 fundamentum
1439 4290 1642 4343 sciendi
1673 4291 1724 4343 in
1751 4304 1812 4341 ea
1846 4292 2090 4357 proposi-

501 4357 647 4430 tione
677 4359 772 4412 niti
804 4359 1023 4422 debere,
1059 4358 1168 4428 Ego
1200 4361 1387 4430 cogito,
1413 4372 1469 4414 ut
1493 4361 1716 4415 inferam
1743 4360 1881 4430 Ergo
1903 4364 2085 4414 exislo.

498 4426 626 4494 Quae
658 4430 703 4483 si
737 4430 804 4481 ita
836 4439 979 4492 sunt,
1028 4426 1184 4497 plane
1224 4426 1400 4484 fateor
1449 4447 1534 4486 tne
1583 4433 1718 4485 nihil
1750 4426 1928 4485 scire:
1961 4448 2086 4485 nam

497 4500 676 4596 vperbis
720 4500 977 4596 inaniter,
1005 4510 1059 4553 et
1081 4503 1221 4552 nulla
1254 4501 1492 4581 subj-ecta
1529 4501 1792 4556 sententia
1817 4540 1834 4566 ,
1875 4502 2082 4596 dicioni,
2113 4535 2170 4596 Β

499 4565 611 4637 Ego
634 4569 821 4638 cogito,
853 4568 986 4646 hanc
1015 4583 1138 4647 vero
1167 4565 1544 4637 cogitationem
1573 4565 1843 4640 nunquam
1885 4565 2082 4640 habui,

497 4651 676 4706 neque
707 4650 916 4703 assequi
945 4647 1116 4706 potui.

567 4707 694 4762 205.
725 4706 938 4761 Notavit
959 4706 1230 4761 Giselinus
1283 4709 1580 4777 sapientem
1604 4712 1755 4764 illum
1775 4710 2080 4778 Socratem,

497 4792 617 4850 cum
650 4793 714 4831 ex
747 4792 948 4850 veneno
992 4779 1180 4832 hausto
1220 4779 1330 4850 εἰ)ιο
1379 4795 1515 4850 pene
1569 4795 1793 4848 corpore
1825 4780 2080 4850 fr-geret,

495 4849 737 4926 dixisse:
774 4846 1102 4926 IEsculapio,
1135 4866 1163 4902 ο
1205 4846 1598 4926 ϐνὶιοίθαιιιιπι
1634 4846 2079 4926 ᾴὶὸετηιιδίίιυοά

494 4922 566 4973 ita
592 4934 654 4973 ex
687 4921 785 4972 hac
813 4918 915 4973 vita
952 4918 1419 4990 rnigraret,'quasi
1443 4939 1470 4976 a
1512 4924 1702 4977 morbo
1727 4918 2077 4978 convalesce-

492 5001 597 5045 ret.
639 4989 869 5062 Clinicus
899 4990 1031 5045 deus
1058 5003 1139 5043 eSt
1172 4989 1509 5062 Esculapius
1537 5012 1549 5046 :
1593 5012 1712 5048 nam
1761 4994 1952 5048 medici
1982 4997 2079 5048 cli-

491 5062 598 5116 nici
628 5061 875 5134 dicuntur
913 5062 1051 5131 apud
1081 5061 1410 5128 Martialem,
1464 5074 1517 5119 et
1545 5066 1711 5123 alios.
1747 5066 1888 5134 quod
1935 5065 2078 5120 lecto

489 5132 859 5201 egrotantiqu
884 5134 1122 5186 a~sidere
1151 5135 1346 5203 solent,
1367 5135 1446 5187 vel
1476 5136 1613 5188 lecto
1628 5132 1804 5188 aflixis
1830 5137 1903 5203 (hi
1930 5143 2074 5190 enim

491 5205 707 5275 proprie
728 5213 851 5275 sunt
875 5204 1054 5257 clinici
1081 5219 1108 5255 a
1134 5201 1322 5275 Graeco
1354 5207 1615 5259 vocabulo
1653 5201 1880 5275 κλινικὸξ)
1913 5222 2067 5275 opein

491 5271 706 5338 lerunt;
737 5274 861 5328 hinc
891 5275 1151 5329 medicina
1182 5274 1380 5340 clinice,
1413 5284 1469 5328 et
1494 5277 1634 5341 apud
1680 5271 2074 5332 ecclesiasticos

488 5356 732 5401 unetores
761 5346 952 5411 clinici,
976 5346 1063 5415 qui
1088 5348 1138 5397 in
1166 5345 1306 5400 lecto
1328 5341 1398 5401 tib
1419 5347 1666 5400 morbum
1691 5349 1948 5402 cubantes
1980 5349 2072 5402 ha-

489 5416 914 5490 ptismatis_aqua
941 5417 1316 5490 abluebantur,
1346 5419 1487 5488 quod
1513 5417 1687 5482 inulti,
1713 5420 1948 5490 quandiu
1976 5433 2072 5488 po-

487 5492 678 5558 terant
693 5485 1027 5558 differebant,
1047 5503 1189 5558 saepe
1211 5489 1276 5540 ad
1301 5485 1473 5556 ipsum
1500 5491 1689 5543 mortis
1707 5485 2067 5558 momentum,

489 5556 580 5627 qui
611 5556 784 5627 iurea
807 5554 908 5627 SS.
938 5554 1191 5613 'Patribus
1216 5554 1775 5627 reprehendebautur.

550 5625 684 5682 201.
712 5624 833 5680 Vat.
873 5626 912 5679 Β
935 5630 1144 5696 ,‘Mar.,
1180 5624 1332 5699 Prag.
1356 5671 1370 5695 ,
1411 5630 1567 5698 Rau,
1602 5631 1714 5684 Gis.
1750 5633 1816 5686 ad
1861 5647 2066 5699 marg.,

486 5695 706 5773 Ψεὶιδρ,
727 5705 1022 5751 convertunt
1040 5695 1148 5773 pro
1164 5695 1307 5773 cuni
1321 5695 1860 5773 ventumrbistinguit
1893 5695 2065 5755 Weit-l

489 5769 601 5842 sius
629 5777 921 5842 convertunt
948 5769 1229 5842 turbidulos
1253 5787 1463 5838 sensus;
1483 5773 1627 5842 quod
1651 5769 1923 5834 non'male
1947 5787 2070 5842 pro-

489 5829 836 5906 cedit.'Prag.
857 5876 874 5903 ,
903 5839 1069 5902 arcis;
1104 5840 1156 5893 in
1187 5855 1380 5911 marg.,
1412 5829 1557 5897 artis.

2203 3229 2366 3296 turpis
2395 3225 2732 3286 formandum
2781 3220 2926 3280 esset
2950 3220 3229 3295 turpiculos
3271 3220 3462 3276 melius
3491 3235 3650 3289 quam
3679 3230 3782 3273 tur-

2189 3299 2434 3368 .pidulos.

2272 3369 2397 3422 209.
2425 3367 2546 3423 Vat.
2580 3368 2644 3433 Α,
2669 3368 2840 3421 minus
2865 3365 3001 3420 bene
3027 3408 3041 3430 ,
3072 3363 3393 3417 concludent.

2271 3441 2399 3496 2H.
2435 3439 2670 3492 Planetae
2693 3447 2816 3492 sunt
2844 3450 2972 3504 vaga
3018 3433 3216 3497 sidera,
3250 3434 3369 3487 ideo
3393 3433 3644 3500 planetae,
3670 3433 3776 3504 sire

2201 3512 2371 3565 stellae
2420 3517 2664 3564 errantes
2688 3501 2980 3562 vocantur:
3009 3507 3127 3574 quia
3179 3505 3384 3557 scilicet
3427 3517 3538 3574 non
3565 3501 3780 3570 perinde

2204 3582 2329 3634 iixm
2358 3592 2479 3634 sunt
2511 3595 2572 3633 ac
2601 3590 2810 3633 caetera:
2841 3577 3032 3634 Stellae.
3057 3575 3299 3629 Glossam
3323 3574 3482 3627 aliter
3511 3573 3782 3628 disseren-

2203 3663 2309 3706 tem
2335 3652 2487 3705 nauci
2520 3651 2739 3714 habeas,
2767 3649 2840 3702 uti
2872 3664 2992 3701 cum
3023 3661 3183 3714 supra
3221 3660 3359 3700 vers.
3395 3644 3522 3708 203,
3555 3646 3778 3713 labyrin-

2200 3722 2316 3775 thus
2346 3739 2373 3775 a
2402 3723 2544 3775 labor
2591 3723 2729 3773 intus
2763 3719 3090 3780 deducebat,
3123 3732 3240 3784 qum
3281 3727 3361 3769 est
3390 3716 3573 3784 inepta
3613 3714 3776 3769 libido

2201 3791 2541 3859 contingendi
2588 3790 2970 3859 etymologias,
3024 3788 3090 3840 ab
3132 3787 3384 3856 antiquis,
3415 3788 3576 3859 etiam
3609 3785 3778 3840 doctis

2169 3849 2524 3916 ‘ltomini'bus.
2557 3849 2876 3916 utVarroue
2915 3849 3138 3927 aliisque
3168 3849 3378 3912 usit-ala.
3413 3855 3543 3911 Vide
3573 3872 3696 3924 qua:
3729 3859 3779 3910 in

2201 3933 2341 3988 hanc
2363 3950 2474 3988 rem
2498 3933 2732 4002 diSputat
2763 3932 3078 3995 Becmauus,
3105 3930 3170 3984 de
3199 3931 3342 3998 Orig.
3374 3929 3500 4002 ling.
3536 3927 3694 4002 han,
3716 3928 3780 3981 de

2201 4006 2415 4072 propria
2444 3999 2833 4070 signiﬁcatione
2863 4015 3051 4055 vocum
3084 4011 3267 4053 contra
3297 4015 3389 4052 eos
3407 4000 3493 4072 qui
3513 3999 3780 4072 diabolum

2199 4071 2230 4128 a
2273 4071 2472 4129 duobus
2521 4074 2685 4139 bolis,
2729 4075 2976 4139 locustam
3027 4073 3147 4135 quia
3189 4072 3341 4140 longa
3383 4071 3595 4138 pedibus
3647 4071 3781 4123 sicut

2198 4145 2347 4200 hasta
2379 4145 2542 4217 (quod
2565 4145 2705 4211 apud
2748 4141 3292 4217 Isidorunrlcgitur),
3335 4143 3588 4217 colossum
3627 4140 3779 4217 quasi

2198 4217 2368 4270 colens
2386 4210 2527 4279 'ossa,
2554 4210 2612 4268 et
2633 4217 2908 4268 innumera
2937 4213 3090 4278 hujus
3113 4212 3324 4280 generis
3345 4211 3613 4265 ell'ntiuut.
3645 4210 3776 4264 Nam

2198 4286 2408 4342 Zactiaei
2442 4286 2598 4340 Fabri
2632 4284 2983 4340 intolerabilis
3012 4283 3109 4337 fuit
3139 4283 3493 4350 impudentia,
3536 4283 3626 4348 qui
3655 4296 3776 4335 cum

2198 4373 2230 4408 a
2258 4358 2309 4411 in
2341 4375 2550 4411 examen
2577 4357 2946 4422 corripuisset,
2971 4355 3295 4409 contendere
3321 4369 3481 4406 ausus
3527 4362 3613 4406 est
3649 4367 3776 4406 esa-

2196 4443 2318 4482 men
2356 4429 2459 4482 dici
2488 4429 2556 4482 ab
2581 4425 2655 4492 ἐξ,
2689 4437 2742 4480 et
2772 4429 2932 4497 ἀμήν,
2969 4434 3025 4479 ut
3062 4425 3366 4493 colligeret,
3401 4441 3432 4476 a
3463 4423 3514 4497 in
3553 4439 3774 4497 examen

2196 4513 2354 4566 pOSSe
2386 4499 2603 4567 corripi.
2630 4494 3068 4565 Opera'quoedain
3110 4500 3389 4567 postliutna
3427 4494 3773 4567 celeberrimi

2198 4565 2294 4621 viri
2327 4565 2546 4622 Thomte
2577 4570 2807 4621 Serrano
2853 4582 2971 4621 cum
3004 4568 3119 4630 ejus
3160 4567 3288 4631 vita,
3318 4565 3581 4634 elegantia
3611 4573 3665 4618 et
3691 4569 3772 4629 ju-

2195 4639 2333 4692 dicio
2372 4639 2622 4707 singulari
2652 4656 2678 4690 a
2706 4640 2776 4692 cl.
2825 4637 3077 4692 Michaelc
3125 4636 3308 4691 Cari-ia
3339 4641 3572 4703 scripta,
3607 4650 3773 4707 nuper

2195 4706 2510 4776 prodierunt
2535 4710 2587 4764 in
2639 4710 2841 4772 lucem,
2889 4710 2975 4762 ubi
3021 4717 3235 4761 acutum
3265 4708 3596 4776 epigramma
3628 4706 3682 4760 in
3712 4719 3771 4760 re

2194 4779 2357 4834 simili
2382 4789 2564 4834 contra
2598 4779 2838 4833 Ferriuin
2865 4794 3117 4833 excusant
3147 4787 3246 4833 est.

2264 4849 2391 4904 212.
2423 4851 2477 4904 1η
2512 4850 2632 4904 Rat.
2671 4853 2880 4916 ineptus
2910 4859 3206 4918 correptor,
3248 4847 3510 4916 prioribus
3533 4849 3771 4909 alirasis,

2177 4923 2501 4990 'subrogavit
2526 4939 2540 4977 ζ
2564 4922 2854 4991 quadrupes
2884 4921 3031 4973 modo
3068 4917 3170 4973 non
3194 4921 3256 4972 sit
3295 4918 3383 4972 illc
3409 4920 3518 4991 sed.
3561 4917 3772 4972 Putavit

2193 4991 2305 5062 lieri
2339 4989 2442 5047 non
2465 4989 2617 5059 posse
2648 5009 2675 5044 ε
2695 4994 2741 5042 in
2766 4989 3053 5062 quadrupes
3086 4991 3281 5044 breve:
3309 4989 3458 5062 modo
3479 4991 3771 5062 quadrupes

2187 5059 2276 5114 ille
2301 5062 2420 5115 Non
2453 5064 2538 5129 sit,
2572 5075 2636 5114 et.
2665 5059 2794 5114 Vide
2818 5059 3038 5131 prolallt
3063 5063 3299 5116 editimte
3325 5060 3603 5115 Parmensi
3625 5063 3767 5131 clau-

2189 5133 2336 5197 dicat
2367 5135 2452 5186 hic
2483 5148 2670 5186 versus
2696 5149 2708 5184 :
2739 5130 2830 5186 ita,
2852 5134 2992 5187 enim
3020 5133 3354 5186 concluditur
3379 5172 3394 5197 ,
3435 5131 3558 5186 Non
3588 5130 3767 5199 recipit

2185 5216 2376 5255 natura
2422 5204 2660 5263 hominis.
2703 5204 2853 5256 modo
2882 5205 3193 5272 quadrupes.
3227 5204 3655 5258 l’rtetermissum
3683 5208 3770 5258 est

2181 5274 2270 5343 ille
2300 5276 2611 5343 typographi
2641 5276 2983 5342 negligentia.

2252 5342 2376 5417 2M.
2406 5342 2582 5413 [δι-εκ..
2614 5361 2829 5417 regnum
2853 5359 2948 5417 pro
2979 5345 3220 5417 regimen.

2251 5415 2376 5470 215.
2429 5417 2592 5470 Error
2640 5413 2724 5468 est
2765 5413 2980 5487 ianat.
3033 5413 3114 5484 Ἀ,
3149 5416 3318 5484 studet
3363 5416 3497 5487 ipse.
3550 5414 3662 5471 Gis.
3695 5413 3768 5472 ad

2180 5501 2329 5540 oram
2355 5527 2368 5550 ,
2393 5487 2619 5552 suspexit
2651 5501 2745 5555 pro
2774 5486 2873 5539 sibi
2899 5487 3070 5541 sensit.

2251 5556 2376 5610 216.
2401 5555 2527 5609 'Vat.
2569 5557 2627 5624 Β,
2653 5554 2818 5611 Ἒίίηκ
2851 5574 2878 5609 a
2912 5557 3078 5625 prima
3119 5573 3306 5624 manu,
3357 5556 3502 5616 Rat.,
3535 5554 3765 5623 Weite.,

2179 5626 2404 5698 Widm.,
2439 5627 2605 5698 Bong.
2647 5641 2803 5697 supra
2844 5627 3050 5693 Cottas,
3090 5645 3196 5698 quo
3242 5627 3459 5697 respicit
3506 5627 3766 5684 mendum

2178 5698 2338 5767 Prag.
2367 5697 2662 5752 Coitus.lso
2693 5698 2831 5752 idem
2862 5710 2946 5753 est
2976 5697 3255 5769 amplexus
3283 5714 3402 5753 cum
3428 5699 3602 5767 glossa
3625 5698 3768 5752 unde

2179 5770 2330 5840 Alpes
2359 5769 2553 5823 Cottite.
2595 5769 2917 5894 quarehmc
2955 5769 3120 5826 lectio
3165 5785 3272 5825 non
3326 5769 3512 5826 debuit
3543 5769 3768 5824 Heinsio

2179 5848 2461 5894 tantooere
2506 5837 2624 5894 diso
2648 5839 2812 5894 icere.
2855 5837 3095 5894 Meminit
3132 5840 3455 5894 Prudentius
3480 5840 3766 5894 Cottorum

2178 5837 2461 5910 tantopere
2506 5837 2812 5908 displicere.
2855 5837 3095 5897 Meminit
3132 5840 3455 5898 Prudentius
3480 5840 3766 5896 Cottorum
