4092 6344
528 449 634 508 9ιό

708 566 833 623 Haec
865 572 946 621 est
981 568 1161 618 nostra
1192 561 1355 630 salus,
1388 560 1513 614 hinc
1542 557 1799 623 vivimus,
1831 555 1956 610 hinc
1986 542 2102 609 ani-
2134 562 2187 620 Α

1782 654 2031 722 [mamur,

706 756 817 812 Hoc
839 753 1149 824 sequimur:
1181 764 1452 821 nunquam
1476 747 1723 803 detracto
1753 743 1971 799 nomine
1995 740 2103 795 nati

529 852 634 910 240
703 849 988 921 Appellare
1016 856 1220 907 patrem
1245 863 1260 902 :
1288 845 1455 916 patris
1485 850 1539 898 et
1569 841 1686 897 sine
1712 838 1929 894 nomine
1961 850 2103 890 nuu-

1858 934 2036 1005 [φησι

706 1040 896 1096 Natum
921 1050 1081 1095 nosse
1102 1036 1304 1100 Deum;
1329 1046 1623 1102 nunquam,
1658 1028 1757 1084 nisi
1785 1036 2026 1091 sanctus,
2056 1032 2105 1078 et

1878 1121 2037 1191 [unus

710 1226 940 1297 Spiritus
961 1222 1191 1289 intersit,
1204 1228 1523 1288 natumque,
1549 1214 1871 1283 Patremque
1888 1225 2102 1265 vocare.

704 1317 796 1373 Sic
818 1327 995 1372 tamen
1019 1316 1133 1369 luec
1152 1320 1401 1369 constare
1424 1308 1543 1375 tria,
1569 1316 1627 1363 ut
1647 1322 1715 1362 ne
1734 1319 1927 1375 separe
1946 1303 2107 1358 ductu

708 1408 841 1465 Tres
863 1408 1052 1463 faciam
1073 1404 1273 1460 :tribus
1295 1403 1378 1457 bis
1399 1402 1656 1457 subsistat
1682 1397 1776 1453 sed
1794 1397 1933 1451 Deus
1947 1410 2103 1449 unus.

530 1504 637 1562 245
706 1502 814 1559 Nec
842 1511 989 1572 pater
1018 1500 1133 1569 ipse
1154 1507 1329 1553 autem
1349 1496 1472 1565 ,qui
1497 1493 1663 1547 lilius:
1684 1498 1760 1556 ut,
1781 1489 1907 1559 quia
1923 1495 2109 1542 natum

706 1596 917 1652 Scimus
943 1594 1010 1648 ab
1038 1591 1243 1656 innato,
1273 1605 1397 1646 vere
1421 1596 1593 1659 pater,
1627 1593 1680 1640 et
1706 1593 1821 1639 sata
1843 1597 1971 1638 vere

707 1688 789 1744 Sit
819 1686 1035 1743 soboles
1060 1701 1077 1743 :
1100 1699 1200 1740 nec
1233 1684 1303 1738 sit
1334 1681 1546 1751 genitor
1573 1675 1674 1732 sibi
1707 1674 1849 1730 filius
1880 1674 2015 1742 ipse.

1584 438 1858 497 AUllELII
1900 404 2268 493 PttUDENTII
2311 433 2632 489 canum.

3691 426 3791 479 9H

2388 550 2553 622 426
2580 548 2843 617 Perquam
2872 542 3154 601 ridiculum
3184 550 3289 611 est,
3322 551 3377 599 et
3420 542 3598 609 futile,
3640 552 3791 599 natus

3443 637 3524 707 [ut
3550 650 3617 691 ex
3643 650 3722 701 se,

2396 737 2518 794 Sive
2540 744 2689 806 pater
2721 742 2875 789 natus
2903 730 3085 800 fuerit,
3115 728 3231 800 sive
3261 729 3376 799 ipse
3405 737 3652 798 repente,

2218 830 2323 886 250
2396 827 2659 883 Nascendi
2688 841 2825 881 nova
2856 823 3133 889 materies,
3158 837 3221 876 ac
3250 835 3310 877 se
3338 821 3483 877 Deus
3510 820 3654 875 ultro

2398 919 2661 986 Ediderit,
2698 927 2991 987 natumque
3014 914 3118 971 sibi
3147 928 3207 970 se
3238 912 3427 970 fecerit
3453 912 3653 984 ipsum.

2400 1016 2482 1071 Nil
2504 1015 2716 1080 falsum,
2734 1011 3071 1070 autmendax
3094 1010 3273 1065 divina
3290 1008 3548 1069 vocabula
3571 1008 3788 1077 fingunt.

2398 1110 2497 1178 Qui
2512 1118 2669 1179 pater
2691 1118 2793 1175 est,
2817 1106 3085 1179 gignendo
3106 1114 3257 1176 pater
3276 1123 3288 1157 :
3304 1113 3413 1159 tum
3443 1102 3586 1157 filius
3608 1117 3675 1158 ex
3698 1101 3793 1161 hoc

2396 1203 2583 1270 Filius,
2598 1214 2816 1258 auctore
2834 1212 2889 1258 ut
2905 1201 3117 1273 genitus
3132 1198 3272 1271 quod
3286 1198 3358 1254 sit
3377 1199 3446 1253 Pa
3455 1206 3536 1253 tre
3550 1212 3791 1253 summo:

2223 1297 2329 1354 ‘255
2404 1296 2658 1353 Summus
2688 1307 2741 1353 et
2769 1298 2881 1367 ipse
2920 1304 3098 1351 tamen
3128 1312 3143 1348 :
3173 1309 3274 1350 nec
3305 1292 3450 1349 enim
3480 1293 3679 1359 minor,
3708 1299 3793 1346 aut

2659 1460 2667 1469 .
3317 1386 3497 1457 [Patre
3525 1385 3726 1455 dispar.

2400 1484 2554 1541 Unde
2599 1484 2651 1539 in
2682 1491 2911 1554 utroque
2940 1481 3121 1553 aperis
3153 1482 3323 1535 forma
3356 1478 3666 1544 indiscreta,
3696 1476 3792 1532 nisi

3489 1573 3723 1645 [omnem

2403 1668 2523 1725 Vim
2548 1669 2844 1739 majestatis
2873 1668 3061 1738 patriae
3088 1678 3382 1736 generosus
3402 1664 3626 1720 haberet

1820 1762 2111 1824 GLOSSAZ
2154 1763 2494 1821 VETERES.

600 1898 725 1953 245.
757 1896 844 1954 Sic
871 1905 1066 1957 tamen,
1110 1891 1390 1963 sequimur.
1416 1915 1483 1963 -—_-
1507 1886 1630 1940 Tria
1673 1883 1904 1938 nomina.
1928 1908 1999 1963 :-
2021 1879 2116 1937 Seo
2146 1884 2195 1946 B
2222 1879 2413 1963 scilicet
2443 1878 2605 1963 s_i't,‘id
2626 1876 2921 1963 est.Fi'l_ius,
2951 1876 2991 1931 Ι.

533 1986 682 2041 pare,
705 1977 937 2039 separato
962 1983 983 2041 :_
1009 1954 1155 2036 separ
1178 1954 1388 2041 dicitur,
1419 1959 1546 2041 sicut
1578 1972 1807 2026 compar,
1836 1963 1882 2008 et
1906 1954 2105 2023 dispar.

534 2027 601 2084 ἶ·-
632 2027 824 2104 Ι)ὐειύ,
848 2027 1102 2102 auctione,
1134 2034 1209 2087 vel
1235 2031 1500 2104 ductio_ne,_
1525 2027 1567 2082 1.

602 2110 729 2165 ‘2“.
760 2095 913 2176 Tres,
946 2095 1273 2160 substantias.
1302 2131 1373 2176 -_—
1393 2100 1609 2168 Tribus,
1643 2098 1894 2176 personis,
1922 2095 1962 2149 l.

604 2182 730 2236 246.
760 2170 966 2243 lunato,
1004 2176 1183 2228 Patre.
1207 2203 1275 2212 ——
1307 2174 1455 2235 Sata,
1486 2180 1628 2234 nata,
1655 2170 1693 2223 l.

604 2251 732 2305 248.
785 2251 889 2303 Per
917 2236 1097 2316 quam,
1129 2247 1183 2297 in
1213 2252 1481 2311 quantum,
1519 2257 1671 2311 quant
1708 2240 1875 2316 valde.
1905 2268 1973 2279 ———
2007 2236 2111 2290 Fu—

539 2324 653 2388 tilc,
683 2321 851 2375 inane.
886 2310 954 2357 -—'-
976 2310 1163 2383 Natus,
1192 2310 1252 2369 ut
1289 2328 1357 2368 ex
1386 2324 1465 2378 se,
1502 2310 1650 2365 natus
1678 2310 1824 2380 quasi
1852 2318 1906 2362 ut
1941 2324 2005 2362 ea:
2038 2324 2112 2373 se,

2294 1950 2421 2006 2&9.
2454 1943 2640 2015 Natus,
2670 1948 2732 2002 ab
2754 1949 2879 2002 alio.
2908 1943 2983 1988 έ-
3006 1946 3147 2018 Ipse,
3179 1943 3371 2013 Filius,
3403 1946 3509 2003 lso.

2288 2022 2416 2077 250.
2451 2021 2617 2087 Nova,
2643 2020 2911 2083 mirabilis,
2936 2021 2979 2075 l.

2291 2095 2417 2147 251.
2455 2091 2712 2155 Editlerit,
2746 2092 2993 2161 genuerit,
3021 2090 3059 2144 1.

2288 2164 2416 2217 252.
2446 2162 2735 2226 Vocabula,
2762 2163 3007 2227 carmina,
3041 2162 3081 2215 Ι.

2293 2234 2419 2288 25G.
2452 2233 2763 2297 ludiscreta,
2797 2233 3036 2298 indivisa,
3070 2231 3112 2287 l.

2292 2306 2418 2360 257.
2460 2305 2601 2372 Vim,
2644 2306 2900 2359 virtutem.
2922 2334 2993 2345 —
3020 2303 3349 2371 Generosus,
3378 2302 3585 2371 nobilis,
3619 2301 3660 2356 Ι.

1883 2416 2442 2476 COMMENTARIUS.

611 2554 735 2608 ΞΗ.
791 2551 922 2607 Nota
984 2546 1422 2603 consuetudinem
1483 2543 1905 2614 antiquissimam
1965 2540 2117 2614 invo-

542 2625 697 2682 candi
718 2625 958 2691 'Patrem,
991 2619 1289 2691 Filium,_et
1303 2615 1573 2691 Spiritum
1605 2611 1846 2691 sanctum
1874 2613 1935 2691 in
1950 2611 2121 2691 doxo:

544 2699 679 2766 logia
727 2683 1029 2766 Trinitatis,
1076 2688 1258 2766 Gloria
1287 2683 1481 2766 _Pa_tri,_
1504 2696 1549 2742 et
1579 2685 1759 2766 __Filio,
1808 2695 1853 2766 et
1899 2683 2119 2766 Spiritui

543 2753 738 2821 sancto.
772 2764 868 2834 Egi
894 2763 961 2818 de
995 2753 1108 2834 hac
1144 2760 1423 2831 doxologia
1469 2759 1523 2813 in
1562 2758 1777 2813 dissert.
1810 2756 1877 2811 de
1922 2753 2118 2823 Hymn.

545 2839 767 2902 eccles.,
799 2832 945 2889 num.
978 2832 1085 2887 229
1108 2839 1164 2888 et
1192 2847 1343 2901 seqq.
1575 2901 1580 2902 γ
1685 2874 1715 2902 ,ί

610 2910 736 2962 245.
757 2897 903 2960 ’νὶἀθ
930 2897 1538 2974 ριέεΐενῑῇοηθῐὴῖιγεη.
1567 2901 1589 2954 l
1625 2916 1638 2951 :
1675 2897 1769 2974 E_st
1799 2898 1898 2950 tria
1922 2913 2123 2950 summa

546 2977 704 3033 Deus.
736 2978 792 3031 ln
818 2970 972 3045 Prag.
1004 2981 1059 3028 et
1088 2972 1217 3045 Mar.
1243 2988 1340 3042 pro
1370 2972 1581 3045 diversa
1624 2970 1909 3045 scriptura,
1940 2977 1993 3045 ut
2024 2983 2125 3021 non

545 3065 643 3117 pro
683 3058 739 3101 ut
766 3062 847 3101 ne.
880 3039 1065 3114 Prag.,
1103 3039 1365 3113 dictu'pro
1394 3041 1572 3108 ductu,
1598 3039 1741 3110 quod
1780 3048 1860 3095 est
1892 3039 2125 3093 retinen-

546 3121 694 3173 dum.

616 3191 741 3244 (244.
776 3187 960 3256 Prag.,
992 3186 1152 3252 male,
1197 3184 1363 3253 faciat
1396 3198 1492 3253 pro
1528 3186 1730 3256 faciam.
1768 3181 2127 3256 Hieronymus

547 3263 702 3331 epist.
765 3260 828 3313 57
862 3254 976 3331 {In
1022 3257 1181 3331 tribus
1230 3259 1456 3331 personis
1504 3254 1682 3331 Deitas
1731 3271 1833 3308 una
1877 3254 2123 3331 subsistit.

547 3324 799 3398 Quartam
829 3324 1239 3383 subsistentiam
1273 3328 1321 3380 in
1372 3327 1481 3381 Deo
1504 3330 1622 3396 jure
1662 3334 1859 3396 negant
1886 3324 2125 3398 plerique

554 3395 808 3471 theologi.
841 3401 896 3454 ln
928 3399 1113 3471 eadem
1136 3398 1401 3471 sententia
1427 3395 1513 3453 est
1534 3395 1929 3471 Petavius,_qui
1953 3395 2045 3450 lib.
2075 3410 2125 3449 tv

549 3475 615 3529 de
634 3466 847 3537 Trinit.,
874 3486 993 3537 cap.
1030 3469 1115 3532 12,
1138 3468 1253 3523 fuse
1273 3470 1526 3537 disputat,
1550 3471 1630 3523 An
1649 3470 1709 3523 sit
1734 3470 1787 3521 iu
1812 3466 1919 3521 Deo
1941 3476 2125 3535 quarta

550 3545 782 3627 qutudanm
826 3541 1171 3627 subsistentia,
1222 3550 1274 3593 et
1306 3554 1403 3607 pro
1439 3542 1698 3627 opinione
1736 3546 1963 3627 negante
1997 3538 2127 3627 illaec

552 3608 663 3684 ipsa
712 3612 984 3684 Prudentii
1030 3613 1191 3684 verba
1230 3627 1381 3684 Anum.
1439 3608 1493 3675 3,
1534 3612 1736 3684 laudat.
1769 3608 2127 3684 _Tou_rnelyus

552 3680 709 3741 etiam
738 3685 791 3737 in
830 3683 1071 3737 l’raelect.
1102 3682 1360 3750 theolog..
1394 3691 1581 3749 quaest.
1608 3684 1641 3737 5
1676 3683 1742 3736 de
1768 3680 1988 3740 Trinit.,
2021 3688 2122 3732 art.

554 3759 607 3821 1,
637 3754 847 3825 quaerit,
889 3753 966 3804 An
994 3754 1093 3805 sittt
1122 3754 1180 3825 in‘
1206 3751 1313 3825 Deo
1354 3753 1683 3825 admittenda:
1726 3762 1822 3825 tres
1852 3750 2124 3825 subsisten-

555 3828 637 3878 tia:
657 3821 901 3888 relativw,
936 3832 978 3875 et
1009 3838 1111 3873 una
1130 3821 1365 3874 absoluta
1387 3822 1542 3875 tribus
1566 3822 1793 3890 personis
1816 3821 2121 3890 communis,

556 3906 609 3949 et
650 3886 961 3963 quaestionis
1004 3892 1309 3963 statum_ita
1358 3886 1643 3963 proponit:
1677 3891 1935 3963 Atiijcum
1977 3886 2126 3963 Caje—

557 3961 683 4020 tanti
708 3965 732 4017 1
769 3970 926 4031 part.,
956 3971 1136 4025 qutcst.
1165 3961 1256 4026 ‘29,
1290 3970 1391 4015 art.
1415 3961 1468 4026 4,
1500 3972 1545 4017 et
1572 3972 1751 4034 quam.
1787 3961 1875 4025 59,
1904 3969 2005 4034 art.
2032 3962 2122 4027 45,

556 4038 752 4092 Suarez
785 4033 872 4087 lib.
915 4048 985 4096 tv,
1019 4049 1143 4102 cap.
1173 4036 1225 4096 4,
1263 4042 1484 4102 quatuor
1530 4031 1806 4087 admittunt
1850 4031 2127 4085 subsisten-

554 4108 669 4171 tias,
700 4120 855 4159 unant
892 4101 1121 4156 videlicet
1148 4102 1449 4170 absolutam,
1474 4114 1521 4158 et
1545 4116 1641 4158 (res
1671 4104 1929 4157 relativus.
1955 4103 2123 4155 Alii...

557 4177 885 4232 communiter
936 4185 1034 4227 tres
1077 4173 1327 4246 duntaxat
1366 4186 1641 4246 agnoscunt
1681 4175 1917 4227 relativus
1960 4173 2127 4225 subsi-

557 4249 783 4311 stentias,
814 4246 1007 4298 nullam
1036 4260 1147 4297 vero
1179 4245 1483 4311 absolutam,
1520 4248 1600 4300 cui
1631 4246 1859 4314 Opinioni
1886 4254 2127 4312 tanquam

559 4317 893 4372 communiori
938 4315 1318 4369 subscribimus.
1369 4316 1574 4371 Bcrtius
1604 4321 1786 4380 etiam,
1820 4314 1918 4369 etsi
1952 4316 2125 4383 reipsa

557 4393 609 4443 in
642 4389 750 4443 Deo
777 4387 1171 4442 subsistentiam
1203 4385 1499 4441 absolutam
1539 4395 1811 4449 agnoscat,
1851 4395 2025 4438 tamen
2051 4400 2127 4439 oe-

559 4459 819 4513 conomiae
857 4456 1127 4525 cujusdam
1162 4470 1321 4509 causa
1369 4456 1639 4512 concludit
1677 4458 1768 4511 lib.
1799 4472 1871 4519 ix,
1902 4470 2019 4525 cap.
2055 4456 2124 4514 6:

560 4528 750 4581 Melius
788 4528 971 4598 sentire
1001 4541 1255 4598 censemus
1276 4529 1559 4598 theologos,
1591 4529 1675 4597 qui
1700 4529 1761 4581 de
1791 4528 1885 4580 hoc
1918 4527 2127 4598 qutesito

560 4596 856 4685 interrotqati
884 4596 1208 4685 responttlaent,
1234 4597 1363 4675 ,ἀανὶ
1395 4596 1576 4652 ἱηὯεο
1602 4596 1702 4651 tres
1724 4609 1919 4652 tantum
1951 4597 2127 4650 relati-
2157 4623 2210 4685 Β

562 4663 1039 4721 υαεοευόείδιεηιὶαε.
1074 4663 1129 4719 Si
1158 4666 1275 4734 quis
1300 4675 1474 4720 autem
1500 4682 1530 4719 a
1556 4684 1639 4722 me
1670 4682 1807 4721 nunc
1836 4676 2040 4734 quaerat
2060 4681 2125 4721 an

560 4738 669 4794 sint
698 4737 853 4805 aliqui
883 4734 1112 4805 theologi
1153 4735 1242 4805 qui
1274 4744 1467 4804 praeter
1498 4746 1605 4792 tres
1649 4736 2018 4791 subsistentias
2046 4752 2129 4791 re-

562 4809 753 4863 lativas
779 4807 1059 4876 quamdam
1096 4821 1433 4861 communem
1481 4808 1535 4861 in
1576 4808 1687 4863 Deo
1729 4808 2126 4863 subsistentiam

563 4887 830 4945 tueantur,
862 4877 1087 4947 primum
1110 4877 1465 4946 respondebo,
1492 4880 1573 4934 vel
1604 4896 1668 4934 ex
1696 4880 1776 4933 his
1798 4878 1925 4933 solis
1952 4878 2128 4933 verbis

561 4966 679 5019 qua:
723 4963 819 5018 pro
868 4962 984 5002 mea
1036 4949 1286 5017 opinione
1328 4951 1545 5019 adduxi,
1597 4950 1726 5005 satis
1772 4950 1974 5018 liquere
2022 4965 2127 5004 non

564 5018 761 5091 paucos
786 5034 905 5075 esse
931 5018 1207 5087 theologos
1228 5021 1317 5087 qui
1348 5020 1417 5074 ita
1440 5018 1693 5075 sentiant.
1723 5020 1922 5091 Deinde
1954 5019 2129 5091 profe-

563 5088 676 5147 i-am
703 5092 1051 5145 assertionem
1096 5091 1503 5146 eminentissimi
1534 5092 1819 5147 cardinalis
1861 5088 2027 5159 Gotti,
2060 5090 2129 5146 de

562 5163 753 5216 Trinit.
797 5171 985 5216 auazst.
1027 5160 1083 5216 4.
1130 5160 1255 5216 dub.
1298 5160 1590 5216 2:Praater
1633 5174 1731 5216 tres
1776 5161 2127 5216 subsistentias

608 5164 753 5218 rinit.

562 5235 796 5287 relativus
818 5232 969 5285 datur
998 5232 1051 5284 in
1080 5231 1186 5285 Deo
1217 5231 1535 5285 subsistentia
1573 5233 1824 5298 absoluta,

548 5312 937 5375 ‘prwconceptus
968 5302 1126 5355 tribus
1156 5302 1386 5372 personis
1414 5305 1465 5354 in
1501 5320 1551 5357 se
1578 5305 1823 5358 subsistit.

564 5371 693 5428 cavit
743 5373 803 5428 S.
848 5375 1224 5442 Augustinus...
1258 5389 1489 5441 expresse
1539 5389 1655 5426 vero
1686 5375 1855 5429 docuit
1896 5373 1958 5429 S.
1992 5371 2127 5427 Tho-

565 5460 694 5498 mas.
726 5443 949 5498 Centum
985 5443 1116 5496 alios
1149 5442 1423 5513 theologos
1449 5442 1645 5498 addere
1671 5460 1899 5513 possem,
1932 5444 1976 5497 si
2008 5444 2127 5512 pul-

566 5515 855 5570 verulentis
876 5512 1214 5585 excutiendis
1236 5513 1593 5569 voluminibus
1623 5512 1992 5585 sesquihoram
2014 5515 2129 5569 vel-

566 5587 671 5643 lem
701 5586 1080 5656 insumere,iut
1120 5583 1363 5656 dubitare
1386 5584 1497 5655 jam
1540 5583 1740 5640 merito
1780 5588 1901 5656 quis
1931 5585 2123 5654 possit,

566 5655 951 5782 Bluresnesint
980 5654 1234 5739 theologi,
1267 5658 1355 5739 qui
1392 5654 1609 5725 negant,
1642 5654 1887 5738 quartam
1914 5658 2128 5739 essein

615 5744 679 5782 eo
703 5728 1120 5782 subsistentiam.
1148 5741 1215 5779 an
1245 5743 1335 5782 aut
1365 5728 1651 5782 affirmant.
1684 5726 1819 5782 Ouid
1842 5737 2019 5781 autem
2045 5743 2127 5781 tn-

615 5744 679 5784 eo
703 5726 1120 5792 subsistentiam,
1148 5741 1215 5797 an
1245 5730 1335 5797 qui
1365 5728 1651 5782 affirmant.
1684 5726 1819 5794 Quid
1842 5737 2019 5797 autem
2045 5729 2127 5781 in-

569 5806 651 5853 ter
698 5798 971 5854 notionem
1018 5795 1371 5853 subsistentia:
1414 5808 1468 5853 et
1519 5813 1761 5867 personae
1800 5795 2027 5860 differat,
2075 5807 2131 5853 et

569 5883 683 5933 cur,
730 5869 975 5923 admissis
1019 5868 1189 5922 solum
1241 5870 1408 5923 tribus
1452 5870 1692 5937 personis
1741 5870 1793 5922 iu
1846 5868 2127 5933 Trinitate,

570 5940 737 6006 possit
766 5947 951 6006 quarta
980 5938 1321 5995 subsistentia
1360 5939 1592 6006 defendi,
1626 5940 1858 5996 dicerem
1891 5940 2130 6008 explica-

1894 5248 1959 5285 ua
1990 5230 2127 5286 Deus

1914 5318 1971 5355 oc
2000 5303 2129 5354 indi-

797 5171 985 5231 quaast.
1027 5160 1083 5227 2i,
1130 5160 1255 5216 dub.
1298 5160 1590 5216 2:Praater
1633 5174 1731 5216 tres
1776 5161 2127 5231 subsistentias
2188 5172 2195 5187 '

2231 2539 2358 2605 tius,
2413 2540 2456 2594 si
2500 2538 2827 2609 theologicas
2874 2536 3233 2594 institutiones
3278 2537 3592 2592 scriberem.
3635 2532 3802 2609 Pauca

2230 2611 2345 2665 haec
2390 2611 2636 2666 omittere
2670 2607 2772 2664 non
2807 2609 2989 2675 debui,
3022 2616 3082 2663 ut
3106 2616 3311 2679 gratum
3346 2609 3413 2664 iis
3451 2610 3696 2679 facerem
3714 2607 3801 2675 qui

2228 2681 2400 2735 amico
2426 2697 2550 2752 erga
2575 2698 2658 2736 me
2682 2680 2860 2735 animo
2888 2675 3198 2735 nonnullam
3228 2679 3643 2748 explicationem
3667 2675 3805 2752 desio

2230 2748 2513 2807 derabant:
2544 2753 2673 2807 Nam
2706 2767 2888 2821 parum
2923 2766 3008 2807 me
3039 2751 3264 2805 aliorum
3296 2765 3457 2806 voces
3482 2748 3801 2821 commovis-

2231 2832 2369 2891 sent,
2402 2825 2488 2891 qui
2530 2826 2581 2878 in
2620 2820 3065 2879 circumforaneis
3095 2822 3589 2877 indoctissimorum
3636 2820 3806 2875 homi-

2233 2910 2356 2948 num
2387 2895 2601 2950 circnlis
2642 2895 2710 2949 de
2754 2894 3108 2948 sanctissimis
3133 2892 3405 2962 religionis
3448 2900 3650 2948 nostra:
3689 2906 3808 2962 my-

2231 2966 2409 3021 steriis
2438 2966 2649 3021 effutire
2685 2964 2899 3030 audent,
2933 2980 3053 3034 qua:
3093 2978 3361 3032 nunquam
3404 2964 3712 3019 didicerunt
3740 2978 3753 3015 :
3779 2979 3805 3017 ι

2230 3036 2409 3102 quibus
2428 3039 2500 3092 ita
2528 3046 2647 3092 sunt
2668 3036 2820 3091 rudes
2851 3034 3107 3103 nonnulli,
3141 3035 3280 3105 quod
3307 3035 3376 3090 de
3404 3034 3676 3090 similibus
3701 3034 3805 3105 aie-

2232 3107 2322 3161 bat
2349 3110 2664 3164 Ammianus
2705 3109 2798 3163 lib.
2824 3124 2953 3172 xxx,
2988 3117 3042 3160 ut
3084 3104 3349 3175 nunquam
3396 3123 3448 3161 se
3478 3106 3677 3159 codices
3719 3104 3806 3157 Ita-

2231 3179 2394 3236 buisse
2435 3181 2768 3246 meminerint,
2821 3188 2866 3232 et
2912 3179 2955 3231 si
2981 3180 3033 3230 in
3063 3178 3252 3231 circulo
3286 3178 3554 3230 doctorum
3586 3178 3805 3229 auctoris

2232 3254 2408 3307 veteris
2452 3251 2687 3306 inciderit
2732 3266 2931 3315 nomen,
2976 3248 3126 3316 piscis
3161 3258 3250 3302 aut
3293 3248 3456 3302 edulii
3485 3248 3807 3317 peregrinum

2230 3338 2335 3379 esse
2364 3322 2666 3377 vocabulum
2694 3322 3027 3375 arbitrantur.

2310 3395 2434 3451 948.
2473 3394 2608 3449 Editi
2636 3400 2759 3446 ante
2799 3391 3074 3445 lleinsium
3106 3391 3175 3444 ita
3204 3390 3301 3444 hos
3336 3404 3526 3445 versus
3567 3388 3803 3456 trajicie-

2232 3472 2395 3526 bant:
2423 3466 2541 3521 Sive
2588 3465 2738 3517 Pater
2774 3472 2919 3516 natus
2948 3461 3123 3530 fuerit,
3165 3463 3263 3515 sive
3293 3462 3401 3531 ipse
3423 3472 3653 3528 repente,
3686 3457 3805 3531 Per:

2229 3556 2381 3611 quam
2411 3537 2687 3611 ridiculum
2718 3544 2789 3588 est
2831 3532 3282 3611 et__futile,lnatus_
3302 3542 3449 3611 utea;
3472 3548 3525 3585 se
3548 3530 3807 3583 Nascendi

2232 3601 2359 3666 nova
2403 3609 2657 3671 materies,
2700 3621 2758 3657 ac
2798 3622 2849 3657 se
2881 3603 3015 3657 Deus
3055 3604 3188 3657 ultro
3240 3601 3494 3667 Ediderit,
3538 3612 3808 3670 natumque

2230 3685 2325 3738 sibi
2355 3699 2407 3735 se
2433 3680 2604 3751 fecerit
2629 3678 2811 3745 ipsunt.
2845 3674 3196 3751 l\‘_ibil_con_tra
3225 3671 3504 3751 Weilzius,
3538 3672 3671 3751 nihil
3699 3672 3807 3723 Ma-

2235 3744 2515 3807 riettus'ex
2545 3744 2674 3802 mss.
2711 3746 2941 3799 notavit.
2973 3744 3189 3799 Teolius
3218 3745 3293 3797 ait
3324 3754 3431 3799 tres
3473 3744 3557 3798 vel
3586 3752 3807 3811 quatuor

2233 3824 2516 3878 Vaticanos
2550 3818 2767 3874 Heinsio
2797 3818 2991 3881 favere,
3026 3824 3255 3870 caeteros
3274 3814 3523 3871 Weitzio.
3557 3814 3804 3869 Heinsius

2234 3897 2284 3949 in
2310 3896 2419 3947 suis
2443 3891 2691 3946 omnibus
2730 3903 2859 3941 mss.
2906 3887 3103 3954 reperit
3144 3900 3355 3941 versum
3388 3883 3649 3955 Perquam
3677 3884 3806 3936 ridi-

2232 3966 2404 4019 culum
2446 3962 2681 4032 praeponi
2717 3959 2789 4013 illi
2834 3958 2951 4032 Sive
2974 3955 3164 4032 Pater.
3198 3957 3252 4010 ln
3286 3957 3405 4011 Put.
3451 3971 3582 4032 vero
3624 3956 3709 4009 hic
3739 3956 3806 4009 ita

2232 4046 2347 4090 erat
2380 4027 2498 4088 Sive
2526 4027 2829 4099 supernatus
2852 4030 3005 4097 fuerit
3028 4028 3119 4081 sibi
3149 4030 3256 4098 ipse
3281 4036 3501 4099 repente.
3536 4027 3697 4099 Putat
3718 4040 3809 4078 au-

2233 4116 2337 4160 tem
2374 4097 2618 4159 Heinsius
2658 4100 2914 4169 Perquam
2954 4097 3226 4152 ridiculum
3255 4097 3408 4152 estet
3445 4097 3619 4166 futile,
3661 4106 3805 4169 notus

2232 4186 2285 4229 ut
2309 4192 2371 4230 ex
2405 4192 2457 4229 se
2490 4174 2608 4229 Sive
2650 4167 2949 4240 supernatus
2977 4171 3149 4237 fuerit,
3182 4169 3278 4223 sibi
3314 4171 3418 4238 ipse
3454 4177 3662 4238 repente
3695 4167 3809 4221 Na-

2231 4247 2404 4301 scendi
2452 4260 2579 4299 nova
2630 4243 3049 4296 matericsmam
3098 4240 3391 4309 supernasci
3444 4240 3672 4293 verbum
3728 4246 3805 4309 est

2232 4319 2467 4387 elegans,
2498 4324 2561 4387 et
2607 4329 2635 4387 a
2679 4314 2849 4387 Plinio
2895 4308 3239 4387 usurpatum,
3264 4320 3316 4365 et
3359 4310 3533 4387 hiatus
3575 4310 3665 4363 ille

2232 4379 2344 4458 ipse
2371 4386 2659 4458 Prudenlio
2684 4393 2765 4438 est
2795 4379 3088 4458 familiaris.
3114 4382 3174 4458 ln_
3200 4381 3321 4458 Vat.
3346 4383 3387 4435 A
3420 4382 3583 4458 etiam
3607 4379 3804 4458 est

2233 4449 2360 4525 ipse.
2394 4456 2641 4511 Heinsius
2669 4470 2736 4511 ex
2769 4452 3074 4522 conjectura
3112 4452 3259 4525 addit
3297 4466 3452 4525 posse
3496 4452 3658 4506 etiam
3708 4449 3800 4525 sibi

2233 4521 2277 4582 et
2328 4530 2454 4596 ipse.
2505 4526 2764 4581 Cellarius
2811 4521 3027 4579 secutus
3084 4532 3165 4578 est
3212 4523 3490 4596 Heinsium
3544 4536 3668 4577 cum
3715 4521 3805 4574 illo

2234 4594 2400 4663 hiatu,
2444 4613 2599 4664 quem
2648 4597 2747 4651 hoc
2786 4596 2903 4649 loco
2956 4610 3059 4649 non
3109 4595 3294 4663 probo.
3348 4594 3501 4649 Alex.
3545 4598 3804 4647 consonat

2236 4670 2393 4724 codd.
2437 4667 2771 4731 Heinsianis;
2801 4665 2927 4721 Urb.
2976 4675 3030 4720 et
3068 4665 3187 4720 Vat.
3234 4664 3281 4731 ρ
3306 4664 3633 4719 editionibus
3671 4664 3808 4718 anti-

2235 4741 2372 4809 quis.
2410 4740 2529 4793 Vat.
2562 4738 2606 4806 Q
2632 4738 2815 4803 etiam,
2843 4737 2937 4790 sibi
2966 4736 3103 4803 ipse;
3134 4735 3225 4790 sed
3259 4736 3515 4809 mendose
3540 4751 3633 4805 per
3658 4748 3805 4804 quem

2234 4807 2330 4880 pro
2393 4826 2621 4878 erquam.
2656 4809 2885 4874 Bonon.,
2920 4821 3218 4876 perperam,
3251 4807 3354 4861 sive
3378 4816 3425 4860 et
3455 4809 3585 4875 ipse.

2301 4830 2426 4935 εεῖἒ.
2464 4881 2577 4935 Vat.
2608 4880 2648 4934 Β
2679 4895 2774 4935 pro
2802 4880 2873 4931 nit
2903 4880 3077 4933 minus
3108 4878 3245 4932 bene
3266 4879 3340 4931 ni.

2301 4878 2426 4935 25:2.
2464 4881 2577 4935 Vat.
2608 4880 2648 4934 Β
2679 4895 2774 4949 pro
2802 4880 2873 4931 nit
2903 4880 3077 4933 minus
3108 4878 3245 4932 bene
3266 4879 3340 4931 ni.

2300 4953 2425 5006 254.
2461 4945 2695 5007 Teolius'
2721 4957 3050 5018 repugnante
3097 4948 3436 5018 metrolegit
3476 4945 3669 5013 Filius,
3712 4964 3805 4999 au-

2233 5033 2366 5076 ctore
2395 5024 2527 5090 quod
2568 5022 2766 5093 genitus
2788 5015 2873 5073 sitv
2886 5019 3051 5093 Patre
3080 5015 3303 5093 summa,
3341 5015 3679 5093 a'l'ﬁrmatque
3724 5018 3801 5093 sic

2232 5088 2430 5148 habere
2461 5088 2856 5160 praestantiores
2886 5090 3050 5154 Vatt.,
3096 5090 3370 5145 Heinsium
3401 5104 3530 5144 vero
3563 5090 3617 5143 in
3660 5088 3800 5160 notis

2233 5166 2390 5232 paulo
2433 5159 2606 5217 aliter.
2655 5162 2817 5225 Puto,
2872 5161 3078 5230 lapsum
3129 5162 3411 5225 'l‘eolium,
3464 5170 3518 5215 et
3553 5159 3802 5232 scribere

2230 5231 2480 5297 voluisse,
2528 5232 2575 5285 F
2579 5234 2720 5296 ilius,
2765 5241 2966 5285 auctore
3015 5242 3067 5283 ut
3119 5233 3315 5301 genitus
3352 5232 3509 5300 quod.
3551 5231 3802 5285 Heinsius

2231 5321 2350 5360 cum
2394 5305 2516 5359 Put.
2563 5304 2727 5358 edidit
2764 5302 2953 5367 Filius,
3002 5313 3207 5355 auctore
3244 5304 3463 5372 genitus,
3506 5302 3799 5372 quodnon

2233 5377 2371 5431 male
2416 5375 2693 5442 procedit..
2748 5373 3053 5439 Suspicatur
3100 5368 3385 5439 lleinsins,
3440 5386 3468 5425 a
3528 5368 3804 5426 Prudentii

2233 5462 2395 5501 manu
2426 5447 2624 5502 fuisse:
2659 5454 2763 5497 tum
2795 5442 2965 5497 Filius
2986 5460 3049 5498 ex
3081 5446 3175 5498 hoc
3211 5443 3379 5497 Filius
3409 5444 3621 5498 auctdre
3648 5451 3699 5495 ut
3718 5458 3804 5512 ge-

2233 5519 2365 5570 nitus
2392 5516 2477 5584 qui
2498 5520 2561 5568 sit
2608 5514 2761 5568 Patre
2781 5531 2997 5568 summo.
3026 5514 3082 5567 In
3114 5514 3231 5568 Vat.
3266 5516 3341 5584 Α,
3364 5514 3428 5580 si,
3454 5512 3603 5567 nullo
3621 5527 3802 5584 sens_u,

2232 5602 2330 5657 pro
2351 5579 2435 5640 sit.
2461 5586 2627 5641 Aldus
2656 5586 2797 5640 male
2820 5586 3149 5655 interpungit
3168 5595 3273 5657 t_um
3296 5579 3466 5637 Filius
3494 5600 3555 5637 ex
3575 5585 3690 5657 It_oc.
3710 5579 3801 5635 Fi-

2237 5654 2340 5712 lius
2362 5666 2647 5736 auctori-ut
2667 5657 2874 5736 genitus
2898 5654 3036 5736 quod
3067 5658 3142 5736 sit.
3162 5655 3319 5736 Patre
3339 5670 3567 5736 summo._
3594 5654 3801 5736 Patrem

2240 5738 2497 5782 auctorem
2518 5726 2638 5782 Filii
2664 5724 2722 5784 S.
2756 5724 2987 5781 Hilarius
3014 5726 3312 5796 smpissime
3338 5735 3516 5781 vocat.
3539 5724 3694 5795 Apud
3715 5725 3802 5791 jn-

2232 5800 2566 5855 reconsultos
2609 5807 2794 5853 auctor
2836 5798 3135 5866 appellatur
3179 5798 3223 5851 is
3261 5812 3290 5851 a
3316 5813 3421 5867 quo
3464 5797 3554 5865 jus
3599 5797 3653 5851 in
3709 5810 3805 5851 nos

2235 5870 2445 5925 transit.
2480 5868 2610 5923 Vide
2634 5869 2813 5924 Petav.
2851 5878 2982 5922 tom.
3016 5870 3079 5933 ll,
3113 5868 3203 5922 lib.
3238 5882 3291 5933 v,
3318 5882 3434 5936 cap.
3468 5868 3521 5920 5.

2306 5941 2431 5995 257.
2468 5941 2520 5994 In
2553 5940 2716 5994 Weit.
2752 5938 3002 5995 mendum
3028 5954 3304 6006 generosus
3323 5939 3527 6003 patria'.
